3944 6310
98 280 188 336 757

731 266 1086 330 EPISTOLJE
1124 265 1218 328 EX
1257 261 1848 326 AMBROSIANARUM
1886 262 2176 327 NUMERO
2213 265 2671 330 SEGREGATA‘I.

3253 275 3361 336 758

95 396 309 453 ciabatur
335 389 540 460 spiritu.
576 386 722 442 inter
751 387 868 443 haec
897 389 1039 443 lecto
1068 386 1451 458 prosternitur,
1482 393 1534 439 et
1564 399 1660 454 per
1686 387 1732 450 Α
1763 392 1969 438 mtates.
1994 383 2133 438 Deos
2151 393 2328 438 autem
2354 395 2494 453 tuos,
2519 398 2749 456 quorum
2779 390 2958 440 motus
2975 399 3062 442 me
3084 383 3368 443 incurrere

95 490 184 545 alta
223 483 440 553 suspiria
480 498 632 537 amor
672 497 700 536 a
741 483 971 537 medicis
1014 481 1278 552 aperitur.
1324 479 1484 533 Fiunt
1531 489 1656 533 nota

93 579 241 652 patri,
278 590 390 644 qua:
427 575 638 628 fuerant
669 573 887 629 inventa
916 589 947 629 a
977 572 1201 628 medicis
1221 615 1236 638 ,
1265 580 1318 627 et
1345 571 1535 626 eadem
1567 585 1660 642 pa-

95 683 227 729 terna
256 682 402 732 Voce,
428 681 549 737 quae
575 667 788 722 fuerant
812 667 924 738 jam
953 665 1099 722 dicta
1122 681 1150 720 a
1177 665 1312 729 filio,
1344 664 1410 719 ad
1442 665 1661 736 petitio—

91 781 198 825 nem
249 760 470 832 virginis
519 761 894 817 revolvuntur.
935 761 1185 832 Abnegat
1233 761 1413 830 Agnes
1461 758 1662 814 beatis-

91 861 231 924 sima,
258 865 310 912 et
337 870 395 910 se
421 854 574 910 nullo
603 862 760 925 pacto
791 854 987 924 prioris
1011 853 1208 909 asserit
1234 851 1421 922 sponsi
1452 849 1659 907 fmdera

89 954 294 1010 violare.
323 948 565 1020 Cumque
601 959 755 1020 pater
791 948 1000 1004 diceret
1027 958 1054 985 ⁸
1084 948 1136 1002 in
1172 946 1408 1002 fascibus
1441 961 1501 1002 se
1529 960 1662 1002 con-

90 1051 308 1105 stitutum
336 1053 621 1115 przeturam
653 1059 851 1114 agere,
890 1053 945 1098 et
982 1042 1187 1097 idcirco
1220 1039 1468 1111 quemvis
1493 1039 1658 1096 etiam

90 1143 335 1199 illustrem
360 1136 532 1191 virum
565 1135 790 1192 minime
811 1136 910 1192 sibi
943 1135 1144 1191 debere
1176 1132 1462 1206 praeferri;
1494 1132 1661 1204 cepit

91 1247 246 1293 tamen
271 1231 743 1289 vehementissime
771 1231 1054 1303 inquirere
1082 1228 1204 1301 quis
1229 1235 1376 1284 esset
1402 1241 1655 1297 sponsus,

87 1337 251 1384 sancta
279 1323 428 1394 cujus
473 1323 656 1393 Agnes
692 1330 961 1391 potestate
990 1321 1338 1392 gloriaretur.
1380 1317 1536 1374 Tunc
1566 1332 1662 1373 ex-

87 1422 208 1480 SIitit
231 1418 440 1490 quidam
468 1434 537 1474 ex
567 1416 818 1487 parasitis
837 1417 979 1486 ejus,
1005 1416 1096 1487 qui
1123 1415 1331 1471 diceret
1354 1413 1492 1470 hanc
1515 1413 1663 1469 chri-

87 1517 296 1574 stianant
319 1527 440 1568 esse
471 1511 540 1565 ab
564 1510 811 1576 infantia,
843 1519 897 1566 et
919 1510 1145 1580 magicis
1171 1508 1379 1564 artibus
1405 1509 1477 1564 ita
1499 1522 1663 1564 occu-

88 1617 249 1682 palam
274 1648 288 1671 ,
329 1615 382 1660 ut
411 1603 557 1660 dicat
581 1601 858 1658 Chrismm
889 1618 1150 1673 sponsum
1181 1617 1339 1656 suum
1371 1617 1512 1657 esse.

148 1704 198 1757 ά.
238 1699 465 1756 Audiens
491 1699 608 1753 haec
630 1697 1029 1768 Symphronius
1050 1696 1340 1766 prwfectus
1362 1697 1519 1750 laetus
1539 1695 1659 1750 effl-

1761 474 2033 548 ἀθιηοιι
2055 477 2153 541 vis;
2177 477 2477 546 ipsisirasci
2497 480 2770 550 permitte,
2790 478 2921 550 ipsis
2937 479 3246 550 loquijube:
3264 481 3368 552 ipsi

1761 569 1865 624 ltoc
1887 570 2018 624 mihi
2046 571 2384 641 praseipiant,
2406 574 2508 644 ipsi
2527 572 2756 644 jubeant
2783 588 2844 630 se
2865 575 2994 639 coli,
3017 575 3117 644 ipsi
3137 574 3372 645 jubeant

1760 662 1999 718 adorari.
2047 662 2248 719 Verum
2293 666 2549 734 quoniam
2588 665 2655 722 ad
2691 666 2794 722 hoc
2831 667 2992 722 video
3027 677 3078 724 te
3117 669 3371 736 tendere,

1761 757 1905 828 quod
1941 756 2240 828 impetrare
2271 772 2380 813 non
2412 760 2646 828 poteris,
2690 761 2952 834 quidquid
2997 761 3094 818 tibi
3132 761 3368 831 videtur,

1761 866 1978 909 exerce.

1835 946 1887 999 7.
1910 945 2312 1018 Sympbronius
2334 947 2623 1018 praefectus
2649 948 3010 1008 dixitzlluum
3046 951 3140 1007 tibi
3169 966 3199 1008 e
3227 951 3368 1006 duo-

1765 1039 1868 1095 bus
1895 1041 2056 1112 elige,
2089 1049 2183 1096 aut
2231 1056 2354 1097 cum
2386 1042 2691 1113 virginibus
2715 1042 2834 1100 dea:
2862 1044 3044 1101 Vesta:
3093 1044 3369 1112 sacrifica,

1764 1144 1856 1187 aut
1880 1149 2005 1188 cum
2059 1133 2446 1190 meretricibus
2494 1135 2834 1192 scortaberis
2888 1137 2942 1192 in
2996 1139 3370 1196 contubernio

1766 1228 2034 1299 lupanari.
2083 1227 2150 1283 Et
2193 1228 2354 1299 longe
2379 1240 2542 1286 erunt
2569 1245 2599 1285 a
2631 1239 2682 1285 te
2715 1230 3024 1300 christiani,
3052 1235 3145 1304 qui
3199 1243 3252 1291 te
3293 1234 3368 1291 ita

1765 1323 1992 1394 magicis
2023 1324 2234 1380 artibus
2266 1324 2602 1391 imbuerant,
2639 1337 2696 1380 ut
2727 1325 2866 1381 hanc
2892 1327 3257 1384 calamitatem
3286 1329 3370 1384 in-

1766 1416 1976 1486 trepido
2007 1415 2191 1471 animo
2240 1425 2292 1471 te
2338 1431 2503 1488 posse
2531 1417 2776 1488 perferre
2799 1417 3070 1474 confidas.
3101 1418 3277 1489 Unde,
3310 1428 3374 1479 ut

1763 1510 1898 1578 dixi,
1932 1521 2020 1565 aut
2047 1510 2293 1566 sacrifica
2325 1510 2442 1567 deae
2465 1511 2643 1567 Vestae
2669 1512 2735 1567 ad
2771 1512 2984 1569 laudem
3006 1515 3229 1585 generis
3251 1516 3365 1570 tui:

1762 1614 1855 1660 aut
1896 1605 1963 1659 ad
2013 1604 2365 1676 ignominiam
2423 1606 2682 1661 natalium
2719 1615 2933 1662 tuorum
2981 1607 3092 1665 eris
3130 1609 3366 1692 publica:

1764 1698 2088 1768 abjectionis
2126 1708 2393 1755 scortum.
2426 1699 2580 1756 Tunc
2611 1700 2770 1756 beata
2799 1701 2982 1772 Agnes
3013 1717 3136 1757 cum
3161 1701 3370 1774 ingenti

87 1794 228 1858 citur,
258 1803 310 1850 et
335 1793 493 1848 missa
524 1791 868 1862 apparitione
888 1805 1011 1844 cum
1042 1789 1236 1860 grandi
1265 1789 1515 1861 strepitu,
1546 1789 1660 1844 suis
1688 1787 1736 1848 Β
1763 1795 2068 1849 constantia
2098 1794 2233 1850 dixit
2259 1811 2272 1849 :
2309 1794 2368 1851 Si
2400 1797 2574 1852 scires
2605 1797 2728 1866 quis
2757 1807 2838 1853 est
2863 1797 3007 1854 Deus
3051 1814 3229 1867 meus,
3258 1815 3370 1857 non

87 1904 193 1946 eam
232 1885 583 1943 tribunalibus
629 1883 890 1954 praecepit
920 1883 1062 1938 sisti.
1109 1883 1176 1937 Et
1221 1882 1398 1953 primo
1437 1881 1656 1954 quidem

87 1981 280 2039 blandis
317 1995 434 2036 eam
463 1976 812 2033 sermonibus
839 1975 1108 2031 secretius
1139 1982 1432 2045 provocat,
1464 1973 1663 2030 deinde

89 2076 366 2134 terroribus
387 2075 587 2146 pulsat.
620 2071 727 2128 Sed
754 2073 906 2142 virgo
930 2070 1131 2125 Christi
1159 2084 1260 2126 nec
1287 2069 1664 2126 blandimento

87 2170 360 2234 seducitur,
394 2183 494 2224 nec
521 2178 735 2223 terrore
761 2166 1070 2222 concutitur
1102 2181 1115 2218 :
1145 2163 1239 2220 sed
1268 2163 1462 2220 eodem
1485 2163 1659 2230 vultu,

85 2267 256 2324 eodem
281 2266 461 2321 animo
479 2279 862 2334 perseverans,
880 2273 935 2319 et
961 2269 1258 2318 terrentem
1283 2261 1532 2317 similiter
1560 2260 1667 2315 sic-

86 2370 136 2416 ut
185 2358 545 2414 blandientem
601 2357 784 2412 animo
850 2355 1156 2412 deridebat.
1218 2353 1422 2410 Videns
1487 2354 1666 2424 itaque

85 2452 458 2526 Symphronius
479 2451 765 2522 pra-lectus
781 2460 983 2505 tantam
1006 2449 1058 2504 in
1085 2448 1257 2519 puclla
1279 2447 1661 2514 constantiam,

86 2559 318 2619 parentes
344 2550 464 2616 ejus
492 2545 788 2616 alloquitur
822 2562 836 2598 :
880 2554 934 2600 et
973 2545 1098 2614 quia
1142 2552 1301 2599 erant
1329 2541 1569 2609 nobiles,
1609 2553 1666 2600 et

85 2643 180 2698 vim
223 2641 297 2696 eis
328 2641 532 2696 inferre
568 2655 675 2695 non
708 2648 958 2710 poterat,
1004 2638 1216 2693 titulum
1250 2637 1330 2693 eis
1357 2636 1667 2692 christiani-

83 2735 196 2791 tatis
215 2735 489 2804 opposuit.
521 2733 794 2798 Sequente
825 2742 1004 2786 autem
1037 2730 1126 2786 die
1156 2733 1364 2800 Agnem
1395 2729 1499 2786 sibi
1528 2745 1668 2801 pra:-

84 2831 268 2887 sentari
293 2831 484 2900 jubet:
515 2837 571 2886 et
610 2827 806 2884 iterum
839 2828 1146 2895 iterumque
1178 2833 1466 2896 repetens,
1501 2824 1669 2896 repli-

82 2938 194 2981 care
224 2925 386 2994 coepit
419 2922 488 2978 de
510 2922 726 2992 juvenis
752 2936 940 2976 amore
968 2934 1302 2976 sermonem.

145 3015 194 3070 5.
235 3017 482 3086 Cumque
499 3030 691 3070 omnes
717 3028 1000 3070 sermones
1028 3013 1146 3083 ejus
1171 3027 1328 3068 casso
1360 3012 1546 3068 labore
1573 3010 1668 3067 de-

83 3108 311 3170 ﬁcerent,
361 3108 486 3164 sisti
531 3122 650 3163 eam
689 3107 802 3161 suis
844 3105 1204 3162 tribunalibus
1244 3105 1436 3177 jussit,
1484 3105 1571 3160 cui
1615 3112 1670 3160 et

1763 1888 1866 1942 ista
1896 1903 1961 1944 ex
1986 1905 2081 1944 ore
2111 1897 2205 1943 tuo
2255 1889 2561 1961 proferres.
2597 1889 2754 1948 Unde
2796 1907 2918 1964 ego,
2943 1893 3070 1963 quia
3103 1892 3232 1949 novi
3259 1895 3372 1951 vir-

1764 1990 1935 2036 tutem
1990 1981 2202 2036 Domini
2251 1983 2357 2038 mei
2389 1983 2520 2040 Jesu
2567 1983 2791 2047 Christi,
2847 1999 3038 2040 secura
3068 1995 3368 2044 contemno

1767 2077 1944 2130 minas
2007 2085 2146 2142 tuas,
2178 2076 2410 2134 credens
2441 2078 2586 2149 quod
2619 2094 2798 2150 neque
2854 2080 3158 2136 sacrificem
3211 2081 3372 2138 idolis

1769 2170 1896 2237 tuis,
1933 2184 2110 2241 neque
2133 2172 2352 2242 pollnar
2397 2172 2654 2228 sordibus
2695 2172 2928 2239 alienis;
2962 2189 3177 2229 mecum
3223 2174 3372 2230 enim

1770 2261 1947 2317 habeo
1968 2263 2251 2319 custodem
2280 2264 2531 2334 corporis
2560 2265 2665 2320 mei
2689 2265 2942 2335 angelum
2971 2265 3208 2322 Domini.
3237 2266 3373 2322 Nam

1769 2353 2082 2425 unigenitus
2106 2356 2200 2412 Dei
2237 2356 2429 2423 Filius,
2452 2373 2611 2428 quem
2637 2358 2877 2429 ignoras,
2911 2375 3098 2414 murus
3121 2369 3205 2416 est
3234 2359 3372 2416 mihi

1768 2446 2232 2518 inexpugnabilis,
2277 2457 2334 2505 et
2362 2460 2548 2506 custos
2577 2451 2708 2506 mibi
2764 2459 2850 2506 est
2896 2467 3190 2522 numquam
3241 2451 3373 2508 dor-

1769 2542 1968 2607 miens,
1991 2551 2047 2597 et
2074 2541 2334 2599 defensor
2359 2544 2492 2599 mihi
2516 2554 2598 2600 est
2630 2560 2926 2616 numquam
2957 2546 3221 2604 deficiens
3251 2563 3266 2600 :
3295 2546 3373 2604 dii

1767 2646 1948 2690 autem
1985 2634 2062 2690 tui
2107 2646 2200 2691 aut
2255 2638 2384 2692 terei
2434 2646 2583 2703 sunt,
2609 2654 2678 2694 ex
2709 2639 2906 2709 quibus
2953 2640 3138 2696 cacabi
3172 2641 3374 2698 melius

1770 2728 1905 2784 fiunt
1955 2729 2021 2784 ad
2074 2744 2203 2784 usus
2240 2729 2520 2786 hominum
2555 2748 2570 2786 :
2611 2740 2706 2788 aut
2746 2731 2982 2803 lapidei,
3011 2732 3040 2772 ἀ
3068 2750 3137 2790 ex
3167 2733 3372 2806 quibus

1770 2821 1965 2892 plateae
1995 2821 2187 2877 melius
2217 2830 2538 2879 sternuntur
2575 2824 2640 2879 ad
2669 2825 3011 2881 evadendum
3054 2826 3249 2882 lutum.
3283 2827 3378 2883 Dis

1771 2917 1975 2970 vinitas
2005 2926 2184 2972 autem
2219 2932 2325 2972 non
2355 2917 2406 2972 in
2439 2917 2709 2986 lapidibus
2749 2920 2903 2976 vanis
2929 2919 3158 2985 habitat,
3190 2920 3287 2976 sed
3313 2919 3373 2978 iu

1770 3008 1926 3064 caelis
1961 3024 2103 3063 :non
2138 3010 2189 3063 in
2214 3025 2326 3066 aere
2352 3017 2446 3064 aut
2484 3011 2670 3082 aliquo
2701 3013 2949 3080 metallo,
2981 3015 3077 3070 sed
3106 3014 3160 3069 in
3201 3029 3378 3086 regno

1770 3115 2011 3172 superno
2041 3102 2314 3159 consistit.
2357 3103 2434 3158 Tu
2479 3113 2660 3160 autem
2709 3115 2764 3161 et
2793 3104 3001 3162 similes
3029 3108 3126 3176 tui,
3171 3107 3274 3164 nisi
3303 3106 3377 3164 ab

81 3200 213 3256 dixit
239 3219 252 3256 :
281 3200 615 3273 Superstitio
643 3200 1084 3264 christianorum,
1117 3200 1184 3255 de
1211 3214 1438 3270 quorum
1473 3207 1524 3254 te
1552 3214 1668 3253 ma-
1693 3195 1739 3260 C
1772 3197 2001 3253 istorum
2057 3198 2266 3252 cultura
2296 3199 2665 3265 recesseritis,
2699 3198 2896 3256 similis
2925 3216 3022 3258 vos
3055 3217 3210 3272 pinna
3243 3217 3378 3260 con-

79 3295 206 3364 gicis
233 3295 439 3350 artibus
471 3295 645 3364 jactas
666 3334 682 3360 ,
731 3292 834 3348 nisi
865 3310 892 3346 a
938 3302 991 3348 te
1020 3291 1186 3347 fuerit
1211 3301 1528 3362 segregata,
1559 3306 1667 3346 non

84 3387 278 3457 poteris
300 3387 570 3443 insaniam
593 3387 831 3458 abjicere
856 3389 1114 3458 pectoris,
1140 3402 1314 3458 neque
1341 3387 1669 3458 aequissimis

81 3481 310 3536 consiliis
331 3481 579 3546 przebere
596 3496 944 3536 consensum.
963 3481 1120 3538 Unde
1143 3492 1194 3536 te
1215 3480 1282 3535 ad
1300 3481 1667 3536 venerabilem

84 3570 227 3627 deam
267 3572 486 3628 Vestam
519 3587 811 3643 properare
845 3589 1071 3630 necesse
1108 3582 1212 3640 est,
1245 3582 1300 3629 et
1336 3573 1380 3628 si
1417 3588 1671 3643 perseve-

81 3669 243 3722 rantia
268 3667 597 3740 virginitatis
621 3669 816 3739 placet,
847 3670 966 3738 ejus
989 3668 1075 3724 die
1099 3678 1362 3738 nocteque
1387 3667 1671 3723 sacrificiis

82 3765 388 3820 reverendis
417 3764 658 3819 insistas.
689 3763 768 3818 Ad
803 3764 918 3818 hazc
945 3763 1100 3818 beata
1136 3763 1313 3832 Agnes
1344 3761 1629 3832 respondit
1655 3779 1668 3815 :

83 3858 136 3915 Si
168 3861 334 3916 lilium
370 3871 542 3920 tuum.
572 3857 819 3928 quamvis
849 3856 1034 3927 iniquo
1065 3870 1254 3910 amore
1283 3866 1556 3920 vexatum,
1594 3863 1672 3910 ta-

82 3968 196 4009 men
227 3955 500 4011 viventem
544 3952 820 4009 hominem
861 3952 1106 4008 recusavi
1141 3969 1154 4006 :
1186 3951 1460 4006 hominem
1490 3949 1675 4022 utique

81 4046 164 4117 qui
193 4056 277 4102 est
304 4048 533 4102 rationis
559 4062 760 4113 capax,
794 4047 888 4117 qui
924 4054 978 4100 et
1005 4043 1196 4099 audire
1220 4084 1235 4111 ,
1269 4054 1324 4098 et
1353 4043 1540 4100 videre
1560 4086 1575 4110 ,
1619 4053 1676 4099 et

83 4141 319 4210 palpare,
357 4151 409 4196 et
440 4141 716 4196 ambulare
745 4148 948 4210 potest,
971 4137 1000 4176 ι)
1031 4146 1087 4192 et
1117 4138 1324 4208 fulgore
1349 4137 1488 4192 lucis
1517 4136 1677 4207 hujus

81 4247 196 4290 cum
229 4236 388 4290 bonis
419 4233 619 4304 perfrui
654 4252 667 4288 :
702 4234 747 4288 si
772 4248 904 4304 ergo
935 4233 1080 4288 hunc
1103 4246 1264 4287 causa
1292 4230 1495 4285 amoris
1521 4229 1678 4286 Chri-

80 4327 144 4382 sti
171 4329 320 4383 nulla
343 4342 568 4399 possum
596 4327 805 4382 ratione
828 4325 1133 4397 reSpicere;
1156 4324 1432 4393 quomodo
1454 4337 1674 4393 possum

81 4419 218 4477 idola
245 4431 397 4477 muta
427 4431 483 4477 et
511 4421 700 4487 surda,
726 4427 784 4476 et
806 4419 924 4474 sine
951 4433 1114 4473 sensu
1145 4429 1198 4474 et
1227 4417 1346 4473 sine
1373 4417 1554 4472 anima
1585 4430 1678 4472 co-

79 4515 210 4583 lere,
235 4528 286 4572 et
309 4515 378 4571 ad
409 4516 661 4585 injuriam
686 4514 885 4570 summi
912 4513 1009 4569 Dei
1029 4513 1297 4568 cervicem
1322 4526 1498 4567 meam
1523 4509 1678 4565 vanis

77 4607 345 4680 lapidibus
373 4607 671 4664 inclinare?

146 4703 201 4759 6.
241 4702 491 4758 Audiens
534 4703 651 4758 haec
693 4699 981 4772 przefectus
1034 4699 1435 4772 Symphronius
1483 4699 1618 4754 dixit
1659 4715 1673 4750 :

82 4808 102 4834 ε
126 4794 295 4866 Cupio
318 4796 568 4866 praebere
592 4793 902 4849 consultum
926 4792 1169 4848 infantiae
1193 4803 1322 4855 tum,
1345 4801 1400 4848 et
1425 4791 1601 4847 adhuc
1625 4800 1677 4847 te

79 4887 208 4942 deos
232 4887 710 4958 blaslihemantem
741 4886 943 4941 idcirco
971 4884 1184 4952 diﬂ'ero,
1208 4883 1333 4956 quia
1359 4900 1532 4940 annos
1559 4892 1679 4939 tuos

79 4977 218 5034 infra
257 4996 488 5036 sensum
518 4977 749 5052 aspicio.
781 4977 900 5034 Noli
929 4993 1060 5048 ergo
1102 4977 1441 5047 tentetipsam
1483 4977 1556 5032 ita
1583 4977 1680 5034 de-

77 5071 317 5142 spicere,
373 5083 435 5128 ut
477 5084 660 5129 motus
703 5072 928 5128 deorum
975 5073 1240 5127 incurras.
1294 5070 1456 5126 Beata
1501 5073 1681 5142 Agnes

77 5167 368 5238 respondit
414 5185 426 5222 :
483 5168 600 5223 Noli
649 5167 930 5224 infantiam
979 5165 1319 5236 corporalem
1370 5165 1444 5220 ita
1493 5165 1546 5219 in
1595 5180 1682 5222 me

78 5262 368 5331 deSpicere
390 5304 405 5327 ,
453 5273 508 5317 ut
537 5270 695 5334 putes
728 5279 815 5318 me
854 5273 906 5316 te
946 5260 1085 5316 velle
1126 5258 1327 5314 habere
1357 5259 1678 5330 propitium.

79 5358 240 5415 Fides
266 5360 420 5416 enim
455 5376 558 5411 tttm
585 5357 638 5412 in
663 5357 840 5421 anuis,
871 5357 966 5412 sed
994 5355 1046 5410 in
1071 5353 1326 5410 sensibus
1351 5355 1559 5424 geritur
1589 5370 1603 5407 :
1630 5361 1686 5409 et

80 5450 223 5509 Deus
261 5451 616 5524 omnipotens
651 5456 863 5505 mentes
907 5449 1077 5518 magis
1119 5444 1478 5518 comprobat,
1519 5461 1682 5517 quam

152 5655 179 5681 ι
217 5645 297 5699 Ita
318 5641 447 5699 cod.
480 5641 652 5696 Noall.
672 5655 689 5707 ;
707 5638 841 5696 edit.
857 5652 1012 5707 vero,
1041 5636 1096 5691 in
1115 5637 1340 5709 fascibus
1364 5637 1688 5707 praefectura:

81 5733 134 5773 se
159 5731 342 5789 agere.

156 5780 436 5843 bVUtnnes
464 5785 621 5849 edit.,
652 5794 698 5840 et
728 5785 858 5856 flore
881 5781 1012 5840 lucis
1041 5783 1199 5856 hujus
1229 5798 1349 5836 cum
1370 5781 1517 5838 bonis
1549 5780 1695 5853 frui;

82 5860 206 5918 cod.
234 5857 448 5926 Noall.,
478 5869 524 5914 et
556 5859 773 5930 fulgore,
801 5867 906 5914 etc.

1770 3292 1958 3347 cludet
1982 3307 1996 3357 ;
2023 3292 2167 3347 sicut
2208 3293 2353 3347 enim
2379 3292 2458 3346 illi
2501 3293 2624 3363 igne
2649 3293 2870 3350 conflati
2903 3306 3052 3364 sunt,
3085 3305 3143 3352 ut
3174 3298 3374 3354 funde-

1769 3395 1997 3450 rentur;
2027 3385 2108 3439 sic
2152 3385 2397 3439 colentes
2437 3400 2532 3440 eos
2564 3397 2828 3456 perpetuo
2881 3388 3137 3444 incendio
3163 3389 3377 3444 confla-

1770 3477 2009 3533 buntur:
2043 3493 2150 3531 non
2197 3486 2253 3530 ut
2282 3477 2600 3544 fundantur,
2635 3479 2731 3534 sed
2777 3486 2837 3533 ut
2887 3480 3294 3558 confundantur
3321 3483 3380 3541 in

1773 3583 2058 3639 :eternum,
2087 3582 2141 3628 et
2174 3583 2422 3642 pereant.

1845 3666 1898 3722 8.
1929 3665 2008 3720 Ad
2038 3665 2153 3720 hzec
2180 3665 2404 3722 insanus
2424 3666 2770 3738 judexjnssit
2799 3682 2918 3724 eam
2946 3668 3242 3738 exspoliari
3269 3710 3284 3735 ,
3321 3679 3380 3727 et

1776 3758 1974 3814 nudam
2006 3758 2072 3813 ad
2121 3759 2353 3830 lupanar
2395 3761 2540 3825 duei,
2573 3761 2673 3816 sub
2702 3777 2834 3816 voce
2863 3763 3134 3833 przeconis
3179 3762 3378 3820 dicens

1777 3853 1980 3919 Aguem
2015 3852 2337 3923 sacrilegam
2383 3853 2685 3922 virginem,
2719 3853 2850 3908 deos
2879 3853 3379 3924 blaspltemantem,

1776 3953 2017 4000 scortum
2053 3945 2404 4014 lupanaribus
2433 3945 2634 4000 datam.
2687 3945 2880 4001 Statim
2909 3938 3092 4001 autem
3143 3957 3203 4003 ut
3247 3964 3378 4020 spo‘

1775 4037 1904 4093 liata
1934 4049 1987 4092 et
2014 4039 2164 4094 crine
2205 4039 2376 4094 soluta
2407 4045 2512 4103 est,
2547 4046 2751 4094 tantam
2799 4038 3125 4097 densitatem
3154 4043 3373 4114 capillis

1779 4132 1898 4202 ejus
1927 4131 2106 4185 divina
2138 4132 2307 4195 gratia
2335 4131 2704 4198 concessit,ut
2727 4117 2930 4188 melius
2955 4134 3239 4191 videretur
3259 4137 3383 4193 fim-

1781 4229 1913 4284 briis
1972 4243 2184 4292 eorum,
2215 4243 2374 4298 quam
2419 4228 2659 4284 vestibus
2707 4236 2869 4284 tecta.
2903 4229 3148 4299 lngressa
3195 4242 3384 4290 autem

1781 4323 2133 4394 turpitudinis
2155 4323 2352 4388 locum,
2373 4323 2621 4394 angelum
2648 4323 2861 4380 Domini
2896 4324 3005 4380 illic
3033 4325 3103 4380 ita
3135 4336 3386 4396 paratum

1782 4417 2010 4484 invenit,
2040 4419 2487 4473 utcircumdaret
2512 4433 2632 4473 eam
2665 4417 2940 4474 immenso
2967 4418 3193 4484 lumine,
3225 4419 3296 4475 ita
3329 4430 3393 4478 ut

1782 4511 1965 4567 nullus
1997 4519 2184 4582 posset
2206 4526 2324 4566 eam
2351 4526 2461 4581 prre
2483 4510 2777 4582 splendore
2806 4511 3104 4583 respicere,
3130 4528 3233 4570 nec
3251 4528 3388 4571 con-

1702 4591 1756 4651 D
1785 4606 2016 4675 tingere,
2051 4621 2150 4661 nec
2199 4604 2407 4660 videre.
2454 4602 2722 4674 Fulgebat
2762 4605 2910 4660 enim
2941 4615 3054 4662 tota
3100 4607 3239 4664 cella
3265 4607 3385 4677 illa,

1787 4698 1941 4770 quasi
1967 4698 2185 4752 radians
2210 4696 2295 4751 sol
2325 4696 2377 4750 in
2409 4694 2608 4750 virtute
2633 4710 2732 4752 sua
2769 4712 2786 4763 ;
2827 4707 2882 4752 et
2912 4707 3117 4768 quanto
3146 4700 3272 4772 quis
3292 4716 3390 4757 cuv

1790 4791 1990 4846 riosior
2015 4805 2136 4845 esse
2166 4788 2453 4853 voluisset,
2487 4794 2642 4844 tanto
2697 4788 2783 4844 sui
2812 4789 2962 4847 visus
2989 4791 3163 4849 aciem
3193 4793 3390 4848 obtun-

1789 4883 1974 4940 debat.
1993 4882 2237 4953 Cumque
2285 4896 2344 4937 se
2375 4878 2430 4935 in
2461 4880 2769 4938 orationem
2804 4882 3036 4940 Domino
3064 4884 3392 4956 prostravis-

1790 4986 1898 5045 set,
1924 4976 2177 5047 apparuit
2201 4984 2328 5031 ante
2357 4975 2546 5032 oculos
2579 4975 2698 5047 ejus
2725 4975 2866 5032 stola
2895 4976 3303 5040 candidissima,
3335 4985 3393 5032 et

1790 5069 2212 5142 apprehendens
2261 5084 2381 5125 eam
2427 5068 2606 5126 induit
2635 5085 2719 5138 se,
2752 5076 2809 5126 et
2835 5069 3005 5126 dixit:
3032 5069 3246 5125 Gratias
3293 5070 3394 5128 tibi

1791 5179 1915 5236 ago,
1946 5163 2176 5218 Domine
2211 5161 2340 5219 Jesu
2366 5163 2608 5230 Christe,
2641 5163 2735 5234 qui
2760 5177 2850 5219 me
2878 5162 2930 5217 in
2955 5176 3190 5217 numero
3217 5163 3391 5218 ancil-

1793 5256 1970 5313 larum
2021 5264 2231 5312 tuarum
2263 5266 2608 5328 computans,
2639 5263 2849 5311 vestem
2881 5253 3021 5308 hanc
3039 5252 3173 5307 mihi
3204 5252 3394 5325 largiri

1791 5351 2124 5423 praecepisti.
2151 5351 2228 5406 Ita
2255 5366 2487 5422 namque
2514 5349 2581 5406 ad
2605 5361 2920 5405 mensuram
2942 5346 3253 5416 corpusculi
3275 5345 3396 5417 ejus

1793 5457 1982 5519 aptum
2006 5456 2124 5502 erat
2152 5445 2551 5513 indumentum,
2593 5454 2650 5500 et
2676 5443 2751 5498 ita
2783 5439 2955 5498 nimio
2996 5441 3240 5498 candore
3260 5455 3399 5500 con-

1873 5647 1894 5676 ο
1934 5636 2013 5692 Ita
2044 5635 2167 5692 eod.
2192 5633 2392 5700 Noall.,
2419 5640 2474 5686 at
2501 5629 2632 5704 edit.
2659 5647 2673 5686 :
2704 5627 2873 5704 Cupio
2899 5633 3228 5701 consultum,
3262 5643 3370 5692 etc.

1873 5706 1899 5746 d
1923 5711 2124 5764 Omnes
2163 5706 2319 5781 edis,
2345 5720 2415 5781 ea;
2449 5703 2634 5772 quibus
2667 5703 2975 5764 sternuntur
3000 5705 3208 5781 platew;
3232 5707 3340 5763 alia
3371 5723 3403 5768 e

1806 5793 2105 5837 memorato
2137 5778 2256 5836 cod.
2291 5775 2472 5832 addita
2495 5783 2638 5828 sunt.
