3944 6310
147 253 240 314 NI

795 249 1163 311 EPISTOLE
1203 249 1298 309 EX
1339 250 1942 310 AMBROSIANARUM
1982 251 2274 310 NUMERO
2313 251 2774 313 SEGREGAT/E.

3334 258 3440 316 742

141 389 272 447 gnas
300 370 464 428 modo
484 378 539 428 et
565 383 780 442 semper
803 369 1126 447 perinllnita
1153 367 1352 425 smcula
1387 369 1736 435 saeculorum,
1767 376 1820 437 Α
1917 368 2002 422 Π.
2039 367 2165 422 llaec
2191 368 2331 423 visio
2360 370 2575 439 publice
2626 371 2694 425 ab
2739 369 3016 437 omnibus,
3048 371 3138 440 qui
3173 371 3442 438 viderant,

142 484 321 524 auten.

211 564 300 618 Η.
327 562 572 633 numque
593 561 922 630 complesset
943 559 1277 625 orationem,
1295 559 1365 612 ita
1401 557 1580 614 omnis
1600 558 1738 629 ignis

140 655 442 711 exstinctus
463 664 567 716 est.
599 661 658 707 ut
685 667 786 707 nec
816 660 972 720 tepor
999 652 1218 721 quidem
1254 651 1495 708 incendii
1522 667 1739 707 reman-

141 751 323 806 sisset.
352 748 506 804 Tunc
531 747 795 818 Aspasins
826 747 979 802 urbis
1026 747 1216 802 [inmte
1264 748 1524 816 vicarius,
1556 747 1737 818 populi

138 842 455 900 seditionem
485 856 592 896 non
623 840 828 909 ferens,
864 845 915 895 in
938 851 1124 912 guttttr
1141 842 1260 912 ejus
1286 841 1528 913 gladium
1563 842 1735 912 mergi

139 938 399 1010 pra-cepit
428 946 629 1007 :atqne
663 936 764 991 hoc
790 937 960 1008 exitu,
988 949 1151 990 roseo
1189 936 1274 990 sui
1332 935 1612 1006 Sanguinis
1643 949 1736 989 ru-

139 1032 267 1088 bore
300 1030 573 1102 perfusam
603 1029 854 1085 Christus
904 1029 1006 1086 sibi
1063 1045 1317 1100 sponSnm
1345 1039 1399 1084 et
1440 1043 1735 1100 martyrem

138 1125 698 1183 dedieavit.P.-trentes
720 1139 850 1181 vero
865 1126 982 1196 ejus
997 1125 1195 1180 nullam
1214 1124 1736 1197 “spanitnstris-

139 1219 310 1276 titiam
341 1219 624 1285 habentes,
643 1233 767 1274 eum
781 1220 928 1274 omni
953 1219 1151 1290 gaudio
1173 1219 1519 1274 abstulerunt
1538 1232 1738 1286 corpus

139 1314 277 1382 ejus,
312 1322 366 1368 et
400 1322 699 1382 posuerunt
753 1314 882 1368 illud
913 1314 966 1368 in
998 1313 1205 1384 priEdiO
1230 1330 1330 1370 suo
1355 1329 1462 1368 non
1487 1313 1646 1384 longe
1669 1313 1738 1368 ab

140 1404 306 1471 Urbe,
358 1407 441 1461 via
469 1421 590 1476 quae
621 1407 822 1462 dicitur
871 1405 1240 1463 Numentana.
1277 1407 1376 1464 Ubi
1407 1422 1530 1462 cum
1561 1408 1738 1462 omnis

137 1500 290 1554 turba
320 1499 749 1556 citristianorum
797 1513 1186 1566 concurreret,
1215 1501 1437 1557 insidias
1459 1518 1485 1554 a
1513 1503 1736 1574 paganis

136 1593 380 1666 perpessi
409 1603 539 1649 sunt
573 1603 669 1650 :et
709 1595 959 1652 videntes
1011 1597 1266 1668 pupulum
1299 1597 1598 1652 infidelium
1648 1612 1739 1650 stt-

137 1688 540 1758 pervenientem
568 1700 873 1753 armatum,
905 1705 1094 1745 omnes
1142 1690 1397 1761 fugerunt
1424 1705 1439 1757 ;
1470 1689 1734 1762 aliquanti

138 1795 262 1835 vero
291 1780 530 1847 lapidum
552 1781 750 1838 ictibus
771 1781 884 1836 la-si
918 1794 1230 1837 exarserunt.

205 1875 290 1930 15.
310 1883 337 1912 ιι
372 1876 505 1929 Dum
531 1887 653 1930 orat
682 1881 822 1932 inter
845 1885 990 1931 tanta
1022 1878 1233 1950 agmina
1260 1877 1592 1932 collectanea
1621 1877 1738 1948 ejus

138 1967 283 2038 virgo
305 1969 656 2024 sanctissima
687 1969 1100 2037 Emerentiana,
1143 1979 1408 2026 constans
1435 1971 1617 2026 stabat
1639 1973 1740 2025 im-

139 2060 377 2126 mobilis,
412 2070 465 2116 et
497 2061 580 2116 bis
632 2062 816 2117 verbis
847 2063 1212 2130 exprobrabat
1253 2065 1332 2119 eis
1363 2064 1559 2120 dicens
1592 2078 1607 2116 :
1636 2065 1739 2118 Su-

140 2152 350 2222 perllui,
383 2152 594 2219 miseri,
623 2154 836 2220 caduci,
863 2165 1024 2225 atque
1055 2156 1406 2223 atrocissimi,
1437 2156 1602 2210 Deum
1632 2171 1740 2210 om.

139 2246 476 2318 nipotentern
508 2247 752 2302 colentes
785 2247 1054 2314 occiditis,
1086 2257 1142 2303 et
1171 2263 1268 2318 pro
1319 2248 1636 2303 defensione
1665 2250 1742 2303 la-

142 2341 315 2411 pidum
350 2340 604 2396 homines
622 2344 942 2398 innocentes
958 2341 1377 2412 jugulatis.lla-c
1399 2350 1454 2395 et
1481 2342 1563 2398 his
1589 2341 1742 2398 timi-

140 2433 200 2489 lia
223 2435 348 2490 dum
383 2435 557 2490 turbis
585 2435 888 2490 furentibus
901 2434 1129 2498 diceret,
1160 2434 1393 2505 lapidata
1426 2445 1512 2491 erat
1541 2435 1610 2489 ab
1635 2435 1738 2500 eis,

139 2536 191 2583 et
218 2543 383 2584 orans
408 2528 554 2597 iuxta
573 2528 884 2597 sepulcrum
928 2527 1256 2582 beatissima:
1301 2529 1466 2598 Agunt
1489 2526 1736 2598 virginis,

139 2621 313 2676 emisit
340 2619 620 2692 spiritum.
657 2620 772 2676 Non
803 2621 1029 2676 dubium
1083 2629 1169 2676 est
1197 2621 1342 2692 quod
1391 2621 1445 2677 in
1485 2637 1586 2678 suo
1613 2638 1739 2676 san-

137 2715 298 2784 guine
349 2714 427 2769 sit
467 2714 760 2786 baptizata,
793 2730 913 2786 qua:
967 2730 1064 2784 pro
1122 2713 1444 2770 defensione
1481 2714 1734 2785 justitiar,

138 2811 258 2866 dum
303 2810 666 2866 conﬁteretur
697 2810 1013 2875 Dominum,
1044 2820 1273 2865 mortem
1303 2821 1619 2865 constanter
1639 2827 1741 2864 ex-

139 2905 300 2976 cepit.
333 2905 542 2960 Eadem
573 2905 806 2974 denique
839 2904 970 2959 liora
1030 2902 1090 2958 fit
1123 2915 1286 2958 terra:
1333 2915 1515 2958 motus
1568 2904 1737 2960 vehe-

143 3000 556 3066 mentissimus;
602 3008 658 3054 et
695 3013 818 3054 cum
870 2999 1034 3054 nimia
1077 3006 1225 3053 esset
1270 2998 1397 3055 (ιωιί
1439 3000 1736 3066 serenitas,

142 3100 296 3148 tanta:
318 3092 754 3159 eoruscationes,
772 3100 1026 3162 tantaque
1054 3090 1264 3162 fulgura
1296 3101 1352 3146 et
1379 3091 1620 3145 tonitrua
1645 3106 1740 3145 ex-

1844 465 2117 536 divnigata
2143 477 2244 520 est.
2273 466 2425 523 Unde
2449 468 2648 524 factum
2671 480 2750 525 est
2787 479 2842 524 ιιι
2876 478 2995 539 post
3015 469 3324 540 aliquantus
3349 487 3448 526 an-

1845 575 1946 615 nos
1975 562 2042 614 ad
2091 559 2467 616 Constantiani
2529 563 2758 633 Augusti
2811 563 2973 617 tiliam
3009 562 3112 618 hoc
3147 563 3348 618 factum
3376 566 3446 619 ab

1846 652 1930 709 his
1956 653 2046 725 qui
2069 653 2341 719 viderant,
2362 664 2698 711 narraretur.
2721 658 2848 711 Erat
2876 659 3020 711 enim
3048 659 3157 728 ips:t
3179 656 3447 712 Conslan-

1846 746 1916 800 tia
1949 747 2098 815 virgo
2130 745 2574 815 prudentissima,
2609 747 2702 802 sed
2732 748 2803 802 ita
2851 749 3074 804 obsessa
3107 750 3445 814 vulneribus,

1843 848 1958 893 uta
1986 840 2163 907 capite
2191 855 2362 908 usque
2392 839 2456 893 ad
2494 841 2657 908 pedes
2706 842 2853 895 nulla
2895 842 3262 896 membrorum
3321 855 3446 912 pars

1844 931 2013 985 libera
2045 942 2374 986 remaneret.
2411 935 2647 1002 Accepta
2694 944 2872 988 autem
2921 951 3018 1005 spe
3050 936 3444 1004 recuperame

1845 1024 2059 1091 salutis,
2094 1025 2243 1080 venit
2269 1025 2334 1080 ad
2371 1027 2683 1094 sepulcrum
2713 1028 2969 1101 martyris
2997 1043 3154 1084 nocte
3192 1046 3205 1099 ;
3238 1038 3292 1083 et
3323 1031 3449 1094 licet

1845 1133 2072 1189 pagana,
2111 1127 2288 1172 tamen
2322 1120 2543 1175 credula
2575 1121 2737 1176 animi
2763 1121 3072 1186 intentione
3101 1139 3294 1194 preees
3323 1123 3456 1177 fide-

1845 1212 1966 1266 liter
1995 1210 2272 1268 fundebat.
2307 1213 2460 1282 Quod
2485 1230 2608 1270 Cum
2641 1214 2839 1271 faceret
2871 1228 3094 1286 repente
3123 1235 3257 1274 sonu
3286 1223 3296 1271 i
3327 1235 3452 1272 sua-

1845 1308 2016 1368 vitate
2048 1309 2368 1378 corripitur,
2425 1320 2478 1364 et
2520 1310 2666 1366 videt
2713 1327 2809 1382 per
2863 1312 3036 1366 visunt
3075 1313 3447 1369 beatissimam

1842 1400 2052 1471 Agilem
2094 1403 2223 1458 talia
2255 1403 2358 1458 sibi
2418 1404 2624 1462 monita
2676 1406 3053 1473 prmferentetii
3081 1423 3093 1458 :
3123 1407 3451 1462 Constanter

1840 1510 1961 1565 age,
1987 1493 2329 1566 Constantia,
2364 1506 2418 1551 et
2447 1496 2613 1552 crede
2657 1497 2943 1554 Dominum
2969 1499 3150 1554 Iesum
3173 1500 3448 1562 Cill'iailinl

1842 1587 2011 1644 lilium
2048 1587 2141 1644 llt-i
2173 1605 2296 1644 esse
2347 1588 2690 1645 Salvatorem
2725 1601 2908 1654 tuum,
2943 1607 3042 1662 per
3093 1608 3254 1661 quem
3287 1594 3452 1648 modo

1839 1682 2193 1751 euttseqneris
2224 1681 2466 1739 omnium
2503 1682 2814 1749 vulnerum,
2840 1700 2959 1754 qua:
3013 1685 3068 1739 in
3096 1700 3329 1755 corpore
3361 1698 3452 1744 luo

1767 1799 1814 1858 Β
1841 1775 2072 1844 pateris,
2103 1775 2414 1831 sanitati-nt.
2451 1777 2533 1833 Ad
2562 1777 2704 1832 haue
2762 1795 2950 1834 vocem
2981 1777 3303 1835 Constantia
3337 1781 3452 1844 eri-

1842 1868 1980 1940 δίων.
2003 1885 2156 1932 sana.
2189 1879 2244 1924 et
2283 1871 2362 1925 sic
2413 1886 2570 1933 sana,
2603 1881 2661 1926 ut
2683 1887 2786 1927 nec
2814 1874 3026 1943 signum
3055 1874 3110 1928 in
3145 1876 3258 1929 suis
3281 1891 3453 1928 nit-ut-

1842 1962 1955 2019 bris
2003 1963 2234 2036 alicujus
2286 1965 2527 2020 vulneris
2562 1978 2891 2021 remaneret.
2925 1967 3160 2022 Reverso
3187 1969 3349 2038 igitur
3383 1969 3450 2023 ad

1842 2056 2101 2126 palatium
2147 2057 2457 2125 sanissimo,
2490 2057 2617 2112 facit
2655 2060 2906 2128 gaudium
2935 2070 2990 2116 et
3034 2062 3169 2129 patri
3204 2076 3300 2114 suo
3343 2061 3456 2116 Att-

1841 2160 2022 2220 gusto,
2049 2161 2104 2206 et
2126 2150 2386 2208 fratribus
2426 2151 2538 2207 Suis
2567 2154 3009 2224 imperatoribus.
3043 2155 3352 2210 Coronatttr
3377 2155 3458 2210 ei-

1841 2248 1984 2298 vitas
2012 2255 2148 2309 tota,
2188 2242 2214 2283 ἀ
2244 2245 2299 2299 fit
2334 2246 2519 2300 laetitia
2572 2246 2834 2312 militibus
2863 2255 2918 2300 et
2949 2247 3269 2315 primatibus
3313 2249 3449 2312 suis,

1847 2345 2010 2406 atque
2051 2337 2328 2392 universis
2373 2337 2722 2392 audientibus
2763 2337 2880 2392 haec
2910 2380 2924 2404 ,
2973 2338 3270 2398 inlitloiitas
3326 2356 3452 2408 gett-

1843 2434 1980 2484 tium
2009 2431 2470 2497 confundebatur,
2503 2439 2560 2485 et
2588 2430 2720 2488 fides
2747 2430 3028 2485 Dominiea
3062 2432 3370 2498 laetabatur.

1916 2521 2002 2578 £8.
2042 2521 2252 2582 Interea
2289 2535 2500 2592 patient
2533 2533 2585 2578 et
2636 2523 2835 2579 fratres
2877 2522 3151 2594 Augustos
3189 2535 3358 2593 rogat,
3396 2534 3456 2579 nt

1841 2612 2128 2671 basilicam
2159 2613 2336 2672 beata)
2363 2614 2532 2684 Agna:
2583 2625 2989 2680 construerent,
3029 2625 3052 2658 β
3093 2625 3147 2671 et
3197 2616 3298 2670 sibi
3341 2616 3450 2670 illic

1841 2707 2187 2766 mansionem
2220 2707 2480 2764 collocari
2533 2708 2807 2778 praecepit.
2837 2710 3087 2766 (incurrit
3117 2723 3300 2766 autem
3330 2710 3448 2766 huic

1843 2799 2030 2867 opinio
2061 2799 2128 2853 ad
2157 2815 2370 2867 omnes,
2402 2811 2457 2855 et
2487 2809 2753 2871 quotquot
2791 2802 3081 2858 credentes
3127 2805 3190 2857 ad
3223 2804 3339 2872 eius
3361 2821 3450 2860 se-

1839 2891 2090 2962 pulcrum
2121 2892 2493 2960 advenissent,
2517 2895 2891 2959 salvahautur,
2915 2910 3263 2967 quacumque
3295 2897 3449 2952 infir-

1841 2986 2031 3047 mitate
2060 2985 2266 3050 detenti
2296 2997 2506 3042 essent.
2535 2986 2691 3054 Quod
2740 2988 2920 3044 facere
2950 2989 3232 3046 llhristunt
3267 2993 3450 3047 nullus

1839 3081 2049 3138 dubitat
2077 3097 2245 3150 usque
2266 3082 2316 3137 iu
2335 3081 2660 3144 hodiernum
2684 3083 2850 3138 diem.
2868 3083 3246 3140 Perseveravit
3263 3097 3445 3142 autent

142 3187 418 3254 stiterunt,
441 3195 505 3242 ut
534 3201 660 3258 pars
703 3187 937 3240 maxima
989 3185 1166 3240 insani
1194 3184 1380 3257 populi
1410 3187 1730 3256 exspiraret.
1759 3187 1808 3250 (ζ
1842 3177 1957 3245 ipsa
1991 3173 2309 3237 Constantia
2341 3174 2569 3246 Augusti
2595 3177 2702 3232 lilia
2719 3177 2771 3232 in
2800 3178 3134 3248 virginitate,
3159 3195 3255 3250 per
3283 3197 3447 3250 quam

144 3278 293 3337 Unde
317 3281 523 3336 factum
550 3289 643 3336 est
670 3290 728 3334 ut
755 3281 937 3334 nullus
965 3278 1178 3349 penitus
1201 3295 1267 3334 ex
1299 3295 1367 3334 eo
1396 3278 1738 3335 advenienti-

139 3374 238 3430 bus
263 3375 326 3428 ad
349 3374 614 3444 sepulcra
641 3384 955 3428 sanctorum
979 3373 1194 3442 aliquas
1225 3373 1506 3429 molestias
1529 3376 1740 3428 excita-

145 3477 242 3524 ret.
272 3467 571 3525 Venientes
600 3477 784 3522 autem
839 3475 1094 3536 parentes
1123 3467 1294 3520 beatas
1324 3465 1492 3536 Agnae
1517 3466 1740 3538 virginis

144 3574 257 3616 eum
284 3559 664 3616 sacerdotibus
692 3570 873 3625 nocte,
905 3558 1249 3614 abstulerunt
1295 3571 1494 3628 corpus
1523 3557 1550 3596 ι)
1576 3559 1738 3613 time-

143 3654 422 3718 rentianar,
455 3661 513 3707 et
529 3653 863 3722 sepelierunt
890 3652 1021 3707 illud
1053 3651 1104 3706 in
1132 3652 1373 3707 eonlinio
1403 3651 1559 3722 agelli
1613 3652 1741 3707 bea—

143 3747 360 3802 tissima;
391 3745 623 3816 virginis
653 3748 840 3816 Agnae.

216 3839 482 3912 iﬁlgitur
508 3840 633 3894 dum
659 3847 912 3908 parentes
933 3847 1136 3912 sanet-.e
1159 3839 1330 3908 Agna:
1355 3837 1590 3894 assiduis
1619 3853 1742 3908 per-

148 3933 544 3990 noctationibus
566 3932 854 4002 vigilarent
880 3931 947 3987 ad
976 3931 1287 4002 sepulcrum
1321 3932 1458 4001 ejus,
1487 3931 1740 3987 videntin

148 4028 320 4085 medio
347 4029 530 4084 noctis
555 4028 778 4086 silentio
807 4027 1111 4082 exercitum
1144 4025 1442 4097 virginum,
1471 4040 1594 4097 qua:
1622 4040 1743 4082 om-

149 4138 241 4180 nes
261 4139 393 4180 anro
418 4123 644 4180 intextis
667 4121 1126 4194 eyeladisindntm
1155 4137 1279 4176 eum
1305 4122 1504 4192 ingenti
1538 4120 1747 4176 lumine

145 4218 499 4288 prmteribant
532 4235 544 4270 :
578 4219 720 4272 inter
749 4232 886 4286 quas
939 4215 1106 4271 etiam
1155 4216 1343 4270 vident
1373 4214 1743 4276 beatissimam

149 4311 350 4382 Agnem
405 4312 662 4366 similiter
698 4309 991 4381 fulgentem
1025 4351 1039 4375 ,
1097 4319 1153 4366 et
1199 4310 1266 4364 ad
1315 4310 1596 4366 dexteram
1627 4309 1745 4381 ejus

151 4405 353 4475 Agnum
398 4411 662 4459 stantem.
694 4401 822 4457 Haec
866 4401 993 4457 dum
1023 4402 1271 4458 viderent
1310 4414 1566 4471 parentes
1603 4401 1742 4473 ejus,

149 4505 201 4550 et
225 4499 313 4567 qui
332 4497 499 4552 simul
525 4505 707 4562 erant,
729 4494 884 4566 quasi
908 4501 1130 4565 stupore
1151 4493 1564 4550 mentisdctenti
1594 4503 1744 4552 sunt.

1843 3270 2026 3333 multa:
2054 3270 2298 3339 virgines
2326 3280 2381 3326 et.
2424 3271 2754 3332 mediocres.
2783 3283 2836 3328 et
2869 3274 3103 3335 nobiles.
3133 3285 3186 3330 et
3210 3276 3453 3333 illustres

1841 3379 1994 3424 sacra
2035 3365 2304 3427 t'eiamina
2345 3373 2728 3434 susceperunt.
2785 3366 2849 3430 Et
2893 3370 3018 3436 quia
3072 3367 3209 3424 ﬁdes
3259 3371 3454 3424 mortis

1842 3456 2039 3520 damna
2063 3473 2172 3514 non
2204 3457 2425 3525 patitur,
2455 3474 2626 3530 usque
2656 3459 2709 3514 in
2736 3458 3060 3516 hodiernum
3085 3462 3228 3516 diem
3262 3465 3448 3520 multa:

1845 3552 2081 3622 virgines
2103 3553 2290 3610 Romae
2321 3551 2527 3623 Agnetn
2561 3553 2931 3610 beatissimam
2965 3556 3116 3626 quasi
3149 3558 3200 3610 in
3215 3573 3452 3627 corpore

1846 3651 2160 3706 manentem
2191 3644 2480 3714 astriciunt,
2521 3653 2577 3701 et
2603 3648 2723 3716 ejus
2743 3652 3053 3718 exemplum
3085 3661 3312 3718 agentes
3334 3651 3454 3710 viri-

1846 3734 1994 3803 liter,
2029 3748 2082 3792 et
2112 3738 2320 3807 integro
2375 3749 2750 3807 perseverant.
2799 3745 3091 3797 credentes
3119 3743 3239 3800 sine
3285 3744 3452 3800 dubio

1846 3831 1990 3900 quod
2036 3841 2452 3901 perseverantes
2491 3844 2771 3904 perpetua:
2822 3835 3068 3891 vit-turias
3091 3838 3324 3908 palmam
3353 3855 3449 3895 ac-

1843 3925 2084 3995 quirant.

1924 4019 2010 4074 19.
2043 4019 2167 4074 llaec
2195 4035 2294 4091 ego
2316 4021 2633 4078 Ambrosius
2655 4039 2848 4079 servus
2866 4025 3091 4093 Christi,
3118 4027 3246 4084 dum
3279 4029 3331 4082 in
3356 4043 3454 4085 vo-

1849 4109 2149 4172 lntttinibus
2177 4113 2345 4188 484
2388 4116 2587 4176 abditis
2628 4119 2959 4174 invenissem
3016 4121 3309 4193 descripta,
3343 4139 3452 4180 non

1847 4218 1968 4260 sum
1998 4222 2194 4278 passus
2239 4210 2573 4267 infructuosa
2610 4212 2836 4267 silentio
2870 4215 2996 4285 legi.
3048 4214 3130 4270 Ad
3179 4219 3448 4273 honorem

1849 4298 2016 4370 igitur
2057 4314 2223 4362 tantae
2276 4309 2534 4380 martyris
2575 4306 2714 4362 sicut
2745 4317 2897 4378 gesta
2930 4309 3047 4379 ejus
3079 4314 3296 4381 agnovi,
3326 4328 3458 4368 con-

1850 4401 2084 4470 scripsi;
2140 4411 2198 4457 et
2245 4401 2310 4456 ad
2363 4401 2778 4459 aedificationem
2820 4413 3080 4470 vestram,
3125 4423 3157 4460 o
3216 4408 3456 4472 virgines

1849 4491 2075 4559 Christi,
2127 4504 2332 4556 textum
2367 4483 2637 4564 passionis
2665 4496 2783 4560 eius
2810 4498 3017 4552 credidi
3041 4499 3452 4570 destiisandum,

151 4589 253 4646 Sed
303 4592 462 4648 beata
492 4593 672 4662 Agnes
725 4600 885 4661 rogat
929 4601 1147 4650 sanctas
1170 4591 1405 4660 virgines
1452 4605 1747 4660 parumper
1774 4599 1824 4659 υ
1856 4583 1903 4650 ί,
1933 4586 2229 4649 obsecrans
2271 4587 2524 4643 virtutem
2555 4590 2792 4659 Spiritus
2831 4592 3033 4656 sancti,
3075 4603 3132 4648 ut
3184 4595 3338 4652 labor
3362 4614 3460 4653 no-

149 4685 373 4756 gradeut
397 4687 589 4757 ﬁgere,
623 4694 680 4740 et
699 4692 852 4740 stans
897 4684 1212 4755 parentibus
1235 4685 1348 4738 suis
1375 4683 1512 4738 dixit
1532 4681 1746 4738 :Videte

156 4793 222 4833 ne
261 4795 354 4834 me
411 4789 681 4836 mortuam
727 4778 975 4848 lugeatis,
1018 4778 1112 4832 sed
1144 4776 1482 4848 congaudete
1531 4776 1662 4830 mihi
1691 4784 1746 4830 et

151 4872 604 4942 oongratnlamini
634 4888 651 4938 ;
677 4871 803 4941 quia
827 4887 950 4934 cum
979 4869 1064 4927 his
1091 4871 1389 4941 virginibus
1415 4867 1625 4928 lucidas
1655 4883 1742 4924 se.-

159 4966 254 5022 des
280 4970 488 5038 accepi.
516 4980 570 5022 et
605 4967 683 5022 illi
713 4982 833 5023 sum
864 4965 1052 5038 juncta
1089 4965 1141 5020 in
1166 4964 1338 5033 caelis,
1363 4981 1522 5036 quem
1555 4964 1607 5019 in
1639 4971 1748 5019 ter-

157 5060 232 5115 ris
254 5065 434 5131 posita
465 5073 486 5101 ο
519 5071 633 5116 tota
654 5058 947 5116 devotione
995 5058 1183 5114 dilexi.
1213 5058 1278 5113 Et
1307 5059 1390 5113 liis
1420 5057 1602 5124 dictis,
1626 5073 1748 5130 per-

157 5160 364 5214 transiit
377 5203 388 5215 .

231 5350 257 5384 I.
281 5341 364 5395 ita
402 5341 573 5397 codex
605 5341 808 5407 Νωριεά
833 5355 1026 5396 omnes
1069 5349 1252 5397 autem
1312 5339 1469 5402 ediL.
1501 5337 1747 5406 Emensu-

161 5413 300 5480 tianq
317 5425 513 5486 gratam,
539 5432 652 5486 qua:
679 5417 849 5484 fuerat
870 5413 1183 5476 collectanea
1205 5413 1506 5486 ejus,virgo
1535 5411 1751 5486 sanctis-

163 5486 310 5544 sima,
353 5485 466 5539 licet
501 5482 896 5552 Vciztltec'untena,
929 5482 1238 5539 constante)“
1258 5482 1450 5549 stabat,
1491 5482 1752 5552 intrepida

165 5566 209 5609 et
226 5557 517 5611 inmobilis.

234 5625 262 5668 δ
295 5630 435 5683 ﬁdit.
451 5640 664 5694 ,sanstw
685 5629 1062 5684 Summum
1083 5627 1320 5700 virginis.

239 5709 261 5739 ε
295 5700 507 5756 Eaedem
529 5703 682 5762 ρΔὶι..
701 5713 810 5756 tota
832 5701 992 5756 animi
1009 5699 1289 5755 intentione
1316 5699 1498 5754 dilexi.

245 5768 261 5810 τ
292 5771 370 5827 ita
399 5775 569 5830 codex
618 5774 818 5840 Noali.;
859 5773 992 5830 edit.
1018 5787 1170 5840 vero,
1225 5769 1569 5827 militantibus
1605 5780 1757 5841 atoue

174 5843 402 5911 privatis.
460 5844 532 5902 De
578 5861 681 5918 quo
735 5849 854 5903 loco
906 5845 1107 5902 videsis
1157 5855 1312 5902 natas
1364 5842 1756 5900 Casauboniin

1853 4687 1966 4736 stes
2009 4680 2074 4736 ad
2110 4690 2346 4736 vestrum
2404 4682 2760 4736 imitationem
2794 4683 3028 4739 fructum
3076 4687 3126 4741 in
3157 4701 3455 4761 conspectu

1856 4774 1951 4832 Dei
1998 4776 2176 4832 valeat
2204 4776 2471 4844 invenire,
2505 4777 2591 4832 cui
2623 4776 2800 4858 honor
2827 4787 2884 4834 et
2925 4779 3100 4849 gloria
3133 4783 3186 4836 in
3234 4783 3457 4851 sarcula,

1855 4883 2038 4925 auten.

2143 4920 2146 4924 ’
2244 4962 2585 5022 EPISTULA
2625 4964 2668 5020 ii
2699 4964 2870 5037 (Alias
2901 4965 3066 5034 un).

1856 5057 1986 5115 Cum
2017 5057 2265 5126 beneﬁcia
2294 5055 2393 5114 Dei
2423 5058 2644 5128 tegenda
2673 5076 2775 5113 non
2815 5060 2939 5124 sint,
2973 5060 3220 5114 visionem
3258 5067 3461 5127 nan-at,

1927 5167 2030 5220 qua
2055 5150 2150 5209 sibi
2168 5166 2260 5220 per
2289 5152 2739 5222 quadragesimum
2760 5149 3039 5216 Carausius
3093 5167 3156 5206 ac
3188 5149 3462 5207 Protasius

1862 5335 2235 5407 Lampridium
2273 5351 2397 5406 pag.
2432 5337 2555 5392 176.

1937 5418 1960 5446 °
1985 5409 2104 5483 linit
2137 5451 2154 5483 ,_
2189 5407 2375 5483 Etgsibi
2397 5407 2887 5483 illiganda-soleant.
2918 5407 3186 5483 collocari.
3221 5410 3457 5483 Consule

1855 5473 2226 5535 Aeta'Libet'ii
2253 5481 2301 5532 in
2337 5477 2590 5532 Cotteiliis
2620 5478 2760 5530 l’ltii.
2797 5473 3057 5547 Labati'p.
3117 5481 3206 5535 57.

1935 5551 1954 5626 ξ
1985 5553 2198 5607 Eaedem
2221 5551 2374 5626 edit.,
2403 5555 2669 5626 obsecrans
2688 5549 2985 5626 cliuritrtlem
3019 5551 3247 5618 Spiritus
3268 5559 3456 5626 sancti,

1859 5633 1911 5696 ut
1932 5624 2077 5678 labor
2105 5633 2275 5677 noster
2297 5625 2348 5676 in
2370 5633 2532 5696 vestra
2553 5621 2841 5676 imitations
2859 5623 3084 5696 fructum
3105 5627 3156 5680 in
3179 5621 3460 5696 catispeelu

1861 5694 2078 5753 Domini
2103 5695 2268 5751 valeat
2295 5695 2544 5759 invenire,
2574 5708 2726 5748 amen
2760 5711 2770 5745 ε
2801 5693 2973 5752 codex
3018 5713 3148 5755 vero
3180 5693 3354 5754 Hoal’l.
3404 5711 3461 5756 ιιι

1860 5783 1962 5825 nos
1991 5769 2044 5823 in
2068 5775 2242 5823 textu.
