3944 6310
561 216 676 275 743

1493 212 1588 274 AD
1626 211 1860 274 OPERA
1898 211 2147 274 SANCTl
2188 209 2523 276 AMBROSII
2563 211 2936 276 APPENDIX.
3685 227 3754 287 ’ω

641 331 803 387 semet
830 338 878 386 et
905 330 1112 398 iterum,
1141 331 1294 387 tertia
1315 339 1488 389 autem
1519 335 1627 390 uice
1656 336 1810 390 etiam
1842 334 2172 406 Paulus-ap-
2199 337 2250 399 Α
2277 333 2465 390 decem
2513 351 2686 391 annos
2739 337 2791 392 in
2825 336 2924 393 Dei
2961 335 3188 392 servitio
3236 333 3580 408 perdurantes.
3619 341 3668 396 ad
3691 345 3756 401 hoc

643 437 912 495 paruerat,
945 437 1002 482 ut
1059 427 1130 483 eis
1169 438 1282 498 post
1312 430 1617 486 exitumatus
1665 431 1902 499 ipsorum
1931 430 2177 502 reliquias

641 518 882 576 Ecclesia
937 533 1342 593 construeretur,
1376 525 1658 596 imperans.
1689 526 1850 580 Addit
1888 527 2176 580 convocatis

643 615 963 686 coepiscopis
990 617 1196 670 inventa
1211 633 1322 672 esse
1346 630 1648 674 sanctorum
1677 635 1920 691 corpora,
1955 636 2174 690 quarunt

641 709 1043 776 conversionem,
1078 726 1254 766 necem
1285 729 1346 767 ac
1366 713 1688 783 sepulturam
1712 730 1775 768 ea:
1803 715 2046 768 schedula
2067 715 2175 769 illic

640 803 838 858 detecta
875 807 1054 875 refert.
1087 805 1288 872 Quibus
1322 805 1507 862 Vitatis
1529 825 1591 863 ac
1618 807 1842 863 Valeria:
1870 810 2174 880 martyrium

643 896 799 951 etiam
825 897 1092 952 inseritur.

566 1054 872 1114 Ausaosrus
915 1073 1110 1115 servus
1151 1056 1356 1116 Christi
1382 1058 1639 1117 fratribus
1671 1077 1770 1133 per
1815 1077 2034 1118 omnem
2067 1063 2171 1118 Ita-

811 1151 940 1208 liam
961 1151 1016 1208 in
1045 1153 1282 1210 Domino
1313 1165 1574 1212 aeternam
1606 1157 1858 1212 salutem.

635 1291 689 1346 l.
718 1289 774 1346 ln
825 1290 1027 1346 divinis
1057 1292 1432 1348 voluminibus
1480 1309 1606 1349 reus
1656 1293 2047 1361 subscribitur,
2077 1294 2166 1364 qui

561 1398 673 1441 non
701 1385 977 1442 studuerit
1007 1385 1142 1442 dare
1168 1388 1364 1458 gratis,
1389 1388 1534 1455 quod
1571 1388 1689 1458 ipse
1716 1389 1890 1458 gratis
1913 1389 2162 1457 accepit;

560 1476 828 1548 quidquid
861 1477 1006 1533 enim
1066 1477 1328 1534 Ecclesia:
1378 1478 1595 1534 Dotnini
1650 1479 1995 1550 profuturum
2024 1487 2165 1547 erat,

559 1569 905 1626 subtraxisse
932 1572 1196 1644 arguitur,
1231 1587 1354 1628 cum
1385 1573 1620 1629 noluerit
1641 1573 1858 1630 tradere
1887 1574 2167 1643 omnibus,

555 1663 704 1734 quod
735 1662 852 1734 ipse
872 1679 978 1720 non
1001 1664 1289 1720 celandum
1309 1667 1608 1736 acceperit.
1637 1665 1796 1722 Unde
1820 1666 2168 1736 Psalmogra-

2284 431 2595 501 pertingere
2635 441 2973 498 meruerunt,
3021 442 3078 486 ut
3127 430 3330 487 Christi
3372 443 3604 504 martyres
3635 438 3756 495 efﬁce-

2283 537 2497 581 rentur.
2527 526 2772 593 Quorum
2793 542 3024 598 corpora
3050 527 3102 581 in
3152 526 3344 583 eodem
3374 527 3485 582 loco
3507 528 3704 593 invenies.
3727 534 3760 590 in
3794 563 3803 580 ι

2286 635 2395 690 quo
2438 626 2550 674 stas
2591 628 2648 675 et
2694 635 2840 675 oras.
2873 619 3164 675 Duodecim
3195 619 3390 689 pedum
3421 620 3654 677 altitudine
3670 633 3762 682 terra

2279 721 2592 783 coopertam
2639 729 2818 768 arcam
2861 712 3132 778 invenies,
3173 727 3334 783 quam
3388 726 3550 768 arcam
3596 717 3761 781 superius

2277 807 2563 872 exaltabis,
2591 817 2647 863 et
2678 809 2730 863 in
2760 809 2982 863 nomine
3004 822 3193 863 eorum
3235 805 3521 860 Ecclesiam
3546 805 3761 865 fabricabis.

2277 900 2524 972 Cumque
2580 902 2649 958 ab
2697 918 2763 957 eo
2821 917 3010 958 eorum
3066 901 3286 957 nomina
3343 900 3654 970 requirerem,
3679 904 3764 960 dixit

2276 997 2448 1053 mihi:
2480 997 2561 1052 Ad
2593 1006 2757 1068 caput
2785 1013 2971 1053 eorum
3024 997 3269 1052 libellum
3299 997 3545 1064 scriptum
3579 995 3760 1064 invenies,

2278 1093 2332 1148 in
2356 1107 2468 1164 quo
2497 1102 2552 1148 et
2575 1105 2729 1148 ortus
2745 1107 2954 1156 eorum,
2987 1102 3044 1148 et
3072 1092 3192 1146 linis
3222 1091 3460 1163 scriptus
3478 1100 3566 1146 est.

2347 1185 2402 1241 5.
2426 1185 2746 1240 Convocatis
2774 1185 2960 1255 itaque
3003 1198 3196 1239 omnes
3246 1198 3344 1254 per
3365 1182 3617 1237 circuitum
3639 1183 3764 1238 fratris

2274 1289 2330 1336 et
2363 1280 2651 1350 episeopos
2689 1279 2902 1334 urbium
2951 1280 3277 1343 vicinarum,
3326 1279 3558 1334 referens
3595 1281 3763 1334 universa

2275 1390 2397 1445 quae
2422 1373 2688 1440 videram,
2707 1389 2934 1444 quaeque
2965 1373 3270 1438 audieram,
3298 1371 3430 1442 ipsis
3449 1387 3608 1426 coram
3631 1375 3762 1441 positis,

2274 1468 2482 1538 primus
2525 1482 2626 1539 ego
2668 1477 2824 1522 terra:
2859 1466 3034 1521 fossor
3061 1466 3276 1522 accessi
3333 1481 3347 1517 :
3388 1466 3556 1520 caeteri
3578 1480 3677 1519 vero
3696 1467 3766 1536 epi-

2274 1561 2427 1631 scopi
2479 1559 2776 1631 prosecuti,
2826 1559 3097 1614 fodientes
3159 1557 3505 1627 pervenimus
3548 1557 3601 1611 ad
3631 1573 3762 1622 arctat,

2273 1669 2434 1724 quam
2468 1661 2690 1708 sanctus
2720 1653 3046 1722 promiserat
3074 1649 3278 1704 Paulus
3312 1664 3504 1720 :quam
3536 1651 3766 1719 aperientes,

559 1755 701 1828 phus
743 1765 897 1812 vates
934 1759 1119 1818 canit:
1154 1756 1425 1812 Justitiam
1481 1768 1621 1814 tuam
1670 1776 1772 1814 non
1825 1759 2070 1814 abscondi
2114 1759 2156 1813 in

2275 1747 2585 1804 invenimus
2605 1747 2759 1816 quasi
2794 1746 2847 1800 in
2880 1744 2995 1816 ipsa
3030 1743 3158 1797 hora
3208 1743 3418 1813 positos
3442 1740 3588 1814 485
3611 1749 3765 1803 sanctos,

562 1849 721 1904 corde
741 1866 852 1905 meo
883 1866 902 1904 :
920 1851 1183 1906 veritatem
1205 1859 1347 1905 tuam
1374 1861 1420 1905 et
1451 1852 1681 1906 salutare
1709 1863 1853 1905 tuum
1875 1852 2008 1906 dixi.
2042 1850 2166 1906 Non

559 1941 724 1998 celaui
771 1943 1178 1998 misericordiam
1228 1955 1368 1998 luam
1395 1945 1450 1998 in
1484 1944 1704 1999 concilio
1725 1945 2010 1998 multorum
2043 1942 2162 2015 (Ps.

556 2050 752 2102 χχχιχ,
780 2035 898 2106 11).
923 2035 990 2090 Et
1021 2051 1120 2106 pro
1152 2035 1254 2092 hoc
1296 2051 1464 2108 opere
1492 2035 1650 2108 quasi
1672 2035 2103 2092 vicissitudinem
2135 2051 2165 2092 a

555 2127 673 2184 Deo
694 2129 979 2197 postulans
1007 2129 1208 2198 adjecit
1236 2127 1354 2184 :Tu
1374 2140 1565 2197 autem,
1608 2130 1850 2197 Domine,
1868 2146 1930 2184 ne
1960 2130 2165 2202 elonges

561 2221 976 2278 misericordiam
1023 2232 1218 2278 tuama
1259 2239 1338 2278 me
1365 2223 1560 2296 (lbid.,
1592 2222 1703 2294 i2).
1758 2224 1923 2292 Quasi
1957 2225 2167 2280 diceret

557 2313 674 2370 Deo
700 2331 713 2368 :
737 2317 874 2371 sicut
899 2330 1003 2388 ego
1028 2315 1132 2372 feci
1157 2316 1294 2372 alios
1318 2317 1759 2372 misericordiam
1795 2318 2064 2386 invenire,
2089 2319 2163 2374 ita

551 2418 611 2467 et
635 2410 753 2481 ipse
783 2427 892 2466 non
916 2410 1145 2482 patiaris
1191 2411 1354 2484 longe
1386 2411 1503 2466 fieri
1544 2411 1954 2468 misericordias
1985 2422 2104 2467 tuas
2131 2428 2161 2467 a

557 2519 668 2561 me.
700 2505 1026 2578 Aperiamus
1049 2522 1180 2576 ergo
1194 2521 1294 2562 cur
1323 2506 1426 2563 ista
1461 2507 1848 2577 praemisimus,
1867 2515 1923 2562 et
1950 2517 2164 2562 vestros

553 2599 768 2654 animos
793 2598 889 2671 qui
915 2600 1002 2670 pie
1029 2600 1098 2656 de
1118 2599 1356 2655 Domino
1384 2601 1604 2655 sentitis
1624 2609 1680 2656 et
1705 2600 1952 2667 creditis,
1988 2601 2058 2658 de
2080 2601 2162 2658 in-

555 2693 818 2750 ventione
883 2704 1196 2751 sanctorum
1246 2709 1540 2766 corporum
1601 2694 1670 2750 ad
1728 2695 1974 2752 laetitiam
2021 2697 2162 2752 invi-

554 2793 756 2843 temus.

632 2879 692 2934 2.
721 2877 780 2933 ln
829 2878 1024 2936 diebus
1067 2879 1247 2948 itaque
1288 2888 1584 2936 transacta:
1628 2896 1804 2952 nuper
1857 2882 2160 2956 quadrage-

552 2973 730 3038 simae,
758 2989 884 3029 cum
929 2975 1193 3030 Dominus
1216 2975 1477 3032 donasset
1521 2977 1679 3043 mihi,
1717 2977 2156 3048 utjejunantium

553 3075 585 3105 ει
610 3075 667 3122 et
697 3068 970 3122 orantium
1004 3083 1093 3124 me
1138 3067 1340 3124 faceret
1383 3083 1507 3125 esse
1559 3068 1904 3141 participem,
1937 3073 1988 3124 in
2029 3085 2156 3126 ora-

2270 1842 2408 1897 miro
2435 1840 2602 1896 odore
2634 1842 2945 1910 ﬂagrantes.
2977 1838 3057 1892 Ad
3087 1852 3279 1893 eorum
3311 1849 3470 1906 caput
3503 1837 3693 1891 libellum
3715 1837 3764 1890 in-

2272 1937 2546 2004 venimus,
2572 1937 2625 1991 in
2653 1950 2762 2007 quo
2813 1943 2969 1991 erant
3016 1934 3133 1989 haec
3186 1949 3286 2003 per
3339 1931 3572 1988 ordinem
3598 1932 3766 1986 univem

2269 2029 2612 2097 conscripta:

2340 2126 2394 2180 6.
2455 2123 2569 2194 Ego
2623 2138 2816 2179 servus
2863 2121 3064 2178 Christi
3109 2121 3396 2192 Philippus
3445 2121 3575 2176 intra
3618 2119 3763 2174 domum

2269 2235 2443 2276 meam
2477 2229 2788 2274 sanctorum
2835 2233 3090 2286 corpora,
3121 2233 3242 2288 qua:
3285 2231 3411 2271 cum
3464 2215 3567 2271 filio
3605 2230 3696 2270 meo
3713 2231 3766 2269 ta-

2267 2314 2390 2386 pui,
2418 2313 2666 2384 sepelivi.
2695 2313 2939 2380 Quorum
2963 2321 3136 2366 mater
3163 2309 3382 2366 Valeria
3411 2319 3465 2364 et
3489 2320 3624 2380 pater
3645 2307 3769 2362 V’iulis

2265 2415 2392 2462 sunt
2409 2406 2540 2461 dicti
2577 2424 2590 2461 :
2619 2421 2758 2476 quos
2779 2421 2891 2460 uno
2913 2414 3033 2458 ortu
3059 2403 3312 2474 geminos
3338 2417 3588 2474 genuere,
3608 2413 3650 2457 et
3665 2415 3767 2454 unum

2265 2502 2599 2569 Protasium,
2635 2501 2869 2556 alterum
2898 2499 3221 2556 Cervasium
3261 2506 3586 2552 vocaverunt
3606 2495 3646 2550 δ.

2335 2596 2388 2651 7.
2431 2595 2675 2664 Quorum
2724 2605 2880 2664 pater
2921 2591 3116 2648 Vitalis
3163 2591 3324 2646 miles
3377 2589 3666 2656 consularis,
3693 2602 3766 2642 mn

2265 2688 2455 2744 luisset
2479 2705 2602 2743 cum
2630 2687 2855 2742 Paulino
2879 2685 3064 2756 judice
3089 2700 3190 2740 suo
3211 2683 3524 2741 Ravennam
3553 2683 3766 2748 ingressus,

2262 2796 2318 2842 et
2355 2787 2616 2856 coepisset
2655 2783 2915 2838 Paulinus
2953 2781 3290 2838 christianos
3329 2783 3397 2836 ad
3445 2779 3767 2837 sacriﬁcando

2261 2881 2559 2952 requirere,
2591 2881 2805 2937 oblatus
2831 2887 2917 2934 est
2942 2879 2989 2934 ei
3020 2877 3242 2949 quidam
3269 2876 3588 2934 christianus
3612 2877 3761 2931 nomine

2265 2976 2576 3039 Ursicinus.
2602 2987 2719 3033 arte
2743 2974 3010 3043 medicus,
3059 2975 3283 3031 natione
3311 2975 3492 3046 Ligur.
3523 2975 3652 3029 Tunc
3667 2971 3769 3042 jussit

2259 3088 2382 3129 eunt
2426 3072 2683 3127 Paulinus
2725 3072 2776 3125 in
2819 3079 3112 3140 conspectu
3153 3083 3255 3124 suo
3295 3068 3555 3138 torqueri,
3590 3066 3768 3121 diteus:

552 3162 705 3218 tione
732 3162 968 3234 positum
992 3163 1065 3218 ita
1097 3178 1187 3220 me
1225 3178 1446 3219 somnus
1470 3165 1769 3234 Oppressit,
1803 3175 1860 3220 ut
1893 3181 1994 3221 nec
2021 3167 2155 3238 vigi-
2183 3152 2228 3216 C
2262 3166 2517 3223 Sacrilica
2539 3206 2554 3231 ,
2593 3164 2869 3230 Ursicine,
2925 3161 3030 3218 diis
3062 3161 3479 3217 immortalibus.
3525 3159 3610 3214 llle
3645 3167 3768 3216 auten

553 3256 677 3312 lans
707 3267 921 3328 aperte,
955 3273 1054 3314 nec
1104 3259 1385 3314 dormiens
1435 3261 1666 3330 integre,
1689 3260 1930 3317 viderem
1953 3262 2158 3334 apertis

553 3351 734 3406 oculis
765 3367 976 3407 mecum
1007 3351 1149 3406 duos
1173 3352 1408 3422 juvenes
1435 3353 1679 3424 ephebos
1710 3355 1952 3410 vestibus
1973 3356 2159 3412 candi-

557 3442 826 3509 dissimis,
864 3444 918 3500 id
954 3453 1063 3510 est,
1105 3443 1327 3500 colobio
1357 3456 1413 3500 et
1440 3445 1606 3517 pallio
1645 3447 1888 3511 indutos,
1912 3449 2156 3520 calignlis

549 3537 848 3606 calceatus,
880 3541 1130 3597 manibus
1149 3542 1396 3598 extensis
1423 3551 1664 3598 orantes.
1695 3542 1907 3599 Nullam
1935 3545 2153 3616 quidem

550 3631 909 3704 gravedinem
962 3635 1196 3704 patiens,
1253 3635 1400 3706 loqui
1448 3650 1570 3691 cum
1613 3637 1694 3692 eis
1722 3652 1830 3691 non
1857 3650 2102 3707 poteram
2139 3655 2151 3692 :

546 3724 647 3781 sed
675 3725 826 3797 quia,
851 3735 909 3782 ut
934 3726 1211 3798 dixi,pars
1235 3728 1287 3783 in
1317 3744 1404 3784 me
1433 3731 1610 3785 somni
1640 3730 2009 3795 incumbebat,
2035 3747 2156 3802 qua:

547 3834 638 3876 me
659 3819 728 3874 ad
755 3834 946 3876 eorum
978 3822 1462 3894 interrogationem
1485 3823 1711 3878 verbum
1761 3824 2008 3895 proferre
2041 3842 2150 3882 non

547 3911 960 3970 sineret.Plene
985 3922 1170 3972 autem
1201 3915 1480 3986 evigilanti
1508 3915 1648 3972 visio
1667 3931 1854 3974 eorum
1885 3917 1954 3972 ab
1985 3917 2154 3975 oculis

548 4005 689 4063 meis
715 4008 904 4076 elapsa
933 4017 1040 4064 est.

621 4098 676 4153 3.
703 4097 928 4156 Factum
951 4110 1040 4156 est
1069 4101 1300 4172 proinde
1319 4111 1378 4158 ut
1407 4118 1659 4175 rogarem
1682 4105 1898 4162 Domini
1929 4106 2150 4164 miseri-

549 4191 821 4260 cordiam,
845 4203 906 4249 ut
929 4194 976 4249 si
1002 4194 1302 4252 ludificatio
1324 4195 1632 4252 daemonum
1678 4207 1846 4266 esset,
1894 4199 2152 4256 abscede-

550 4293 638 4341 ret
665 4301 680 4338 :
715 4285 760 4341 si
793 4300 922 4342 vero
947 4296 1096 4343 esset
1128 4287 1350 4354 veritas,
1387 4289 1598 4361 plenius
1621 4293 2026 4362 appareret.Ad
2052 4291 2147 4348 im-

549 4379 882 4450 petrandum
902 4395 1034 4438 vero
1053 4397 1174 4453 quae
1201 4383 1490 4453 poscebam
1510 4399 1538 4439 a
1554 4385 1785 4440 Domino
1804 4387 2147 4456 augmentavi

548 4474 822 4546 jejunium
853 4492 867 4530 :
895 4475 1168 4548 similique
1221 4476 1404 4544 modo,
1452 4491 1684 4536 canente
1717 4480 1883 4550 gallo,
1932 4488 2149 4536 orantes

551 4583 767 4626 mecum
799 4569 962 4626 iidem
980 4569 1208 4641 juvenes
1233 4581 1623 4641 apparuerunt.

621 4662 677 4717 ι.
700 4659 758 4716 ln
791 4663 950 4717 tertia
981 4677 1109 4719 vero
1161 4673 1346 4731 nocte,
1383 4663 1598 4721 defecto
1623 4664 1849 4736 jejuniis
1889 4679 2143 4737 corpore,

551 4770 663 4813 non
691 4755 1014 4827 dormienti,
1045 4759 1141 4815 sed
1168 4760 1432 4832 srupenti,
1464 4775 1587 4816 cum
1618 4761 1849 4831 quadam
1877 4761 2007 4817 mihi
2037 4771 2148 4818 ter-

550 4852 626 4908 tia
646 4867 950 4926 apparuere
975 4869 1232 4926 persona,
1259 4869 1382 4927 quae
1420 4853 1617 4910 similis
1646 4866 1762 4910 erat
1792 4855 1952 4912 beato
1979 4855 2149 4913 Paulo

545 4947 826 5019 apostolo,
850 4947 1006 5018 cujus
1035 4963 1122 5005 me
1149 4949 1362 5006 vultum
1394 4951 1604 5020 pictura
1633 4948 1918 5017 docuerat,
1948 4951 2001 5006 in
2030 4961 2147 5008 tan-

547 5050 661 5100 tum
691 5053 752 5100 ut
780 5043 898 5114 ipse
926 5057 1164 5109 mecum,
1212 5043 1324 5098 illis
1356 5039 1679 5111 tacentibus,
1720 5044 2034 5115 loqueretur
2059 5045 2141 5101 di-

550 5153 685 5195 cens
712 5155 726 5192 :
757 5137 849 5194 lsti
868 5146 996 5194 sunt
1018 5138 1112 5209 qui
1143 5137 1346 5193 monita
1378 5152 1499 5192 mea
1521 5140 1716 5204 secuti,
1751 5139 1951 5210 praedia
1978 5148 2037 5196 et
2060 5139 2144 5196 di-

539 5232 704 5290 vitias
754 5245 1079 5306 respuentes
1105 5275 1120 5300 ,
1171 5234 1343 5290 secuti
1381 5242 1510 5288 sunt
1540 5233 1752 5289 Domini
1797 5235 1968 5292 nosui
2010 5234 2140 5293 Jesu

539 5324 745 5384 Christi
798 5330 1046 5400 vestigia,
1079 5326 1212 5383 nihil
1270 5335 1574 5396 terrenum,
1632 5327 1874 5400 nihilque
1917 5329 2140 5387 carnale

540 5425 1020 5497 concupiscentes,
1049 5425 1103 5482 in
1127 5423 1306 5481 media
1334 5422 1435 5480 bac
1466 5423 1857 5482 Mediolanensi
1886 5427 2022 5483 urbe
2041 5439 2141 5498 per

615 5607 810 5663 “Deest
838 5605 892 5662 in
921 5607 1086 5663 Rom.
1108 5607 1265 5674 edit.,
1285 5617 1331 5665 et
1361 5609 1641 5666 orantium.

608 5677 640 5718 δ
681 5678 838 5752 Rom.
892 5680 1065 5752 edit.,
1123 5691 1466 5752 vocaverunt,
1527 5696 1742 5752 cumque
1780 5681 1846 5735 ab
1896 5681 2133 5738 intestato

542 5749 824 5808 Gervasius
849 5761 896 5805 et
929 5749 1227 5815 Protasius,
1276 5753 1371 5807 hoc
1391 5763 1486 5820 est,
1544 5749 1692 5822 patre
1743 5762 1919 5808 sancto
1968 5751 2138 5808 Vitale

539 5833 788 5896 martyre,
818 5831 865 5878 et
890 5833 1054 5877 matre
1081 5831 1275 5878 sancta:
1319 5825 1582 5880 memoriae
1615 5823 1828 5881 Valeria
1855 5825 2133 5898 defunctis,

2261 3261 2624 3332 respondens,
2657 3259 2795 3314 dixit
2821 3257 2888 3312 ad
2940 3273 3064 3312 eum
3099 3276 3111 3310 :
3145 3256 3262 3312 Non
3313 3255 3618 3311 sacrificabo
3649 3251 3771 3307 surdis

2258 3365 2316 3410 et
2347 3356 2531 3419 rnutis,
2565 3352 2659 3408 sed
2691 3349 3012 3407 sacrificabo
3044 3350 3280 3404 Domino
3310 3364 3434 3404 meo
3459 3348 3581 3404 Jesu
3601 3345 3768 3402 Christo.

2259 3449 2481 3504 Etcum
2531 3445 2780 3511 vidisset,
2832 3442 2978 3514 quod
3008 3459 3130 3499 eum
3181 3454 3398 3497 mutare
3443 3455 3545 3497 non
3585 3446 3722 3507 posset
3753 3451 3772 3488 ι

2258 3539 2562 3597 constantia
2587 3555 2680 3595 sua
2701 3581 2717 3605 ,
2753 3547 2874 3608 post
2908 3536 3075 3592 nimia
3106 3545 3398 3601 tormenta,
3427 3534 3577 3605 jussit
3599 3547 3695 3588 eum
3716 3543 3772 3584 ca-

2259 3635 2478 3706 pitalem
2509 3634 2694 3688 subire
2715 3632 3066 3688 sententiam.
3095 3631 3270 3687 Locus
3295 3642 3476 3687 autem
3496 3629 3598 3692 ille.
3621 3626 3691 3682 ubi
3712 3625 3771 3678 de-

2257 3728 2595 3785 collabantur
2643 3727 2977 3793 christiani,
3044 3724 3148 3780 hoc
3203 3724 3438 3780 habebat
3493 3721 3769 3782 vocabulum,

2258 3833 2315 3879 ut
2342 3822 2639 3890 diceretur,
2669 3821 2735 3876 ad
2763 3820 3024 3876 Palmam.
3058 3819 3238 3874 Arbor
3275 3819 3420 3874 enim
3461 3816 3652 3886 antiqua
3684 3811 3766 3867 Pal-

2257 3934 2359 3974 ma:
2388 3917 2499 3972 illic
2527 3926 2664 3972 erat.

2327 4012 2380 4066 8.
2423 4010 2590 4082 Igitur
2618 4025 2772 4076 cum,
2809 4018 2868 4064 ut
2891 4009 3152 4072 diximus,
3204 4014 3332 4078 post
3373 4005 3535 4061 nimia
3575 4006 3768 4058 tormenti
3820 4035 3824 4040 μ

2254 4104 2611 4161 decollandus
2638 4105 2880 4160 venisset
2916 4112 3139 4160 sanctus
3167 4099 3454 4157 Ursicinus
3484 4099 3545 4154 ad
3573 4098 3768 4154 Palmam.

2253 4200 2476 4268 expavit
2503 4216 2516 4252 :
2545 4209 2598 4254 et
2624 4197 2750 4252 dum
2785 4196 2947 4252 vellet
2975 4195 3115 4250 male
3143 4193 3403 4260 evadere,
3435 4188 3706 4249 exclamavit
3727 4185 3766 4239 S.

2253 4292 2448 4348 Vitalis
2476 4291 2665 4347 dicens
2689 4309 2703 4345 :
2733 4289 2878 4358 Noli,
2901 4289 3035 4354 noli,
3067 4287 3320 4345 Ursicino
3342 4285 3566 4350 medice,
3590 4283 3657 4354 qui
3674 4280 3771 4332 alios

2252 4403 2446 4445 curare
2471 4387 2826 4452 consuevisti,
2862 4395 2915 4442 te
2942 4386 3120 4457 ipsum
3171 4397 3394 4440 aeterna:
3447 4379 3618 4438 mortis
3642 4372 3769 4446 jaculo

2250 4483 2572 4552 vulnerare;
2635 4491 2689 4538 et
2734 4481 2827 4552 qui
2879 4495 2974 4550 per
3013 4478 3297 4549 passiones
3327 4475 3520 4531 nimias
3551 4469 3701 4527 venisti
3722 4472 3767 4518 ad

2175 4567 2231 4628 D
2256 4576 2513 4648 palmam,
2541 4589 2802 4632 coronam
2832 4572 2942 4628 noli
2973 4571 3202 4643 perdere
3231 4585 3263 4624 a
3302 4567 3531 4624 Domino
3565 4574 3768 4637 ρι-ωιιιη-

2253 4678 2386 4725 tam.
2430 4669 2675 4726 Audiens
2703 4669 2819 4724 haec
2857 4677 3080 4723 sanctus
3119 4663 3424 4724 Ursicinus,
3455 4674 3586 4732 genu
3618 4650 3769 4727 posuiI.

2251 4771 2310 4820 et
2339 4762 2750 4833 Spiculatorem,
2785 4769 2844 4816 ut
2889 4759 3098 4823 feriret,
3147 4759 3434 4819 hortatus;
3466 4766 3616 4826 agens
3645 4744 3768 4819 pinni-

2254 4854 2476 4912 tentiam
2506 4853 2651 4926 quod
2679 4853 3008 4924 expavisset.
3049 4854 3224 4919 Quem
3268 4850 3563 4920 spiculator
3596 4844 3768 4901 feriens.

2249 4947 2452 5004 Christi
2501 4955 2796 5018 martyrem
2842 4944 2990 5000 fecit.
3047 4943 3354 5014 Statimque
3399 4948 3604 4997 sanctus
3630 4931 3766 4992 Vitalii

2247 5057 2449 5113 corpus
2476 5043 2729 5113 martyris
2754 5039 2990 5109 rapiens,
3013 5037 3156 5092 intra
3190 5035 3612 5092 Ravennensium
3633 5026 3766 5083 urbem

2247 5137 2506 5210 sepelivit
2533 5150 2657 5191 cum
2685 5135 2834 5191 omni
2866 5133 3155 5189 honestate
3200 5131 3431 5203 martyri
3459 5127 3637 5187 debita,
3660 5127 3700 5177 et
3715 5113 3764 5169 ad

2241 5231 2482 5304 judicem
2547 5231 2688 5287 ultra
2743 5239 2962 5286 sanctus
3013 5226 3208 5284 Vitalis
3259 5227 3450 5284 venire
3494 5211 3762 5286 contempsit-

2245 5327 2417 5397 Quem
2447 5323 2707 5383 Paulinus
2748 5323 3050 5382 consularis
3076 5321 3200 5378 ideo
3230 5321 3463 5378 maxime
3490 5313 3639 5376 teneri
3658 5322 3762 5366 mane

2246 5421 2432 5488 davit;
2464 5436 2573 5478 non
2603 5430 2812 5477 tantum
2840 5421 2966 5491 quia
2989 5416 3319 5488 contempsit
3362 5415 3433 5472 ad
3457 5429 3572 5474 eum
3607 5404 3760 5467 redire.

2247 5608 2451 5680 utrique
2470 5607 2781 5679 patrimonio
2797 5605 3176 5680 successissent,
3190 5604 3402 5680 domum
3421 5581 3665 5680 propriam,

2237 5680 2350 5736 Nos
2365 5674 2504 5734 vero
2530 5680 2667 5736 duos
2692 5680 2910 5734 codices
2933 5674 3379 5748 Longipontinos,
3402 5676 3488 5746 qui
3513 5674 3755 5748 martyrium

2241 5751 2341 5808 SS.
2375 5751 2564 5806 Vitalis
2593 5767 2657 5807 ac
2684 5748 2918 5806 Valeriae
2949 5741 3074 5806 huic
3095 5741 3344 5820 epistola:
3371 5741 3611 5808 instruat,
3631 5741 3755 5793 εεουυ

2241 5839 2454 5882 smnus.
