3944 6310
109 279 197 336 745
873 267 1244 328 SERMONES
1283 269 1343 324 S.
1384 265 1734 325 MIBROSIO
1774 266 2146 327 HACTENUS
2187 269 2525 329 ASCBIPTI.
3243 272 3350 331 746

107 411 270 456 verum
299 396 541 464 quantum
585 388 656 445 ob
686 388 789 445 hoc
815 389 956 462 quod
986 389 1317 446 christianus
1359 397 1506 444 esset
1559 387 1648 444 de-
1679 391 1727 451 Α
1760 390 2030 459 pr0priam
2061 391 2114 445 in
2141 407 2244 461 qua
2276 391 2388 446 nati
2421 390 2667 455 fuerant,
2700 397 2754 446 et
2800 403 2888 446 res
2935 389 3215 448 universas
3262 407 3356 462 pa-

108 500 276 548 tectns.
1757 492 1995 549 rentum,
2031 493 2084 538 et
2109 485 2396 539 casellulas
2421 483 2846 551 venumdautes,
2881 482 3148 540 dederunt
3193 499 3358 541 omne

164 587 211 644 9.
248 582 387 639 Tunc
414 579 641 637 ministri
674 580 794 651 ejus
821 579 1094 651 rapientes
1125 594 1248 633 cum
1279 579 1332 632 in
1356 585 1654 648 conspectu
1759 577 1992 646 pretium
2037 577 2382 645 pauperibus,
2421 586 2476 632 et
2508 577 2824 632 familiolam
2857 592 3010 632 suam
3064 579 3356 648 ingenuam

105 680 203 750 ejus
223 675 562 732 adduxerunt.
600 673 666 727 Et
690 671 882 728 videns
937 687 1059 726 eum
1116 669 1401 735 Paulinus,
1459 669 1533 724 ait
1587 667 1653 722 ad
1757 669 2042 725 fecerunt:
2073 669 2287 738 ipsique
2315 686 2374 725 se
2406 671 2457 725 in
2491 688 2599 727 uno
2629 671 2912 728 cmuaeulo
2943 671 3357 737 concluserunt,

101 789 248 831 eum:
284 767 556 838 Quomodo
587 767 869 823 maleliciis
921 765 1187 836 deceptus
1237 781 1318 828 es.
1351 763 1568 828 Vitalis,
1600 773 1657 818 ut
1757 774 1809 817 et
1835 777 1931 831 per
1958 763 2150 818 decem
2196 778 2369 818 annos
2419 763 2635 819 lectioni
2691 775 2745 819 et
2791 764 3028 820 orationi
3079 773 3358 831 vacantes,

100 883 190 923 non
217 863 476 920 sacriﬁces
502 860 646 916 diis?
673 858 772 915 Cui
816 859 909 915 ille
936 859 1219 930 respondit
1254 877 1266 912 :
1299 857 1412 914 Non
1441 855 1657 912 sacriﬁ-

96 976 150 1016 co
173 957 334 1015 surdis
363 965 414 1011 et
439 954 622 1021 mutis,
653 952 748 1009 sed
795 952 1046 1008 sacrifico
1075 951 1191 1008 Deo
1224 966 1367 1018 meo,
1407 956 1500 1020 qui
1530 948 1659 1005 fecit

99 1054 270 1112 coelum
297 1061 348 1107 et
375 1059 593 1116 terram,
624 1063 774 1104 mare
801 1057 858 1103 et
909 1047 1092 1102 omnia
1124 1061 1244 1118 qure
1297 1045 1348 1100 in
1382 1045 1462 1102 eis
1506 1053 1655 1110 sunt,

102 1161 146 1206 et
171 1149 286 1206 Jcsu
315 1145 529 1202 Christo
564 1142 675 1198 filio
700 1142 841 1210 eius,
865 1141 958 1212 qui
983 1157 1108 1198 cum
1135 1156 1202 1196 eo
1228 1149 1283 1196 et
1305 1139 1513 1211 Spiritu
1531 1154 1660 1193 san-

99 1254 175 1300 cto
200 1240 318 1296 vivit
345 1251 396 1295 et
423 1248 629 1309 regnat.
678 1236 828 1292 Tunc
859 1235 1116 1291 Paulinus
1143 1235 1308 1306 jussit
1335 1250 1460 1288 eum
1492 1232 1660 1288 levari

96 1339 138 1392 iu
164 1335 399 1406 equuleo,
433 1345 488 1388 ut
515 1348 613 1403 per
643 1340 935 1398 tormenta,
965 1333 1084 1400 ejus
1117 1345 1447 1386 consensum
1479 1329 1542 1383 ad
1572 1343 1660 1382 sa-

93 1427 411 1486 criﬁcandum
464 1425 840 1496 compelleret.
894 1423 1002 1482 Sed
1056 1434 1277 1479 sanctus
1305 1422 1497 1477 Vitatis
1548 1432 1662 1477 stu-

93 1522 213 1588 duit,
243 1529 296 1576 ut
328 1521 432 1576 Deo
459 1518 713 1575 redderet
741 1533 1009 1589 gemmam
1030 1519 1348 1588 pretiosam,
1378 1532 1536 1588 quant
1571 1531 1660 1570 ra-

97 1632 206 1688 pere
225 1613 459 1670 diabolus
488 1611 760 1668 studebat.
800 1610 867 1666 Et
911 1610 1270 1683 respondens.
1301 1610 1382 1664 ait
1409 1610 1456 1664 ei
1490 1627 1502 1661 :
1537 1607 1659 1662 lnl‘t-

95 1712 188 1766 nita
217 1707 306 1763 tibi
332 1706 637 1763 dominatur
665 1706 892 1762 stultitia
923 1724 936 1758 :
969 1712 1062 1760 aut
1093 1716 1248 1776 putas
1279 1703 1660 1773 memetipsum

96 1817 236 1874 posse
261 1800 521 1871 decipere,
556 1800 645 1871 qui
679 1800 816 1855 alios
841 1814 871 1855 a
905 1797 1150 1870 periculo
1189 1798 1405 1864 mortis,
1436 1797 1520 1853 vel
1557 1796 1654 1853 dc-
1688 1799 1735 1859 B

96 1894 334 1966 ceptiouis
361 1893 590 1949 liberare
616 1891 841 1947 studui?

157 1986 232 2041 l0.
269 1984 414 2040 Tune
459 1985 718 2040 Paulinus
771 1984 1077 2040 conSularis
1126 1983 1270 2040 dixit
1322 1984 1387 2038 ad
1438 1983 1660 2040 Officia-

93 2083 209 2136 rium
243 2096 256 2136 τ
289 2079 471 2136 Ducite
493 2095 616 2136 eum
649 2080 714 2135 ad
749 2080 1006 2150 palmam,
1033 2089 1091 2136 et
1145 2081 1312 2137 nolite
1357 2081 1660 2147 decollare,

91 2177 128 2232 si
155 2177 445 2232 sacriﬁcare
491 2176 932 2246 contempserit:
986 2179 1082 2232 sed
1132 2176 1291 2234 facite
1337 2177 1552 2232 foveam
1607 2177 1660 2232 in

90 2279 230 2334 terra,
262 2269 457 2324 tamdiu
507 2285 618 2340 quo
671 2286 843 2340 usque
873 2271 1203 2341 perveniatis
1243 2271 1310 2327 ad
1357 2287 1574 2343 aquam,
1609 2279 1665 2327 et

90 2364 149 2417 ibi
177 2379 288 2419 eum
315 2365 566 2432 supinum
598 2365 878 2436 deponite,
923 2376 978 2422 et
1011 2376 1158 2422 terra
1192 2375 1355 2438 atque
1397 2368 1666 2439 lapidibus

86 2458 334 2524 obrutum,
369 2459 439 2515 ibi
479 2460 760 2516 dimittite.
792 2459 947 2528 Quod
977 2477 1098 2517 cum
1132 2460 1323 2518 fuisset
1355 2462 1662 2532 impletum,

86 2551 207 2608 Deus
228 2553 322 2608 sibi
353 2562 600 2609 sanctum
632 2553 866 2610 Vitalem
918 2555 991 2610 ita
1040 2564 1337 2627 martyrem
1370 2570 1664 2611 consecra-

87 2646 177 2711 vit,
208 2656 260 2702 ut
288 2648 544 2704 sacerdos
576 2649 844 2720 Apollinis
871 2653 964 2721 qui
992 2649 1096 2706 hoc
1126 2651 1413 2706 consilium
1440 2651 1665 2708 Paulino

78 2742 225 2813 judici
269 2743 509 2810 dederat,
552 2743 771 2799 diabolo
810 2745 1078 2815 repletus,
1133 2761 1230 2817 per
1278 2754 1484 2816 septem
1544 2746 1664 2802 dies

83 2853 460 2909 cnergumenus
507 2838 778 2896 clamaret
826 2838 924 2906 ibi,
958 2839 1051 2894 ubi
1082 2840 1312 2894 obrutus
1342 2849 1424 2895 est
1446 2849 1669 2897 sanctus

87 2928 278 2995 Vitalis,
306 2930 491 2986 dicens
523 2950 536 2986 :
578 2929 830 2987 lncendis
869 2945 977 2997 me,
1025 2940 1266 3002 martyr;
1310 2931 1525 2986 crucias
1555 2946 1663 2998 me,

81 3035 269 3081 sancte.
301 3025 426 3081 Post
455 3036 672 3097 septem
697 3041 828 3081 vero
848 3025 968 3082 dies
995 3026 1362 3097 prmcipitatus
1392 3041 1420 3081 a
1446 3025 1666 3083 diabolo

81 3116 126 3172 in
152 3120 380 3187 ﬂumine,
408 3119 744 3192 exspiravit.
775 3119 1013 3176 Sanctus
1035 3130 1214 3176 autem
1248 3120 1441 3177 Vitalis
1461 3121 1670 3192 glorio-

1760 855 1863 911 hoc
1893 855 2084 912 ordine
2113 858 2164 910 in
2197 871 2343 912 anno
2388 857 2766 913 conversionis
2814 872 2929 913 suae
2975 857 3265 914 undecimo
3295 855 3363 912 ad

1760 952 1997 1020 palmam
2020 950 2265 1022 martyrii
2293 961 2324 1016 ιι
2352 959 2746 1021 pervenerunt.

1835 1041 1922 1098 14.
1965 1042 2397 1114 Supervenieute
2424 1044 2625 1100 comite
2654 1043 2896 1111 Astasio,
2927 1045 3019 1117 qui
3051 1045 3365 1115 proficisce-

1762 1135 1921 1192 batur
1950 1136 2017 1191 ad
2048 1137 2272 1203 bellum,
2300 1137 2444 1209 quod
2475 1155 2503 1191 a
2553 1137 2912 1194 Marcomanis
2943 1138 3120 1196 fuerat
3163 1140 3368 1195 excita-

1763 1239 1897 1292 tuut,
1930 1230 1956 1268 δ
1986 1241 2342 1287 occurrerunt
2370 1233 2418 1286 ei
2471 1233 2795 1304 templorum
2829 1233 3066 1288 cultores
3115 1250 3236 1288 cunt
3279 1249 3370 1288 sa-

1761 1323 2075 1380 cerdotibus
2106 1325 2242 1390 suis,
2272 1324 2520 1381 dicentes
2551 1343 2566 1381 :
2598 1325 2654 1380 Si
2688 1326 2770 1380 vis
2801 1325 2958 1381 laetus
2993 1326 3058 1380 ad
3096 1327 3369 1398 Augustos

1762 1427 1983 1473 nostros
2013 1419 2219 1474 reverti
2251 1427 2306 1474 et
2347 1420 2540 1485 victor,
2596 1419 2917 1475 Gervasiurn
2964 1431 3019 1476 et
3064 1421 3371 1477 Protasium

1763 1515 1868 1571 diis
1900 1517 2100 1572 nostris
2132 1517 2449 1574 sacrificare
2487 1520 2790 1590 compelle;
2827 1519 3180 1576 vehementer
3223 1521 3371 1576 enim

1765 1608 1836 1663 dii
1863 1609 2034 1664 nostri
2061 1611 2131 1666 de
2161 1625 2348 1666 eorum
2388 1622 2703 1683 contemptu
2734 1613 3014 1681 commoti,
3046 1629 3371 1686 responsum

1766 1702 1921 1757 nobis
1951 1702 2082 1758 dare
2112 1713 2490 1760 contemnunt.

1838 1795 1923 1851 15.
1967 1795 2208 1851 Audiens
2237 1797 2352 1852 haec
2378 1798 2622 1854 Astasius
2649 1814 2832 1855 comes
2853 1801 3016 1872 jussit
3045 1818 3142 1859 eos
3166 1803 3365 1872 teneri,

1760 1897 1815 1944 et
1841 1889 1906 1944 ad
1938 1906 1998 1945 se
2027 1891 2244 1945 adduci.
2297 1892 2508 1960 Quibus
2552 1893 2690 1949 dixit
2723 1911 2734 1948 :
2773 1895 2970 1951 llortor
2999 1912 3097 1952 vos
3134 1907 3193 1951 ut
3235 1899 3368 1954 deo-

1761 1998 1881 2038 rum
1911 1995 2222 2040 nostrorum
2251 1987 2483 2054 injurias
2514 1998 2915 2056 temperantes,
2965 1991 3030 2046 ad
3081 1991 3371 2047 immolan-

1761 2073 1890 2130 dum
1919 2077 1998 2130 eis
2022 2077 2205 2132 devmi
2242 2079 2510 2135 studeatis
2538 2082 2829 2148 insistere;
2860 2092 2917 2138 ut
2940 2085 3217 2153 expeditio
3247 2101 3368 2142 mea

1763 2171 2012 2240 gnaviter
2039 2173 2370 2230 celebretur.
2403 2175 2602 2231 Beatus
2645 2177 2942 2234 Gervasins
2973 2180 3112 2235 dixit
3143 2200 3156 2235 :
3191 2181 3379 2237 Victo-

1766 2266 1900 2321 riam
1929 2267 1999 2322 de
2029 2268 2171 2323 creto
2198 2269 2366 2325 debes
2393 2270 2462 2326 ab
2489 2273 2866 2343 omnipotente
2898 2273 3011 2329 Deo
3055 2275 3371 2344 requirere,

1765 2375 1874 2417 non
1924 2362 1993 2417 de
2039 2363 2351 2419 simulacris
2397 2365 2690 2420 immundis
2719 2377 2774 2421 et
2816 2369 3006 2435 vanis,
3037 2384 3158 2438 qua:
3187 2369 3378 2424 oeulos

1768 2453 1972 2510 habent
1997 2455 2118 2512 sine
2156 2457 2385 2524 lumine,
2436 2474 2599 2514 aures
2631 2459 2753 2514 sine
2797 2459 3009 2522 auditu,
3053 2476 3212 2515 nares
3263 2460 3384 2516 sine

1767 2547 2028 2617 odoratu,
2061 2567 2125 2604 os
2152 2551 2271 2606 sine
2298 2567 2578 2618 sermone,
2623 2569 2816 2609 manus
2846 2554 2965 2609 sine
2995 2565 3164 2620 tactu,
3209 2554 3379 2626 pedes

1765 2640 1886 2697 sine
1935 2657 2151 2712 gressu,
2193 2652 2248 2699 et
2296 2654 2548 2701 ventrem
2594 2647 2799 2718 absque
2851 2647 3206 2704 interioribus
3257 2665 3382 2720 pro-

1765 2733 1964 2789 bantur
1992 2737 2218 2804 habere,
2241 2747 2295 2792 et
2321 2737 2442 2792 sine
2473 2737 2600 2792 ﬂatu
2626 2753 2748 2794 es~e
2775 2749 3095 2794 noscuntur.
3121 2741 3377 2812 Indigna-

1770 2836 1854 2882 lus
1894 2844 2082 2885 comes
2134 2831 2382 2887 Astasius
2431 2832 2597 2901 jussit
2641 2849 2765 2890 eum
2821 2833 3024 2890 tamdiu
3081 2836 3379 2907 plumbatis

1769 2921 1943 2984 tundi.
1973 2925 2227 2994 quamdiu
2259 2924 2541 2982 exhalaret
2564 2927 2834 2997 spiritum.

1845 3014 1932 3069 16.
1974 3016 2093 3082 Quo
2137 3027 2342 3083 amoto,
2374 3019 2538 3090 jussit
2569 3021 2668 3074 sibi
2698 3029 2879 3076 astare
2918 3021 3248 3092 Protasium,
3292 3026 3383 3082 cui

1771 3108 1911 3164 dixit
1943 3127 1956 3165 ε
1991 3110 2172 3176 Miser,
2203 3113 2287 3168 vel
2319 3124 2372 3169 tu
2401 3115 2585 3171 vivere
2616 3115 2776 3173 stude
2801 3157 2815 3180 ,
2851 3127 2902 3171 et
2935 3118 3044 3173 noli
3069 3121 3384 3194 βιωθάνατος

83 3225 164 3266 sus
187 3223 378 3285 martyr
403 3213 635 3278 Christi,
686 3213 840 3284 juxta
891 3213 1166 3270 civitatem
1223 3213 1666 3271 Ravennensium
1693 3201 1739 3266 C
1773 3202 1912 3270 ﬁeri.
1946 3204 2090 3259 εῖειιι
2115 3217 2168 3260 cl
2197 3205 2362 3262 frater
2393 3218 2534 3264 llius.
2565 3209 2664 3264 Cui
2696 3209 2980 3266 Prolasius
3012 3215 3377 3285 respondens,

81 3315 283 3376 praastat
309 3308 654 3364 orationibus
685 3307 773 3364 vel
808 3308 1292 3364 intercessionibus
1319 3310 1432 3363 suis
1463 3307 1669 3363 beneﬁ-

81 3399 152 3453 cia
180 3401 421 3458 omnibus
462 3401 820 3458 credentibus
862 3401 1048 3459 Jesum
1081 3402 1358 3458 Christum
1409 3418 1580 3475 uSque
1613 3405 1668 3460 in

83 3489 380 3550 hodiernum
412 3495 581 3551 diem.

143 3585 223 3641 lt.
261 3587 472 3644 Valeria
505 3598 694 3645 autem
725 3587 924 3660 conjux
954 3589 1095 3659 ejus,
1125 3589 1252 3644 dum
1276 3589 1440 3646 vellet
1470 3605 1670 3662 corpus

79 3679 231 3734 sancti
263 3678 454 3736 Vitalis
481 3681 742 3748 auterre,
792 3695 821 3735 a
880 3681 1194 3738 christianis
1237 3681 1509 3754 prohibita
1565 3690 1671 3749 est,

82 3784 128 3828 et
187 3776 236 3830 in
296 3776 604 3834 visionibus
671 3791 816 3848 smpe
873 3778 1145 3833 admonita
1184 3819 1199 3845 ,
1287 3795 1358 3834 ne
1421 3792 1670 3834 sanctum

78 3882 258 3940 corpus
291 3848 341 3926 ἐι
403 3871 554 3928 malo
620 3869 843 3928 homine
913 3871 1050 3928 bene
1115 3871 1347 3942 positum
1419 3872 1670 3928 violaret.

77 3958 170 4016 Sed
223 3963 310 4019 illa
349 3966 403 4020 in
457 3965 766 4022 intentione
833 3966 1191 4037 perdurante,
1260 3966 1566 4022 evidentius
1622 3967 1671 4023 ei

77 4057 306 4126 apparuit
359 4067 587 4116 sanctus
644 4058 868 4126 \‘italis,
925 4059 1113 4116 dicens
1177 4060 1242 4114 ad
1306 4076 1425 4116 eam
1481 4077 1493 4114 :
1553 4059 1676 4116 Noli

79 4151 197 4206 mihi
241 4153 467 4210 molesta
516 4168 684 4222 esse,
731 4153 962 4221 mulier;
1016 4153 1136 4225 quia
1189 4170 1480 4226 numquam
1540 4153 1675 4210 mihi

78 4249 172 4298 tant
222 4247 521 4317 gloriosum
590 4247 803 4318 poteris
857 4261 1048 4318 parare
1106 4248 1456 4318 sepulcrum,
1515 4245 1677 4318 quale

76 4339 192 4394 mihi
221 4341 480 4398 Dominus
508 4340 674 4397 Jesus
697 4337 944 4396 Christus
973 4340 1088 4396 fieri
1110 4340 1297 4410 jussit.

147 4431 227 4487 l2.
277 4432 397 4504 Ipsa
439 4441 632 4490 autem
664 4433 793 4489 dum
826 4443 1196 4490 reverteretur
1233 4433 1300 4489 ad
1329 4434 1517 4490 urbem
1562 4432 1673 4488 Me-

77 4522 482 4596 diolmensium,
521 4526 760 4582 incurrit
801 4526 1050 4583 homines
1081 4525 1400 4582 idololatras
1448 4526 1676 4582 Silvano

1769 3295 1844 3350 ait
1875 3314 1888 3349 :
1938 3296 2071 3365 Quis
2099 3308 2185 3354 est
2232 3301 2418 3366 miser,
2473 3316 2574 3372 ego
2605 3301 2693 3374 qui
2738 3318 2846 3358 non
2878 3305 3069 3374 timeo,
3103 3322 3168 3360 au
3204 3317 3257 3362 tu
3289 3308 3384 3377 qui

1771 3406 1858 3445 me
1892 3391 2090 3448 timere
2119 3393 2401 3462 probaris?
2422 3393 2618 3450 Comes
2640 3395 2781 3450 dixit
2813 3413 2824 3450 :
2855 3397 2968 3468 Ego
3004 3410 3074 3462 te,
3105 3400 3381 3468 quomodo

1773 3484 1977 3540 timeo?
2005 3485 2284 3543 Protasius
2315 3491 2594 3560 respondit
2627 3508 2639 3543 :
2669 3490 2724 3544 In
2751 3505 2818 3546 eo
2845 3491 2986 3559 quod
3024 3503 3074 3548 te
3105 3495 3263 3548 times
3286 3494 3383 3548 lm-

1773 3577 1849 3643 di,
1883 3579 1928 3632 si
1956 3595 2066 3634 non
2090 3580 2513 3647 saerilicavero;
2542 3582 2589 3637 si
2613 3583 2756 3636 enim
2785 3597 2891 3637 non
2918 3584 3142 3639 timeres
3165 3595 3217 3640 te
3253 3584 3379 3641 laedi

1775 3687 1803 3725 a
1839 3687 1948 3739 me,
1978 3688 2064 3726 me
2095 3673 2160 3728 ad
2210 3675 2536 3730 sacriﬁcium
2571 3691 2676 3730 non
2708 3677 3093 3743 compelleres.
3131 3679 3242 3748 Ego
3281 3694 3380 3734 au-

1775 3774 1883 3820 tem
1918 3776 1968 3822 te
2011 3783 2116 3822 non
2148 3768 2348 3824 timens
2396 3781 2688 3825 contemno
2719 3771 2893 3826 minas
2939 3782 3077 3838 tuas,
3110 3779 3167 3827 et
3195 3772 3378 3826 omnia

1775 3855 1920 3911 idola
1974 3865 2085 3925 tua,
2122 3859 2277 3929 quasi
2310 3869 2552 3916 stercora
2580 3871 2924 3931 computans,
2981 3861 3151 3918 Deum
3193 3861 3374 3918 Solum

1774 3949 1868 4020 qui
1897 3960 2090 4022 regnat
2120 3952 2174 4006 in
2205 3954 2380 4020 cretis,
2413 3953 2603 4010 adoro.

1849 4043 1937 4098 17.
1979 4042 2222 4100 Audiens
2275 4049 2390 4100 haec
2435 4045 2706 4112 Astasius,
2753 4045 2917 4118 jussit
2967 4063 3091 4103 eum
3142 4047 3377 4107 fustibus

1774 4139 1932 4195 caadi.
1961 4139 2154 4196 PoStea
2187 4155 2319 4196 vero
2345 4148 2531 4196 erecto
2559 4141 2696 4194 dixit
2723 4159 2736 4194 :
2766 4141 2950 4210 Miser,
3006 4151 3063 4197 ut
3104 4143 3232 4214 quid
3266 4153 3379 4200 tam

1775 4232 2044 4304 superbus
2089 4243 2144 4290 et
2189 4243 2299 4288 tam
2345 4233 2572 4290 rebellis
2619 4233 2847 4290 existis?
2877 4235 2958 4291 vis
2989 4236 3187 4305 perire,
3240 4237 3385 4293 sicut

1777 4337 1928 4384 tuum
1977 4327 2222 4399 probasti
2257 4327 2436 4398 perire
2467 4328 2828 4398 germanum?
2864 4328 3146 4385 Protasius
3189 4329 3330 4386 dixit
3365 4347 3378 4385 :

1775 4419 1894 4477 Non
1928 4422 2024 4478 tihi
2047 4423 2272 4487 irascor,
2300 4437 2402 4478 nec
2427 4437 2549 4494 ego,
2582 4437 2682 4478 nec
2713 4423 2828 4494 ipsa
2850 4423 3057 4494 juStitia
3081 4440 3096 4490 ;
3120 4425 3380 4495 quoniam

1775 4527 1952 4570 caecos
1987 4515 2060 4570 lui
2083 4515 2266 4571 cordis
2296 4514 2483 4570 oculos
2514 4515 2772 4571 attendo:
2819 4516 3174 4572 incredulitas
3203 4519 3384 4584 enim.

76 4617 429 4678 sacriﬁcames
461 4621 517 4677 ίη
549 4622 753 4677 itinere
780 4636 795 4687 ς
834 4635 992 4692 quam
1034 4635 1157 4675 cum
1192 4619 1476 4686 vidissem,
1504 4619 1673 4689 dep”-
1698 4597 1751 4659 D
1775 4623 1896 4678 qua:
1921 4608 1974 4662 in
2003 4609 2108 4663 tuis
2138 4608 2390 4663 sensibus
2419 4617 2634 4677 regnat,
2669 4622 2774 4662 non
2811 4618 2860 4663 te
2891 4608 3154 4678 permittit
3193 4609 3387 4666 videre

77 4720 258 4766 nentes
284 4728 405 4767 eam
457 4712 528 4768 de
559 4710 834 4778 vehiculo,
883 4708 1050 4784 486
1087 4710 1445 4766 hortabantur
1487 4725 1672 4766 secum

79 4801 292 4870 epulari.
324 4802 575 4876 Cumque
620 4803 714 4859 illa
746 4804 1030 4869 resistens,
1079 4802 1287 4858 diceret
1321 4820 1334 4856 :
1364 4800 1672 4858 Christiana

79 4909 207 4965 sum,
233 4913 338 4952 non
365 4899 493 4954 licet
521 4897 658 4954 mihi
686 4897 756 4954 de
782 4896 988 4953 Silvani
1015 4897 1184 4952 vestri
1216 4897 1500 4952 sacriﬁciis
1523 4913 1678 4952 man-

79 4989 288 5060 ducare,
316 4995 502 5049 statim
538 4993 620 5047 illi
646 4992 764 5047 hzec
807 4991 1120 5055 audientes,
1157 4999 1303 5045 tanta
1355 5007 1474 5046 eam
1526 4990 1678 5046 crede

79 5097 464 5154 mactaverunt,
497 5098 556 5142 ut
583 5088 671 5142 vix
702 5101 820 5142 eam
851 5086 1182 5142 seminecem
1218 5084 1299 5139 sui
1331 5083 1579 5139 homines
1605 5083 1675 5139 ad

81 5177 565 5237 Mediolanensium
603 5181 791 5235 urbem
827 5178 1208 5246 perducerent,
1242 5177 1313 5232 ita
1342 5188 1399 5233 ut
1422 5178 1558 5232 intra
1581 5178 1678 5232 tri-

80 5272 236 5330 duum
264 5277 535 5344 migraret
566 5273 636 5329 ad
662 5272 957 5330 Christum.

148 5365 233 5423 15.
277 5367 341 5424 Et
369 5376 735 5439 posteaquam
794 5375 950 5436 pater
997 5379 1188 5420 eorum
1244 5362 1438 5420 beatus
1488 5360 1680 5421 Vitalis

80 5463 331 5533 martyrio
363 5470 451 5518 est
480 5471 802 5526 comitatus,
834 5472 998 5531 atque
1030 5459 1341 5514 beatissima
1373 5467 1546 5512 mater
1575 5456 1682 5513 Va-

82 5552 207 5610 leria
236 5555 493 5626 migravit
513 5555 584 5609 ad
618 5553 917 5620 Christum,
942 5553 1010 5608 ab
1038 5553 1295 5608 intestato
1320 5551 1445 5622 jure
1475 5551 1681 5608 Gerva-

81 5647 188 5704 sius
213 5659 267 5705 et
317 5648 609 5704 Protasius
643 5647 958 5720 parentibus
1008 5645 1430 5713 successissent;
1459 5646 1680 5704 domum

152 5794 179 5825 ⁸
218 5789 377 5848 Rom.
411 5789 590 5856 edit.,
625 5789 767 5845 idola
791 5801 1111 5858 respuentes,
1143 5785 1238 5842 sub
1278 5785 1482 5842 Astasio
1512 5786 1696 5842 comite

83 5863 136 5916 in
165 5861 549 5920 Mediolanensi
573 5862 776 5917 civitate
811 5861 894 5916 die
915 5859 1258 5916 kalendarum
1284 5861 1553 5928 iuniorum
1576 5859 1695 5932 feli-

369 5957 655 6019 PATBOL.
700 5953 910 6017 XVII.

1773 4700 1916 4772 quod
1955 4701 2048 4755 Dei
2073 4711 2175 4756 est.
2209 4699 2342 4756 Nam
2374 4710 2431 4757 et
2457 4702 2717 4755 Dominus
2747 4717 2901 4757 meus
2927 4702 3090 4760 Jesus
3111 4703 3386 4772 Christus,

1775 4791 2159 4862 crucifigentes
2189 4807 2248 4847 se
2281 4809 2388 4847 non
2413 4793 2694 4848 maledixit
2728 4811 2740 4848 :
2770 4793 2866 4850 sed
2901 4795 3081 4866 potius
3113 4803 3174 4850 ut
3200 4797 3280 4850 eis
3304 4796 3390 4851 in-

1775 4886 2113 4958 dulgeretur,
2162 4887 2360 4951 oravit,
2414 4888 2624 4943 addens
2673 4892 2883 4955 ethoc,
2935 4892 3059 4962 quia
3114 4891 3390 4947 nescirent

1774 4984 1901 5053 quid
1927 4981 2190 5037 facerent.
2225 4980 2378 5038 Unde
2417 4993 2473 5038 et
2502 4999 2608 5055 ego
2637 4985 2712 5040 tui
2741 5027 2754 5048 ,
2789 4987 3084 5054 misereor;
3119 4989 3242 5058 quia
3288 5001 3387 5043 ue-

1777 5083 1888 5137 scis
1913 5081 2043 5151 quid
2073 5082 2260 5137 facias.
2294 5081 2410 5153 Age
2435 5098 2564 5154 ergo
2588 5086 2733 5154 quod
2756 5086 2992 5155 caapisti,
3019 5093 3076 5138 ut
3106 5085 3237 5138 mihi
3266 5099 3392 5154 pos-

1779 5174 1853 5230 sit
1896 5189 2018 5229 cum
2069 5189 2192 5230 meo
2225 5174 2393 5230 fratre
2425 5174 2694 5232 Gervasio
2722 5175 2884 5232 hodie
2930 5177 3238 5247 benignitas
3271 5175 3394 5234 Sal-

1784 5267 1991 5323 vatoris
2023 5268 2196 5323 nostri
2225 5282 2543 5325 occurrere.

1857 5363 1946 5418 18.
1989 5361 2142 5418 Tunc
2184 5378 2372 5419 comes
2401 5364 2648 5419 Astasius
2671 5363 2838 5434 jussit
2868 5377 2991 5418 eum
3018 5362 3198 5433 capite
3227 5363 3387 5422 credi.

1784 5455 1939 5525 Quod
1967 5471 2089 5511 cum
2116 5455 2318 5512 factum
2355 5466 2526 5524 esset,
2575 5471 2676 5528 ego
2707 5455 2988 5527 Philippus
3037 5457 3232 5512 ab8tuli
3262 5475 3391 5516 cum

1786 5551 1896 5605 lilio
1927 5565 2051 5606 meo
2084 5549 2285 5606 furtim
2317 5562 2478 5606 nocte
2519 5557 2832 5604 sanctorum
2866 5549 3092 5604 istorum
3134 5564 3397 5624 corpora,

1788 5655 1844 5703 et
1864 5645 1919 5702 in
1946 5645 2111 5701 domo
2142 5659 2261 5701 mea
2283 5685 2301 5713 ,
2343 5644 2456 5700 Deo
2504 5641 2623 5698 solo
2657 5651 2817 5712 teste,
2849 5642 2902 5699 in
2933 5642 3034 5699 ista
3081 5657 3207 5700 arca
3237 5659 3403 5704 saxea

1809 5784 2319 5856 citeerervenerunt.
2349 5779 2492 5836 Nam
2522 5796 2579 5835 eo
2601 5789 2830 5852 tempore
2855 5783 3260 5856 superveniente,
3293 5791 3402 5841 etc.

1879 5854 1906 5894 δ
1949 5857 2154 5912 Eadem
2185 5854 2319 5912 edit.
2340 5895 2354 5923 ,
2387 5864 2722 5910 occurrerunt
2747 5856 2794 5911 ei
2820 5854 3046 5912 cultores
3066 5855 3350 5912 idolorum.

2849 5949 2930 6012 Ωιι
