3944 6310
78 313 165 371 743
859 304 1233 362 SERMONES
1273 303 1333 360 S.
1377 297 1731 358 AMBROSIO
1771 299 2142 360 HACTENUS
2184 301 2520 366 ASCRIPTI.
3235 300 3340 359 750

136 428 183 481 υ.
222 422 447 478 Sanctus
477 417 666 474 Vitalis
696 418 870 473 sancti
899 417 1173 489 Agricolae
1197 429 1390 471 servus
1421 413 1630 478 fuerat,
1665 415 1715 474 Α
1811 413 1864 466 4.
1914 411 2094 468 Vanus
2129 427 2315 468 sermo
2364 415 2474 470 cito
2525 413 2725 484 polluit
2765 423 3002 470 mentem
3034 430 3046 467 :
3083 421 3138 469 et
3184 413 3344 469 facile

75 533 180 576 mox
211 514 320 582 ejus
357 509 408 564 iu
457 511 714 580 passione
744 509 960 576 socius,
1003 525 1146 564 nunc
1177 508 1365 580 gloriae
1410 519 1638 562 consors
1739 504 1936 575 agitur,
1968 504 2109 576 quod
2145 505 2382 560 libenter
2412 505 2651 562 auditur.
2687 506 2801 563 Hoc
2832 506 3142 578 proferatur
3167 521 3235 562 ex
3268 505 3350 560 la-

75 617 226 667 lactus
253 615 349 663 est.
385 606 579 662 Merito
604 616 786 661 autem
819 614 1035 660 sanctus
1063 602 1260 658 Vitalis
1288 602 1466 674 primo
1511 614 1636 670 pas-
1740 597 1869 666 biis,
1914 598 2057 669 quod
2089 615 2251 654 aures
2280 615 2384 656 non
2417 603 2623 669 polluat
2650 603 2942 660 audientis.
2988 606 3014 635 ⁸
3044 602 3221 658 Mores
3251 601 3349 656 ho-

73 723 151 762 sus
188 711 283 765 est,
312 709 365 756 et
396 710 454 756 ut
489 715 682 755 servus
715 700 1030 771 prtrcessit;
1066 698 1187 769 quia
1237 696 1459 751 domino
1481 710 1639 764 para-
1741 692 1900 748 minis
1929 691 2109 764 lingua
2145 693 2366 764 pandit;
2399 705 2454 750 et
2480 698 2655 766 qualis
2691 712 2874 752 sermo
2903 696 3231 765 ostenditur,
3266 704 3346 750 ta-

74 799 149 854 bat
176 795 338 850 locum
376 811 388 847 :
423 802 644 847 secutus
667 802 752 848 est
783 791 1056 855 dominus,
1093 799 1150 844 ttt
1180 789 1324 844 servi
1355 786 1639 858 prudentis
1741 785 1808 840 lis
1837 787 2048 840 animus
2077 788 2465 858 comprobatur
2500 806 2513 842 :
2543 788 2628 844 Ea:
2655 789 2978 845 abundantia
3006 789 3141 844 enim
3172 788 3346 842 cordis

75 891 213 945 ﬁdem
239 886 504 957 probaret.
541 885 728 941 Passio
755 887 898 940 servi
938 883 1225 956 disciplina
1255 893 1336 938 est
1373 880 1582 936 Domini
1622 897 1635 934 :
1741 897 1795 935 os
1820 880 2064 952 loquitur,
2101 889 2157 934 ttt
2186 879 2447 952 scriptum
2491 889 2575 936 est
2608 880 2821 954 (Matth.
2858 897 2966 950 stt,
3000 882 3114 953 '54).
3148 880 3346 938 Retine

74 986 148 1040 hic
171 981 415 1045 instituit,
447 980 538 1034 ille
572 976 1006 1050 implevit;nihil
1042 976 1119 1031 illi
1143 975 1407 1032 servitute
1447 974 1638 1028 decer-
1742 975 1966 1028 verbum
1997 973 2140 1044 quod
2171 988 2276 1028 non
2308 972 2542 1046 a-diﬁcat
2567 974 2889 1040 audientes;
2933 975 3056 1044 quia
3084 976 3175 1045 qui
3207 973 3347 1028 otio-

73 1079 214 1150 pilur.
243 1073 521 1141 Quomodo
562 1082 742 1129 autem
773 1073 941 1128 minui
983 1078 1184 1140 potest,
1216 1069 1359 1140 quod
1392 1067 1641 1122 Christus
1742 1079 1861 1119 sum
1895 1065 2118 1119 verbum
2144 1080 2249 1120 non
2283 1065 2550 1134 reprimit,
2580 1066 2689 1121 cito
2712 1064 2741 1103 ι)
2765 1065 2830 1120 ad
2864 1065 3028 1120 noxia
3058 1065 3273 1120 transit.

70 1167 265 1227 donavit
293 1166 549 1237 egregie?
581 1165 679 1222 llle
713 1164 933 1236 quidem
979 1162 1186 1216 homini
1233 1159 1520 1214 serviendo
1554 1157 1639 1212 di-
1813 1157 1980 1231 ‘89
2015 1160 2069 1214 5.
2111 1159 2188 1214 De
2213 1159 2395 1216 alieno
2419 1159 2563 1214 malo
2589 1174 2652 1216 os
2674 1168 2822 1214 tuum
2851 1174 2958 1215 non
2986 1158 3344 1230 coinquines:

72 1265 185 1321 dicit
209 1257 475 1332 quomodo
510 1258 754 1327 placeret
797 1256 1024 1310 Christo
1062 1273 1073 1310 :
1120 1254 1208 1308 hic
1236 1253 1509 1324 geminam
1552 1264 1645 1302 ae-
1746 1267 2035 1322 numquam
2073 1251 2332 1306 detrahas
2374 1252 2642 1323 peccanti,
2675 1251 2770 1306 sed
2801 1249 3074 1306 condele:
3119 1250 3261 1321 quod
3297 1249 3350 1302 in

69 1357 266 1432 quisivit
299 1354 510 1430 laudem
539 1353 591 1407 in
642 1353 739 1406 illo
788 1351 1115 1432 magisterii,
1162 1349 1216 1404 iu
1266 1364 1326 1404 sc
1371 1346 1640 1417 martyrii.
1744 1342 1870 1396 aliis
1899 1341 2163 1408 detrahis,
2219 1343 2271 1396 iu
2305 1354 2357 1397 te
2401 1344 2583 1413 petius
2629 1343 2985 1414 pertimesco.
3039 1341 3348 1412 Numquam

71 1449 327 1508 Beneﬁciis
374 1428 561 1502 mutuo
610 1429 999 1510 certaverunt,
1063 1455 1351 1514 postquam
1407 1440 1646 1509 ω‹ιιιίιι‹·ε
1747 1433 1991 1504 profecto
2039 1434 2318 1501 detrahes,
2372 1428 2417 1490 si
2467 1445 2520 1491 tc
2554 1431 2732 1505 ipsum
2790 1433 2927 1491 bene
2979 1434 3351 1504 perspexeris.

70 1563 174 1604 esse
203 1533 561 1600 meruerunt:
595 1542 680 1595 hic
714 1542 866 1595 illttm
906 1541 972 1594 ad
1005 1539 1328 1610 martyrium
1358 1534 1641 1607 prmmisit,
1746 1526 1978 1600 Tantum
2024 1541 2152 1582 cura
2181 1525 2456 1606 (ξονι-ἰεεῴ
2489 1529 2655 1582 vitam
2686 1535 2832 1582 tuam
2854 1567 2867 1590 ,
2917 1534 3177 1597 quantum
3228 1540 3357 1596 pro-

71 1642 150 1696 ille
175 1641 326 1695 istum
358 1634 672 1692 accersivit.
720 1633 863 1688 Nihil
889 1648 1019 1703 ergo
1050 1632 1116 1685 ad
1160 1631 1415 1685 meritum
1463 1627 1644 1682 homi-
1747 1619 1914 1692 spicis
1943 1621 2201 1676 alienam.
2246 1620 2350 1676 Per
2378 1615 2585 1676 nullout
2616 1619 2886 1676 fallaciam
2917 1619 3086 1674 vitam
3120 1618 3358 1688 alicujus

71 1737 143 1790 nis
193 1731 425 1789 conditio
476 1729 756 1792 detraxit,
823 1726 958 1781 nihil
1017 1725 1253 1795 dignitas
1311 1722 1497 1776 auxit:
1552 1717 1646 1774 sed
1749 1714 2032 1770 defendas.

71 1839 334 1897 utrumque
381 1823 516 1878 ﬁdes
567 1820 985 1877 consummavit.
1030 1818 1165 1872 Nam
1215 1817 1479 1886 scriptttm
1524 1823 1606 1868 est
1633 1831 1646 1868 :
1681 1811 1728 1871 B
1825 1808 1879 1862 6.
1921 1807 2031 1862 Nec
2059 1807 2240 1879 plaga,
2269 1822 2369 1864 nec
2396 1822 2546 1864 mors
2579 1814 2632 1864 te
2664 1806 2913 1874 terrebit,
2939 1805 2985 1860 si
3015 1805 3154 1862 bene
3181 1815 3237 1862 et
3267 1804 3359 1876 pie

70 1924 174 1979 Sire
201 1921 352 1987 liber,
401 1921 506 1972 sive
545 1933 757 1981 serens,
803 1930 978 1968 omnes
1025 1913 1080 1966 in
1112 1909 1318 1965 Christo
1367 1925 1530 1963 unum
1558 1924 1645 1962 su-
1749 1900 1969 1956 ViXtBriS-
2005 1898 2309 1958 Curiositas
2351 1901 2658 1972 periculosa
2693 1900 3048 1971 praesumptio
3079 1911 3185 1960 851-
3228 1899 3358 1956 Plus

69 2032 198 2081 mus;
239 2024 292 2070 et
326 2031 338 2066 :
372 2011 734 2079 Unusquisque
782 2009 919 2079 quod
951 2005 1128 2077 fecerit
1166 2005 1387 2066 bonum,
1437 1999 1534 2054 hoc
1566 2016 1646 2054 γε·
1747 1990 1912 2062 dilige
1945 1992 2158 2059 audire,
2186 2008 2347 2062 quam
2393 1992 2617 2050 dicere:
2653 1993 2773 2062 plus
2813 1994 3142 2060 auscultare,
3194 2006 3358 2062 quam

67 2111 249 2179 cipieta
277 2105 502 2161 Domino
532 2102 755 2177 (Ep/tes.
781 2117 862 2169 VI,
887 2100 967 2171 8).
1002 2100 1155 2168 Apud
1191 2097 1478 2151 Dominum
1499 2095 1642 2149 enim
1749 2085 1917 2156 loqlti.
1951 2085 2056 2154 Qui
2104 2085 2450 2158 obtemperat
2499 2087 2552 2142 itt
2587 2087 2753 2153 malo,
2805 2086 3000 2144 similis
3043 2093 3128 2144 est
3159 2086 3231 2151 ei,
3265 2086 3359 2154 qui

69 2178 278 2256 smnus
329 2207 386 2254 ει
434 2198 662 2251 “pgnas
718 2208 872 2264 mna
920 2194 1077 2246 lance
1126 2188 1470 2260 penduntur;
1520 2203 1642 2240 (smn
1747 2178 2125 2236 facittnalum.
2163 2179 2473 2236 Facientem
2503 2188 2556 2238 et
2586 2180 2981 2250 obsequentem
3014 2189 3034 2219 ο
3063 2194 3161 2250 par
3184 2179 3361 2248 poeni-

68 2294 192 2349 nulla
220 2294 291 2347 sit
333 2290 508 2360 major
537 2288 795 2358 dignitas,
828 2301 993 2356 quam
1025 2287 1236 2340 servire
1263 2279 1506 2343 Christo,
1553 2278 1644 2348 qui
1745 2269 1916 2326 lentia
1964 2271 2308 2343 constringit.
2341 2271 2610 2342 Quidquid
2659 2271 2788 2327 boni
2845 2286 2970 2326 cum
3022 2269 3360 2332 discretione

69 2389 189 2444 tanti
212 2403 307 2444 nos
335 2384 650 2450 aestimavit,
686 2391 744 2437 ttt
771 2382 1006 2436 animam
1042 2394 1195 2435 suam
1228 2391 1328 2447 pro
1356 2375 1645 2430 nobistra-
1745 2366 1958 2432 feCeris,
1994 2366 2164 2422 virtus
2195 2375 2320 2424 est:
2355 2367 2527 2422 virtus
2581 2380 2712 2424 vero
2759 2363 3054 2422 indiscreta
3095 2377 3196 2433 pro
3225 2364 3361 2420 vitio

69 2484 224 2540 deret.
1745 2461 2056 2530 deputatur.

129 2577 208 2633 10.
250 2576 375 2632 Ηίιιο
405 2573 560 2630 vobis
599 2587 765 2643 pauca
800 2580 852 2625 et
881 2565 1318 2637 compendiario,
1349 2561 1645 2619 dilectissi-
1817 2557 1868 2609 7.
1913 2555 2307 2610 Testimonium
2359 2563 2507 2612 tuum
2557 2553 2691 2608 nulli
2725 2562 2960 2612 noceat:
3008 2566 3196 2613 sermo
3229 2560 3356 2608 tuus

65 2677 126 2730 mi
153 2676 363 2740 fratres,
414 2671 483 2728 de
510 2684 805 2740 corporum
860 2676 1173 2721 sanctorum
1229 2672 1528 2731 martyrum
1563 2660 1646 2713 in-
1745 2667 1851 2705 non
1880 2649 1954 2705 sit
1981 2648 2458 2721 reprehensibilis.
2491 2647 2587 2705 sed
2623 2647 2692 2702 ab
2722 2645 2978 2702 omnibus
2999 2647 3071 2704 sit
3097 2654 3362 2716 acceptus

64 2771 296 2825 ventione
319 2766 625 2838 signiﬁcare
653 2762 995 2825 curavimus;
1031 2768 1089 2812 ut
1132 2758 1378 2828 ipsorum
1433 2767 1642 2809 memo-
1741 2755 1906 2817 atque
1951 2743 2266 2804 laudabilis.
2317 2741 2532 2798 Nullius
2577 2755 2827 2812 persona:
2879 2739 3076 2796 aﬁectu
3126 2757 3154 2794 a
3203 2750 3356 2794 recto

64 2863 186 2917 riam
215 2864 266 2917 in
299 2835 565 2916 Ecclesiis
597 2857 780 2912 facere
810 2852 1068 2908 valeatis.
1118 2848 1273 2904 Passi
1305 2858 1432 2902 sunt
1458 2854 1640 2902 autem
1737 2838 1945 2910 judicio
1984 2836 2318 2900 deflectaris,
2351 2852 2418 2891 an
2449 2835 2624 2904 dives.
2652 2850 2720 2896 an
2763 2849 2975 2905 pauper
3001 2835 3104 2900 sit;
3136 2847 3359 2888 causam

63 2957 216 3011 sancti
242 2965 516 3026 martyres
559 2951 661 3006 sub
706 2947 1054 3004 Diocletiano
1086 2951 1141 3000 et
1169 2941 1502 2996 Maximiano
1544 2940 1646 2992 itn-
1743 2933 1982 3001 respice,
2027 2947 2136 2986 non
2171 2945 2485 3000 personam.
2531 2928 2808 2986 Justitiam
2859 2943 2960 2998 pro
2991 2928 3106 2983 sola
3155 2939 3362 2984 aeterna

65 3022 428 3118 peratoribusi,
471 3046 526 3100 in
578 3043 801 3098 civitate
833 3037 1162 3094 Bononiensi
1216 3034 1510 3106 provincitc
1542 3031 1646 3086 lta-
1743 3026 2113 3082 retributione
2168 3024 2475 3092 distribuo;
2528 3024 2618 3093 qui
2669 3023 2814 3086 enim
2866 3022 3161 3093 prmsetttia
3212 3022 3356 3077 dona

62 3114 155 3210 lite,
182 3143 350 3214 pridie
382 3153 554 3196 nonas
583 3134 932 3200 Novembris,
966 3141 1226 3202 regnante
1249 3127 1380 3184 Jesu
1423 3125 1641 3182 Christo
1673 3199 1711 3214 Α
1743 3118 1983 3184 aﬁ‘ectat,
2016 3117 2250 3173 futuram
2285 3115 2516 3187 gloriam
2549 3131 2653 3170 non
2685 3115 2903 3188 quaerit,
2936 3115 3022 3172 vel
3051 3123 3261 3188 sperat.
3291 3114 3353 3172 ln

63 3235 273 3292 Domino
303 3247 522 3301 nostro,
552 3233 636 3288 cui
667 3240 751 3286 est
780 3226 954 3282 omnis
979 3227 1153 3280 honor
1179 3233 1234 3280 et
1252 3223 1423 3294 gloria
1457 3222 1510 3275 in
1539 3235 1639 3274 επ·
1667 3199 1712 3264 C
1739 3213 1946 3285 judicio
1992 3227 2292 3283 numquam
2323 3210 2758 3268 misericordiam
2807 3210 3030 3273 deseras
3060 3229 3072 3264 :
3121 3211 3148 3247 ά
3190 3212 3354 3280 impia

59 3331 167 3386 cula
195 3333 558 3394 steculorum,
598 3340 780 3380 amen.
1739 3308 1946 3379 justitia
1973 3315 2058 3364 est
2086 3306 2336 3361 humanm
2362 3304 2645 3376 fragilitati
2665 3319 2770 3360 non
2797 3306 3102 3376 ignoscere.
3135 3305 3350 3360 Nullum

377 3417 716 3476 EPISTULA
753 3415 818 3472 lV
863 3414 1031 3486 (Alias
1068 3410 1286 3482 XXIX).
1743 3399 2539 3473 antejudiciumcondemnes:
2563 3397 3000 3468 nullumjudices
3022 3398 3353 3468 suspicionis

61 3515 349 3572 Fiorianum
377 3516 447 3571 ad
472 3524 728 3570 maturam
754 3519 802 3566 et
827 3510 1129 3564 continuam
1158 3504 1511 3577 paenitentiam
1545 3519 1638 3556 ωε-
1743 3496 1996 3553 arbitrio.

120 3615 292 3679 citatis,
336 3611 467 3683 quid
497 3610 597 3682 ipsi
627 3608 808 3663 sivein
839 3605 990 3660 dictis
1034 3602 1208 3658 sivein
1246 3600 1400 3672 furtis
1425 3613 1642 3670 sequeu-
1811 3589 1869 3661 8.
1909 3587 2062 3644 Cave
2107 3586 2380 3652 honores,
2436 3598 2574 3656 quos
2632 3593 2819 3639 tenere
2866 3587 2988 3638 sine
3034 3583 3192 3653 culpa
3244 3598 3352 3638 non

120 3708 233 3762 dum
256 3676 624 3782 fitgienditinve
647 3704 736 3768 sit,
771 3697 1075 3773 prwscribit.
1743 3693 1919 3754 potes.
1954 3692 1977 3719 ο
2008 3681 2331 3736 Sublimitas
2379 3677 2648 3733 honorum
2678 3676 2794 3730 sine
2823 3689 2993 3731 onere
3026 3676 3232 3745 peccati
3262 3677 3352 3731 vix

297 3764 659 3858 .aﬁunnosws
699 3764 991 3864 episcopus
1030 3790 1324 3846 Frommo.
1743 3783 1999 3839 tenetur;
2050 3771 2176 3827 ideo
2221 3771 2352 3825 dicit
2399 3767 2736 3837 Apostolus:
2793 3764 2903 3819 Nec
2950 3775 3234 3836 qttwrcnles
3288 3769 3352 3822 ab

119 3894 168 3950 i.
207 3892 415 3950 Dilectc
460 3890 559 3955 liii,
606 3858 771 3956 dilige
801 3858 1092 3955 lacrymas,
1129 3880 1237 3936 noli
1271 3876 1492 3933 diﬂ‘erre
1521 3890 1636 3932 eas.
1743 3868 2035 3923 hominibus
2067 3864 2290 3937 gloriam
2321 3862 2366 3932 (I
2399 3861 2583 3916 Thess.
2619 3876 2675 3925 tt,
2717 3858 2827 3931 6);
2863 3859 2918 3914 in
2968 3859 3162 3930 majori
3200 3861 3349 3916 enim

56 3987 270 4043 Tantum
307 3993 590 4057 promptus
620 3952 740 4038 esto
783 3979 851 4038 ad
899 3952 1166 4042 lamenta,
1197 3985 1456 4046 quantum
1491 3971 1640 4028 fuisti
1741 3964 1914 4033 gradu
1944 3960 2109 4033 490
2153 3957 2327 4028 major
2351 3956 2473 4034 sine
2505 3954 2670 4010 dubio
2701 3952 2859 4024 culpa
2889 3961 3011 4018 est:
3046 3953 3136 4023 (ιυὶ
3170 3953 3349 4009 minor

53 4053 328 4152 promptus
353 4087 414 4135 et
445 4053 651 4148 pronus
678 4075 746 4130 ad
762 4074 998 4142 culpam.
1024 4069 1183 4128 Nulla
1215 4084 1303 4125 res
1325 4067 1395 4122 de
1418 4075 1640 4138 peccato
1742 4067 1846 4120 est,
1884 4059 2055 4120 venia:
2081 4053 2363 4126 proximus
2389 4060 2495 4107 est.

55 4142 100 4229 ie
126 4142 378 4231 securum
421 4142 780 4244 faciat(i£crl.
815 4185 868 4236 v,
901 4166 979 4239 5).

1814 4151 1868 4209 9.
1911 4149 2103 4206 Nullus
2151 4146 2170 4186 ί
2220 4148 2340 4204 sine
2387 4144 2598 4218 peccati
2667 4142 2914 4215 periculo
2963 4151 3210 4200 terrenas
3259 4159 3348 4202 res

113 4271 166 4325 2,
206 4270 324 4325 Non
357 4277 517 4341 ροιεε
559 4237 699 4322 ίι-ξιη,
735 4237 945 4329 vitam,
987 4261 1182 4317 sane.“
1227 4267 1495 4330 tegumen,
1531 4255 1640 4312 Ma-
1742 4243 2122 4302 administrat:
2151 4241 2310 4298 valde
2325 4255 2508 4297 rarum
2526 4237 3048 4308 est,utquidivitias
3079 4239 3340 4309 possidet,

51 4379 140 4432 με,
172 4365 339 4434 ειοιίίη
369 4373 480 4428 ρει,
512 4363 557 4417 εί
585 4362 672 4416 cui
707 4359 926 4432 ροιιιίειί
960 4371 1163 4412 nocere
1186 4398 1200 4423 ν
1235 4368 1461 4424 parcas;
1512 4367 1639 4422 pec.
1742 4339 1808 4396 ad
1839 4339 2077 4410 requiem
2109 4336 2315 4394 tendat.
2367 4333 2521 4391 Unde
2557 4333 2822 4404 scriptum
2864 4341 2948 4386 est
2998 4349 3010 4384 :
3043 4331 3204 4386 Amen
3227 4333 3344 4388 dico

49 4457 186 4511 cauti
232 4458 289 4512 in
322 4469 376 4512 te
408 4471 519 4511 non
553 4453 826 4509 retribuas
853 4449 1155 4516 secundum
1186 4447 1427 4517 culpam,
1459 4446 1640 4502 sciens
1743 4435 1882 4490 vobis
1910 4432 2047 4502 quod
2073 4431 2212 4484 άίυθε
2243 4428 2460 4500 difﬁc“?
2504 4425 2716 4480 ῖηιναωι
2747 4425 2800 4478 in
2841 4440 3057 4495 "89'1""!
3100 4436 3344 4480 τοειονωη

49 4550 96 4604 in
125 4561 174 4607 te
192 4562 484 4618 venturum
513 4563 636 4604 esse
661 4545 945 4617 judicium.
971 4543 1103 4598 Nam
1137 4557 1242 4597 non
1281 4540 1511 4596 habebis
1555 4539 1638 4594 in-
1664 4577 1718 4637 Β
1745 4525 1973 4600 (ΜαιιῘιο
2005 4541 2119 4588 ιιι,
2146 4522 2218 4578 εὖ
2239 4525 2277 4592 )ο
2308 4521 2409 4589 Ουί
2443 4519 2590 4576 curis
2617 4517 2852 4575 ιθῐτίήίδ
2883 4533 2940 4573 5°
2973 4519 3230 4589 implicati
3259 4527 3283 4566 ⁸
3312 4533 3343 4573 ³

1440 4633 1449 4637 -
1541 4632 1551 4637 -
1746 4621 1785 4637 n
1849 4636 1852 4637 ,
1888 4621 1895 4629 ⁸
1952 4633 1971 4637 _
2005 4633 2055 4637 Α-
2085 4622 2296 4637 -μ---..,.ι
2343 4613 2510 4637 ᾹῚΑ.ι-Λ
2531 4620 2702 4637 λι.ΙΛνΙ
2725 4609 3089 4637 η.ι·ιιι1.ιηιξ“ηἶ
3117 4611 3343 4637 n—nI:A--

48 4644 372 4716 dulgentiam
392 4687 409 4712 ,
459 4643 564 4699 nisi
604 4609 762 4698 alleri
790 4637 1115 4701 donaveris;
1149 4637 1334 4690 odium
1364 4633 1508 4690 enim
1541 4632 1638 4687 Ito—
1667 4609 1718 4637 υ
1746 4621 1979 4675 Domino
2001 4633 2060 4672 se
2083 4622 2319 4687 separat.
2343 4613 2512 4668 Nemo
2531 4609 2975 4684 potestamplecti
2999 4609 3090 4665 Dei
3115 4611 3349 4681 gratiam

48 4739 239 4795 minem
268 4748 494 4811 separat
521 4752 549 4790 a
573 4751 763 4804 regno,
787 4731 979 4788 acmlo
1003 4728 1293 4797 subtrahit,
1326 4744 1357 4783 a
1387 4725 1638 4799 paradiso
1744 4713 1906 4770 simul
1937 4720 1992 4767 et
2024 4709 2230 4765 saeculi.
2264 4705 2499 4762 Difﬁcile
2545 4714 2628 4762 est
2672 4703 2992 4759 coelestibus
3022 4714 3077 4760 et
3108 4705 3343 4762 terrenis

46 4832 222 4902 del-icit
251 4798 559 4903 ua'cobJ,’
595 4798 708 4901 ἐς),
750 4798 758 4802 ’
1389 4798 1400 4799 ί
1745 4808 1891 4864 curis
1919 4805 2080 4861 simul
2133 4801 2404 4857 insistere.
2451 4798 2685 4855 Difﬁcile
2731 4807 2815 4854 est
2864 4798 3030 4853 Dettm
3075 4799 3238 4854 simul
3291 4805 3348 4854 et

1746 4899 2007 4957 mundum
2038 4897 2287 4967 diligere.
2329 4893 2468 4948 Toto
2509 4893 2691 4947 animo
2737 4890 2826 4946 odi
2875 4901 2931 4946 et
2975 4891 3172 4946 damna
3198 4889 3344 4960 quod

1747 4995 1928 5068 diligit
1959 4991 2214 5046 mundus.
2249 4988 2550 5058 Tamquam
2582 4994 2848 5050 mortuus,
2878 4998 2907 5036 a
2935 4983 3056 5038 labe
3077 4979 3345 5038 etaffectu

1743 5089 1903 5144 istius
1927 5083 2112 5142 mundi
2131 5091 2182 5136 te
2200 5094 2392 5151 separa
2423 5079 2602 5133 :sicut
2621 5075 2890 5152 sepultus,
2913 5073 3116 5128 nullam
3141 5071 3344 5126 habeas

1747 5198 1934 5241 curam
1959 5181 2026 5235 de
2048 5177 2150 5233 hoc
2180 5175 2382 5232 sacculo
2407 5191 2419 5227 :
2447 5153 2720 5241 tamquam
2753 5167 3067 5233 defunctus,
3097 5165 3166 5219 ab
3193 5167 3344 5221 omni

1751 5288 1969 5335 terreno
1997 5283 2049 5329 lc
2073 5271 2222 5342 priva
2247 5266 2482 5339 negetio.
2512 5264 2816 5320 Contemne
2841 5260 3051 5327 vivens,
3076 5273 3195 5329 quae
3222 5267 3348 5329 post,

110 4926 162 4980 5.
202 4925 260 4980 ltt
289 4925 549 4981 omnibus
578 4922 790 4977 actibus
833 4919 938 4975 tuis
971 4919 1188 4974 imitare
1217 4917 1419 4983 bonos,
1470 4929 1640 4970 remu-

46 5016 152 5075 lare
177 5029 423 5085 sanctos,
459 5017 659 5072 habeto
708 5024 834 5070 ante
879 5013 1070 5069 oculos
1119 5011 1368 5079 exempla
1417 5017 1639 5065 sancto-

47 5127 156 5166 rum
189 5130 204 5169 :
233 5112 421 5169 socios
452 5111 546 5166 tibi
577 5111 749 5165 bonos
767 5105 1214 5178 conjungemuia
1247 5103 1293 5158 si
1321 5103 1504 5159 socius
1527 5102 1642 5157 fuc-

47 5204 117 5260 ris
135 5204 595 5270 conversationis,
640 5203 750 5258 eris
775 5210 828 5256 et
859 5199 1075 5256 virtutis
1107 5196 1284 5268 (Psal.
1334 5211 1471 5260 xvu,
1523 5193 1640 5266 26).

47 5295 419 5354 Periculosum
451 5305 534 5352 est
563 5310 686 5351 cum
716 5294 803 5350 his
832 5293 923 5364 qui
975 5291 1118 5346 male
1164 5293 1370 5355 vivunt,
1413 5303 1643 5344 conver-

49 5391 165 5444 sari.
196 5391 393 5448 Melius
433 5401 516 5446 est
545 5405 674 5460 ergo
705 5389 906 5444 habere
939 5385 1209 5439 malorum
1239 5383 1446 5449 odium,
1477 5397 1639 5452 quam
1753 5382 1983 5430 mortem
2019 5366 2222 5422 habere
2253 5377 2361 5420 non
2394 5359 2621 5433 poteris.

48 5485 402 5554 consortium.
606 5444 636 5460 υ
1434 5444 1443 5449 ⁷
1496 5444 1509 5452 ’
1825 5468 1911 5524 lt).
1944 5462 1970 5502 ιι
1997 5458 2266 5517 Omnibus
2294 5456 2508 5512 tribue:
2535 5465 2642 5507 non
2665 5448 2856 5520 eligas,
2881 5445 2967 5499 cui
2993 5444 3346 5518 miserearis;

117 5607 141 5636 ει
181 5598 343 5653 Rom.
376 5598 510 5654 edit.
532 5639 544 5661 ,
581 5597 804 5652 Mentem
833 5595 1076 5658 hominis,
1103 5602 1207 5649 etc.
1745 5599 1860 5661 runt
1885 5599 1923 5661 :ﬂ
1930 5580 1983 5633 in
2007 5570 2523 5661 inujorigraduuetc.

65 5719 71 5724 .
114 5669 141 5707 ι›
181 5641 554 5739 namss;
575 5641 1207 5737 ξὶιὶίᾛῖἇέίὶὶῖιΐὶέᾶἦὲιῖ’”’
1748 5641 1756 5644 ⁷
1826 5655 1844 5694 ί
1889 5641 2308 5739 πιθεῖυέξφάθιε
2477 5642 2682 5708 νεοίατο
2714 5641 2939 5739 (arma:
3081 5643 3184 5739 etc,-

121 5703 138 5707 _
181 5703 391 5742 “saw
415 5703 554 5731 pun.
575 5711 589 5737 ,
615 5703 684 5724 uu
713 5703 922 5724 "uatum.
947 5703 1123 5722 σιω-ιη.
1209 5737 1219 5748 .
1299 5736 1308 5746 1
1891 5703 1928 5728 -ρ
1947 5703 1998 5720 ήυ
2158 5718 2165 5727 ι
2300 5703 2304 5705 Ἴ
2477 5703 2488 5708 -
2636 5724 2639 5730 γ
2785 5704 2794 5714 ,
2883 5721 2900 5729 Ἰ
3011 5724 3014 5725 ν

121 5753 139 5814 ὴ
181 5741 318 5814 ses.
346 5741 556 5814 οᾳιιυμ.
589 5751 832 5814 perpetua
861 5757 1008 5811 ρωηςι
1031 5747 1347 5811 εοιιειιοιηθιι-
1824 5740 1853 5814 ἕ
1895 5717 2224 5814 transiit;
2243 5703 3235 5814 α9.ξῖξί.ἕξ..ἱεξ²ρ⁰’.¹ἐέι.ἷῖἷέ¹¹ίξῖοθέλ¹ὶὶξῖ¹ᾴῖἓῖξε

120 5809 143 5848 tt
585 5776 1184 5884 5,2}53‘385f'
1575 5875 1584 5884 _
1763 5877 1773 5884 -
1805 5796 1850 5884 _h
1895 5776 2095 5884 iiadem
2121 5787 2248 5844 edit.
2279 5780 2523 5836 Omnibus
2549 5789 2594 5834 te
2630 5776 2834 5832 tributa.
2863 5793 2925 5832 tte
2952 5779 3082 5848 forte
3099 5777 3346 5848 prie/"era:

125 5896 144 5919 ο
184 5883 333 5943 Idem
362 5873 831 5942 cadis-utilitatium
857 5873 1103 5939 honorem
1124 5879 1370 5952 ugnitudo
1393 5885 1464 5933 est
1484 5875 1641 5932 scelc-
1757 5875 1924 5934 illum,
1952 5873 2059 5919 Cic-
