3944 6310
641 338 741 395 751
1586 333 1680 391 AD
1720 331 1952 392 orem
1988 330 2238 391 SANCTI
2277 328 2603 389 AMBROSII
2641 329 3012 390 APPENDIX.
3718 338 3782 397 πεξ

636 472 705 510 ne
757 452 899 509 forte
931 458 1225 522 praetereas
1280 449 1455 518 illum,
1503 450 1594 520 qui
1645 460 1892 506 meretur
1937 449 2188 517 accipere
2221 466 2233 504 :
2264 455 2320 514 Α
2343 449 2712 504 remuneratio
2741 449 3031 504 amittitur.
3060 456 3086 486 ι
3113 448 3191 503 De
3219 446 3303 502 his
3330 447 3509 504 dicitur
3531 466 3544 504 :
3568 451 3688 506 Amen
3715 454 3784 513 dico

633 549 906 606 incertum
935 556 1021 603 est
1049 546 1192 601 enim
1225 561 1324 617 pro
1352 559 1459 616 quo
1501 544 1718 615 placeas
1749 544 1920 615 magis
1950 543 2085 598 Deo.
2118 541 2236 597 Non
2345 538 2820 610 vobis,receperuut
2838 538 3120 594 mercedem
3137 536 3318 609 suam(
3342 536 3510 592 Matth.
3533 554 3590 605 Vl,
3610 538 3788 611 5).lustis

633 643 852 698 auferas
894 641 982 694 uni
1017 639 1159 694 unde
1215 637 1424 692 tribuas
1479 637 1670 703 alteri;
1727 651 1797 692 ne
1840 635 2018 690 alieno
2064 634 2240 705 spolio
2339 634 2395 690 iu
2427 635 2588 702 coelo,
2624 635 2813 690 nonin
2846 644 2991 690 terra
3024 649 3232 690 merces
3259 633 3578 705 promittitur.

635 732 1051 789 misericordem
1070 739 1124 787 te
1149 729 1406 788 ostendas
1427 747 1441 783 :
1464 726 2096 786 condemnamiiseratio
2115 727 2239 796 ista,
2418 729 2506 786 12.
2544 729 2688 802 Lege
2709 729 2851 802 quod
2871 729 3216 801 scripserim;
3242 739 3297 786 et
3315 728 3433 784 vide
3451 743 3511 785 ne
3525 728 3788 801 quodlegeodo

631 842 744 881 non
776 823 1013 896 proiicit.
2344 821 2584 888 miraris,
2621 821 2857 878 vivendo
2895 831 3236 878 contemnas.
3286 819 3433 889 Vale,
3473 827 3524 878 et
3557 835 3634 878 nos
3665 822 3790 894 dilige;

702 916 790 972 11.
815 917 1023 972 Bonum
1041 913 1188 988 quod
1213 913 1370 983 facis,
1392 913 1810 979 misericordiae,
1835 929 1942 968 non
1962 912 2240 985 iactantiae
2344 915 2472 987 quia
2503 923 2558 972 te
2589 924 2648 971 ut
2679 913 2850 971 tilium
2882 930 2983 972 nos
3013 913 3309 986 diligimus.

625 1026 791 1068 causa
841 1011 1045 1078 facias;
1095 1010 1141 1066 si
1189 1009 1336 1066 enim
1384 1008 1475 1066 hic
1523 1009 1641 1065 laus
1681 1007 1965 1080 quaeritur,
1999 1007 2052 1062 in
2102 1007 2242 1063 crelo

701 1161 730 1189 ει
774 1149 850 1234 pe
865 1151 960 1234 llis
985 1149 1178 1234 dicitur
1210 1149 1531 1234 l_itec_verba
1559 1164 1683 1231 cum
1715 1145 2231 1234 subjectodlatthaei
2348 1145 2478 1234 Vide
2511 1146 2742 1218 quisquis
2770 1146 2866 1202 hoc
2894 1147 3045 1234 tegis,
3062 1162 3144 1234 ire
3171 1145 3310 1234 qu‘od
3337 1143 3533 1218 legendo
3570 1143 3792 1216 respician-

620 1224 748 1281 loco
778 1223 832 1278 iu
863 1223 999 1294 Reg.
1032 1223 1156 1277 cod.
1201 1223 1625 1294 desiderantur:
1648 1221 1715 1294 _in
1760 1235 1868 1294 quo
1915 1219 2084 1294 etiam
2115 1225 2238 1288 post
2342 1219 2505 1275 vendo
2535 1231 2854 1275 contemnas.
2883 1218 3023 1274 Laus
3051 1218 3183 1275 Deo.
3216 1220 3398 1274 Amen.

623 1297 852 1352 verbum
878 1291 1198 1366 promittitur
1222 1295 1454 1364 epistola
1485 1291 1688 1349 desinit
1711 1296 1763 1346 itt
1795 1292 1939 1346 hunc
1963 1293 2186 1346 modum
2212 1305 2224 1343 :

631 1405 3787 1443 MM

2027 1544 2575 1620 MONITUM.

702 1811 1010 1884 Sequentes
1039 1810 1161 1868 dum
1192 1808 1540 1882 precationes
1569 1807 1624 1862 iu
1653 1805 1906 1862 omnibus
1924 1802 2144 1876 quidem
2163 1799 2550 1857 Ambrosianis
2565 1795 2910 1855 editionibus
2926 1792 3350 1867 reperiebantur
3373 1808 3386 1844 :
3417 1787 3508 1847 sed
3519 1788 3679 1861 scripta
3694 1802 3798 1844 earum

624 1882 970 1980 exemplaria
1031 1924 1292 1981 perquam
1335 1921 1458 1962 rara
1509 1915 1658 1972 sunt,
1695 1912 1749 1960 et
1790 1903 2014 1958 inventu
2048 1897 2319 1954 difﬁcilia.
2368 1893 2540 1950 Nobis
2573 1889 2843 1962 profecto,
2878 1887 3077 1944 forulis
3122 1885 3455 1942 nobiliorum
3490 1882 3798 1940 bibliothemrum

628 2019 741 2061 non
775 2005 1132 2076 indiligenter
1160 2004 1533 2076 perlustratis,
1563 2003 2001 2072 manuscriptum
2029 1998 2230 2070 prioris
2257 1993 2527 2052 orationis
2553 1991 2790 2051 nullum.
2816 1987 3136 2059 poSIerioris
3163 2001 3296 2041 vero
3319 1993 3520 2040 tantum
3543 1981 3798 2038 unicumdete-

627 2110 762 2167 gere
791 2097 963 2152 licuit.
995 2095 1150 2164 Quod
1183 2103 1569 2166 argumentum
1603 2103 1689 2149 est
1722 2091 1867 2148 haud
1911 2091 2192 2146 mediocre
2223 2087 2347 2143 illos
2369 2101 2396 2140 a
2423 2085 2625 2156 quibus
2657 2083 2800 2137 inter
2830 2079 3104 2138 Ambrosii
3131 2078 3308 2150 Opera
3344 2077 3564 2148 primum
3584 2076 3798 2138 editestut.

625 2204 737 2245 nou
769 2187 1134 2260 frequentium
1168 2187 1567 2255 exemplarium
1599 2185 1930 2241 auctoritate
1962 2184 2058 2238 niti
2094 2182 2356 2254 potuisse.
2389 2178 2508 2234 Non
2539 2178 2733 2232 mirum
2768 2175 2934 2245 igitur
2954 2174 2998 2228 si
3031 2189 3060 2228 a
3087 2171 3373 2243 judicibus
3400 2171 3799 2244 Sagacioribustttrt-

623 2297 735 2353 que
769 2291 958 2350 partus
985 2280 1282 2335 adulterini
1313 2279 1436 2335 loco
1465 2278 1646 2335 habita
1679 2277 1878 2342 fuerit;
1912 2274 2134 2331 etiamsi
2182 2272 2328 2328 enim
2379 2269 2554 2340 prima
2601 2282 2709 2322 non
2760 2264 2950 2335 paucis
2996 2262 3236 2318 Doctore
3280 2272 3468 2318 nostro
3495 2261 3598 2316 visa
3625 2261 3678 2316 sit
3697 2261 3799 2330 digna,

625 2386 814 2432 tamen
846 2375 1114 2430 attentius
1144 2373 1524 2430 consideranti
1573 2381 1627 2426 et
1659 2371 1780 2442 ejus
1830 2370 2004 2442 stylus
2048 2368 2116 2422 ab
2147 2365 2511 2422 Ambrosiano
2542 2360 2764 2432 paulqu
2793 2359 3073 2422 diversus,
3106 2365 3161 2410 et
3192 2356 3247 2411 in
3297 2370 3361 2411 ea
3409 2355 3552 2410 citati
3588 2369 3642 2410 ex
3677 2354 3801 2422 antiquo

622 2468 835 2524 [cedere
859 2467 965 2522 loci
995 2466 1248 2522 nonnulli
1278 2482 1402 2520 cum
1437 2463 1576 2520 LXX
1602 2465 1858 2520 versione
1887 2479 1993 2516 non
2023 2472 2326 2528 congruere
2353 2453 2861 2526 deprehenduntur.
2889 2450 3048 2519 Quod
3075 2465 3206 2505 vero
3234 2450 3432 2505 attinet
3458 2450 3521 2505 ad
3550 2448 3801 2519 posteriorem,

626 2562 683 2617 in
715 2577 778 2618 ea
813 2561 1110 2631 rejicieuda
1136 2563 1313 2616 minor
1337 2571 1421 2616 est
1441 2559 1736 2614 dilticultas
1763 2574 1778 2620 ;
1806 2557 2009 2628 quippe
2031 2571 2151 2624 qua»
2175 2553 2305 2608 licet
2333 2567 2442 2606 non
2461 2549 2768 2616 inelegans,
2803 2545 3184 2599 Ambrosiam:
3203 2542 3489 2616 gravitatis
3517 2542 3596 2598 vix
3620 2541 3801 2612 quidquam

624 2672 742 2728 prae
793 2673 854 2714 se
886 2658 1042 2712 ferat.
1082 2657 1214 2712 Eam
1263 2666 1445 2712 autem
1477 2653 1544 2709 ad
1575 2651 1822 2708 codicem
1878 2649 2291 2705 Floriacensem
2320 2657 2588 2700 annorum
2620 2639 2844 2695 circiter
2874 2638 2980 2693 700
3010 2646 3283 2702 exactam,
3323 2636 3494 2693 multo
3520 2651 3652 2708 quam
3687 2636 3803 2698 laetu,

625 2757 1065 2815 emendatiorem
1089 2755 1437 2811 exhibemus.
1463 2753 1736 2809 Caeterum
1767 2749 1928 2806 nobis
1951 2748 2176 2804 minime
2205 2745 2406 2817 placet,
2431 2743 2574 2814 quod
2600 2736 2938 2808 Theophilus
2970 2732 3286 2790 Reinaudus
3316 2741 3654 2801 utramqueea
3677 2736 3804 2801 propter

628 2853 1027 2912 Mediolanensi
1062 2853 1325 2922 episcopo
1355 2849 1649 2918 ascriptam
1695 2854 1873 2919 putat,
1911 2845 2036 2915 quia
2069 2853 2380 2899 caracteres
2411 2840 2472 2897 S.
2505 2841 2570 2893 Α.
2621 2835 2826 2893 eisdem
2875 2829 3218 2889 orationibus
3266 2830 3320 2884 in
3357 2823 3806 2895 manuscriptoaliquo

625 2956 967 3020 prmnotatos
997 2947 1064 3003 de
1095 2953 1285 3001 sancto
1327 2915 1616 3000 Ambrosio
1646 2915 1917 3012 quispiam
1951 2939 2341 3006 interpretatus
2381 2932 2477 2997 sit,
2521 2944 2649 2985 cum
2681 2942 2778 2996 per
2810 2925 2936 2980 illos
2976 2930 3202 2977 sanctus
3247 2919 3538 2976 Anselmus
3578 2915 3806 2972 indicaretur.

629 3043 795 3098 Enim
827 3057 958 3098 vero
983 3051 1041 3096 ut
1066 3041 1172 3095 alia
1204 3038 1560 3111 quadrarent,
1592 3036 1819 3092 nimium
1847 3032 2008 3088 unius
2034 3029 2176 3086 ratio
2201 3027 2436 3086 dissidet
2461 3025 2530 3080 ab
2559 3023 2754 3090 altera,
2786 3035 2948 3093 quam
2977 3026 3037 3074 ut
3065 3017 3352 3072 ambarum
3381 3013 3610 3072 eumdem
3633 3018 3806 3067 auctorem

630 3138 804 3194 fuisse
837 3137 1193 3192 arbitremur.

821 3227 3804 3274 Μ

630 3265 817 3279 —-——

1327 3367 2485 3526 PRECATION
2497 3364 2727 3512 ES
2809 3361 3290 3509 DU/E

1253 3620 1883 3711 HACTENUS
1959 3611 2564 3702 AMBROSIO
2642 3604 3371 3693 ATTRIBUT/E.

1026 3901 1192 3976 489
1227 3889 1574 3954 PRECATIO
1612 3884 1849 3944 PRIMA.
2272 3907 2321 3966 Β
2348 3890 2498 3948 gere,
2522 3875 2729 3932 sentire
2758 3885 2813 3932 et
2840 3876 3076 3935 ﬁrmiter
3097 3877 3364 3946 retinere,
3387 3878 3563 3936 dicere
3587 3884 3633 3935 et
3653 3872 3810 3945 cogitare.

1022 3964 1496 4067 iit'prwpat'atiOtte
1527 3983 1596 4039 ad
1626 3980 1681 4037 Μ
1690 3985 1865 4036 issam.
2019 4066 2026 4067 ὲ
2119 4065 2127 4067 ξ
2273 3964 2310 3966 _
2350 3971 2494 4045 quod
2513 3973 2579 4028 tilJ

2273 3964 2310 3966 _
2350 3971 2494 4045 quod
2505 3972 2608 4067 tibi
2631 3973 2830 4043 placet,
2849 3983 2900 4029 et
2915 3974 3138 4045 expedit
3154 3975 3353 4031 anima:
3368 3964 3811 4037 meteJutretSpiriltti

713 4102 764 4156 1.
807 4097 1032 4154 Summe
1063 4061 1321 4144 sacerdos
1343 4093 1398 4140 et
1425 4095 1558 4138 vere
1583 4074 1830 4148 pomifex
1852 4070 1982 4127 Jesu
2001 4065 2243 4130 Christe,
2351 4074 2478 4121 tttus
2503 4065 2679 4121 bonus
2709 4065 2763 4122 in
2791 4080 2886 4121 eor
2916 4081 3122 4134 meum,
3151 4067 3242 4138 qui
3273 4074 3432 4123 sonet
3456 4066 3524 4120 ibi
3553 4064 3653 4120 sine
3673 4061 3816 4120 sono,et

640 4193 731 4262 qui
762 4199 815 4246 te
842 4181 1088 4242 obtulisti
1115 4181 1229 4234 Deo
1257 4177 1405 4232 Patri
1437 4173 1491 4228 in
1523 4185 1614 4226 ara
1656 4167 1836 4223 crucis
1866 4162 2098 4218 hostiam
2142 4173 2244 4229 pu-
2350 4159 2470 4214 sine
2499 4160 2730 4230 strepitu
2773 4160 3065 4215 verborum
3117 4160 3376 4231 loquatur
3418 4173 3619 4216 omnem
3641 4153 3816 4211 veritatem

643 4252 758 4344 ram
787 4276 1265 4340 etimmaculatam
1291 4287 1388 4344 pro
1412 4268 1570 4324 nobis
1599 4260 1818 4319 miseris
1843 4254 2242 4330 peccatoribus,
2353 4262 2622 4310 tantorum
2651 4254 3060 4326 mysteriorum.
3080 4254 3358 4312 Profunda
3377 4252 3819 4318 suntnimis,etsacr°

644 4390 700 4435 et
730 4376 823 4450 qui
857 4372 1056 4431 dedisti
1091 4367 1249 4424 nobis
1271 4377 1491 4421 carnem
1520 4371 1665 4416 tuam
1695 4356 1762 4411 ad
1785 4349 2242 4413 manducandum,
2351 4357 2492 4406 tecta
2516 4350 2806 4405 velamine.

645 4483 701 4528 et
730 4427 1049 4541 sanguinem
1081 4472 1228 4516 tuum
1261 4460 1325 4512 ad
1358 4452 1676 4517 bibendum,
1701 4458 1755 4505 et
1783 4445 2010 4519 posuisti
2042 4449 2245 4514 myste-
2423 4443 2480 4501 3.
2520 4442 2752 4513 Propter
2799 4457 3049 4516 magnam
3098 4442 3450 4500 clementiam
3505 4451 3634 4499 tuam
3675 4427 3821 4494 conede-

649 4567 787 4622 rium
809 4522 862 4617 il:
891 4561 1094 4616 virtute
1119 4553 1358 4625 Spiritus
1381 4545 1580 4612 sancti,
1603 4544 1831 4598 dicens:
1866 4537 1996 4593 ch
2022 4535 2246 4607 quoties-
2350 4535 2486 4592 mihi
2515 4535 2677 4592 hodie
2699 4546 2753 4591 et
2780 4552 2998 4607 semper
3021 4538 3315 4594 missarum
3337 4535 3590 4595 solemnia
3614 4522 3822 4605 purocord:

647 4673 861 4729 cumque
913 4651 1153 4727 feceritis,
1205 4648 1258 4701 in
1290 4644 1390 4700 mei
1438 4638 1737 4696 memoriam
1781 4632 1980 4707 facietis
2034 4629 2097 4703 (l
2123 4626 2245 4685 Cor.
2353 4641 2406 4686 et
2438 4645 2570 4701 pura
2606 4639 2788 4686 mente
2812 4630 3113 4688 celebrare.
3142 4630 3337 4689 Libera
3369 4646 3467 4688 σοι·
3507 4643 3663 4686 meum
3691 4621 3739 4679 ab
3766 4617 3822 4671 ia'

2033 4723 2042 4729 .
2503 4723 2536 4729 --
2742 4721 2761 4729 -
2850 4723 2884 4729 --
3074 4722 3086 4729 .
3262 4723 3275 4729 -
3419 4723 3451 4729 --
3599 4720 3609 4729 .
3681 4717 3690 4729 .
3747 4709 3812 4729 η..

648 4769 724 4819 xi,
777 4709 934 4819 925)}
992 4759 1126 4813 rogo
1179 4755 1277 4812 per
1330 4745 1482 4791 tuum
1534 4729 1856 4800 sanguinem
1907 4723 2205 4794 pretiosum

2353 4723 2570 4778 mundis
2594 4731 2648 4777 et
2670 4721 2940 4788 nefandis,
2962 4722 3120 4778 vanis
3144 4733 3200 4778 et
3224 4723 3482 4779 obnoxiis
3502 4709 3822 4790 cogitauerim

652 4801 906 4914 magnum
957 4801 1151 4891 salutis
1181 4801 1395 4886 bosme
1445 4822 1718 4896 pretium:
1776 4831 1908 4886 rogo
1954 4829 2052 4885 per
2108 4811 2247 4866 hanc
2355 4815 2502 4870 Muni
2536 4830 2624 4871 me
2657 4815 2944 4871 beatorum
2994 4816 3316 4887 angelorum
3365 4816 3452 4887 pia
3500 4825 3551 4872 et
3593 4810 3682 4867 tida
3711 4801 3823 4860 ιυιειι,

649 4899 843 4996 miram
872 4939 930 4989 et
949 4925 1277 4985 ineﬂ‘ahilem
1300 4918 1645 4976 charitatem.
1672 4925 1777 4983 qua
1807 4925 1907 4963 nos
1931 4910 2162 4961 miseros
2193 4913 2247 4958 et
2350 4919 2515 4980 atque
2546 4909 2840 4965 fortissima
2869 4909 3154 4976 custodia;
3187 4921 3246 4965 ut
3275 4909 3463 4966 hostes
3503 4906 3706 4964 omnium
3725 4899 3824 4953 bono-

648 5032 899 5102 indignos
922 5024 1002 5080 sic
1026 5033 1211 5076 amare
1235 5016 1489 5085 dignatus
1509 5023 1590 5075 es,
1623 5018 1681 5061 ut
1704 5006 1919 5060 lavares
1950 5014 2050 5055 nos
2071 5014 2099 5054 a
2123 5012 2248 5068 pec—
2352 5019 2470 5058 rum
2501 5003 2714 5059 confusi
2747 5003 3030 5059 discedant
3071 5019 3173 5075 per
3221 5003 3484 5059 virtutem
3515 4999 3634 5057 tanti
3656 4982 3824 5067 mysterii.

645 5092 795 5180 catis
813 5115 1093 5176 nostrisin
1123 5107 1392 5181 sanguine
1415 5100 1717 5167 tuo;docc
1744 5110 1832 5150 me
1853 5107 2071 5148 δετνυηι
2096 5099 2245 5143 "tum
2351 5103 2408 5150 et
2455 5110 2554 5165 per
2602 5111 2826 5150 manum
2874 5097 3050 5152 sancti
3093 5096 3273 5167 angeli
3327 5096 3427 5152 tui.
3476 5092 3674 5163 Repelle
3707 5102 3728 5140 a
3760 5093 3825 5137 ιιιει

643 5219 964 5289 indignum,
998 5225 1159 5282 quem
1191 5207 1336 5261 inter
1367 5213 1569 5256 caetera
1600 5196 1741 5250 dona
1775 5203 1860 5246 tua
1895 5188 1960 5244 ad
2009 5186 2246 5242 ofﬁcium
2353 5187 2582 5245 Domine
2617 5188 3112 5254 JesuChriste,eta
3139 5191 3357 5245 cunctis
3373 5190 3545 5247 servis
3563 5187 3656 5243 tuis
3685 5171 3826 5236 dun-issi.

645 5269 988 5369 sacerdotale
1015 5316 1212 5360 vocare
1241 5298 1496 5368 dignatus
1528 5305 1588 5345 es
1636 5287 1802 5342 nullis
1847 5282 1982 5339 meis
2014 5282 2243 5346 meritis,
2272 5309 2318 5370 Ο
2352 5298 2498 5337 mum
2547 5283 2798 5353 spiritum
2846 5284 3139 5354 superbire,
3171 5285 3511 5350 σοιιοάοιῑπ,
3554 5276 3746 5339 invidia,
3771 5269 3827 5323 irt-

645 5406 741 5462 sed
783 5404 897 5459 sola
954 5396 1265 5468 dignatione
1305 5383 1698 5446 misericordiae
1757 5389 1861 5434 tuae
1899 5398 1911 5431 :
1960 5377 2096 5432 doce
2134 5391 2242 5443 me,
2284 5366 2318 5370 ’
2351 5375 2585 5440 condite,
2617 5374 2996 5432 fornicationis
3040 5391 3092 5432 et
3145 5376 3527 5444 intmunditiaa,
3553 5366 3829 5431 dubietatisel

645 5511 851 5568 quaeso,
893 5509 991 5564 per
1018 5466 1288 5559 Spiritum
1334 5494 1485 5538 tuum
1531 5484 1738 5531 tantum
1773 5470 2093 5542 mysterium
2137 5479 2246 5524 tra-
2354 5469 2729 5539 hlasphernize.
2777 5469 3188 5527 Confundantur
3232 5472 3325 5542 qui
3378 5485 3476 5527 nos
3525 5466 3827 5541 perseqltttttltb'.

641 5552 791 5642 ctare
819 5602 878 5641 ea
911 5592 1221 5640 reverentia
1254 5586 1311 5633 et
1361 5575 1591 5634 honore,
1624 5579 1798 5636 eaque
1847 5563 2138 5618 devotione
2190 5569 2246 5617 et
2351 5573 2578 5635 pereant
2607 5563 2685 5618 illi
2717 5568 2806 5633 qui
2831 5575 3030 5620 cuncta
3064 5565 3298 5634 perdere
3323 5563 3599 5622 festinant.
3623 5561 3714 5616 Rex
3733 5552 3828 5607 vi"?

649 5682 845 5736 timore
864 5720 878 5742 ,
905 5676 1102 5748 quibus
1129 5677 1348 5744 Oportet
1374 5677 1430 5724 et
1457 5667 1634 5721 decet.

2349 5664 2482 5724 tum,
2519 5655 2781 5712 castitatis
2823 5666 2880 5712 et
2934 5657 3265 5727 integritatis
3311 5665 3521 5714 amator
3567 5652 3700 5728 491
3730 5646 3826 5702 νεοίη

717 5771 881 5844 490
897 5745 953 5822 ἐ.
978 5767 1086 5822 Fac
1112 5781 1221 5833 me,
1249 5761 1474 5818 Domine
1497 5758 1626 5814 Jesu
1638 5752 1882 5817 Christe,
1898 5764 1995 5821 per
2016 5751 2243 5820 gratiam
2345 5750 2559 5807 ccelesti
2585 5765 2711 5807 rore
2737 5749 3134 5807 benedictionis
3161 5761 3269 5807 tua:
3307 5753 3590 5821 exstingue
3615 5748 3660 5803 in
3683 5745 3828 5807 MP0“

647 5831 1256 5932 tua—inVSEmpet-illudde
1281 5863 1429 5912 tanto
1446 5850 1707 5925 mysterio
1721 5845 1951 5907 credere
1972 5853 2027 5902 et
2046 5842 2245 5900 intelli-
2347 5858 2470 5902 meo
2504 5852 2675 5902 totum
2703 5843 2947 5902 fomitem
2997 5845 3281 5903 ardentem
3334 5843 3587 5904 libidinis,
3627 5847 3674 5895 ut
3695 5831 3829 5891 mantat
