  <div class='ocr_page' id='page_1' title='image "/cluster/home/n/w/nwhite01/storage/ocr_20150623/17/hvd.32044015471329/382.png"; bbox 0 0 3944 6310; ppageno 0'>
   <div class='ocr_carea' id='block_1_1' title="bbox 96 271 190 329">
    <p class='ocr_par' dir='ltr' id='par_1_1' title="bbox 96 271 190 329">
     <span class='ocr_line' id='line_1_1' title="bbox 96 271 190 329; baseline 0 0"><span class='ocrx_word' id='word_1_1' title='bbox 96 271 190 329; x_wconf 77' lang='grc'><strong>753</strong></span> 
     </span>
    </p>
   </div>
   <div class='ocr_carea' id='block_1_2' title="bbox 882 262 2534 327">
    <p class='ocr_par' dir='ltr' id='par_1_2' title="bbox 882 262 2534 327">
     <span class='ocr_line' id='line_1_2' title="bbox 882 262 2534 327; baseline 0.001 -4"><span class='ocrx_word' id='word_1_2' title='bbox 882 263 1248 324; x_wconf 80' lang='lat' dir='ltr'><strong>SERMONES</strong></span> <span class='ocrx_word' id='word_1_3' title='bbox 1284 264 1345 322; x_wconf 91' lang='lat' dir='ltr'><strong>S.</strong></span> <span class='ocrx_word' id='word_1_4' title='bbox 1388 262 1736 323; x_wconf 77' lang='lat' dir='ltr'><strong>AMBROSIO</strong></span> <span class='ocrx_word' id='word_1_5' title='bbox 1775 264 2154 324; x_wconf 77' lang='lat' dir='ltr'><strong>HACTENUS</strong></span> <span class='ocrx_word' id='word_1_6' title='bbox 2192 267 2534 327; x_wconf 79' lang='lat' dir='ltr'><strong>ASCRIPTI.</strong></span> 
     </span>
    </p>
   </div>
   <div class='ocr_carea' id='block_1_3' title="bbox 3256 268 3360 329">
    <p class='ocr_par' dir='ltr' id='par_1_3' title="bbox 3256 268 3360 329">
     <span class='ocr_line' id='line_1_3' title="bbox 3256 268 3360 329; baseline 0 -1"><span class='ocrx_word' id='word_1_7' title='bbox 3256 268 3360 329; x_wconf 70' lang='grc'><strong>754</strong></span> 
     </span>
    </p>
   </div>
   <div class='ocr_carea' id='block_1_4' title="bbox 93 383 3358 460">
    <p class='ocr_par' dir='ltr' id='par_1_4' title="bbox 93 383 3358 460">
     <span class='ocr_line' id='line_1_4' title="bbox 93 383 3358 460; baseline 0.001 -15"><span class='ocrx_word' id='word_1_8' title='bbox 93 391 139 446; x_wconf 85' lang='lat' dir='ltr'><strong>in</strong></span> <span class='ocrx_word' id='word_1_9' title='bbox 178 402 258 443; x_wconf 91' lang='lat' dir='ltr'><strong>me</strong></span> <span class='ocrx_word' id='word_1_10' title='bbox 299 395 449 441; x_wconf 89' lang='lat' dir='ltr'><strong>tenor</strong></span> <span class='ocrx_word' id='word_1_11' title='bbox 505 384 670 441; x_wconf 91' lang='lat' dir='ltr'><strong>totius</strong></span> <span class='ocrx_word' id='word_1_12' title='bbox 719 383 986 440; x_wconf 90' lang='lat' dir='ltr'><strong>castitatis</strong></span> <span class='ocrx_word' id='word_1_13' title='bbox 1036 384 1233 440; x_wconf 68' lang='lat' dir='ltr'><strong>anima:</strong></span> <span class='ocrx_word' id='word_1_14' title='bbox 1278 392 1334 440; x_wconf 93' lang='lat' dir='ltr'><strong>et</strong></span> <span class='ocrx_word' id='word_1_15' title='bbox 1378 384 1648 454; x_wconf 88' lang='lat' dir='ltr'><strong>corporis.</strong></span> <span class='ocrx_word' id='word_1_16' title='bbox 1681 387 1729 446; x_wconf 79' lang='grc' dir='ltr'>Α</span> <span class='ocrx_word' id='word_1_17' title='bbox 1761 391 2001 450; x_wconf 89' lang='lat' dir='ltr'><strong>tetur,te</strong></span> <span class='ocrx_word' id='word_1_18' title='bbox 2028 397 2312 458; x_wconf 80' lang='lat' dir='ltr'><strong>sequatur,</strong></span> <span class='ocrx_word' id='word_1_19' title='bbox 2339 398 2459 445; x_wconf 92' lang='lat' dir='ltr'><strong>ette</strong></span> <span class='ocrx_word' id='word_1_20' title='bbox 2479 389 3080 460; x_wconf 89' lang='lat' dir='ltr'><strong>perfruatur.0ramus,</strong></span> <span class='ocrx_word' id='word_1_21' title='bbox 3104 391 3358 458; x_wconf 87' lang='lat' dir='ltr'><strong>Domine,</strong></span> 
     </span>
    </p>
   </div>
   <div class='ocr_carea' id='block_1_5' title="bbox 89 478 1658 546">
    <p class='ocr_par' dir='ltr' id='par_1_5' title="bbox 89 478 1658 546">
     <span class='ocr_line' id='line_1_5' title="bbox 89 478 1658 546; baseline -0.003 -7"><span class='ocrx_word' id='word_1_22' title='bbox 89 480 327 540; x_wconf 81' lang='lat' dir='ltr'><strong>Mortiﬁca</strong></span> <span class='ocrx_word' id='word_1_23' title='bbox 373 479 425 535; x_wconf 94' lang='lat' dir='ltr'><strong>in</strong></span> <span class='ocrx_word' id='word_1_24' title='bbox 475 494 562 536; x_wconf 91' lang='lat' dir='ltr'><strong>me</strong></span> <span class='ocrx_word' id='word_1_25' title='bbox 591 479 770 534; x_wconf 91' lang='lat' dir='ltr'><strong>carnis</strong></span> <span class='ocrx_word' id='word_1_26' title='bbox 803 478 1073 546; x_wconf 89' lang='lat' dir='ltr'><strong>stimulos,</strong></span> <span class='ocrx_word' id='word_1_27' title='bbox 1110 488 1164 535; x_wconf 88' lang='lat' dir='ltr'><strong>et</strong></span> <span class='ocrx_word' id='word_1_28' title='bbox 1191 494 1382 535; x_wconf 90' lang='lat' dir='ltr'><strong>omnes</strong></span> <span class='ocrx_word' id='word_1_29' title='bbox 1414 479 1658 535; x_wconf 83' lang='lat' dir='ltr'><strong>libidinis</strong></span> 
     </span>
    </p>
   </div>
   <div class='ocr_carea' id='block_1_6' title="bbox 91 573 1658 646">
    <p class='ocr_par' dir='ltr' id='par_1_6' title="bbox 91 573 1658 646">
     <span class='ocr_line' id='line_1_6' title="bbox 91 573 1658 646; baseline -0.001 -13"><span class='ocrx_word' id='word_1_30' title='bbox 91 575 477 639; x_wconf 89' lang='lat' dir='ltr'><strong>commotiones,</strong></span> <span class='ocrx_word' id='word_1_31' title='bbox 493 583 547 629; x_wconf 92' lang='lat' dir='ltr'><strong>et</strong></span> <span class='ocrx_word' id='word_1_32' title='bbox 567 573 631 628; x_wconf 90' lang='lat' dir='ltr'><strong>da</strong></span> <span class='ocrx_word' id='word_1_33' title='bbox 654 574 786 629; x_wconf 88' lang='lat' dir='ltr'><strong>mibi</strong></span> <span class='ocrx_word' id='word_1_34' title='bbox 816 589 998 630; x_wconf 89' lang='lat' dir='ltr'><strong>veram</strong></span> <span class='ocrx_word' id='word_1_35' title='bbox 1018 583 1071 630; x_wconf 90' lang='lat' dir='ltr'><strong>et</strong></span> <span class='ocrx_word' id='word_1_36' title='bbox 1095 583 1413 646; x_wconf 87' lang='lat' dir='ltr'><strong>perpetuam</strong></span> <span class='ocrx_word' id='word_1_37' title='bbox 1436 576 1658 632; x_wconf 90' lang='lat' dir='ltr'><strong>castita-</strong></span> 
     </span>
    </p>
   </div>
   <div class='ocr_carea' id='block_1_7' title="bbox 89 667 1654 741">
    <p class='ocr_par' dir='ltr' id='par_1_7' title="bbox 89 667 1654 741">
     <span class='ocr_line' id='line_1_7' title="bbox 89 667 1654 741; baseline -0.001 -12"><span class='ocrx_word' id='word_1_38' title='bbox 89 682 184 729; x_wconf 90' lang='lat' dir='ltr'><strong>tem</strong></span> <span class='ocrx_word' id='word_1_39' title='bbox 210 685 325 725; x_wconf 91' lang='lat' dir='ltr'><strong>cum</strong></span> <span class='ocrx_word' id='word_1_40' title='bbox 373 668 589 725; x_wconf 68' lang='lat' dir='ltr'><strong>caneris</strong></span> <span class='ocrx_word' id='word_1_41' title='bbox 620 667 778 725; x_wconf 90' lang='lat' dir='ltr'><strong>donis</strong></span> <span class='ocrx_word' id='word_1_42' title='bbox 818 669 946 735; x_wconf 91' lang='lat' dir='ltr'><strong>tuis,</strong></span> <span class='ocrx_word' id='word_1_43' title='bbox 1000 686 1121 741; x_wconf 78' lang='lat' dir='ltr'><strong>qua:</strong></span> <span class='ocrx_word' id='word_1_44' title='bbox 1152 670 1250 726; x_wconf 87' lang='lat' dir='ltr'><strong>tibi</strong></span> <span class='ocrx_word' id='word_1_45' title='bbox 1300 670 1551 739; x_wconf 88' lang='lat' dir='ltr'><strong>placeant</strong></span> <span class='ocrx_word' id='word_1_46' title='bbox 1604 672 1654 727; x_wconf 94' lang='lat' dir='ltr'><strong>in</strong></span> 
     </span>
    </p>
   </div>
   <div class='ocr_carea' id='block_1_8' title="bbox 86 760 1658 835">
    <p class='ocr_par' dir='ltr' id='par_1_8' title="bbox 86 760 1658 835">
     <span class='ocr_line' id='line_1_8' title="bbox 86 760 1658 835; baseline -0.001 -15"><span class='ocrx_word' id='word_1_47' title='bbox 86 763 321 827; x_wconf 84' lang='lat' dir='ltr'><strong>veritate;</strong></span> <span class='ocrx_word' id='word_1_48' title='bbox 341 769 397 817; x_wconf 94' lang='lat' dir='ltr'><strong>ut</strong></span> <span class='ocrx_word' id='word_1_49' title='bbox 420 760 741 817; x_wconf 90' lang='lat' dir='ltr'><strong>sacriﬁcium</strong></span> <span class='ocrx_word' id='word_1_50' title='bbox 759 762 936 818; x_wconf 81' lang='lat' dir='ltr'><strong>laudis</strong></span> <span class='ocrx_word' id='word_1_51' title='bbox 960 773 1112 818; x_wconf 89' lang='lat' dir='ltr'><strong>casto</strong></span> <span class='ocrx_word' id='word_1_52' title='bbox 1127 778 1358 835; x_wconf 88' lang='lat' dir='ltr'><strong>corpore</strong></span> <span class='ocrx_word' id='word_1_53' title='bbox 1379 771 1434 819; x_wconf 88' lang='lat' dir='ltr'><strong>et</strong></span> <span class='ocrx_word' id='word_1_54' title='bbox 1455 763 1658 820; x_wconf 91' lang='lat' dir='ltr'><strong>mundo</strong></span> 
     </span>
    </p>
   </div>
   <div class='ocr_carea' id='block_1_9' title="bbox 85 852 830 912">
    <p class='ocr_par' dir='ltr' id='par_1_9' title="bbox 85 852 830 912">
     <span class='ocr_line' id='line_1_9' title="bbox 85 852 830 912; baseline -0.007 -1"><span class='ocrx_word' id='word_1_55' title='bbox 85 854 232 912; x_wconf 90' lang='lat' dir='ltr'><strong>corde</strong></span> <span class='ocrx_word' id='word_1_56' title='bbox 257 853 460 909; x_wconf 88' lang='lat' dir='ltr'><strong>valeam</strong></span> <span class='ocrx_word' id='word_1_57' title='bbox 487 853 579 908; x_wconf 87' lang='lat' dir='ltr'><strong>libi</strong></span> <span class='ocrx_word' id='word_1_58' title='bbox 609 852 830 909; x_wconf 77' lang='lat' dir='ltr'><strong>oﬁ‘erre.</strong></span> 
     </span>
    </p>
   </div>
   <div class='ocr_carea' id='block_1_10' title="bbox 143 948 1656 1018">
    <p class='ocr_par' dir='ltr' id='par_1_10' title="bbox 143 948 1656 1018">
     <span class='ocr_line' id='line_1_10' title="bbox 143 948 1656 1018; baseline 0.003 -13"><span class='ocrx_word' id='word_1_59' title='bbox 143 950 193 1006; x_wconf 77' lang='grc'><strong>4.</strong></span> <span class='ocrx_word' id='word_1_60' title='bbox 230 948 433 1018; x_wconf 86' lang='lat' dir='ltr'><strong>Quanta</strong></span> <span class='ocrx_word' id='word_1_61' title='bbox 489 948 660 1015; x_wconf 91' lang='lat' dir='ltr'><strong>enim,</strong></span> <span class='ocrx_word' id='word_1_62' title='bbox 724 949 952 1006; x_wconf 89' lang='lat' dir='ltr'><strong>Domine</strong></span> <span class='ocrx_word' id='word_1_63' title='bbox 1004 951 1135 1008; x_wconf 83' lang='lat' dir='ltr'><strong>Jesu</strong></span> <span class='ocrx_word' id='word_1_64' title='bbox 1183 950 1424 1016; x_wconf 88' lang='lat' dir='ltr'><strong>Christe,</strong></span> <span class='ocrx_word' id='word_1_65' title='bbox 1471 951 1656 1009; x_wconf 88' lang='lat' dir='ltr'><strong>cordis</strong></span> 
     </span>
    </p>
   </div>
   <div class='ocr_carea' id='block_1_11' title="bbox 81 1045 1654 1120">
    <p class='ocr_par' dir='ltr' id='par_1_11' title="bbox 81 1045 1654 1120">
     <span class='ocr_line' id='line_1_11' title="bbox 81 1045 1654 1120; baseline 0.001 -16"><span class='ocrx_word' id='word_1_66' title='bbox 81 1045 406 1111; x_wconf 84' lang='lat' dir='ltr'><strong>contritione,</strong></span> <span class='ocrx_word' id='word_1_67' title='bbox 437 1053 495 1102; x_wconf 89' lang='lat' dir='ltr'><strong>et</strong></span> <span class='ocrx_word' id='word_1_68' title='bbox 522 1046 880 1120; x_wconf 88' lang='lat' dir='ltr'><strong>lacrymarum</strong></span> <span class='ocrx_word' id='word_1_69' title='bbox 911 1046 1082 1114; x_wconf 87' lang='lat' dir='ltr'><strong>fonte,</strong></span> <span class='ocrx_word' id='word_1_70' title='bbox 1124 1060 1325 1120; x_wconf 84' lang='lat' dir='ltr'><strong>quanta</strong></span> <span class='ocrx_word' id='word_1_71' title='bbox 1353 1051 1654 1106; x_wconf 88' lang='lat' dir='ltr'><strong>reverentia</strong></span> 
     </span>
    </p>
   </div>
   <div class='ocr_carea' id='block_1_12' title="bbox 82 1140 1656 1212">
    <p class='ocr_par' dir='ltr' id='par_1_12' title="bbox 82 1140 1656 1212">
     <span class='ocr_line' id='line_1_12' title="bbox 82 1140 1656 1212; baseline 0 -16"><span class='ocrx_word' id='word_1_72' title='bbox 82 1148 129 1196; x_wconf 91' lang='lat' dir='ltr'><strong>et</strong></span> <span class='ocrx_word' id='word_1_73' title='bbox 154 1149 397 1204; x_wconf 87' lang='lat' dir='ltr'><strong>tremore,</strong></span> <span class='ocrx_word' id='word_1_74' title='bbox 425 1147 626 1207; x_wconf 91' lang='lat' dir='ltr'><strong>quanta</strong></span> <span class='ocrx_word' id='word_1_75' title='bbox 656 1140 905 1212; x_wconf 81' lang='lat' dir='ltr'><strong>corporis</strong></span> <span class='ocrx_word' id='word_1_76' title='bbox 929 1141 1200 1207; x_wconf 90' lang='lat' dir='ltr'><strong>castitate,</strong></span> <span class='ocrx_word' id='word_1_77' title='bbox 1232 1152 1284 1196; x_wconf 89' lang='lat' dir='ltr'><strong>et</strong></span> <span class='ocrx_word' id='word_1_78' title='bbox 1313 1142 1478 1197; x_wconf 92' lang='lat' dir='ltr'><strong>animi</strong></span> <span class='ocrx_word' id='word_1_79' title='bbox 1510 1141 1656 1212; x_wconf 89' lang='lat' dir='ltr'><strong>puri-</strong></span> 
     </span>
    </p>
   </div>
   <div class='ocr_carea' id='block_1_13' title="bbox 83 1230 1652 1290">
    <p class='ocr_par' dir='ltr' id='par_1_13' title="bbox 83 1230 1652 1290">
     <span class='ocr_line' id='line_1_13' title="bbox 83 1230 1652 1290; baseline 0.003 -4"><span class='ocrx_word' id='word_1_80' title='bbox 83 1231 336 1286; x_wconf 57' lang='lat' dir='ltr'><strong>tatcistud</strong></span> <span class='ocrx_word' id='word_1_81' title='bbox 385 1230 632 1287; x_wconf 90' lang='lat' dir='ltr'><strong>divinum</strong></span> <span class='ocrx_word' id='word_1_82' title='bbox 677 1239 734 1288; x_wconf 90' lang='lat' dir='ltr'><strong>et</strong></span> <span class='ocrx_word' id='word_1_83' title='bbox 782 1233 1007 1289; x_wconf 66' lang='lat' dir='ltr'><strong>coeleme</strong></span> <span class='ocrx_word' id='word_1_84' title='bbox 1037 1233 1368 1290; x_wconf 88' lang='lat' dir='ltr'><strong>sacriﬁcimn</strong></span> <span class='ocrx_word' id='word_1_85' title='bbox 1400 1245 1477 1290; x_wconf 88' lang='lat' dir='ltr'><strong>est</strong></span> <span class='ocrx_word' id='word_1_86' title='bbox 1507 1235 1652 1290; x_wconf 90' lang='lat' dir='ltr'><strong>cele-</strong></span> 
     </span>
    </p>
   </div>
   <div class='ocr_carea' id='block_1_14' title="bbox 80 1321 1657 1390">
    <p class='ocr_par' dir='ltr' id='par_1_14' title="bbox 80 1321 1657 1390">
     <span class='ocr_line' id='line_1_14' title="bbox 80 1321 1657 1390; baseline 0.002 -11"><span class='ocrx_word' id='word_1_87' title='bbox 80 1321 360 1388; x_wconf 83' lang='lat' dir='ltr'><strong>brandum;</strong></span> <span class='ocrx_word' id='word_1_88' title='bbox 405 1322 494 1380; x_wconf 82' lang='lat' dir='ltr'><strong>tibi</strong></span> <span class='ocrx_word' id='word_1_89' title='bbox 545 1338 677 1379; x_wconf 85' lang='lat' dir='ltr'><strong>caro</strong></span> <span class='ocrx_word' id='word_1_90' title='bbox 729 1332 819 1379; x_wconf 89' lang='lat' dir='ltr'><strong>tua</strong></span> <span class='ocrx_word' id='word_1_91' title='bbox 877 1325 928 1378; x_wconf 94' lang='lat' dir='ltr'><strong>in</strong></span> <span class='ocrx_word' id='word_1_92' title='bbox 974 1327 1204 1381; x_wconf 86' lang='lat' dir='ltr'><strong>veritate</strong></span> <span class='ocrx_word' id='word_1_93' title='bbox 1257 1326 1512 1390; x_wconf 88' lang='lat' dir='ltr'><strong>sumitur,</strong></span> <span class='ocrx_word' id='word_1_94' title='bbox 1565 1327 1657 1382; x_wconf 90' lang='lat' dir='ltr'><strong>ubi</strong></span> 
     </span>
    </p>
   </div>
   <div class='ocr_carea' id='block_1_15' title="bbox 77 1418 1656 1490">
    <p class='ocr_par' dir='ltr' id='par_1_15' title="bbox 77 1418 1656 1490">
     <span class='ocr_line' id='line_1_15' title="bbox 77 1418 1656 1490; baseline 0.001 -15"><span class='ocrx_word' id='word_1_95' title='bbox 77 1418 272 1490; x_wconf 78' lang='lat' dir='ltr'><strong>sanguis</strong></span> <span class='ocrx_word' id='word_1_96' title='bbox 319 1427 445 1474; x_wconf 90' lang='lat' dir='ltr'><strong>tuus</strong></span> <span class='ocrx_word' id='word_1_97' title='bbox 492 1419 547 1474; x_wconf 92' lang='lat' dir='ltr'><strong>in</strong></span> <span class='ocrx_word' id='word_1_98' title='bbox 594 1419 825 1475; x_wconf 76' lang='lat' dir='ltr'><strong>veritate</strong></span> <span class='ocrx_word' id='word_1_99' title='bbox 871 1419 1098 1486; x_wconf 89' lang='lat' dir='ltr'><strong>bibitur,</strong></span> <span class='ocrx_word' id='word_1_100' title='bbox 1127 1421 1214 1474; x_wconf 89' lang='lat' dir='ltr'><strong>ubi</strong></span> <span class='ocrx_word' id='word_1_101' title='bbox 1269 1436 1481 1476; x_wconf 87' lang='lat' dir='ltr'><strong>summa</strong></span> <span class='ocrx_word' id='word_1_102' title='bbox 1529 1420 1656 1476; x_wconf 85' lang='lat' dir='ltr'><strong>imis</strong></span> 
     </span>
    </p>
   </div>
   <div class='ocr_carea' id='block_1_16' title="bbox 75 1492 1657 1584">
    <p class='ocr_par' dir='ltr' id='par_1_16' title="bbox 75 1492 1657 1584">
     <span class='ocr_line' id='line_1_16' title="bbox 75 1492 1657 1584; baseline 0.003 -18"><span class='ocrx_word' id='word_1_103' title='bbox 75 1513 380 1583; x_wconf 74' lang='lat' dir='ltr'><strong>junguntur,</strong></span> <span class='ocrx_word' id='word_1_104' title='bbox 437 1492 542 1569; x_wconf 41' lang='lat' dir='ltr'><strong>ubi.</strong></span> <span class='ocrx_word' id='word_1_105' title='bbox 579 1513 738 1569; x_wconf 84' lang='lat' dir='ltr'><strong>adest</strong></span> <span class='ocrx_word' id='word_1_106' title='bbox 791 1516 1076 1584; x_wconf 71' lang='lat' dir='ltr'><strong>prmsenlia</strong></span> <span class='ocrx_word' id='word_1_107' title='bbox 1129 1523 1444 1571; x_wconf 91' lang='lat' dir='ltr'><strong>sanctorum</strong></span> <span class='ocrx_word' id='word_1_108' title='bbox 1492 1530 1657 1584; x_wconf 81' lang='lat' dir='ltr'><strong>ange-</strong></span> 
     </span>
    </p>
   </div>
   <div class='ocr_carea' id='block_1_17' title="bbox 79 1602 1656 1669">
    <p class='ocr_par' dir='ltr' id='par_1_17' title="bbox 79 1602 1656 1669">
     <span class='ocr_line' id='line_1_17' title="bbox 79 1602 1656 1669; baseline 0.003 -10"><span class='ocrx_word' id='word_1_109' title='bbox 79 1604 254 1669; x_wconf 84' lang='lat' dir='ltr'><strong>lorum,</strong></span> <span class='ocrx_word' id='word_1_110' title='bbox 289 1602 373 1657; x_wconf 90' lang='lat' dir='ltr'><strong>ubi</strong></span> <span class='ocrx_word' id='word_1_111' title='bbox 408 1612 463 1658; x_wconf 93' lang='lat' dir='ltr'><strong>tu</strong></span> <span class='ocrx_word' id='word_1_112' title='bbox 489 1617 554 1658; x_wconf 89' lang='lat' dir='ltr'><strong>es</strong></span> <span class='ocrx_word' id='word_1_113' title='bbox 582 1604 843 1661; x_wconf 89' lang='lat' dir='ltr'><strong>sacerdos</strong></span> <span class='ocrx_word' id='word_1_114' title='bbox 871 1613 926 1661; x_wconf 90' lang='lat' dir='ltr'><strong>et</strong></span> <span class='ocrx_word' id='word_1_115' title='bbox 955 1606 1282 1661; x_wconf 89' lang='lat' dir='ltr'><strong>sacriﬁcium</strong></span> <span class='ocrx_word' id='word_1_116' title='bbox 1330 1605 1656 1663; x_wconf 86' lang='lat' dir='ltr'><strong>mirabiliter</strong></span> 
     </span>
    </p>
   </div>
   <div class='ocr_carea' id='block_1_18' title="bbox 77 1695 1652 1771">
    <p class='ocr_par' dir='ltr' id='par_1_18' title="bbox 77 1695 1652 1771">
     <span class='ocr_line' id='line_1_18' title="bbox 77 1695 1652 1771; baseline 0.003 -18"><span class='ocrx_word' id='word_1_117' title='bbox 77 1707 124 1754; x_wconf 88' lang='lat' dir='ltr'><strong>et</strong></span> <span class='ocrx_word' id='word_1_118' title='bbox 150 1695 481 1752; x_wconf 85' lang='lat' dir='ltr'><strong>ineﬁ‘abiliter</strong></span> <span class='ocrx_word' id='word_1_119' title='bbox 507 1698 872 1754; x_wconf 83' lang='lat' dir='ltr'><strong>constitutus!</strong></span> <span class='ocrx_word' id='word_1_120' title='bbox 891 1699 1024 1765; x_wconf 85' lang='lat' dir='ltr'><strong>Quis</strong></span> <span class='ocrx_word' id='word_1_121' title='bbox 1045 1699 1208 1771; x_wconf 84' lang='lat' dir='ltr'><strong>digne</strong></span> <span class='ocrx_word' id='word_1_122' title='bbox 1237 1699 1340 1756; x_wconf 89' lang='lat' dir='ltr'><strong>hoc</strong></span> <span class='ocrx_word' id='word_1_123' title='bbox 1361 1701 1652 1757; x_wconf 91' lang='lat' dir='ltr'><strong>celebrare</strong></span> 
     </span>
    </p>
   </div>
   <div class='ocr_carea' id='block_1_19' title="bbox 79 1790 1654 1864">
    <p class='ocr_par' dir='ltr' id='par_1_19' title="bbox 79 1790 1654 1864">
     <span class='ocr_line' id='line_1_19' title="bbox 79 1790 1654 1864; baseline 0.004 -21"><span class='ocrx_word' id='word_1_124' title='bbox 79 1790 393 1864; x_wconf 79' lang='lat' dir='ltr'><strong>poterit,nisi</strong></span> <span class='ocrx_word' id='word_1_125' title='bbox 420 1798 499 1857; x_wconf 89' lang='lat' dir='ltr'><strong>tu,</strong></span> <span class='ocrx_word' id='word_1_126' title='bbox 526 1791 673 1847; x_wconf 85' lang='lat' dir='ltr'><strong>Deus</strong></span> <span class='ocrx_word' id='word_1_127' title='bbox 705 1792 1072 1862; x_wconf 89' lang='lat' dir='ltr'><strong>omnipotens,</strong></span> <span class='ocrx_word' id='word_1_128' title='bbox 1111 1793 1429 1850; x_wconf 76' lang='lat' dir='ltr'><strong>offerentem</strong></span> <span class='ocrx_word' id='word_1_129' title='bbox 1455 1794 1654 1850; x_wconf 89' lang='lat' dir='ltr'><strong>feceris</strong></span> 
     </span>
    </p>
   </div>
   <div class='ocr_carea' id='block_1_20' title="bbox 78 1883 1652 1958">
    <p class='ocr_par' dir='ltr' id='par_1_20' title="bbox 78 1883 1652 1958">
     <span class='ocr_line' id='line_1_20' title="bbox 78 1883 1652 1958; baseline 0.005 -22"><span class='ocrx_word' id='word_1_130' title='bbox 78 1883 319 1952; x_wconf 77' lang='lat' dir='ltr'><strong>dignum?</strong></span> <span class='ocrx_word' id='word_1_131' title='bbox 369 1883 518 1950; x_wconf 88' lang='lat' dir='ltr'><strong>Scio,</strong></span> <span class='ocrx_word' id='word_1_132' title='bbox 566 1894 623 1940; x_wconf 90' lang='lat' dir='ltr'><strong>et</strong></span> <span class='ocrx_word' id='word_1_133' title='bbox 672 1900 800 1941; x_wconf 86' lang='lat' dir='ltr'><strong>vere</strong></span> <span class='ocrx_word' id='word_1_134' title='bbox 849 1886 985 1954; x_wconf 90' lang='lat' dir='ltr'><strong>scio,</strong></span> <span class='ocrx_word' id='word_1_135' title='bbox 1019 1897 1073 1942; x_wconf 91' lang='lat' dir='ltr'><strong>et</strong></span> <span class='ocrx_word' id='word_1_136' title='bbox 1113 1888 1287 1956; x_wconf 91' lang='lat' dir='ltr'><strong>ipsum</strong></span> <span class='ocrx_word' id='word_1_137' title='bbox 1321 1888 1508 1958; x_wconf 87' lang='lat' dir='ltr'><strong>pietati</strong></span> <span class='ocrx_word' id='word_1_138' title='bbox 1545 1899 1652 1944; x_wconf 65' lang='lat' dir='ltr'><strong>tuae</strong></span> 
     </span>
    </p>
   </div>
   <div class='ocr_carea' id='block_1_21' title="bbox 78 1974 1655 2052">
    <p class='ocr_par' dir='ltr' id='par_1_21' title="bbox 78 1974 1655 2052">
     <span class='ocr_line' id='line_1_21' title="bbox 78 1974 1655 2052; baseline 0.003 -22"><span class='ocrx_word' id='word_1_139' title='bbox 78 1974 333 2042; x_wconf 73' lang='lat' dir='ltr'><strong>conﬁteor,</strong></span> <span class='ocrx_word' id='word_1_140' title='bbox 361 1975 488 2046; x_wconf 85' lang='lat' dir='ltr'><strong>quia</strong></span> <span class='ocrx_word' id='word_1_141' title='bbox 519 1992 629 2032; x_wconf 93' lang='lat' dir='ltr'><strong>non</strong></span> <span class='ocrx_word' id='word_1_142' title='bbox 658 1993 778 2034; x_wconf 90' lang='lat' dir='ltr'><strong>sum</strong></span> <span class='ocrx_word' id='word_1_143' title='bbox 807 1979 1005 2050; x_wconf 85' lang='lat' dir='ltr'><strong>dignus</strong></span> <span class='ocrx_word' id='word_1_144' title='bbox 1034 1979 1297 2035; x_wconf 83' lang='lat' dir='ltr'><strong>accedere</strong></span> <span class='ocrx_word' id='word_1_145' title='bbox 1333 1980 1398 2035; x_wconf 92' lang='lat' dir='ltr'><strong>ad</strong></span> <span class='ocrx_word' id='word_1_146' title='bbox 1451 1989 1655 2052; x_wconf 83' lang='lat' dir='ltr'><strong>myste-</strong></span> 
     </span>
    </p>
   </div>
   <div class='ocr_carea' id='block_1_22' title="bbox 79 2068 1654 2144">
    <p class='ocr_par' dir='ltr' id='par_1_22' title="bbox 79 2068 1654 2144">
     <span class='ocr_line' id='line_1_22' title="bbox 79 2068 1654 2144; baseline 0.005 -22"><span class='ocrx_word' id='word_1_147' title='bbox 79 2068 198 2123; x_wconf 85' lang='lat' dir='ltr'><strong>rium</strong></span> <span class='ocrx_word' id='word_1_148' title='bbox 226 2077 424 2124; x_wconf 89' lang='lat' dir='ltr'><strong>taatum</strong></span> <span class='ocrx_word' id='word_1_149' title='bbox 457 2080 686 2142; x_wconf 81' lang='lat' dir='ltr'><strong>prapter</strong></span> <span class='ocrx_word' id='word_1_150' title='bbox 715 2071 880 2127; x_wconf 93' lang='lat' dir='ltr'><strong>nimia</strong></span> <span class='ocrx_word' id='word_1_151' title='bbox 912 2083 1132 2144; x_wconf 90' lang='lat' dir='ltr'><strong>peccata</strong></span> <span class='ocrx_word' id='word_1_152' title='bbox 1163 2089 1305 2139; x_wconf 87' lang='lat' dir='ltr'><strong>mea,</strong></span> <span class='ocrx_word' id='word_1_153' title='bbox 1334 2083 1388 2130; x_wconf 90' lang='lat' dir='ltr'><strong>et</strong></span> <span class='ocrx_word' id='word_1_154' title='bbox 1417 2074 1654 2130; x_wconf 85' lang='lat' dir='ltr'><strong>inﬁnitas</strong></span> 
     </span>
    </p>
   </div>
   <div class='ocr_carea' id='block_1_23' title="bbox 80 2162 1655 2235">
    <p class='ocr_par' dir='ltr' id='par_1_23' title="bbox 80 2162 1655 2235">
     <span class='ocr_line' id='line_1_23' title="bbox 80 2162 1655 2235; baseline 0.006 -17"><span class='ocrx_word' id='word_1_155' title='bbox 80 2162 412 2235; x_wconf 82' lang='lat' dir='ltr'><strong>negligentias</strong></span> <span class='ocrx_word' id='word_1_156' title='bbox 444 2180 616 2222; x_wconf 89' lang='lat' dir='ltr'><strong>meas.</strong></span> <span class='ocrx_word' id='word_1_157' title='bbox 653 2165 760 2222; x_wconf 89' lang='lat' dir='ltr'><strong>Sed</strong></span> <span class='ocrx_word' id='word_1_158' title='bbox 803 2167 919 2223; x_wconf 88' lang='lat' dir='ltr'><strong>scio</strong></span> <span class='ocrx_word' id='word_1_159' title='bbox 948 2170 1236 2235; x_wconf 79' lang='lat' dir='ltr'><strong>veraciter,</strong></span> <span class='ocrx_word' id='word_1_160' title='bbox 1295 2179 1351 2226; x_wconf 94' lang='lat' dir='ltr'><strong>et</strong></span> <span class='ocrx_word' id='word_1_161' title='bbox 1390 2170 1556 2227; x_wconf 90' lang='lat' dir='ltr'><strong>credo</strong></span> <span class='ocrx_word' id='word_1_162' title='bbox 1587 2187 1655 2227; x_wconf 84' lang='lat' dir='ltr'><strong>ex</strong></span> 
     </span>
    </p>
   </div>
   <div class='ocr_carea' id='block_1_24' title="bbox 80 2259 1654 2335">
    <p class='ocr_par' dir='ltr' id='par_1_24' title="bbox 80 2259 1654 2335">
     <span class='ocr_line' id='line_1_24' title="bbox 80 2259 1654 2335; baseline 0.004 -20"><span class='ocrx_word' id='word_1_163' title='bbox 80 2269 177 2315; x_wconf 87' lang='lat' dir='ltr'><strong>toto</strong></span> <span class='ocrx_word' id='word_1_164' title='bbox 204 2259 359 2317; x_wconf 90' lang='lat' dir='ltr'><strong>corde</strong></span> <span class='ocrx_word' id='word_1_165' title='bbox 406 2270 461 2316; x_wconf 90' lang='lat' dir='ltr'><strong>et</strong></span> <span class='ocrx_word' id='word_1_166' title='bbox 489 2275 585 2317; x_wconf 89' lang='lat' dir='ltr'><strong>ore</strong></span> <span class='ocrx_word' id='word_1_167' title='bbox 616 2262 911 2332; x_wconf 85' lang='lat' dir='ltr'><strong>conﬁteor,</strong></span> <span class='ocrx_word' id='word_1_168' title='bbox 960 2264 1084 2334; x_wconf 84' lang='lat' dir='ltr'><strong>quia</strong></span> <span class='ocrx_word' id='word_1_169' title='bbox 1133 2273 1288 2335; x_wconf 80' lang='lat' dir='ltr'><strong>potes</strong></span> <span class='ocrx_word' id='word_1_170' title='bbox 1336 2281 1423 2320; x_wconf 91' lang='lat' dir='ltr'><strong>me</strong></span> <span class='ocrx_word' id='word_1_171' title='bbox 1473 2265 1654 2322; x_wconf 88' lang='lat' dir='ltr'><strong>facere</strong></span> 
     </span>
    </p>
   </div>
   <div class='ocr_carea' id='block_1_25' title="bbox 82 2351 1654 2427">
    <p class='ocr_par' dir='ltr' id='par_1_25' title="bbox 82 2351 1654 2427">
     <span class='ocr_line' id='line_1_25' title="bbox 82 2351 1654 2427; baseline 0.005 -21"><span class='ocrx_word' id='word_1_172' title='bbox 82 2351 317 2422; x_wconf 88' lang='lat' dir='ltr'><strong>dignum:</strong></span> <span class='ocrx_word' id='word_1_173' title='bbox 370 2353 459 2423; x_wconf 85' lang='lat' dir='ltr'><strong>qui</strong></span> <span class='ocrx_word' id='word_1_174' title='bbox 514 2355 671 2410; x_wconf 90' lang='lat' dir='ltr'><strong>solus</strong></span> <span class='ocrx_word' id='word_1_175' title='bbox 700 2367 857 2427; x_wconf 90' lang='lat' dir='ltr'><strong>potes</strong></span> <span class='ocrx_word' id='word_1_176' title='bbox 890 2356 1152 2412; x_wconf 91' lang='lat' dir='ltr'><strong>mundum</strong></span> <span class='ocrx_word' id='word_1_177' title='bbox 1203 2356 1385 2413; x_wconf 88' lang='lat' dir='ltr'><strong>facere</strong></span> <span class='ocrx_word' id='word_1_178' title='bbox 1440 2357 1508 2413; x_wconf 92' lang='lat' dir='ltr'><strong>de</strong></span> <span class='ocrx_word' id='word_1_179' title='bbox 1555 2359 1654 2414; x_wconf 87' lang='lat' dir='ltr'><strong>im-</strong></span> 
     </span>
    </p>
   </div>
   <div class='ocr_carea' id='block_1_26' title="bbox 80 2443 1654 2520">
    <p class='ocr_par' dir='ltr' id='par_1_26' title="bbox 80 2443 1654 2520">
     <span class='ocr_line' id='line_1_26' title="bbox 80 2443 1654 2520; baseline 0.004 -19"><span class='ocrx_word' id='word_1_180' title='bbox 80 2443 258 2501; x_wconf 89' lang='lat' dir='ltr'><strong>mundo</strong></span> <span class='ocrx_word' id='word_1_181' title='bbox 283 2456 601 2518; x_wconf 90' lang='lat' dir='ltr'><strong>conceptum</strong></span> <span class='ocrx_word' id='word_1_182' title='bbox 644 2448 877 2516; x_wconf 85' lang='lat' dir='ltr'><strong>semine,</strong></span> <span class='ocrx_word' id='word_1_183' title='bbox 928 2448 996 2505; x_wconf 91' lang='lat' dir='ltr'><strong>de</strong></span> <span class='ocrx_word' id='word_1_184' title='bbox 1039 2450 1420 2520; x_wconf 84' lang='lat' dir='ltr'><strong>peccatoribus</strong></span> <span class='ocrx_word' id='word_1_185' title='bbox 1473 2451 1654 2508; x_wconf 85' lang='lat' dir='ltr'><strong>facere</strong></span> 
     </span>
    </p>
   </div>
   <div class='ocr_carea' id='block_1_27' title="bbox 75 2539 1653 2616">
    <p class='ocr_par' dir='ltr' id='par_1_27' title="bbox 75 2539 1653 2616">
     <span class='ocr_line' id='line_1_27' title="bbox 75 2539 1653 2616; baseline 0.005 -21"><span class='ocrx_word' id='word_1_186' title='bbox 75 2539 227 2611; x_wconf 80' lang='lat' dir='ltr'><strong>justas</strong></span> <span class='ocrx_word' id='word_1_187' title='bbox 249 2551 298 2598; x_wconf 88' lang='lat' dir='ltr'><strong>et</strong></span> <span class='ocrx_word' id='word_1_188' title='bbox 318 2552 551 2599; x_wconf 88' lang='lat' dir='ltr'><strong>sanctos.</strong></span> <span class='ocrx_word' id='word_1_189' title='bbox 603 2542 714 2599; x_wconf 89' lang='lat' dir='ltr'><strong>Per</strong></span> <span class='ocrx_word' id='word_1_190' title='bbox 762 2543 904 2599; x_wconf 87' lang='lat' dir='ltr'><strong>hanc</strong></span> <span class='ocrx_word' id='word_1_191' title='bbox 930 2545 1379 2616; x_wconf 89' lang='lat' dir='ltr'><strong>omnipotentiam</strong></span> <span class='ocrx_word' id='word_1_192' title='bbox 1410 2555 1553 2601; x_wconf 90' lang='lat' dir='ltr'><strong>tuam</strong></span> <span class='ocrx_word' id='word_1_193' title='bbox 1602 2555 1653 2603; x_wconf 90' lang='lat' dir='ltr'><strong>te</strong></span> 
     </span>
    </p>
   </div>
   <div class='ocr_carea' id='block_1_28' title="bbox 79 2635 1650 2708">
    <p class='ocr_par' dir='ltr' id='par_1_28' title="bbox 79 2635 1650 2708">
     <span class='ocr_line' id='line_1_28' title="bbox 79 2635 1650 2708; baseline 0.004 -20"><span class='ocrx_word' id='word_1_194' title='bbox 79 2648 210 2706; x_wconf 83' lang='lat' dir='ltr'><strong>rogo,</strong></span> <span class='ocrx_word' id='word_1_195' title='bbox 239 2643 295 2690; x_wconf 90' lang='lat' dir='ltr'><strong>ut</strong></span> <span class='ocrx_word' id='word_1_196' title='bbox 314 2635 578 2692; x_wconf 87' lang='lat' dir='ltr'><strong>concedas</strong></span> <span class='ocrx_word' id='word_1_197' title='bbox 591 2637 730 2692; x_wconf 85' lang='lat' dir='ltr'><strong>milii</strong></span> <span class='ocrx_word' id='word_1_198' title='bbox 757 2639 1038 2708; x_wconf 90' lang='lat' dir='ltr'><strong>peccatori</strong></span> <span class='ocrx_word' id='word_1_199' title='bbox 1068 2637 1171 2694; x_wconf 87' lang='lat' dir='ltr'><strong>hoc</strong></span> <span class='ocrx_word' id='word_1_200' title='bbox 1188 2640 1414 2694; x_wconf 67' lang='lat' dir='ltr'><strong>caeleste</strong></span> <span class='ocrx_word' id='word_1_201' title='bbox 1439 2639 1650 2694; x_wconf 88' lang='lat' dir='ltr'><strong>sacriﬁ-</strong></span> 
     </span>
    </p>
   </div>
   <div class='ocr_carea' id='block_1_29' title="bbox 77 2726 1654 2794">
    <p class='ocr_par' dir='ltr' id='par_1_29' title="bbox 77 2726 1654 2794">
     <span class='ocr_line' id='line_1_29' title="bbox 77 2726 1654 2794; baseline 0.004 -12"><span class='ocrx_word' id='word_1_202' title='bbox 77 2726 199 2783; x_wconf 88' lang='lat' dir='ltr'><strong>cium</strong></span> <span class='ocrx_word' id='word_1_203' title='bbox 227 2727 500 2785; x_wconf 88' lang='lat' dir='ltr'><strong>cclehrare</strong></span> <span class='ocrx_word' id='word_1_204' title='bbox 530 2743 661 2785; x_wconf 90' lang='lat' dir='ltr'><strong>cum</strong></span> <span class='ocrx_word' id='word_1_205' title='bbox 697 2730 893 2786; x_wconf 90' lang='lat' dir='ltr'><strong>timore</strong></span> <span class='ocrx_word' id='word_1_206' title='bbox 922 2738 977 2786; x_wconf 91' lang='lat' dir='ltr'><strong>et</strong></span> <span class='ocrx_word' id='word_1_207' title='bbox 1021 2740 1280 2794; x_wconf 84' lang='lat' dir='ltr'><strong>tremore.</strong></span> <span class='ocrx_word' id='word_1_208' title='bbox 1316 2747 1438 2787; x_wconf 92' lang='lat' dir='ltr'><strong>cum</strong></span> <span class='ocrx_word' id='word_1_209' title='bbox 1468 2731 1654 2788; x_wconf 88' lang='lat' dir='ltr'><strong>cordis</strong></span> 
     </span>
    </p>
   </div>
   <div class='ocr_carea' id='block_1_30' title="bbox 78 2821 1651 2896">
    <p class='ocr_par' dir='ltr' id='par_1_30' title="bbox 78 2821 1651 2896">
     <span class='ocr_line' id='line_1_30' title="bbox 78 2821 1651 2896; baseline 0.006 -23"><span class='ocrx_word' id='word_1_210' title='bbox 78 2821 307 2891; x_wconf 84' lang='lat' dir='ltr'><strong>puritate,</strong></span> <span class='ocrx_word' id='word_1_211' title='bbox 335 2829 389 2878; x_wconf 91' lang='lat' dir='ltr'><strong>et</strong></span> <span class='ocrx_word' id='word_1_212' title='bbox 417 2822 788 2896; x_wconf 89' lang='lat' dir='ltr'><strong>lacrymarum</strong></span> <span class='ocrx_word' id='word_1_213' title='bbox 817 2823 988 2891; x_wconf 81' lang='lat' dir='ltr'><strong>fonte,</strong></span> <span class='ocrx_word' id='word_1_214' title='bbox 1023 2841 1145 2882; x_wconf 92' lang='lat' dir='ltr'><strong>cum</strong></span> <span class='ocrx_word' id='word_1_215' title='bbox 1180 2826 1365 2882; x_wconf 77' lang='lat' dir='ltr'><strong>la-titia</strong></span> <span class='ocrx_word' id='word_1_216' title='bbox 1394 2827 1651 2896; x_wconf 79' lang='lat' dir='ltr'><strong>spiritali,</strong></span> 
     </span>
    </p>
   </div>
   <div class='ocr_carea' id='block_1_31' title="bbox 77 2913 1651 2987">
    <p class='ocr_par' dir='ltr' id='par_1_31' title="bbox 77 2913 1651 2987">
     <span class='ocr_line' id='line_1_31' title="bbox 77 2913 1651 2987; baseline 0.004 -18"><span class='ocrx_word' id='word_1_217' title='bbox 77 2923 124 2969; x_wconf 92' lang='lat' dir='ltr'><strong>et</strong></span> <span class='ocrx_word' id='word_1_218' title='bbox 146 2913 338 2973; x_wconf 67' lang='lat' dir='ltr'><strong>caelesti</strong></span> <span class='ocrx_word' id='word_1_219' title='bbox 381 2917 600 2987; x_wconf 86' lang='lat' dir='ltr'><strong>gaudio.</strong></span> <span class='ocrx_word' id='word_1_220' title='bbox 669 2917 882 2974; x_wconf 85' lang='lat' dir='ltr'><strong>Sentiat</strong></span> <span class='ocrx_word' id='word_1_221' title='bbox 926 2935 1084 2975; x_wconf 90' lang='lat' dir='ltr'><strong>mens</strong></span> <span class='ocrx_word' id='word_1_222' title='bbox 1133 2935 1252 2977; x_wconf 88' lang='lat' dir='ltr'><strong>mea</strong></span> <span class='ocrx_word' id='word_1_223' title='bbox 1304 2920 1651 2977; x_wconf 88' lang='lat' dir='ltr'><strong>dulcedinem</strong></span> 
     </span>
    </p>
   </div>
   <div class='ocr_carea' id='block_1_32' title="bbox 77 3007 1650 3084">
    <p class='ocr_par' dir='ltr' id='par_1_32' title="bbox 77 3007 1650 3084">
     <span class='ocr_line' id='line_1_32' title="bbox 77 3007 1650 3084; baseline 0.005 -21"><span class='ocrx_word' id='word_1_224' title='bbox 77 3007 366 3067; x_wconf 74' lang='lat' dir='ltr'><strong>beatissima:</strong></span> <span class='ocrx_word' id='word_1_225' title='bbox 409 3013 730 3084; x_wconf 75' lang='lat' dir='ltr'><strong>przesentiae</strong></span> <span class='ocrx_word' id='word_1_226' title='bbox 777 3023 906 3077; x_wconf 59' lang='lat' dir='ltr'><strong>tuae,</strong></span> <span class='ocrx_word' id='word_1_227' title='bbox 961 3024 1013 3070; x_wconf 91' lang='lat' dir='ltr'><strong>ct</strong></span> <span class='ocrx_word' id='word_1_228' title='bbox 1044 3015 1306 3071; x_wconf 81' lang='lat' dir='ltr'><strong>excubias</strong></span> <span class='ocrx_word' id='word_1_229' title='bbox 1335 3026 1650 3072; x_wconf 80' lang='lat' dir='ltr'><strong>sanctorum</strong></span> 
     </span>
    </p>
   </div>
   <div class='ocr_carea' id='block_1_33' title="bbox 75 3106 1124 3176">
    <p class='ocr_par' dir='ltr' id='par_1_33' title="bbox 75 3106 1124 3176">
     <span class='ocr_line' id='line_1_33' title="bbox 75 3106 1124 3176; baseline 0.007 -18"><span class='ocrx_word' id='word_1_230' title='bbox 75 3106 358 3176; x_wconf 85' lang='lat' dir='ltr'><strong>angelorum</strong></span> <span class='ocrx_word' id='word_1_231' title='bbox 384 3116 597 3164; x_wconf 91' lang='lat' dir='ltr'><strong>tuorum</strong></span> <span class='ocrx_word' id='word_1_232' title='bbox 637 3109 692 3164; x_wconf 92' lang='lat' dir='ltr'><strong>in</strong></span> <span class='ocrx_word' id='word_1_233' title='bbox 722 3109 954 3165; x_wconf 90' lang='lat' dir='ltr'><strong>circuitu</strong></span> <span class='ocrx_word' id='word_1_234' title='bbox 979 3125 1124 3166; x_wconf 92' lang='lat' dir='ltr'><strong>meo.</strong></span> 
     </span>
    </p>
   </div>
   <div class='ocr_carea' id='block_1_34' title="bbox 1760 478 3358 546">
    <p class='ocr_par' dir='ltr' id='par_1_34' title="bbox 1760 478 3358 546">
     <span class='ocr_line' id='line_1_34' title="bbox 1760 478 3358 546; baseline 0.003 -13"><span class='ocrx_word' id='word_1_235' title='bbox 1760 478 2103 536; x_wconf 89' lang='lat' dir='ltr'><strong>clementiam</strong></span> <span class='ocrx_word' id='word_1_236' title='bbox 2159 491 2328 546; x_wconf 87' lang='lat' dir='ltr'><strong>tuam,</strong></span> <span class='ocrx_word' id='word_1_237' title='bbox 2377 491 2436 538; x_wconf 93' lang='lat' dir='ltr'><strong>ut</strong></span> <span class='ocrx_word' id='word_1_238' title='bbox 2481 497 2678 540; x_wconf 88' lang='lat' dir='ltr'><strong>sereno</strong></span> <span class='ocrx_word' id='word_1_239' title='bbox 2721 485 2872 540; x_wconf 89' lang='lat' dir='ltr'><strong>vultu</strong></span> <span class='ocrx_word' id='word_1_240' title='bbox 2904 484 3165 540; x_wconf 78' lang='lat' dir='ltr'><strong>familiam</strong></span> <span class='ocrx_word' id='word_1_241' title='bbox 3212 494 3358 540; x_wconf 89' lang='lat' dir='ltr'><strong>tuam</strong></span> 
     </span>
    </p>
   </div>
   <div class='ocr_carea' id='block_1_35' title="bbox 1760 574 3358 650">
    <p class='ocr_par' dir='ltr' id='par_1_35' title="bbox 1760 574 3358 650">
     <span class='ocr_line' id='line_1_35' title="bbox 1760 574 3358 650; baseline 0.004 -22"><span class='ocrx_word' id='word_1_242' title='bbox 1760 574 1898 629; x_wconf 86' lang='lat' dir='ltr'><strong>sacri</strong></span> <span class='ocrx_word' id='word_1_243' title='bbox 1973 575 2046 628; x_wconf 91' lang='lat' dir='ltr'><strong>tui</strong></span> <span class='ocrx_word' id='word_1_244' title='bbox 2113 577 2350 632; x_wconf 90' lang='lat' dir='ltr'><strong>nominis</strong></span> <span class='ocrx_word' id='word_1_245' title='bbox 2407 575 2583 634; x_wconf 91' lang='lat' dir='ltr'><strong>ofﬁcia</strong></span> <span class='ocrx_word' id='word_1_246' title='bbox 2643 581 3051 650; x_wconf 65' lang='lat' dir='ltr'><strong>praestolantem</strong></span> <span class='ocrx_word' id='word_1_247' title='bbox 3109 580 3358 650; x_wconf 89' lang='lat' dir='ltr'><strong>aspicere</strong></span> 
     </span>
    </p>
   </div>
   <div class='ocr_carea' id='block_1_36' title="bbox 1759 664 3359 737">
    <p class='ocr_par' dir='ltr' id='par_1_36' title="bbox 1759 664 3359 737">
     <span class='ocr_line' id='line_1_36' title="bbox 1759 664 3359 737; baseline 0.003 -17"><span class='ocrx_word' id='word_1_248' title='bbox 1759 664 2019 736; x_wconf 79' lang='lat' dir='ltr'><strong>digneris.</strong></span> <span class='ocrx_word' id='word_1_249' title='bbox 2055 665 2126 721; x_wconf 86' lang='lat' dir='ltr'><strong>Et</strong></span> <span class='ocrx_word' id='word_1_250' title='bbox 2157 675 2216 724; x_wconf 88' lang='grc' dir='ltr'><strong>ιιι</strong></span> <span class='ocrx_word' id='word_1_251' title='bbox 2251 668 2451 722; x_wconf 87' lang='lat' dir='ltr'><strong>nullius</strong></span> <span class='ocrx_word' id='word_1_252' title='bbox 2503 671 2573 723; x_wconf 88' lang='lat' dir='ltr'><strong>sit</strong></span> <span class='ocrx_word' id='word_1_253' title='bbox 2628 669 2840 727; x_wconf 90' lang='lat' dir='ltr'><strong>irritum</strong></span> <span class='ocrx_word' id='word_1_254' title='bbox 2895 681 3101 737; x_wconf 87' lang='lat' dir='ltr'><strong>votum,</strong></span> <span class='ocrx_word' id='word_1_255' title='bbox 3160 671 3359 725; x_wconf 90' lang='lat' dir='ltr'><strong>nullius</strong></span> 
     </span>
    </p>
   </div>
   <div class='ocr_carea' id='block_1_37' title="bbox 1759 763 3358 838">
    <p class='ocr_par' dir='ltr' id='par_1_37' title="bbox 1759 763 3358 838">
     <span class='ocr_line' id='line_1_37' title="bbox 1759 763 3358 838; baseline 0.003 -22"><span class='ocrx_word' id='word_1_256' title='bbox 1759 776 1928 816; x_wconf 89' lang='lat' dir='ltr'><strong>vacua</strong></span> <span class='ocrx_word' id='word_1_257' title='bbox 1956 763 2270 832; x_wconf 87' lang='lat' dir='ltr'><strong>postulatio.</strong></span> <span class='ocrx_word' id='word_1_258' title='bbox 2301 773 2355 818; x_wconf 92' lang='lat' dir='ltr'><strong>tu</strong></span> <span class='ocrx_word' id='word_1_259' title='bbox 2386 763 2544 818; x_wconf 92' lang='lat' dir='ltr'><strong>nobis</strong></span> <span class='ocrx_word' id='word_1_260' title='bbox 2578 780 2769 834; x_wconf 89' lang='lat' dir='ltr'><strong>preces</strong></span> <span class='ocrx_word' id='word_1_261' title='bbox 2797 781 3048 838; x_wconf 77' lang='lat' dir='ltr'><strong>suggere,</strong></span> <span class='ocrx_word' id='word_1_262' title='bbox 3075 780 3214 838; x_wconf 87' lang='lat' dir='ltr'><strong>quas</strong></span> <span class='ocrx_word' id='word_1_263' title='bbox 3240 765 3358 837; x_wconf 89' lang='lat' dir='ltr'><strong>ipse</strong></span> 
     </span>
    </p>
   </div>
   <div class='ocr_carea' id='block_1_38' title="bbox 1760 852 2960 924">
    <p class='ocr_par' dir='ltr' id='par_1_38' title="bbox 1760 852 2960 924">
     <span class='ocr_line' id='line_1_38' title="bbox 1760 852 2960 924; baseline 0.008 -18"><span class='ocrx_word' id='word_1_264' title='bbox 1760 852 1947 908; x_wconf 85' lang='lat' dir='ltr'><strong>audire</strong></span> <span class='ocrx_word' id='word_1_265' title='bbox 1980 853 2247 924; x_wconf 88' lang='lat' dir='ltr'><strong>propitius</strong></span> <span class='ocrx_word' id='word_1_266' title='bbox 2273 864 2326 910; x_wconf 92' lang='lat' dir='ltr'><strong>et</strong></span> <span class='ocrx_word' id='word_1_267' title='bbox 2357 855 2618 911; x_wconf 79' lang='lat' dir='ltr'><strong>exaudire</strong></span> <span class='ocrx_word' id='word_1_268' title='bbox 2646 857 2960 915; x_wconf 86' lang='lat' dir='ltr'><strong>delecteris.</strong></span> 
     </span>
    </p>
   </div>
   <div class='ocr_carea' id='block_1_39' title="bbox 1831 946 3361 1022">
    <p class='ocr_par' dir='ltr' id='par_1_39' title="bbox 1831 946 3361 1022">
     <span class='ocr_line' id='line_1_39' title="bbox 1831 946 3361 1022; baseline 0.003 -20"><span class='ocrx_word' id='word_1_269' title='bbox 1831 946 1881 1002; x_wconf 88' lang='lat'><strong>6.</strong></span> <span class='ocrx_word' id='word_1_270' title='bbox 1924 946 2194 1017; x_wconf 78' lang='lat' dir='ltr'><strong>Rogamus</strong></span> <span class='ocrx_word' id='word_1_271' title='bbox 2218 950 2384 1002; x_wconf 89' lang='lat' dir='ltr'><strong>etiam</strong></span> <span class='ocrx_word' id='word_1_272' title='bbox 2417 957 2490 1013; x_wconf 90' lang='lat' dir='ltr'><strong>te,</strong></span> <span class='ocrx_word' id='word_1_273' title='bbox 2515 959 2703 1005; x_wconf 87' lang='lat' dir='ltr'><strong>sancte</strong></span> <span class='ocrx_word' id='word_1_274' title='bbox 2731 950 2912 1018; x_wconf 85' lang='lat' dir='ltr'><strong>Pater,</strong></span> <span class='ocrx_word' id='word_1_275' title='bbox 2949 966 3049 1021; x_wconf 90' lang='lat' dir='ltr'><strong>pro</strong></span> <span class='ocrx_word' id='word_1_276' title='bbox 3075 951 3361 1022; x_wconf 83' lang='lat' dir='ltr'><strong>Spiritihus</strong></span> 
     </span>
    </p>
   </div>
   <div class='ocr_carea' id='block_1_40' title="bbox 1761 1039 3359 1113">
    <p class='ocr_par' dir='ltr' id='par_1_40' title="bbox 1761 1039 3359 1113">
     <span class='ocr_line' id='line_1_40' title="bbox 1761 1039 3359 1113; baseline 0.003 -18"><span class='ocrx_word' id='word_1_277' title='bbox 1761 1039 1996 1096; x_wconf 83' lang='lat' dir='ltr'><strong>ﬁdelium</strong></span> <span class='ocrx_word' id='word_1_278' title='bbox 2029 1041 2435 1108; x_wconf 78' lang='lat' dir='ltr'><strong>defunctorum,</strong></span> <span class='ocrx_word' id='word_1_279' title='bbox 2471 1053 2529 1098; x_wconf 92' lang='lat' dir='ltr'><strong>ut</strong></span> <span class='ocrx_word' id='word_1_280' title='bbox 2577 1045 2648 1099; x_wconf 87' lang='lat' dir='ltr'><strong>sit</strong></span> <span class='ocrx_word' id='word_1_281' title='bbox 2692 1044 2800 1100; x_wconf 88' lang='lat' dir='ltr'><strong>illis</strong></span> <span class='ocrx_word' id='word_1_282' title='bbox 2845 1046 2994 1101; x_wconf 89' lang='lat' dir='ltr'><strong>salus</strong></span> <span class='ocrx_word' id='word_1_283' title='bbox 3023 1056 3250 1113; x_wconf 62' lang='lat' dir='ltr'><strong>aiterna,</strong></span> <span class='ocrx_word' id='word_1_284' title='bbox 3297 1061 3359 1100; x_wconf 89' lang='lat' dir='ltr'><strong>ac</strong></span> 
     </span>
    </p>
   </div>
   <div class='ocr_carea' id='block_1_41' title="bbox 1760 1137 3358 1212">
    <p class='ocr_par' dir='ltr' id='par_1_41' title="bbox 1760 1137 3358 1212">
     <span class='ocr_line' id='line_1_41' title="bbox 1760 1137 3358 1212; baseline 0.002 -21"><span class='ocrx_word' id='word_1_285' title='bbox 1760 1144 2019 1207; x_wconf 89' lang='lat' dir='ltr'><strong>perpetua</strong></span> <span class='ocrx_word' id='word_1_286' title='bbox 2048 1137 2274 1204; x_wconf 87' lang='lat' dir='ltr'><strong>sanitas,</strong></span> <span class='ocrx_word' id='word_1_287' title='bbox 2308 1139 2562 1210; x_wconf 82' lang='lat' dir='ltr'><strong>gaudium</strong></span> <span class='ocrx_word' id='word_1_288' title='bbox 2596 1147 2651 1195; x_wconf 90' lang='lat' dir='ltr'><strong>et</strong></span> <span class='ocrx_word' id='word_1_289' title='bbox 2694 1140 3036 1212; x_wconf 83' lang='lat' dir='ltr'><strong>refrigerium</strong></span> <span class='ocrx_word' id='word_1_290' title='bbox 3064 1141 3358 1207; x_wconf 86' lang='lat' dir='ltr'><strong>sempiter-</strong></span> 
     </span>
    </p>
   </div>
   <div class='ocr_carea' id='block_1_42' title="bbox 1760 1230 3360 1304">
    <p class='ocr_par' dir='ltr' id='par_1_42' title="bbox 1760 1230 3360 1304">
     <span class='ocr_line' id='line_1_42' title="bbox 1760 1230 3360 1304; baseline 0.003 -18"><span class='ocrx_word' id='word_1_291' title='bbox 1760 1247 1911 1297; x_wconf 89' lang='lat' dir='ltr'><strong>num,</strong></span> <span class='ocrx_word' id='word_1_292' title='bbox 1959 1230 2062 1286; x_wconf 89' lang='lat' dir='ltr'><strong>hoc</strong></span> <span class='ocrx_word' id='word_1_293' title='bbox 2096 1247 2347 1304; x_wconf 85' lang='lat' dir='ltr'><strong>magnum</strong></span> <span class='ocrx_word' id='word_1_294' title='bbox 2395 1233 2615 1304; x_wconf 88' lang='lat' dir='ltr'><strong>pietatis</strong></span> <span class='ocrx_word' id='word_1_295' title='bbox 2657 1243 3080 1290; x_wconf 86' lang='lat' dir='ltr'><strong>sacramentum.</strong></span> <span class='ocrx_word' id='word_1_296' title='bbox 3129 1235 3360 1290; x_wconf 90' lang='lat' dir='ltr'><strong>Domine</strong></span> 
     </span>
    </p>
   </div>
   <div class='ocr_carea' id='block_1_43' title="bbox 1759 1323 3360 1400">
    <p class='ocr_par' dir='ltr' id='par_1_43' title="bbox 1759 1323 3360 1400">
     <span class='ocr_line' id='line_1_43' title="bbox 1759 1323 3360 1400; baseline 0.002 -21"><span class='ocrx_word' id='word_1_297' title='bbox 1759 1323 2108 1391; x_wconf 77' lang='lat' dir='ltr'><strong>Deusmeus,</strong></span> <span class='ocrx_word' id='word_1_298' title='bbox 2139 1326 2207 1380; x_wconf 89' lang='lat' dir='ltr'><strong>sit</strong></span> <span class='ocrx_word' id='word_1_299' title='bbox 2240 1326 2349 1382; x_wconf 91' lang='lat' dir='ltr'><strong>illis</strong></span> <span class='ocrx_word' id='word_1_300' title='bbox 2387 1327 2549 1383; x_wconf 86' lang='lat' dir='ltr'><strong>hodie</strong></span> <span class='ocrx_word' id='word_1_301' title='bbox 2577 1344 2829 1400; x_wconf 88' lang='lat' dir='ltr'><strong>magnum</strong></span> <span class='ocrx_word' id='word_1_302' title='bbox 2877 1339 2931 1385; x_wconf 92' lang='lat' dir='ltr'><strong>et</strong></span> <span class='ocrx_word' id='word_1_303' title='bbox 2971 1331 3190 1400; x_wconf 90' lang='lat' dir='ltr'><strong>plenum</strong></span> <span class='ocrx_word' id='word_1_304' title='bbox 3223 1344 3360 1400; x_wconf 87' lang='lat' dir='ltr'><strong>gau-</strong></span> 
     </span>
    </p>
   </div>
   <div class='ocr_carea' id='block_1_44' title="bbox 1757 1416 3364 1491">
    <p class='ocr_par' dir='ltr' id='par_1_44' title="bbox 1757 1416 3364 1491">
     <span class='ocr_line' id='line_1_44' title="bbox 1757 1416 3364 1491; baseline 0 -17"><span class='ocrx_word' id='word_1_305' title='bbox 1757 1416 1902 1474; x_wconf 88' lang='lat' dir='ltr'><strong>dium</strong></span> <span class='ocrx_word' id='word_1_306' title='bbox 1936 1417 2002 1473; x_wconf 92' lang='lat' dir='ltr'><strong>de</strong></span> <span class='ocrx_word' id='word_1_307' title='bbox 2032 1427 2084 1474; x_wconf 94' lang='lat' dir='ltr'><strong>te</strong></span> <span class='ocrx_word' id='word_1_308' title='bbox 2115 1435 2255 1489; x_wconf 91' lang='lat' dir='ltr'><strong>pane</strong></span> <span class='ocrx_word' id='word_1_309' title='bbox 2284 1419 2408 1474; x_wconf 92' lang='lat' dir='ltr'><strong>vivo</strong></span> <span class='ocrx_word' id='word_1_310' title='bbox 2428 1429 2646 1488; x_wconf 90' lang='lat' dir='ltr'><strong>etvero,</strong></span> <span class='ocrx_word' id='word_1_311' title='bbox 2664 1423 2752 1491; x_wconf 93' lang='lat' dir='ltr'><strong>qui</strong></span> <span class='ocrx_word' id='word_1_312' title='bbox 2771 1421 2992 1476; x_wconf 69' lang='lat' dir='ltr'><strong>decazlo</strong></span> <span class='ocrx_word' id='word_1_313' title='bbox 3007 1420 3364 1485; x_wconf 86' lang='lat' dir='ltr'><strong>descendisti,</strong></span> 
     </span>
    </p>
   </div>
   <div class='ocr_carea' id='block_1_45' title="bbox 1758 1512 3358 1581">
    <p class='ocr_par' dir='ltr' id='par_1_45' title="bbox 1758 1512 3358 1581">
     <span class='ocr_line' id='line_1_45' title="bbox 1758 1512 3358 1581; baseline 0.001 -15"><span class='ocrx_word' id='word_1_314' title='bbox 1758 1523 1812 1567; x_wconf 89' lang='lat' dir='ltr'><strong>et</strong></span> <span class='ocrx_word' id='word_1_315' title='bbox 1843 1512 1939 1567; x_wconf 89' lang='lat' dir='ltr'><strong>das</strong></span> <span class='ocrx_word' id='word_1_316' title='bbox 1971 1514 2138 1568; x_wconf 84' lang='lat' dir='ltr'><strong>vitam</strong></span> <span class='ocrx_word' id='word_1_317' title='bbox 2171 1514 2398 1581; x_wconf 91' lang='lat' dir='ltr'><strong>mundo,</strong></span> <span class='ocrx_word' id='word_1_318' title='bbox 2429 1515 2498 1570; x_wconf 93' lang='lat' dir='ltr'><strong>de</strong></span> <span class='ocrx_word' id='word_1_319' title='bbox 2527 1529 2692 1570; x_wconf 85' lang='lat' dir='ltr'><strong>came</strong></span> <span class='ocrx_word' id='word_1_320' title='bbox 2731 1525 2919 1570; x_wconf 85' lang='lat' dir='ltr'><strong>sancta</strong></span> <span class='ocrx_word' id='word_1_321' title='bbox 2951 1527 3002 1570; x_wconf 89' lang='lat' dir='ltr'><strong>et</strong></span> <span class='ocrx_word' id='word_1_322' title='bbox 3036 1513 3322 1570; x_wconf 86' lang='lat' dir='ltr'><strong>benedicta</strong></span> <span class='ocrx_word' id='word_1_323' title='bbox 3345 1557 3358 1577; x_wconf 92' lang='lat'><strong>,</strong></span> 
     </span>
    </p>
   </div>
   <div class='ocr_carea' id='block_1_46' title="bbox 1757 1605 3358 1680">
    <p class='ocr_par' dir='ltr' id='par_1_46' title="bbox 1757 1605 3358 1680">
     <span class='ocr_line' id='line_1_46' title="bbox 1757 1605 3358 1680; baseline -0.001 -18"><span class='ocrx_word' id='word_1_324' title='bbox 1757 1605 1881 1674; x_wconf 72' lang='lat' dir='ltr'><strong>agni</strong></span> <span class='ocrx_word' id='word_1_325' title='bbox 1904 1606 2159 1662; x_wconf 82' lang='lat' dir='ltr'><strong>videlicet</strong></span> <span class='ocrx_word' id='word_1_326' title='bbox 2188 1607 2518 1663; x_wconf 81' lang='lat' dir='ltr'><strong>itnmaculati</strong></span> <span class='ocrx_word' id='word_1_327' title='bbox 2546 1609 2636 1680; x_wconf 88' lang='lat' dir='ltr'><strong>qui</strong></span> <span class='ocrx_word' id='word_1_328' title='bbox 2663 1608 2808 1664; x_wconf 91' lang='lat' dir='ltr'><strong>tollis</strong></span> <span class='ocrx_word' id='word_1_329' title='bbox 2833 1617 3116 1680; x_wconf 81' lang='lat' dir='ltr'><strong>peccatum</strong></span> <span class='ocrx_word' id='word_1_330' title='bbox 3146 1605 3358 1672; x_wconf 91' lang='lat' dir='ltr'><strong>mundi,</strong></span> 
     </span>
    </p>
   </div>
   <div class='ocr_carea' id='block_1_47' title="bbox 1758 1700 3361 1774">
    <p class='ocr_par' dir='ltr' id='par_1_47' title="bbox 1758 1700 3361 1774">
     <span class='ocr_line' id='line_1_47' title="bbox 1758 1700 3361 1774; baseline -0.002 -17"><span class='ocrx_word' id='word_1_331' title='bbox 1758 1709 1809 1757; x_wconf 89' lang='lat' dir='ltr'><strong>et</strong></span> <span class='ocrx_word' id='word_1_332' title='bbox 1834 1702 2006 1772; x_wconf 89' lang='lat' dir='ltr'><strong>potari</strong></span> <span class='ocrx_word' id='word_1_333' title='bbox 2030 1701 2099 1758; x_wconf 92' lang='lat' dir='ltr'><strong>de</strong></span> <span class='ocrx_word' id='word_1_334' title='bbox 2125 1701 2269 1756; x_wconf 85' lang='lat' dir='ltr'><strong>fonte</strong></span> <span class='ocrx_word' id='word_1_335' title='bbox 2286 1701 2507 1774; x_wconf 87' lang='lat' dir='ltr'><strong>pietatis</strong></span> <span class='ocrx_word' id='word_1_336' title='bbox 2530 1712 2661 1768; x_wconf 68' lang='lat' dir='ltr'><strong>tum,</strong></span> <span class='ocrx_word' id='word_1_337' title='bbox 2681 1704 2770 1771; x_wconf 91' lang='lat' dir='ltr'><strong>qui</strong></span> <span class='ocrx_word' id='word_1_338' title='bbox 2787 1719 2884 1772; x_wconf 89' lang='lat' dir='ltr'><strong>per</strong></span> <span class='ocrx_word' id='word_1_339' title='bbox 2902 1704 3144 1758; x_wconf 69' lang='lat' dir='ltr'><strong>lani-eam</strong></span> <span class='ocrx_word' id='word_1_340' title='bbox 3170 1700 3361 1756; x_wconf 89' lang='lat' dir='ltr'><strong>militis</strong></span> 
     </span>
    </p>
   </div>
   <div class='ocr_carea' id='block_1_48' title="bbox 1685 1779 3364 1861">
    <p class='ocr_par' dir='ltr' id='par_1_48' title="bbox 1685 1779 3364 1861">
     <span class='ocr_line' id='line_1_48' title="bbox 1685 1779 3364 1861; baseline 0.002 -13"><span class='ocrx_word' id='word_1_341' title='bbox 1685 1779 1731 1840; x_wconf 77' lang='grc' dir='ltr'>Β</span> <span class='ocrx_word' id='word_1_342' title='bbox 1759 1793 1827 1848; x_wconf 92' lang='lat' dir='ltr'><strong>de</strong></span> <span class='ocrx_word' id='word_1_343' title='bbox 1859 1793 2030 1850; x_wconf 88' lang='lat' dir='ltr'><strong>latere</strong></span> <span class='ocrx_word' id='word_1_344' title='bbox 2061 1796 2332 1849; x_wconf 86' lang='lat' dir='ltr'><strong>emanavit</strong></span> <span class='ocrx_word' id='word_1_345' title='bbox 2360 1795 2604 1850; x_wconf 78' lang='lat' dir='ltr'><strong>cruciﬁxi</strong></span> <span class='ocrx_word' id='word_1_346' title='bbox 2635 1795 2849 1851; x_wconf 85' lang='lat' dir='ltr'><strong>Domini</strong></span> <span class='ocrx_word' id='word_1_347' title='bbox 2889 1795 3061 1852; x_wconf 80' lang='lat' dir='ltr'><strong>nostri</strong></span> <span class='ocrx_word' id='word_1_348' title='bbox 3090 1811 3105 1861; x_wconf 92' lang='lat'><strong>;</strong></span> <span class='ocrx_word' id='word_1_349' title='bbox 3147 1804 3204 1850; x_wconf 90' lang='lat' dir='ltr'><strong>ut</strong></span> <span class='ocrx_word' id='word_1_350' title='bbox 3231 1808 3364 1851; x_wconf 85' lang='lat' dir='ltr'><strong>con-</strong></span> 
     </span>
    </p>
   </div>
   <div class='ocr_carea' id='block_1_49' title="bbox 1756 1888 3119 1960">
    <p class='ocr_par' dir='ltr' id='par_1_49' title="bbox 1756 1888 3119 1960">
     <span class='ocr_line' id='line_1_49' title="bbox 1756 1888 3119 1960; baseline 0 -17"><span class='ocrx_word' id='word_1_351' title='bbox 1756 1888 1915 1943; x_wconf 89' lang='lat' dir='ltr'><strong>solati</strong></span> <span class='ocrx_word' id='word_1_352' title='bbox 1943 1889 2219 1944; x_wconf 76' lang='lat' dir='ltr'><strong>exsultent</strong></span> <span class='ocrx_word' id='word_1_353' title='bbox 2241 1889 2292 1942; x_wconf 94' lang='lat' dir='ltr'><strong>in</strong></span> <span class='ocrx_word' id='word_1_354' title='bbox 2321 1889 2482 1944; x_wconf 88' lang='lat' dir='ltr'><strong>laude</strong></span> <span class='ocrx_word' id='word_1_355' title='bbox 2508 1898 2564 1944; x_wconf 90' lang='lat' dir='ltr'><strong>ct</strong></span> <span class='ocrx_word' id='word_1_356' title='bbox 2587 1889 2758 1960; x_wconf 84' lang='lat' dir='ltr'><strong>gloria</strong></span> <span class='ocrx_word' id='word_1_357' title='bbox 2793 1899 2880 1945; x_wconf 89' lang='lat' dir='ltr'><strong>tua</strong></span> <span class='ocrx_word' id='word_1_358' title='bbox 2909 1899 3119 1945; x_wconf 88' lang='lat' dir='ltr'><strong>sancta.</strong></span> 
     </span>
    </p>
   </div>
   <div class='ocr_carea' id='block_1_50' title="bbox 1831 1981 3362 2051">
    <p class='ocr_par' dir='ltr' id='par_1_50' title="bbox 1831 1981 3362 2051">
     <span class='ocr_line' id='line_1_50' title="bbox 1831 1981 3362 2051; baseline 0.003 -16"><span class='ocrx_word' id='word_1_359' title='bbox 1831 1982 1881 2035; x_wconf 89' lang='lat'><strong>7.</strong></span> <span class='ocrx_word' id='word_1_360' title='bbox 1924 1981 2080 2048; x_wconf 85' lang='lat' dir='ltr'><strong>Peto,</strong></span> <span class='ocrx_word' id='word_1_361' title='bbox 2115 1983 2362 2045; x_wconf 90' lang='lat' dir='ltr'><strong>Domine,</strong></span> <span class='ocrx_word' id='word_1_362' title='bbox 2386 1983 2734 2038; x_wconf 87' lang='lat' dir='ltr'><strong>clementiam</strong></span> <span class='ocrx_word' id='word_1_363' title='bbox 2768 1993 2939 2051; x_wconf 90' lang='lat' dir='ltr'><strong>tuam,</strong></span> <span class='ocrx_word' id='word_1_364' title='bbox 2970 1995 3030 2040; x_wconf 89' lang='lat' dir='ltr'><strong>ut</strong></span> <span class='ocrx_word' id='word_1_365' title='bbox 3059 1983 3362 2040; x_wconf 85' lang='lat' dir='ltr'><strong>descendat</strong></span> 
     </span>
    </p>
   </div>
   <div class='ocr_carea' id='block_1_51' title="bbox 1755 2076 3361 2149">
    <p class='ocr_par' dir='ltr' id='par_1_51' title="bbox 1755 2076 3361 2149">
     <span class='ocr_line' id='line_1_51' title="bbox 1755 2076 3361 2149; baseline 0.001 -16"><span class='ocrx_word' id='word_1_366' title='bbox 1755 2091 1922 2145; x_wconf 88' lang='lat' dir='ltr'><strong>super</strong></span> <span class='ocrx_word' id='word_1_367' title='bbox 1948 2076 2094 2132; x_wconf 89' lang='lat' dir='ltr'><strong>hunc</strong></span> <span class='ocrx_word' id='word_1_368' title='bbox 2128 2093 2320 2147; x_wconf 89' lang='lat' dir='ltr'><strong>panem</strong></span> <span class='ocrx_word' id='word_1_369' title='bbox 2355 2087 2410 2134; x_wconf 91' lang='lat' dir='ltr'><strong>ct</strong></span> <span class='ocrx_word' id='word_1_370' title='bbox 2439 2079 2664 2134; x_wconf 78' lang='lat' dir='ltr'><strong>calicem</strong></span> <span class='ocrx_word' id='word_1_371' title='bbox 2698 2080 2860 2134; x_wconf 93' lang='lat' dir='ltr'><strong>istum</strong></span> <span class='ocrx_word' id='word_1_372' title='bbox 2892 2079 3174 2149; x_wconf 88' lang='lat' dir='ltr'><strong>plenitudo</strong></span> <span class='ocrx_word' id='word_1_373' title='bbox 3217 2079 3361 2134; x_wconf 52' lang='lat' dir='ltr'><strong>diviw</strong></span> 
     </span>
    </p>
   </div>
   <div class='ocr_carea' id='block_1_52' title="bbox 1757 2170 3354 2238">
    <p class='ocr_par' dir='ltr' id='par_1_52' title="bbox 1757 2170 3354 2238">
     <span class='ocr_line' id='line_1_52' title="bbox 1757 2170 3354 2238; baseline 0.001 -12"><span class='ocrx_word' id='word_1_374' title='bbox 1757 2170 1941 2226; x_wconf 87' lang='lat' dir='ltr'><strong>uitatis</strong></span> <span class='ocrx_word' id='word_1_375' title='bbox 1992 2181 2116 2226; x_wconf 71' lang='lat' dir='ltr'><strong>tum.</strong></span> <span class='ocrx_word' id='word_1_376' title='bbox 2169 2172 2474 2228; x_wconf 89' lang='lat' dir='ltr'><strong>Descendat</strong></span> <span class='ocrx_word' id='word_1_377' title='bbox 2516 2173 2704 2238; x_wconf 88' lang='lat' dir='ltr'><strong>etiam,</strong></span> <span class='ocrx_word' id='word_1_378' title='bbox 2751 2173 3005 2238; x_wconf 84' lang='lat' dir='ltr'><strong>Domine.</strong></span> <span class='ocrx_word' id='word_1_379' title='bbox 3050 2173 3140 2231; x_wconf 89' lang='lat' dir='ltr'><strong>illa</strong></span> <span class='ocrx_word' id='word_1_380' title='bbox 3184 2175 3354 2230; x_wconf 89' lang='lat' dir='ltr'><strong>sancti</strong></span> 
     </span>
    </p>
   </div>
   <div class='ocr_carea' id='block_1_53' title="bbox 1758 2261 3358 2333">
    <p class='ocr_par' dir='ltr' id='par_1_53' title="bbox 1758 2261 3358 2333">
     <span class='ocr_line' id='line_1_53' title="bbox 1758 2261 3358 2333; baseline -0.001 -13"><span class='ocrx_word' id='word_1_381' title='bbox 1758 2261 1993 2333; x_wconf 87' lang='lat' dir='ltr'><strong>Spiritus</strong></span> <span class='ocrx_word' id='word_1_382' title='bbox 2033 2265 2110 2318; x_wconf 92' lang='lat' dir='ltr'><strong>tui</strong></span> <span class='ocrx_word' id='word_1_383' title='bbox 2146 2263 2436 2319; x_wconf 81' lang='lat' dir='ltr'><strong>invisibilis</strong></span> <span class='ocrx_word' id='word_1_384' title='bbox 2463 2262 2660 2330; x_wconf 90' lang='lat' dir='ltr'><strong>forma,</strong></span> <span class='ocrx_word' id='word_1_385' title='bbox 2693 2273 2748 2320; x_wconf 87' lang='lat' dir='ltr'><strong>et</strong></span> <span class='ocrx_word' id='word_1_386' title='bbox 2785 2265 3358 2331; x_wconf 79' lang='lat' dir='ltr'><strong>incomprehensibilis</strong></span> 
     </span>
    </p>
   </div>
   <div class='ocr_carea' id='block_1_54' title="bbox 1757 2357 3362 2429">
    <p class='ocr_par' dir='ltr' id='par_1_54' title="bbox 1757 2357 3362 2429">
     <span class='ocr_line' id='line_1_54' title="bbox 1757 2357 3362 2429; baseline 0.002 -18"><span class='ocrx_word' id='word_1_387' title='bbox 1757 2357 2042 2426; x_wconf 71' lang='lat' dir='ltr'><strong>maiestas,</strong></span> <span class='ocrx_word' id='word_1_388' title='bbox 2074 2359 2216 2414; x_wconf 88' lang='lat' dir='ltr'><strong>sicut</strong></span> <span class='ocrx_word' id='word_1_389' title='bbox 2243 2358 2516 2429; x_wconf 90' lang='lat' dir='ltr'><strong>quondam</strong></span> <span class='ocrx_word' id='word_1_390' title='bbox 2546 2359 2598 2414; x_wconf 90' lang='lat' dir='ltr'><strong>in</strong></span> <span class='ocrx_word' id='word_1_391' title='bbox 2631 2358 2849 2415; x_wconf 87' lang='lat' dir='ltr'><strong>Patrum</strong></span> <span class='ocrx_word' id='word_1_392' title='bbox 2884 2360 3096 2416; x_wconf 85' lang='lat' dir='ltr'><strong>hostias</strong></span> <span class='ocrx_word' id='word_1_393' title='bbox 3128 2360 3362 2416; x_wconf 87' lang='lat' dir='ltr'><strong>descen-</strong></span> 
     </span>
    </p>
   </div>
   <div class='ocr_carea' id='block_1_55' title="bbox 1754 2448 3360 2526">
    <p class='ocr_par' dir='ltr' id='par_1_55' title="bbox 1754 2448 3360 2526">
     <span class='ocr_line' id='line_1_55' title="bbox 1754 2448 3360 2526; baseline 0.002 -21"><span class='ocrx_word' id='word_1_394' title='bbox 1754 2448 1938 2519; x_wconf 87' lang='lat' dir='ltr'><strong>debat,</strong></span> <span class='ocrx_word' id='word_1_395' title='bbox 1970 2451 2065 2522; x_wconf 93' lang='lat' dir='ltr'><strong>qui</strong></span> <span class='ocrx_word' id='word_1_396' title='bbox 2087 2461 2140 2507; x_wconf 92' lang='lat' dir='ltr'><strong>et</strong></span> <span class='ocrx_word' id='word_1_397' title='bbox 2161 2453 2467 2509; x_wconf 88' lang='lat' dir='ltr'><strong>oblationes</strong></span> <span class='ocrx_word' id='word_1_398' title='bbox 2494 2463 2714 2510; x_wconf 89' lang='lat' dir='ltr'><strong>nostras</strong></span> <span class='ocrx_word' id='word_1_399' title='bbox 2737 2469 2938 2526; x_wconf 90' lang='lat' dir='ltr'><strong>corpus</strong></span> <span class='ocrx_word' id='word_1_400' title='bbox 2966 2464 3021 2511; x_wconf 90' lang='lat' dir='ltr'><strong>et</strong></span> <span class='ocrx_word' id='word_1_401' title='bbox 3040 2455 3360 2526; x_wconf 85' lang='lat' dir='ltr'><strong>sanguinem</strong></span> 
     </span>
    </p>
   </div>
   <div class='ocr_carea' id='block_1_56' title="bbox 1757 2541 3357 2616">
    <p class='ocr_par' dir='ltr' id='par_1_56' title="bbox 1757 2541 3357 2616">
     <span class='ocr_line' id='line_1_56' title="bbox 1757 2541 3357 2616; baseline 0.004 -20"><span class='ocrx_word' id='word_1_402' title='bbox 1757 2551 1907 2596; x_wconf 92' lang='lat' dir='ltr'><strong>tuum</strong></span> <span class='ocrx_word' id='word_1_403' title='bbox 1961 2541 2184 2610; x_wconf 87' lang='lat' dir='ltr'><strong>ofﬁciat,</strong></span> <span class='ocrx_word' id='word_1_404' title='bbox 2241 2556 2295 2600; x_wconf 92' lang='lat' dir='ltr'><strong>et</strong></span> <span class='ocrx_word' id='word_1_405' title='bbox 2327 2561 2414 2601; x_wconf 92' lang='lat' dir='ltr'><strong>me</strong></span> <span class='ocrx_word' id='word_1_406' title='bbox 2469 2545 2746 2616; x_wconf 85' lang='lat' dir='ltr'><strong>indignum</strong></span> <span class='ocrx_word' id='word_1_407' title='bbox 2801 2545 3148 2604; x_wconf 86' lang='lat' dir='ltr'><strong>sacerdotem</strong></span> <span class='ocrx_word' id='word_1_408' title='bbox 3203 2556 3357 2602; x_wconf 88' lang='lat' dir='ltr'><strong>tuum</strong></span> 
     </span>
    </p>
   </div>
   <div class='ocr_carea' id='block_1_57' title="bbox 1755 2634 3362 2710">
    <p class='ocr_par' dir='ltr' id='par_1_57' title="bbox 1755 2634 3362 2710">
     <span class='ocr_line' id='line_1_57' title="bbox 1755 2634 3362 2710; baseline 0.002 -21"><span class='ocrx_word' id='word_1_409' title='bbox 1755 2634 1950 2690; x_wconf 87' lang='lat' dir='ltr'><strong>doceat</strong></span> <span class='ocrx_word' id='word_1_410' title='bbox 1979 2642 2187 2690; x_wconf 86' lang='lat' dir='ltr'><strong>tantum</strong></span> <span class='ocrx_word' id='word_1_411' title='bbox 2221 2646 2455 2693; x_wconf 89' lang='lat' dir='ltr'><strong>tractare</strong></span> <span class='ocrx_word' id='word_1_412' title='bbox 2484 2637 2827 2710; x_wconf 87' lang='lat' dir='ltr'><strong>mysterium,</strong></span> <span class='ocrx_word' id='word_1_413' title='bbox 2859 2639 2931 2694; x_wconf 91' lang='lat' dir='ltr'><strong>ita</strong></span> <span class='ocrx_word' id='word_1_414' title='bbox 2965 2648 3024 2693; x_wconf 90' lang='lat' dir='ltr'><strong>ut</strong></span> <span class='ocrx_word' id='word_1_415' title='bbox 3052 2637 3266 2709; x_wconf 78' lang='lat' dir='ltr'><strong>placide.</strong></span> <span class='ocrx_word' id='word_1_416' title='bbox 3295 2651 3362 2692; x_wconf 93' lang='lat' dir='ltr'><strong>ac</strong></span> 
     </span>
    </p>
   </div>
   <div class='ocr_carea' id='block_1_58' title="bbox 1756 2727 3362 2800">
    <p class='ocr_par' dir='ltr' id='par_1_58' title="bbox 1756 2727 3362 2800">
     <span class='ocr_line' id='line_1_58' title="bbox 1756 2727 3362 2800; baseline 0.002 -18"><span class='ocrx_word' id='word_1_417' title='bbox 1756 2727 1989 2798; x_wconf 87' lang='lat' dir='ltr'><strong>benigne</strong></span> <span class='ocrx_word' id='word_1_418' title='bbox 2030 2728 2358 2784; x_wconf 87' lang='lat' dir='ltr'><strong>sacriﬁcium</strong></span> <span class='ocrx_word' id='word_1_419' title='bbox 2407 2731 2674 2800; x_wconf 89' lang='lat' dir='ltr'><strong>suscipias</strong></span> <span class='ocrx_word' id='word_1_420' title='bbox 2705 2731 2773 2786; x_wconf 92' lang='lat' dir='ltr'><strong>de</strong></span> <span class='ocrx_word' id='word_1_421' title='bbox 2819 2731 3073 2786; x_wconf 88' lang='lat' dir='ltr'><strong>manibus</strong></span> <span class='ocrx_word' id='word_1_422' title='bbox 3121 2730 3260 2787; x_wconf 86' lang='lat' dir='ltr'><strong>meis</strong></span> <span class='ocrx_word' id='word_1_423' title='bbox 3291 2730 3362 2786; x_wconf 85' lang='lat' dir='ltr'><strong>ad</strong></span> 
     </span>
    </p>
   </div>
   <div class='ocr_carea' id='block_1_59' title="bbox 1753 2822 3360 2895">
    <p class='ocr_par' dir='ltr' id='par_1_59' title="bbox 1753 2822 3360 2895">
     <span class='ocr_line' id='line_1_59' title="bbox 1753 2822 3360 2895; baseline 0 -17"><span class='ocrx_word' id='word_1_424' title='bbox 1753 2822 1981 2878; x_wconf 87' lang='lat' dir='ltr'><strong>salutem</strong></span> <span class='ocrx_word' id='word_1_425' title='bbox 2012 2823 2254 2877; x_wconf 90' lang='lat' dir='ltr'><strong>omnium</strong></span> <span class='ocrx_word' id='word_1_426' title='bbox 2303 2832 2411 2878; x_wconf 92' lang='lat' dir='ltr'><strong>tam</strong></span> <span class='ocrx_word' id='word_1_427' title='bbox 2455 2825 2700 2880; x_wconf 81' lang='lat' dir='ltr'><strong>vivorum</strong></span> <span class='ocrx_word' id='word_1_428' title='bbox 2749 2840 2910 2895; x_wconf 89' lang='lat' dir='ltr'><strong>quam</strong></span> <span class='ocrx_word' id='word_1_429' title='bbox 2954 2825 3360 2880; x_wconf 81' lang='lat' dir='ltr'><strong>defunctorum.</strong></span> 
     </span>
    </p>
   </div>
   <div class='ocr_carea' id='block_1_60' title="bbox 1756 2915 3356 2992">
    <p class='ocr_par' dir='ltr' id='par_1_60' title="bbox 1756 2915 3356 2992">
     <span class='ocr_line' id='line_1_60' title="bbox 1756 2915 3356 2992; baseline 0 -20"><span class='ocrx_word' id='word_1_430' title='bbox 1756 2915 1906 2988; x_wconf 81' lang='lat' dir='ltr'><strong>Rogo</strong></span> <span class='ocrx_word' id='word_1_431' title='bbox 1959 2927 2034 2982; x_wconf 92' lang='lat' dir='ltr'><strong>te,</strong></span> <span class='ocrx_word' id='word_1_432' title='bbox 2066 2915 2228 2992; x_wconf 68' lang='grc'><strong>492</strong></span> <span class='ocrx_word' id='word_1_433' title='bbox 2270 2919 2521 2982; x_wconf 89' lang='lat' dir='ltr'><strong>Domine,</strong></span> <span class='ocrx_word' id='word_1_434' title='bbox 2570 2935 2669 2990; x_wconf 90' lang='lat' dir='ltr'><strong>per</strong></span> <span class='ocrx_word' id='word_1_435' title='bbox 2717 2921 2891 2985; x_wconf 87' lang='lat' dir='ltr'><strong>ipsum</strong></span> <span class='ocrx_word' id='word_1_436' title='bbox 2942 2930 3356 2975; x_wconf 88' lang='lat' dir='ltr'><strong>sacrosanctum</strong></span> 
     </span>
    </p>
   </div>
   <div class='ocr_carea' id='block_1_61' title="bbox 1754 3011 3363 3084">
    <p class='ocr_par' dir='ltr' id='par_1_61' title="bbox 1754 3011 3363 3084">
     <span class='ocr_line' id='line_1_61' title="bbox 1754 3011 3363 3084; baseline 0.001 -18"><span class='ocrx_word' id='word_1_437' title='bbox 1754 3011 2072 3083; x_wconf 86' lang='lat' dir='ltr'><strong>mysterium</strong></span> <span class='ocrx_word' id='word_1_438' title='bbox 2098 3014 2347 3082; x_wconf 86' lang='lat' dir='ltr'><strong>corporis</strong></span> <span class='ocrx_word' id='word_1_439' title='bbox 2379 3021 2431 3068; x_wconf 91' lang='lat' dir='ltr'><strong>et</strong></span> <span class='ocrx_word' id='word_1_440' title='bbox 2461 3013 2742 3083; x_wconf 75' lang='lat' dir='ltr'><strong>Sanguinis</strong></span> <span class='ocrx_word' id='word_1_441' title='bbox 2773 3015 2870 3079; x_wconf 93' lang='lat' dir='ltr'><strong>tui,</strong></span> <span class='ocrx_word' id='word_1_442' title='bbox 2904 3030 3010 3082; x_wconf 90' lang='lat' dir='ltr'><strong>quo</strong></span> <span class='ocrx_word' id='word_1_443' title='bbox 3032 3013 3278 3084; x_wconf 91' lang='lat' dir='ltr'><strong>quotidie</strong></span> <span class='ocrx_word' id='word_1_444' title='bbox 3307 3013 3363 3068; x_wconf 92' lang='lat' dir='ltr'><strong>in</strong></span> 
     </span>
    </p>
   </div>
   <div class='ocr_carea' id='block_1_62' title="bbox 1756 3105 3365 3178">
    <p class='ocr_par' dir='ltr' id='par_1_62' title="bbox 1756 3105 3365 3178">
     <span class='ocr_line' id='line_1_62' title="bbox 1756 3105 3365 3178; baseline 0.001 -17"><span class='ocrx_word' id='word_1_445' title='bbox 1756 3105 1998 3162; x_wconf 87' lang='lat' dir='ltr'><strong>Ecclesia</strong></span> <span class='ocrx_word' id='word_1_446' title='bbox 2031 3117 2118 3161; x_wconf 91' lang='lat' dir='ltr'><strong>tua</strong></span> <span class='ocrx_word' id='word_1_447' title='bbox 2152 3107 2428 3176; x_wconf 88' lang='lat' dir='ltr'><strong>pascimnr</strong></span> <span class='ocrx_word' id='word_1_448' title='bbox 2457 3117 2507 3163; x_wconf 92' lang='lat' dir='ltr'><strong>et</strong></span> <span class='ocrx_word' id='word_1_449' title='bbox 2544 3107 3104 3178; x_wconf 88' lang='lat' dir='ltr'><strong>potamur,ahluimnr</strong></span> <span class='ocrx_word' id='word_1_450' title='bbox 3127 3117 3182 3162; x_wconf 90' lang='lat' dir='ltr'><strong>et</strong></span> <span class='ocrx_word' id='word_1_451' title='bbox 3202 3122 3365 3162; x_wconf 87' lang='lat' dir='ltr'><strong>sanc-</strong></span> 
     </span>
    </p>
   </div>
   <div class='ocr_carea' id='block_1_63' title="bbox 136 3173 3364 3276">
    <p class='ocr_par' dir='ltr' id='par_1_63' title="bbox 136 3173 3364 3276">
     <span class='ocr_line' id='line_1_63' title="bbox 136 3173 3364 3276; baseline 0 -21"><span class='ocrx_word' id='word_1_452' title='bbox 136 3199 185 3255; x_wconf 87' lang='lat'><strong>5.</strong></span> <span class='ocrx_word' id='word_1_453' title='bbox 221 3199 1014 3271; x_wconf 84' lang='lat' dir='ltr'><strong>Egoenim,Domine,memor</strong></span> <span class='ocrx_word' id='word_1_454' title='bbox 1033 3205 1358 3260; x_wconf 74' lang='lat' dir='ltr'><strong>veneranda:</strong></span> <span class='ocrx_word' id='word_1_455' title='bbox 1380 3205 1648 3276; x_wconf 87' lang='lat' dir='ltr'><strong>passionis</strong></span> <span class='ocrx_word' id='word_1_456' title='bbox 1678 3173 1724 3237; x_wconf 65' lang='grc' dir='ltr'>Ο</span> <span class='ocrx_word' id='word_1_457' title='bbox 1757 3199 2045 3266; x_wconf 87' lang='lat' dir='ltr'><strong>tiﬁcamur,</strong></span> <span class='ocrx_word' id='word_1_458' title='bbox 2090 3210 2252 3266; x_wconf 89' lang='lat' dir='ltr'><strong>atque</strong></span> <span class='ocrx_word' id='word_1_459' title='bbox 2298 3202 2456 3257; x_wconf 91' lang='lat' dir='ltr'><strong>unius</strong></span> <span class='ocrx_word' id='word_1_460' title='bbox 2506 3211 2611 3255; x_wconf 71' lang='lat' dir='ltr'><strong>tuac</strong></span> <span class='ocrx_word' id='word_1_461' title='bbox 2665 3217 3003 3269; x_wconf 72' lang='lat' dir='ltr'><strong>summmque</strong></span> <span class='ocrx_word' id='word_1_462' title='bbox 3053 3201 3364 3257; x_wconf 84' lang='lat' dir='ltr'><strong>divinitatis</strong></span> 
     </span>
    </p>
   </div>
   <div class='ocr_carea' id='block_1_64' title="bbox 75 3291 1645 3366">
    <p class='ocr_par' dir='ltr' id='par_1_64' title="bbox 75 3291 1645 3366">
     <span class='ocr_line' id='line_1_64' title="bbox 75 3291 1645 3366; baseline 0.004 -20"><span class='ocrx_word' id='word_1_463' title='bbox 75 3298 166 3346; x_wconf 66' lang='lat' dir='ltr'><strong>tua:</strong></span> <span class='ocrx_word' id='word_1_464' title='bbox 184 3291 448 3350; x_wconf 67' lang='lat' dir='ltr'><strong>accedniad</strong></span> <span class='ocrx_word' id='word_1_465' title='bbox 467 3295 650 3352; x_wconf 80' lang='lat' dir='ltr'><strong>altare</strong></span> <span class='ocrx_word' id='word_1_466' title='bbox 680 3308 856 3362; x_wconf 90' lang='lat' dir='ltr'><strong>tuum,</strong></span> <span class='ocrx_word' id='word_1_467' title='bbox 882 3295 1011 3351; x_wconf 89' lang='lat' dir='ltr'><strong>licet</strong></span> <span class='ocrx_word' id='word_1_468' title='bbox 1033 3306 1288 3366; x_wconf 89' lang='lat' dir='ltr'><strong>peccator</strong></span> <span class='ocrx_word' id='word_1_469' title='bbox 1313 3314 1327 3363; x_wconf 94' lang='lat'><strong>;</strong></span> <span class='ocrx_word' id='word_1_470' title='bbox 1346 3305 1406 3352; x_wconf 92' lang='lat' dir='ltr'><strong>ut</strong></span> <span class='ocrx_word' id='word_1_471' title='bbox 1420 3296 1645 3353; x_wconf 82' lang='lat' dir='ltr'><strong>oﬁ‘erain</strong></span> 
     </span>
    </p>
   </div>
   <div class='ocr_carea' id='block_1_65' title="bbox 75 3381 1645 3459">
    <p class='ocr_par' dir='ltr' id='par_1_65' title="bbox 75 3381 1645 3459">
     <span class='ocr_line' id='line_1_65' title="bbox 75 3381 1645 3459; baseline 0.006 -25"><span class='ocrx_word' id='word_1_472' title='bbox 75 3381 155 3438; x_wconf 89' lang='lat' dir='ltr'><strong>tibi</strong></span> <span class='ocrx_word' id='word_1_473' title='bbox 181 3385 512 3454; x_wconf 90' lang='lat' dir='ltr'><strong>sacriﬁcium,</strong></span> <span class='ocrx_word' id='word_1_474' title='bbox 559 3388 716 3459; x_wconf 89' lang='lat' dir='ltr'><strong>quod</strong></span> <span class='ocrx_word' id='word_1_475' title='bbox 750 3398 804 3444; x_wconf 91' lang='lat' dir='ltr'><strong>tu</strong></span> <span class='ocrx_word' id='word_1_476' title='bbox 839 3388 1144 3452; x_wconf 90' lang='lat' dir='ltr'><strong>instituisti,</strong></span> <span class='ocrx_word' id='word_1_477' title='bbox 1177 3398 1234 3446; x_wconf 88' lang='lat' dir='ltr'><strong>et</strong></span> <span class='ocrx_word' id='word_1_478' title='bbox 1275 3388 1459 3444; x_wconf 80' lang='lat' dir='ltr'><strong>oﬁ&#39;erri</strong></span> <span class='ocrx_word' id='word_1_479' title='bbox 1506 3405 1645 3458; x_wconf 66' lang='lat' dir='ltr'><strong>prae-</strong></span> 
     </span>
    </p>
   </div>
   <div class='ocr_carea' id='block_1_66' title="bbox 76 3477 1643 3555">
    <p class='ocr_par' dir='ltr' id='par_1_66' title="bbox 76 3477 1643 3555">
     <span class='ocr_line' id='line_1_66' title="bbox 76 3477 1643 3555; baseline 0.005 -23"><span class='ocrx_word' id='word_1_480' title='bbox 76 3477 242 3546; x_wconf 84' lang='lat' dir='ltr'><strong>cepisti</strong></span> <span class='ocrx_word' id='word_1_481' title='bbox 279 3480 331 3536; x_wconf 91' lang='lat' dir='ltr'><strong>in</strong></span> <span class='ocrx_word' id='word_1_482' title='bbox 374 3483 965 3540; x_wconf 79' lang='lat' dir='ltr'><strong>commemorationem</strong></span> <span class='ocrx_word' id='word_1_483' title='bbox 999 3485 1077 3540; x_wconf 92' lang='lat' dir='ltr'><strong>tui</strong></span> <span class='ocrx_word' id='word_1_484' title='bbox 1110 3499 1208 3555; x_wconf 90' lang='lat' dir='ltr'><strong>pro</strong></span> <span class='ocrx_word' id='word_1_485' title='bbox 1235 3486 1408 3541; x_wconf 87' lang='lat' dir='ltr'><strong>salute</strong></span> <span class='ocrx_word' id='word_1_486' title='bbox 1438 3494 1643 3541; x_wconf 89' lang='lat' dir='ltr'><strong>nostra.</strong></span> 
     </span>
    </p>
   </div>
   <div class='ocr_carea' id='block_1_67' title="bbox 79 3570 1646 3650">
    <p class='ocr_par' dir='ltr' id='par_1_67' title="bbox 79 3570 1646 3650">
     <span class='ocr_line' id='line_1_67' title="bbox 79 3570 1646 3650; baseline 0.004 -23"><span class='ocrx_word' id='word_1_487' title='bbox 79 3570 278 3645; x_wconf 77' lang='lat' dir='ltr'><strong>Suscipe</strong></span> <span class='ocrx_word' id='word_1_488' title='bbox 307 3591 432 3650; x_wconf 87' lang='lat' dir='ltr'><strong>ergo</strong></span> <span class='ocrx_word' id='word_1_489' title='bbox 461 3578 633 3645; x_wconf 88' lang='lat' dir='ltr'><strong>istud,</strong></span> <span class='ocrx_word' id='word_1_490' title='bbox 665 3593 875 3648; x_wconf 61' lang='lat' dir='ltr'><strong>quasso.</strong></span> <span class='ocrx_word' id='word_1_491' title='bbox 899 3594 1110 3636; x_wconf 91' lang='lat' dir='ltr'><strong>summe</strong></span> <span class='ocrx_word' id='word_1_492' title='bbox 1133 3579 1297 3646; x_wconf 90' lang='lat' dir='ltr'><strong>Deus,</strong></span> <span class='ocrx_word' id='word_1_493' title='bbox 1327 3580 1646 3636; x_wconf 81' lang='lat' dir='ltr'><strong>dulcissime</strong></span> 
     </span>
    </p>
   </div>
   <div class='ocr_carea' id='block_1_68' title="bbox 79 3662 1648 3744">
    <p class='ocr_par' dir='ltr' id='par_1_68' title="bbox 79 3662 1648 3744">
     <span class='ocr_line' id='line_1_68' title="bbox 79 3662 1648 3744; baseline 0.004 -23"><span class='ocrx_word' id='word_1_494' title='bbox 79 3662 187 3721; x_wconf 83' lang='lat' dir='ltr'><strong>Jesu</strong></span> <span class='ocrx_word' id='word_1_495' title='bbox 213 3665 438 3734; x_wconf 77' lang='lat' dir='ltr'><strong>ChriSIe,</strong></span> <span class='ocrx_word' id='word_1_496' title='bbox 472 3687 577 3744; x_wconf 90' lang='lat' dir='ltr'><strong>pro</strong></span> <span class='ocrx_word' id='word_1_497' title='bbox 610 3671 854 3726; x_wconf 87' lang='lat' dir='ltr'><strong>Ecclesia</strong></span> <span class='ocrx_word' id='word_1_498' title='bbox 878 3681 967 3728; x_wconf 88' lang='lat' dir='ltr'><strong>tua</strong></span> <span class='ocrx_word' id='word_1_499' title='bbox 993 3683 1180 3728; x_wconf 89' lang='lat' dir='ltr'><strong>sancta</strong></span> <span class='ocrx_word' id='word_1_500' title='bbox 1203 3715 1218 3740; x_wconf 94' lang='lat'><strong>,</strong></span> <span class='ocrx_word' id='word_1_501' title='bbox 1242 3682 1300 3728; x_wconf 86' lang='lat' dir='ltr'><strong>et</strong></span> <span class='ocrx_word' id='word_1_502' title='bbox 1324 3689 1421 3740; x_wconf 91' lang='lat' dir='ltr'><strong>pro</strong></span> <span class='ocrx_word' id='word_1_503' title='bbox 1447 3683 1648 3730; x_wconf 91' lang='lat' dir='ltr'><strong>cuncto</strong></span> 
     </span>
    </p>
   </div>
   <div class='ocr_carea' id='block_1_69' title="bbox 79 3759 1646 3837">
    <p class='ocr_par' dir='ltr' id='par_1_69' title="bbox 79 3759 1646 3837">
     <span class='ocr_line' id='line_1_69' title="bbox 79 3759 1646 3837; baseline 0.006 -25"><span class='ocrx_word' id='word_1_504' title='bbox 79 3759 255 3830; x_wconf 86' lang='lat' dir='ltr'><strong>populo</strong></span> <span class='ocrx_word' id='word_1_505' title='bbox 281 3770 583 3836; x_wconf 42' lang='lat' dir='ltr'><strong>tuo,&#39;quem</strong></span> <span class='ocrx_word' id='word_1_506' title='bbox 614 3765 900 3835; x_wconf 88' lang='lat' dir='ltr'><strong>acquisisti</strong></span> <span class='ocrx_word' id='word_1_507' title='bbox 948 3767 1212 3837; x_wconf 87' lang='lat' dir='ltr'><strong>sanguine</strong></span> <span class='ocrx_word' id='word_1_508' title='bbox 1243 3777 1336 3821; x_wconf 94' lang='lat' dir='ltr'><strong>tuo</strong></span> <span class='ocrx_word' id='word_1_509' title='bbox 1381 3769 1646 3837; x_wconf 77' lang='lat' dir='ltr'><strong>pretiOs‘o.</strong></span> 
     </span>
    </p>
   </div>
   <div class='ocr_carea' id='block_1_70' title="bbox 78 3849 1644 3930">
    <p class='ocr_par' dir='ltr' id='par_1_70' title="bbox 78 3849 1644 3930">
     <span class='ocr_line' id='line_1_70' title="bbox 78 3849 1644 3930; baseline 0.006 -24"><span class='ocrx_word' id='word_1_510' title='bbox 78 3849 136 3906; x_wconf 84' lang='lat' dir='ltr'><strong>Et</strong></span> <span class='ocrx_word' id='word_1_511' title='bbox 157 3856 394 3924; x_wconf 88' lang='lat' dir='ltr'><strong>quoniam</strong></span> <span class='ocrx_word' id='word_1_512' title='bbox 422 3874 508 3913; x_wconf 89' lang='lat' dir='ltr'><strong>me</strong></span> <span class='ocrx_word' id='word_1_513' title='bbox 537 3869 888 3930; x_wconf 87' lang='lat' dir='ltr'><strong>peccatorem</strong></span> <span class='ocrx_word' id='word_1_514' title='bbox 919 3857 1063 3914; x_wconf 91' lang='lat' dir='ltr'><strong>inter</strong></span> <span class='ocrx_word' id='word_1_515' title='bbox 1105 3869 1156 3915; x_wconf 90' lang='lat' dir='ltr'><strong>te</strong></span> <span class='ocrx_word' id='word_1_516' title='bbox 1180 3869 1235 3915; x_wconf 88' lang='lat' dir='ltr'><strong>et</strong></span> <span class='ocrx_word' id='word_1_517' title='bbox 1262 3859 1515 3916; x_wconf 89' lang='lat' dir='ltr'><strong>eumdem</strong></span> <span class='ocrx_word' id='word_1_518' title='bbox 1545 3874 1644 3930; x_wconf 86' lang='lat' dir='ltr'><strong>po-</strong></span> 
     </span>
    </p>
   </div>
   <div class='ocr_carea' id='block_1_71' title="bbox 78 3947 1647 4024">
    <p class='ocr_par' dir='ltr' id='par_1_71' title="bbox 78 3947 1647 4024">
     <span class='ocr_line' id='line_1_71' title="bbox 78 3947 1647 4024; baseline 0.004 -23"><span class='ocrx_word' id='word_1_519' title='bbox 78 3947 240 4016; x_wconf 89' lang='lat' dir='ltr'><strong>pulum</strong></span> <span class='ocrx_word' id='word_1_520' title='bbox 265 3951 494 4008; x_wconf 90' lang='lat' dir='ltr'><strong>medium</strong></span> <span class='ocrx_word' id='word_1_521' title='bbox 522 3967 647 4010; x_wconf 88' lang='lat' dir='ltr'><strong>esse</strong></span> <span class='ocrx_word' id='word_1_522' title='bbox 681 3952 918 4018; x_wconf 79' lang='lat' dir='ltr'><strong>voluisti,</strong></span> <span class='ocrx_word' id='word_1_523' title='bbox 952 3952 1082 4007; x_wconf 92' lang='lat' dir='ltr'><strong>licet</strong></span> <span class='ocrx_word' id='word_1_524' title='bbox 1113 3953 1164 4006; x_wconf 93' lang='lat' dir='ltr'><strong>in</strong></span> <span class='ocrx_word' id='word_1_525' title='bbox 1195 3968 1280 4008; x_wconf 92' lang='lat' dir='ltr'><strong>me</strong></span> <span class='ocrx_word' id='word_1_526' title='bbox 1308 3952 1432 4007; x_wconf 87' lang='lat' dir='ltr'><strong>bnni</strong></span> <span class='ocrx_word' id='word_1_527' title='bbox 1465 3953 1647 4024; x_wconf 86' lang='lat' dir='ltr'><strong>operis</strong></span> 
     </span>
    </p>
   </div>
   <div class='ocr_carea' id='block_1_72' title="bbox 81 4045 1648 4117">
    <p class='ocr_par' dir='ltr' id='par_1_72' title="bbox 81 4045 1648 4117">
     <span class='ocr_line' id='line_1_72' title="bbox 81 4045 1648 4117; baseline 0.003 -21"><span class='ocrx_word' id='word_1_528' title='bbox 81 4045 418 4101; x_wconf 85' lang='lat' dir='ltr'><strong>testimonium</strong></span> <span class='ocrx_word' id='word_1_529' title='bbox 461 4061 570 4102; x_wconf 90' lang='lat' dir='ltr'><strong>non</strong></span> <span class='ocrx_word' id='word_1_530' title='bbox 615 4059 909 4117; x_wconf 86' lang='lat' dir='ltr'><strong>agnoscas,</strong></span> <span class='ocrx_word' id='word_1_531' title='bbox 956 4045 1191 4101; x_wconf 89' lang='lat' dir='ltr'><strong>ofﬁcium</strong></span> <span class='ocrx_word' id='word_1_532' title='bbox 1224 4045 1648 4116; x_wconf 82' lang='lat' dir='ltr'><strong>dispensationis</strong></span> 
     </span>
    </p>
   </div>
   <div class='ocr_carea' id='block_1_73' title="bbox 77 4135 1645 4209">
    <p class='ocr_par' dir='ltr' id='par_1_73' title="bbox 77 4135 1645 4209">
     <span class='ocr_line' id='line_1_73' title="bbox 77 4135 1645 4209; baseline 0.001 -17"><span class='ocrx_word' id='word_1_533' title='bbox 77 4135 274 4193; x_wconf 66' lang='lat' dir='ltr'><strong>credita:</strong></span> <span class='ocrx_word' id='word_1_534' title='bbox 301 4155 402 4194; x_wconf 87' lang='lat' dir='ltr'><strong>non</strong></span> <span class='ocrx_word' id='word_1_535' title='bbox 430 4155 678 4205; x_wconf 84' lang='lat' dir='ltr'><strong>recuses,</strong></span> <span class='ocrx_word' id='word_1_536' title='bbox 705 4155 806 4195; x_wconf 90' lang='lat' dir='ltr'><strong>nec</strong></span> <span class='ocrx_word' id='word_1_537' title='bbox 839 4155 934 4209; x_wconf 92' lang='lat' dir='ltr'><strong>per</strong></span> <span class='ocrx_word' id='word_1_538' title='bbox 961 4154 1046 4194; x_wconf 90' lang='lat' dir='ltr'><strong>me</strong></span> <span class='ocrx_word' id='word_1_539' title='bbox 1079 4137 1353 4208; x_wconf 85' lang='lat' dir='ltr'><strong>indignum</strong></span> <span class='ocrx_word' id='word_1_540' title='bbox 1387 4138 1645 4193; x_wconf 76' lang='lat' dir='ltr'><strong>famulum</strong></span> 
     </span>
    </p>
   </div>
   <div class='ocr_carea' id='block_1_74' title="bbox 80 4230 1649 4304">
    <p class='ocr_par' dir='ltr' id='par_1_74' title="bbox 80 4230 1649 4304">
     <span class='ocr_line' id='line_1_74' title="bbox 80 4230 1649 4304; baseline 0.003 -24"><span class='ocrx_word' id='word_1_541' title='bbox 80 4233 208 4283; x_wconf 85' lang='lat' dir='ltr'><strong>tuum</strong></span> <span class='ocrx_word' id='word_1_542' title='bbox 229 4246 412 4288; x_wconf 90' lang='lat' dir='ltr'><strong>eorum</strong></span> <span class='ocrx_word' id='word_1_543' title='bbox 435 4233 628 4289; x_wconf 90' lang='lat' dir='ltr'><strong>salutis</strong></span> <span class='ocrx_word' id='word_1_544' title='bbox 652 4240 840 4304; x_wconf 89' lang='lat' dir='ltr'><strong>pereat</strong></span> <span class='ocrx_word' id='word_1_545' title='bbox 865 4231 1121 4302; x_wconf 83' lang='lat' dir='ltr'><strong>pretium,</strong></span> <span class='ocrx_word' id='word_1_546' title='bbox 1150 4246 1246 4302; x_wconf 91' lang='lat' dir='ltr'><strong>pro</strong></span> <span class='ocrx_word' id='word_1_547' title='bbox 1276 4230 1471 4302; x_wconf 89' lang='lat' dir='ltr'><strong>quibus</strong></span> <span class='ocrx_word' id='word_1_548' title='bbox 1493 4230 1649 4286; x_wconf 86' lang='lat' dir='ltr'><strong>vieti-</strong></span> 
     </span>
    </p>
   </div>
   <div class='ocr_carea' id='block_1_75' title="bbox 79 4322 1646 4396">
    <p class='ocr_par' dir='ltr' id='par_1_75' title="bbox 79 4322 1646 4396">
     <span class='ocr_line' id='line_1_75' title="bbox 79 4322 1646 4396; baseline 0.003 -21"><span class='ocrx_word' id='word_1_549' title='bbox 79 4335 152 4376; x_wconf 86' lang='lat' dir='ltr'><strong>ma</strong></span> <span class='ocrx_word' id='word_1_550' title='bbox 199 4322 379 4388; x_wconf 87' lang='lat' dir='ltr'><strong>factus,</strong></span> <span class='ocrx_word' id='word_1_551' title='bbox 412 4327 671 4383; x_wconf 86' lang='lat' dir='ltr'><strong>salutaris</strong></span> <span class='ocrx_word' id='word_1_552' title='bbox 719 4325 975 4396; x_wconf 81' lang='lat' dir='ltr'><strong>dignatus</strong></span> <span class='ocrx_word' id='word_1_553' title='bbox 1029 4340 1090 4381; x_wconf 91' lang='lat' dir='ltr'><strong>es</strong></span> <span class='ocrx_word' id='word_1_554' title='bbox 1143 4341 1266 4381; x_wconf 90' lang='lat' dir='ltr'><strong>esse</strong></span> <span class='ocrx_word' id='word_1_555' title='bbox 1319 4324 1646 4395; x_wconf 89' lang='lat' dir='ltr'><strong>redemptio.</strong></span> 
     </span>
    </p>
   </div>
   <div class='ocr_carea' id='block_1_76' title="bbox 80 4410 1648 4491">
    <p class='ocr_par' dir='ltr' id='par_1_76' title="bbox 80 4410 1648 4491">
     <span class='ocr_line' id='line_1_76' title="bbox 80 4410 1648 4491; baseline 0.005 -25"><span class='ocrx_word' id='word_1_556' title='bbox 80 4410 278 4472; x_wconf 84' lang='lat' dir='ltr'><strong>Profero</strong></span> <span class='ocrx_word' id='word_1_557' title='bbox 304 4435 451 4490; x_wconf 79' lang='lat' dir='ltr'><strong>ergo,</strong></span> <span class='ocrx_word' id='word_1_558' title='bbox 488 4421 742 4486; x_wconf 92' lang='lat' dir='ltr'><strong>Domine,</strong></span> <span class='ocrx_word' id='word_1_559' title='bbox 774 4419 818 4474; x_wconf 87' lang='lat' dir='ltr'><strong>si</strong></span> <span class='ocrx_word' id='word_1_560' title='bbox 851 4419 1094 4491; x_wconf 78' lang='lat' dir='ltr'><strong>dignaris</strong></span> <span class='ocrx_word' id='word_1_561' title='bbox 1140 4418 1408 4491; x_wconf 79' lang='lat' dir='ltr'><strong>prapitius</strong></span> <span class='ocrx_word' id='word_1_562' title='bbox 1448 4418 1648 4474; x_wconf 87' lang='lat' dir='ltr'><strong>intueri</strong></span> 
     </span>
    </p>
   </div>
   <div class='ocr_carea' id='block_1_77' title="bbox 80 4505 1652 4583">
    <p class='ocr_par' dir='ltr' id='par_1_77' title="bbox 80 4505 1652 4583">
     <span class='ocr_line' id='line_1_77' title="bbox 80 4505 1652 4583; baseline 0.004 -24"><span class='ocrx_word' id='word_1_563' title='bbox 80 4505 428 4567; x_wconf 89' lang='lat' dir='ltr'><strong>tribulationes</strong></span> <span class='ocrx_word' id='word_1_564' title='bbox 453 4511 720 4583; x_wconf 91' lang='lat' dir='ltr'><strong>plebium,</strong></span> <span class='ocrx_word' id='word_1_565' title='bbox 755 4512 991 4582; x_wconf 88' lang='lat' dir='ltr'><strong>pericula</strong></span> <span class='ocrx_word' id='word_1_566' title='bbox 1025 4512 1370 4583; x_wconf 88' lang='lat' dir='ltr'><strong>p0pulorum,</strong></span> <span class='ocrx_word' id='word_1_567' title='bbox 1403 4513 1652 4583; x_wconf 85' lang='lat' dir='ltr'><strong>captivo-</strong></span> 
     </span>
    </p>
   </div>
   <div class='ocr_carea' id='block_1_78' title="bbox 1752 3295 3364 3368">
    <p class='ocr_par' dir='ltr' id='par_1_78' title="bbox 1752 3295 3364 3368">
     <span class='ocr_line' id='line_1_78' title="bbox 1752 3295 3364 3368; baseline 0.001 -18"><span class='ocrx_word' id='word_1_568' title='bbox 1752 3295 2044 3368; x_wconf 87' lang='lat' dir='ltr'><strong>participes</strong></span> <span class='ocrx_word' id='word_1_569' title='bbox 2073 3296 2340 3351; x_wconf 88' lang='lat' dir='ltr'><strong>efﬁcimur</strong></span> <span class='ocrx_word' id='word_1_570' title='bbox 2364 3315 2377 3360; x_wconf 86' lang='lat'><strong>;</strong></span> <span class='ocrx_word' id='word_1_571' title='bbox 2403 3306 2674 3364; x_wconf 86' lang='lat' dir='ltr'><strong>quatenus</strong></span> <span class='ocrx_word' id='word_1_572' title='bbox 2693 3297 2792 3352; x_wconf 88' lang='lat' dir='ltr'><strong>des</strong></span> <span class='ocrx_word' id='word_1_573' title='bbox 2821 3295 2952 3350; x_wconf 90' lang='lat' dir='ltr'><strong>mihi</strong></span> <span class='ocrx_word' id='word_1_574' title='bbox 2985 3295 3218 3351; x_wconf 88' lang='lat' dir='ltr'><strong>virtutes</strong></span> <span class='ocrx_word' id='word_1_575' title='bbox 3242 3303 3364 3351; x_wconf 89' lang='lat' dir='ltr'><strong>tuas</strong></span> 
     </span>
    </p>
   </div>
   <div class='ocr_carea' id='block_1_79' title="bbox 1751 3387 3362 3463">
    <p class='ocr_par' dir='ltr' id='par_1_79' title="bbox 1751 3387 3362 3463">
     <span class='ocr_line' id='line_1_79' title="bbox 1751 3387 3362 3463; baseline -0.004 -15"><span class='ocrx_word' id='word_1_576' title='bbox 1751 3400 1987 3457; x_wconf 89' lang='lat' dir='ltr'><strong>sanctas,</strong></span> <span class='ocrx_word' id='word_1_577' title='bbox 2012 3391 2209 3463; x_wconf 87' lang='lat' dir='ltr'><strong>quibus</strong></span> <span class='ocrx_word' id='word_1_578' title='bbox 2251 3390 2516 3461; x_wconf 90' lang='lat' dir='ltr'><strong>repletus,</strong></span> <span class='ocrx_word' id='word_1_579' title='bbox 2549 3389 2692 3444; x_wconf 88' lang='lat' dir='ltr'><strong>bona</strong></span> <span class='ocrx_word' id='word_1_580' title='bbox 2719 3389 3060 3445; x_wconf 89' lang='lat' dir='ltr'><strong>conscientia</strong></span> <span class='ocrx_word' id='word_1_581' title='bbox 3089 3387 3156 3442; x_wconf 90' lang='lat' dir='ltr'><strong>ad</strong></span> <span class='ocrx_word' id='word_1_582' title='bbox 3184 3387 3362 3442; x_wconf 88' lang='lat' dir='ltr'><strong>altare</strong></span> 
     </span>
    </p>
   </div>
   <div class='ocr_carea' id='block_1_80' title="bbox 1753 3480 3363 3556">
    <p class='ocr_par' dir='ltr' id='par_1_80' title="bbox 1753 3480 3363 3556">
     <span class='ocr_line' id='line_1_80' title="bbox 1753 3480 3363 3556; baseline -0.004 -16"><span class='ocrx_word' id='word_1_583' title='bbox 1753 3495 1901 3540; x_wconf 92' lang='lat' dir='ltr'><strong>tuum</strong></span> <span class='ocrx_word' id='word_1_584' title='bbox 1934 3485 2215 3556; x_wconf 88' lang='lat' dir='ltr'><strong>accedam,</strong></span> <span class='ocrx_word' id='word_1_585' title='bbox 2246 3485 2316 3539; x_wconf 88' lang='lat' dir='ltr'><strong>ita</strong></span> <span class='ocrx_word' id='word_1_586' title='bbox 2349 3493 2409 3539; x_wconf 89' lang='lat' dir='ltr'><strong>ut</strong></span> <span class='ocrx_word' id='word_1_587' title='bbox 2439 3483 2558 3539; x_wconf 60' lang='lat' dir='ltr'><strong>huic</strong></span> <span class='ocrx_word' id='word_1_588' title='bbox 2593 3483 2844 3539; x_wconf 69' lang='lat' dir='ltr'><strong>cwlestia</strong></span> <span class='ocrx_word' id='word_1_589' title='bbox 2876 3490 3216 3538; x_wconf 89' lang='lat' dir='ltr'><strong>sacramenta</strong></span> <span class='ocrx_word' id='word_1_590' title='bbox 3243 3480 3363 3535; x_wconf 86' lang='lat' dir='ltr'><strong>effi-</strong></span> 
     </span>
    </p>
   </div>
   <div class='ocr_carea' id='block_1_81' title="bbox 1750 3574 3360 3632">
    <p class='ocr_par' dir='ltr' id='par_1_81' title="bbox 1750 3574 3360 3632">
     <span class='ocr_line' id='line_1_81' title="bbox 1750 3574 3360 3632; baseline -0.004 0"><span class='ocrx_word' id='word_1_591' title='bbox 1750 3577 1966 3632; x_wconf 89' lang='lat' dir='ltr'><strong>ciantur</strong></span> <span class='ocrx_word' id='word_1_592' title='bbox 1996 3575 2128 3631; x_wconf 91' lang='lat' dir='ltr'><strong>mihi</strong></span> <span class='ocrx_word' id='word_1_593' title='bbox 2163 3576 2310 3630; x_wconf 87' lang='lat' dir='ltr'><strong>salus</strong></span> <span class='ocrx_word' id='word_1_594' title='bbox 2353 3583 2407 3630; x_wconf 89' lang='lat' dir='ltr'><strong>et</strong></span> <span class='ocrx_word' id='word_1_595' title='bbox 2434 3576 2566 3631; x_wconf 91' lang='lat' dir='ltr'><strong>vita.</strong></span> <span class='ocrx_word' id='word_1_596' title='bbox 2597 3575 2680 3630; x_wconf 89' lang='lat' dir='ltr'><strong>Tu</strong></span> <span class='ocrx_word' id='word_1_597' title='bbox 2722 3575 2868 3630; x_wconf 91' lang='lat' dir='ltr'><strong>enim</strong></span> <span class='ocrx_word' id='word_1_598' title='bbox 2899 3574 3092 3629; x_wconf 81' lang='lat' dir='ltr'><strong>dixisti</strong></span> <span class='ocrx_word' id='word_1_599' title='bbox 3139 3588 3235 3627; x_wconf 89' lang='lat' dir='ltr'><strong>ore</strong></span> <span class='ocrx_word' id='word_1_600' title='bbox 3267 3581 3360 3627; x_wconf 88' lang='lat' dir='ltr'><strong>tuo</strong></span> 
     </span>
    </p>
   </div>
   <div class='ocr_carea' id='block_1_82' title="bbox 1751 3665 3360 3736">
    <p class='ocr_par' dir='ltr' id='par_1_82' title="bbox 1751 3665 3360 3736">
     <span class='ocr_line' id='line_1_82' title="bbox 1751 3665 3360 3736; baseline -0.006 -11"><span class='ocrx_word' id='word_1_601' title='bbox 1751 3677 1941 3725; x_wconf 82' lang='lat' dir='ltr'><strong>sancto</strong></span> <span class='ocrx_word' id='word_1_602' title='bbox 1970 3678 2025 3724; x_wconf 91' lang='lat' dir='ltr'><strong>et</strong></span> <span class='ocrx_word' id='word_1_603' title='bbox 2057 3668 2388 3725; x_wconf 86' lang='lat' dir='ltr'><strong>benedicto:</strong></span> <span class='ocrx_word' id='word_1_604' title='bbox 2443 3665 2608 3721; x_wconf 79' lang='lat' dir='ltr'><strong>Panis</strong></span> <span class='ocrx_word' id='word_1_605' title='bbox 2649 3683 2797 3736; x_wconf 87' lang='lat' dir='ltr'><strong>quem</strong></span> <span class='ocrx_word' id='word_1_606' title='bbox 2838 3682 2933 3736; x_wconf 85' lang='lat' dir='ltr'><strong>ego</strong></span> <span class='ocrx_word' id='word_1_607' title='bbox 2974 3665 3189 3732; x_wconf 83' lang='lat' dir='ltr'><strong>dedero,</strong></span> <span class='ocrx_word' id='word_1_608' title='bbox 3234 3678 3360 3716; x_wconf 86' lang='lat' dir='ltr'><strong>caro</strong></span> 
     </span>
    </p>
   </div>
   <div class='ocr_carea' id='block_1_83' title="bbox 1751 3755 3357 3832">
    <p class='ocr_par' dir='ltr' id='par_1_83' title="bbox 1751 3755 3357 3832">
     <span class='ocr_line' id='line_1_83' title="bbox 1751 3755 3357 3832; baseline -0.006 -15"><span class='ocrx_word' id='word_1_609' title='bbox 1751 3779 1864 3817; x_wconf 86' lang='lat' dir='ltr'><strong>mea</strong></span> <span class='ocrx_word' id='word_1_610' title='bbox 1891 3771 1966 3816; x_wconf 83' lang='lat' dir='ltr'><strong>est</strong></span> <span class='ocrx_word' id='word_1_611' title='bbox 2011 3777 2105 3832; x_wconf 87' lang='lat' dir='ltr'><strong>pro</strong></span> <span class='ocrx_word' id='word_1_612' title='bbox 2149 3761 2328 3814; x_wconf 86' lang='lat' dir='ltr'><strong>mundi</strong></span> <span class='ocrx_word' id='word_1_613' title='bbox 2360 3760 2482 3813; x_wconf 82' lang='lat' dir='ltr'><strong>vita.</strong></span> <span class='ocrx_word' id='word_1_614' title='bbox 2518 3759 2602 3823; x_wconf 88' lang='lat' dir='ltr'><strong>Et,</strong></span> <span class='ocrx_word' id='word_1_615' title='bbox 2648 3758 2750 3824; x_wconf 84' lang='lat' dir='ltr'><strong>Qui</strong></span> <span class='ocrx_word' id='word_1_616' title='bbox 2791 3757 3072 3813; x_wconf 70' lang='lat' dir='ltr'><strong>manduca:</strong></span> <span class='ocrx_word' id='word_1_617' title='bbox 3118 3771 3219 3817; x_wconf 87' lang='lat' dir='ltr'><strong>me,</strong></span> <span class='ocrx_word' id='word_1_618' title='bbox 3251 3755 3357 3808; x_wconf 78' lang='lat' dir='ltr'><strong>vita</strong></span> 
     </span>
    </p>
   </div>
   <div class='ocr_carea' id='block_1_84' title="bbox 1749 3845 3354 3928">
    <p class='ocr_par' dir='ltr' id='par_1_84' title="bbox 1749 3845 3354 3928">
     <span class='ocr_line' id='line_1_84' title="bbox 1749 3845 3354 3928; baseline -0.006 -18"><span class='ocrx_word' id='word_1_619' title='bbox 1749 3856 1879 3910; x_wconf 79' lang='lat' dir='ltr'><strong>vivet</strong></span> <span class='ocrx_word' id='word_1_620' title='bbox 1909 3864 2117 3928; x_wconf 85' lang='lat' dir='ltr'><strong>prapter</strong></span> <span class='ocrx_word' id='word_1_621' title='bbox 2143 3870 2244 3917; x_wconf 83' lang='lat' dir='ltr'><strong>me,</strong></span> <span class='ocrx_word' id='word_1_622' title='bbox 2287 3854 2398 3922; x_wconf 82' lang='lat' dir='ltr'><strong>ipse</strong></span> <span class='ocrx_word' id='word_1_623' title='bbox 2424 3861 2600 3906; x_wconf 83' lang='lat' dir='ltr'><strong>manet</strong></span> <span class='ocrx_word' id='word_1_624' title='bbox 2623 3852 2675 3904; x_wconf 87' lang='lat' dir='ltr'><strong>in</strong></span> <span class='ocrx_word' id='word_1_625' title='bbox 2708 3866 2808 3917; x_wconf 90' lang='lat' dir='ltr'><strong>me,</strong></span> <span class='ocrx_word' id='word_1_626' title='bbox 2840 3859 2887 3905; x_wconf 83' lang='lat' dir='ltr'><strong>et</strong></span> <span class='ocrx_word' id='word_1_627' title='bbox 2915 3865 3009 3920; x_wconf 86' lang='lat' dir='ltr'><strong>ego</strong></span> <span class='ocrx_word' id='word_1_628' title='bbox 3036 3851 3089 3902; x_wconf 87' lang='lat' dir='ltr'><strong>in</strong></span> <span class='ocrx_word' id='word_1_629' title='bbox 3117 3863 3197 3903; x_wconf 89' lang='lat' dir='ltr'><strong>eo.</strong></span> <span class='ocrx_word' id='word_1_630' title='bbox 3241 3845 3354 3918; x_wconf 77' lang='lat' dir='ltr'><strong>Ego</strong></span> 
     </span>
    </p>
   </div>
   <div class='ocr_carea' id='block_1_85' title="bbox 1751 3939 3358 4019">
    <p class='ocr_par' dir='ltr' id='par_1_85' title="bbox 1751 3939 3358 4019">
     <span class='ocr_line' id='line_1_85' title="bbox 1751 3939 3358 4019; baseline -0.009 -13"><span class='ocrx_word' id='word_1_631' title='bbox 1751 3967 1866 4006; x_wconf 82' lang='lat' dir='ltr'><strong>sum</strong></span> <span class='ocrx_word' id='word_1_632' title='bbox 1893 3949 2040 4019; x_wconf 79' lang='lat' dir='ltr'><strong>panis</strong></span> <span class='ocrx_word' id='word_1_633' title='bbox 2058 3949 2199 4003; x_wconf 84' lang='lat' dir='ltr'><strong>vivus</strong></span> <span class='ocrx_word' id='word_1_634' title='bbox 2224 3948 2311 4018; x_wconf 87' lang='lat' dir='ltr'><strong>qui</strong></span> <span class='ocrx_word' id='word_1_635' title='bbox 2335 3946 2398 4000; x_wconf 85' lang='lat' dir='ltr'><strong>de</strong></span> <span class='ocrx_word' id='word_1_636' title='bbox 2418 3944 2544 4000; x_wconf 70' lang='lat' dir='ltr'><strong>mlo</strong></span> <span class='ocrx_word' id='word_1_637' title='bbox 2566 3943 2807 3998; x_wconf 82' lang='lat' dir='ltr'><strong>descendi</strong></span> <span class='ocrx_word' id='word_1_638' title='bbox 2835 3961 2847 3996; x_wconf 91' lang='lat'>:</span> <span class='ocrx_word' id='word_1_639' title='bbox 2871 3944 2917 3996; x_wconf 83' lang='lat' dir='ltr'><strong>si</strong></span> <span class='ocrx_word' id='word_1_640' title='bbox 2934 3942 3048 4006; x_wconf 79' lang='lat' dir='ltr'><strong>quis</strong></span> <span class='ocrx_word' id='word_1_641' title='bbox 3067 3939 3358 3994; x_wconf 78' lang='lat' dir='ltr'><strong>manduca-</strong></span> 
     </span>
    </p>
   </div>
   <div class='ocr_carea' id='block_1_86' title="bbox 1749 4029 3356 4109">
    <p class='ocr_par' dir='ltr' id='par_1_86' title="bbox 1749 4029 3356 4109">
     <span class='ocr_line' id='line_1_86' title="bbox 1749 4029 3356 4109; baseline -0.007 -10"><span class='ocrx_word' id='word_1_642' title='bbox 1749 4044 1876 4099; x_wconf 74' lang='lat' dir='ltr'><strong>uerit</strong></span> <span class='ocrx_word' id='word_1_643' title='bbox 1905 4058 1968 4098; x_wconf 75' lang='lat' dir='ltr'><strong>ea:</strong></span> <span class='ocrx_word' id='word_1_644' title='bbox 1984 4043 2079 4094; x_wconf 86' lang='lat' dir='ltr'><strong>hoc</strong></span> <span class='ocrx_word' id='word_1_645' title='bbox 2097 4057 2246 4109; x_wconf 81' lang='lat' dir='ltr'><strong>pane,</strong></span> <span class='ocrx_word' id='word_1_646' title='bbox 2269 4040 2398 4094; x_wconf 81' lang='lat' dir='ltr'><strong>t-ivet</strong></span> <span class='ocrx_word' id='word_1_647' title='bbox 2423 4040 2476 4092; x_wconf 84' lang='lat' dir='ltr'><strong>in</strong></span> <span class='ocrx_word' id='word_1_648' title='bbox 2503 4047 2748 4092; x_wconf 71' lang='lat' dir='ltr'><strong>wternum</strong></span> <span class='ocrx_word' id='word_1_649' title='bbox 2777 4034 2975 4108; x_wconf 81' lang='lat' dir='ltr'><strong>(Joan.</strong></span> <span class='ocrx_word' id='word_1_650' title='bbox 2998 4050 3074 4101; x_wconf 81' lang='lat' dir='ltr'><strong>VI,</strong></span> <span class='ocrx_word' id='word_1_651' title='bbox 3095 4034 3186 4102; x_wconf 80' lang='grc'><strong>51,</strong></span> <span class='ocrx_word' id='word_1_652' title='bbox 3217 4031 3287 4087; x_wconf 68' lang='lat'><strong>52</strong></span> 
     </span>
    </p>
   </div>
   <div class='ocr_carea' id='block_1_87' title="bbox 1822 4125 3356 4198">
    <p class='ocr_par' dir='ltr' id='par_1_87' title="bbox 1822 4125 3356 4198">
     <span class='ocr_line' id='line_1_87' title="bbox 1822 4125 3356 4198; baseline -0.008 -6"><span class='ocrx_word' id='word_1_653' title='bbox 1822 4136 1876 4193; x_wconf 93' lang='lat'><strong>8.</strong></span> <span class='ocrx_word' id='word_1_654' title='bbox 1919 4133 2082 4190; x_wconf 86' lang='lat' dir='ltr'><strong>Panis</strong></span> <span class='ocrx_word' id='word_1_655' title='bbox 2111 4131 2447 4196; x_wconf 89' lang='lat' dir='ltr'><strong>dulcissime,</strong></span> <span class='ocrx_word' id='word_1_656' title='bbox 2488 4145 2621 4187; x_wconf 89' lang='lat' dir='ltr'><strong>sana</strong></span> <span class='ocrx_word' id='word_1_657' title='bbox 2652 4130 2888 4198; x_wconf 86' lang='lat' dir='ltr'><strong>palatum</strong></span> <span class='ocrx_word' id='word_1_658' title='bbox 2921 4127 3103 4183; x_wconf 91' lang='lat' dir='ltr'><strong>cordis</strong></span> <span class='ocrx_word' id='word_1_659' title='bbox 3132 4125 3260 4192; x_wconf 92' lang='lat' dir='ltr'><strong>mei,</strong></span> <span class='ocrx_word' id='word_1_660' title='bbox 3294 4132 3356 4180; x_wconf 84' lang='lat' dir='ltr'><strong>ut</strong></span> 
     </span>
    </p>
   </div>
   <div class='ocr_carea' id='block_1_88' title="bbox 1750 4220 3356 4290">
    <p class='ocr_par' dir='ltr' id='par_1_88' title="bbox 1750 4220 3356 4290">
     <span class='ocr_line' id='line_1_88' title="bbox 1750 4220 3356 4290; baseline -0.009 -2"><span class='ocrx_word' id='word_1_661' title='bbox 1750 4230 1982 4288; x_wconf 89' lang='lat' dir='ltr'><strong>sentiam</strong></span> <span class='ocrx_word' id='word_1_662' title='bbox 2001 4228 2321 4284; x_wconf 85' lang='lat' dir='ltr'><strong>suavitatem</strong></span> <span class='ocrx_word' id='word_1_663' title='bbox 2336 4225 2542 4281; x_wconf 89' lang='lat' dir='ltr'><strong>amoris</strong></span> <span class='ocrx_word' id='word_1_664' title='bbox 2557 4224 2630 4278; x_wconf 94' lang='lat' dir='ltr'><strong>tui</strong></span> <span class='ocrx_word' id='word_1_665' title='bbox 2649 4241 2663 4280; x_wconf 86' lang='lat'><strong>:</strong></span> <span class='ocrx_word' id='word_1_666' title='bbox 2678 4238 2808 4278; x_wconf 89' lang='lat' dir='ltr'><strong>sana</strong></span> <span class='ocrx_word' id='word_1_667' title='bbox 2824 4221 2892 4278; x_wconf 87' lang='lat' dir='ltr'><strong>ah</strong></span> <span class='ocrx_word' id='word_1_668' title='bbox 2906 4221 3055 4277; x_wconf 84' lang='lat' dir='ltr'><strong>Omni</strong></span> <span class='ocrx_word' id='word_1_669' title='bbox 3070 4220 3356 4290; x_wconf 88' lang='lat' dir='ltr'><strong>languore,</strong></span> 
     </span>
    </p>
   </div>
   <div class='ocr_carea' id='block_1_89' title="bbox 1751 4311 3357 4392">
    <p class='ocr_par' dir='ltr' id='par_1_89' title="bbox 1751 4311 3357 4392">
     <span class='ocr_line' id='line_1_89' title="bbox 1751 4311 3357 4392; baseline -0.007 -13"><span class='ocrx_word' id='word_1_670' title='bbox 1751 4335 1810 4379; x_wconf 93' lang='lat' dir='ltr'><strong>ut</strong></span> <span class='ocrx_word' id='word_1_671' title='bbox 1853 4322 2057 4378; x_wconf 88' lang='lat' dir='ltr'><strong>nullam</strong></span> <span class='ocrx_word' id='word_1_672' title='bbox 2093 4329 2291 4392; x_wconf 72' lang='lat' dir='ltr'><strong>prteter</strong></span> <span class='ocrx_word' id='word_1_673' title='bbox 2338 4329 2392 4374; x_wconf 90' lang='lat' dir='ltr'><strong>te</strong></span> <span class='ocrx_word' id='word_1_674' title='bbox 2440 4333 2616 4372; x_wconf 80' lang='lat' dir='ltr'><strong>autem</strong></span> <span class='ocrx_word' id='word_1_675' title='bbox 2667 4314 3153 4388; x_wconf 84' lang='lat' dir='ltr'><strong>pulchritudinem.</strong></span> <span class='ocrx_word' id='word_1_676' title='bbox 3189 4311 3357 4368; x_wconf 89' lang='lat' dir='ltr'><strong>Panis</strong></span> 
     </span>
    </p>
   </div>
   <div class='ocr_carea' id='block_1_90' title="bbox 1751 4409 3358 4479">
    <p class='ocr_par' dir='ltr' id='par_1_90' title="bbox 1751 4409 3358 4479">
     <span class='ocr_line' id='line_1_90' title="bbox 1751 4409 3358 4479; baseline -0.007 -8"><span class='ocrx_word' id='word_1_677' title='bbox 1751 4413 2161 4479; x_wconf 90' lang='lat' dir='ltr'><strong>candidissime,</strong></span> <span class='ocrx_word' id='word_1_678' title='bbox 2182 4411 2393 4467; x_wconf 85' lang='lat' dir='ltr'><strong>habens</strong></span> <span class='ocrx_word' id='word_1_679' title='bbox 2417 4411 2470 4465; x_wconf 91' lang='lat' dir='ltr'><strong>in</strong></span> <span class='ocrx_word' id='word_1_680' title='bbox 2511 4419 2564 4465; x_wconf 91' lang='lat' dir='ltr'><strong>te</strong></span> <span class='ocrx_word' id='word_1_681' title='bbox 2593 4424 2755 4464; x_wconf 91' lang='lat' dir='ltr'><strong>omne</strong></span> <span class='ocrx_word' id='word_1_682' title='bbox 2784 4409 3270 4471; x_wconf 82' lang='lat' dir='ltr'><strong>delectamentum,</strong></span> <span class='ocrx_word' id='word_1_683' title='bbox 3300 4416 3358 4461; x_wconf 86' lang='lat' dir='ltr'><strong>et</strong></span> 
     </span>
    </p>
   </div>
   <div class='ocr_carea' id='block_1_91' title="bbox 1754 4498 3355 4579">
    <p class='ocr_par' dir='ltr' id='par_1_91' title="bbox 1754 4498 3355 4579">
     <span class='ocr_line' id='line_1_91' title="bbox 1754 4498 3355 4579; baseline -0.007 -15"><span class='ocrx_word' id='word_1_684' title='bbox 1754 4509 1934 4565; x_wconf 90' lang='lat' dir='ltr'><strong>omnis</strong></span> <span class='ocrx_word' id='word_1_685' title='bbox 1973 4506 2187 4579; x_wconf 90' lang='lat' dir='ltr'><strong>saporis</strong></span> <span class='ocrx_word' id='word_1_686' title='bbox 2216 4505 2560 4569; x_wconf 84' lang='lat' dir='ltr'><strong>suavitatem,</strong></span> <span class='ocrx_word' id='word_1_687' title='bbox 2593 4501 2686 4573; x_wconf 93' lang='lat' dir='ltr'><strong>qui</strong></span> <span class='ocrx_word' id='word_1_688' title='bbox 2716 4516 2817 4557; x_wconf 90' lang='lat' dir='ltr'><strong>nos</strong></span> <span class='ocrx_word' id='word_1_689' title='bbox 2867 4515 3086 4570; x_wconf 84' lang='lat' dir='ltr'><strong>semper</strong></span> <span class='ocrx_word' id='word_1_690' title='bbox 3133 4498 3355 4565; x_wconf 84' lang='lat' dir='ltr'><strong>reﬁcis;</strong></span> 
     </span>
    </p>
   </div>
   <div class='ocr_carea' id='block_1_92' title="bbox 79 4574 1653 4679">
    <p class='ocr_par' dir='ltr' id='par_1_92' title="bbox 79 4607 1652 4679">
     <span class='ocr_line' id='line_1_92' title="bbox 79 4607 1652 4679; baseline 0.004 -21"><span class='ocrx_word' id='word_1_691' title='bbox 79 4613 181 4658; x_wconf 88' lang='lat' dir='ltr'><strong>rum</strong></span> <span class='ocrx_word' id='word_1_692' title='bbox 223 4607 496 4678; x_wconf 84' lang='lat' dir='ltr'><strong>gemitum,</strong></span> <span class='ocrx_word' id='word_1_693' title='bbox 545 4610 820 4665; x_wconf 84' lang='lat' dir='ltr'><strong>miseriam</strong></span> <span class='ocrx_word' id='word_1_694' title='bbox 853 4607 1249 4679; x_wconf 89' lang='lat' dir='ltr'><strong>orphanorum,</strong></span> <span class='ocrx_word' id='word_1_695' title='bbox 1295 4608 1652 4664; x_wconf 90' lang='lat' dir='ltr'><strong>necessitates</strong></span> 
     </span>
    </p>
   </div>
   <div class='ocr_carea' id='block_1_93' title="bbox 1761 4574 3362 4679">
    <p class='ocr_par' dir='ltr' id='par_1_93' title="bbox 1761 4574 3362 4664">
     <span class='ocr_line' id='line_1_93' title="bbox 1761 4574 3362 4664; baseline -0.009 -6"><span class='ocrx_word' id='word_1_696' title='bbox 1761 4601 2007 4658; x_wconf 85' lang='lat' dir='ltr'><strong>comedat</strong></span> <span class='ocrx_word' id='word_1_697' title='bbox 2035 4574 2087 4655; x_wconf 79' lang='lat' dir='ltr'><strong>te</strong></span> <span class='ocrx_word' id='word_1_698' title='bbox 2113 4614 2213 4654; x_wconf 93' lang='lat' dir='ltr'><strong>cor</strong></span> <span class='ocrx_word' id='word_1_699' title='bbox 2239 4613 2442 4662; x_wconf 90' lang='lat' dir='ltr'><strong>meum,</strong></span> <span class='ocrx_word' id='word_1_700' title='bbox 2486 4604 2542 4651; x_wconf 89' lang='lat' dir='ltr'><strong>et</strong></span> <span class='ocrx_word' id='word_1_701' title='bbox 2575 4593 2864 4650; x_wconf 89' lang='lat' dir='ltr'><strong>dulcedine</strong></span> <span class='ocrx_word' id='word_1_702' title='bbox 2906 4592 3120 4664; x_wconf 87' lang='lat' dir='ltr'><strong>saporis</strong></span> <span class='ocrx_word' id='word_1_703' title='bbox 3150 4589 3228 4645; x_wconf 92' lang='lat' dir='ltr'><strong>tui</strong></span> <span class='ocrx_word' id='word_1_704' title='bbox 3272 4605 3362 4644; x_wconf 89' lang='lat' dir='ltr'><strong>re-</strong></span> 
     </span>
    </p>
   </div>
   <div class='ocr_carea' id='block_1_94' title="bbox 80 4701 1653 4775">
    <p class='ocr_par' dir='ltr' id='par_1_94' title="bbox 80 4701 1653 4775">
     <span class='ocr_line' id='line_1_94' title="bbox 80 4701 1653 4775; baseline 0.003 -24"><span class='ocrx_word' id='word_1_705' title='bbox 80 4701 481 4770; x_wconf 86' lang='lat' dir='ltr'><strong>peregrinorum,</strong></span> <span class='ocrx_word' id='word_1_706' title='bbox 554 4702 799 4775; x_wconf 89' lang='lat' dir='ltr'><strong>inopiam</strong></span> <span class='ocrx_word' id='word_1_707' title='bbox 872 4701 1158 4770; x_wconf 84' lang='lat' dir='ltr'><strong>debilium,</strong></span> <span class='ocrx_word' id='word_1_708' title='bbox 1236 4702 1653 4773; x_wconf 89' lang='lat' dir='ltr'><strong>desperationes</strong></span> 
     </span>
    </p>
   </div>
   <div class='ocr_carea' id='block_1_95' title="bbox 79 4787 1651 4866">
    <p class='ocr_par' dir='ltr' id='par_1_95' title="bbox 79 4787 1651 4866">
     <span class='ocr_line' id='line_1_95' title="bbox 79 4787 1651 4866; baseline 0.005 -24"><span class='ocrx_word' id='word_1_709' title='bbox 79 4787 442 4864; x_wconf 84' lang='lat' dir='ltr'><strong>languentium,</strong></span> <span class='ocrx_word' id='word_1_710' title='bbox 501 4795 754 4854; x_wconf 87' lang='lat' dir='ltr'><strong>defectus</strong></span> <span class='ocrx_word' id='word_1_711' title='bbox 803 4810 1020 4863; x_wconf 91' lang='lat' dir='ltr'><strong>senum,</strong></span> <span class='ocrx_word' id='word_1_712' title='bbox 1078 4794 1308 4866; x_wconf 84' lang='lat' dir='ltr'><strong>suspiria</strong></span> <span class='ocrx_word' id='word_1_713' title='bbox 1357 4794 1651 4866; x_wconf 73' lang='lat' dir='ltr'><strong>iuvenum,</strong></span> 
     </span>
    </p>
   </div>
   <div class='ocr_carea' id='block_1_96' title="bbox 82 4886 1656 4958">
    <p class='ocr_par' dir='ltr' id='par_1_96' title="bbox 82 4886 1656 4958">
     <span class='ocr_line' id='line_1_96' title="bbox 82 4886 1656 4958; baseline 0.006 -25"><span class='ocrx_word' id='word_1_714' title='bbox 82 4894 191 4938; x_wconf 89' lang='lat' dir='ltr'><strong>vota</strong></span> <span class='ocrx_word' id='word_1_715' title='bbox 210 4886 496 4958; x_wconf 84' lang='lat' dir='ltr'><strong>virginum,</strong></span> <span class='ocrx_word' id='word_1_716' title='bbox 516 4889 753 4946; x_wconf 88' lang='lat' dir='ltr'><strong>lamenta</strong></span> <span class='ocrx_word' id='word_1_717' title='bbox 781 4889 1065 4944; x_wconf 90' lang='lat' dir='ltr'><strong>viduarum</strong></span> <span class='ocrx_word' id='word_1_718' title='bbox 1086 4905 1100 4955; x_wconf 93' lang='lat'><strong>;</strong></span> <span class='ocrx_word' id='word_1_719' title='bbox 1126 4896 1182 4943; x_wconf 88' lang='lat' dir='ltr'><strong>tu</strong></span> <span class='ocrx_word' id='word_1_720' title='bbox 1209 4888 1356 4944; x_wconf 92' lang='lat' dir='ltr'><strong>enim</strong></span> <span class='ocrx_word' id='word_1_721' title='bbox 1377 4889 1656 4943; x_wconf 88' lang='lat' dir='ltr'><strong>misereris</strong></span> 
     </span>
    </p>
   </div>
   <div class='ocr_carea' id='block_1_97' title="bbox 81 4979 1652 5052">
    <p class='ocr_par' dir='ltr' id='par_1_97' title="bbox 81 4979 1652 5052">
     <span class='ocr_line' id='line_1_97' title="bbox 81 4979 1652 5052; baseline 0.003 -23"><span class='ocrx_word' id='word_1_722' title='bbox 81 4980 325 5046; x_wconf 89' lang='lat' dir='ltr'><strong>omnium,</strong></span> <span class='ocrx_word' id='word_1_723' title='bbox 350 4981 603 5047; x_wconf 89' lang='lat' dir='ltr'><strong>Domine,</strong></span> <span class='ocrx_word' id='word_1_724' title='bbox 627 4992 682 5038; x_wconf 90' lang='lat' dir='ltr'><strong>et</strong></span> <span class='ocrx_word' id='word_1_725' title='bbox 709 4982 843 5038; x_wconf 90' lang='lat' dir='ltr'><strong>nihil</strong></span> <span class='ocrx_word' id='word_1_726' title='bbox 862 4981 1023 5038; x_wconf 87' lang='lat' dir='ltr'><strong>odisti</strong></span> <span class='ocrx_word' id='word_1_727' title='bbox 1045 4981 1284 5036; x_wconf 90' lang='lat' dir='ltr'><strong>omnium</strong></span> <span class='ocrx_word' id='word_1_728' title='bbox 1306 4997 1428 5052; x_wconf 66' lang='lat' dir='ltr'><strong>quae</strong></span> <span class='ocrx_word' id='word_1_729' title='bbox 1450 4979 1652 5036; x_wconf 89' lang='lat' dir='ltr'><strong>fecisti.</strong></span> 
     </span>
    </p>
   </div>
   <div class='ocr_carea' id='block_1_98' title="bbox 82 5065 1655 5146">
    <p class='ocr_par' dir='ltr' id='par_1_98' title="bbox 82 5065 1655 5146">
     <span class='ocr_line' id='line_1_98' title="bbox 82 5065 1655 5146; baseline 0.005 -26"><span class='ocrx_word' id='word_1_730' title='bbox 82 5065 356 5130; x_wconf 79' lang='lat' dir='ltr'><strong>Memorare</strong></span> <span class='ocrx_word' id='word_1_731' title='bbox 382 5090 502 5146; x_wconf 70' lang='lat' dir='ltr'><strong>quae</strong></span> <span class='ocrx_word' id='word_1_732' title='bbox 539 5076 613 5132; x_wconf 90' lang='lat' dir='ltr'><strong>sit</strong></span> <span class='ocrx_word' id='word_1_733' title='bbox 644 5083 827 5132; x_wconf 88' lang='lat' dir='ltr'><strong>nostra</strong></span> <span class='ocrx_word' id='word_1_734' title='bbox 879 5076 1209 5142; x_wconf 87' lang='lat' dir='ltr'><strong>substantia,</strong></span> <span class='ocrx_word' id='word_1_735' title='bbox 1240 5075 1367 5146; x_wconf 90' lang='lat' dir='ltr'><strong>quia</strong></span> <span class='ocrx_word' id='word_1_736' title='bbox 1409 5083 1464 5129; x_wconf 91' lang='lat' dir='ltr'><strong>tu</strong></span> <span class='ocrx_word' id='word_1_737' title='bbox 1494 5073 1655 5129; x_wconf 87' lang='lat' dir='ltr'><strong>Pater</strong></span> 
     </span>
    </p>
   </div>
   <div class='ocr_carea' id='block_1_99' title="bbox 84 5169 1652 5242">
    <p class='ocr_par' dir='ltr' id='par_1_99' title="bbox 84 5169 1652 5242">
     <span class='ocr_line' id='line_1_99' title="bbox 84 5169 1652 5242; baseline 0.003 -24"><span class='ocrx_word' id='word_1_738' title='bbox 84 5172 249 5221; x_wconf 88' lang='lat' dir='ltr'><strong>noster</strong></span> <span class='ocrx_word' id='word_1_739' title='bbox 290 5183 386 5235; x_wconf 88' lang='lat' dir='ltr'><strong>es;</strong></span> <span class='ocrx_word' id='word_1_740' title='bbox 421 5187 490 5227; x_wconf 89' lang='lat' dir='ltr'><strong>ne</strong></span> <span class='ocrx_word' id='word_1_741' title='bbox 536 5169 790 5227; x_wconf 86' lang='lat' dir='ltr'><strong>irascaris</strong></span> <span class='ocrx_word' id='word_1_742' title='bbox 829 5171 983 5235; x_wconf 89' lang='lat' dir='ltr'><strong>satis,</strong></span> <span class='ocrx_word' id='word_1_743' title='bbox 1028 5185 1204 5242; x_wconf 91' lang='lat' dir='ltr'><strong>neque</strong></span> <span class='ocrx_word' id='word_1_744' title='bbox 1251 5169 1652 5225; x_wconf 89' lang='lat' dir='ltr'><strong>multitudinem</strong></span> 
     </span>
    </p>
   </div>
   <div class='ocr_carea' id='block_1_100' title="bbox 84 5259 1656 5338">
    <p class='ocr_par' dir='ltr' id='par_1_100' title="bbox 84 5259 1656 5338">
     <span class='ocr_line' id='line_1_100' title="bbox 84 5259 1656 5338; baseline 0.004 -25"><span class='ocrx_word' id='word_1_745' title='bbox 84 5259 328 5318; x_wconf 70' lang='lat' dir='ltr'><strong>viscerum</strong></span> <span class='ocrx_word' id='word_1_746' title='bbox 358 5273 574 5322; x_wconf 88' lang='lat' dir='ltr'><strong>tuorum</strong></span> <span class='ocrx_word' id='word_1_747' title='bbox 615 5281 781 5338; x_wconf 91' lang='lat' dir='ltr'><strong>super</strong></span> <span class='ocrx_word' id='word_1_748' title='bbox 813 5281 914 5322; x_wconf 88' lang='lat' dir='ltr'><strong>nos</strong></span> <span class='ocrx_word' id='word_1_749' title='bbox 939 5267 1244 5322; x_wconf 89' lang='lat' dir='ltr'><strong>contineas.</strong></span> <span class='ocrx_word' id='word_1_750' title='bbox 1276 5264 1394 5322; x_wconf 84' lang='lat' dir='ltr'><strong>Non</strong></span> <span class='ocrx_word' id='word_1_751' title='bbox 1424 5266 1570 5321; x_wconf 91' lang='lat' dir='ltr'><strong>enim</strong></span> <span class='ocrx_word' id='word_1_752' title='bbox 1602 5264 1656 5320; x_wconf 93' lang='lat' dir='ltr'><strong>in</strong></span> 
     </span>
    </p>
   </div>
   <div class='ocr_carea' id='block_1_101' title="bbox 81 5349 1663 5432">
    <p class='ocr_par' dir='ltr' id='par_1_101' title="bbox 81 5349 1663 5432">
     <span class='ocr_line' id='line_1_101' title="bbox 81 5349 1663 5432; baseline 0.006 -26"><span class='ocrx_word' id='word_1_753' title='bbox 81 5349 534 5419; x_wconf 82' lang='lat' dir='ltr'><strong>justiﬁeationibus</strong></span> <span class='ocrx_word' id='word_1_754' title='bbox 561 5361 765 5417; x_wconf 91' lang='lat' dir='ltr'><strong>nostris</strong></span> <span class='ocrx_word' id='word_1_755' title='bbox 797 5360 1191 5432; x_wconf 89' lang='lat' dir='ltr'><strong>prosternimus</strong></span> <span class='ocrx_word' id='word_1_756' title='bbox 1221 5375 1414 5432; x_wconf 90' lang='lat' dir='ltr'><strong>preces</strong></span> <span class='ocrx_word' id='word_1_757' title='bbox 1442 5369 1663 5416; x_wconf 86' lang='lat' dir='ltr'><strong>nostras</strong></span> 
     </span>
    </p>
   </div>
   <div class='ocr_carea' id='block_1_102' title="bbox 85 5448 1662 5522">
    <p class='ocr_par' dir='ltr' id='par_1_102' title="bbox 85 5448 1662 5522">
     <span class='ocr_line' id='line_1_102' title="bbox 85 5448 1662 5522; baseline 0.007 -23"><span class='ocrx_word' id='word_1_758' title='bbox 85 5455 198 5502; x_wconf 84' lang='lat' dir='ltr'><strong>ante</strong></span> <span class='ocrx_word' id='word_1_759' title='bbox 223 5449 408 5509; x_wconf 88' lang='lat' dir='ltr'><strong>faciem</strong></span> <span class='ocrx_word' id='word_1_760' title='bbox 437 5448 607 5522; x_wconf 87' lang='lat' dir='ltr'><strong>tuam,</strong></span> <span class='ocrx_word' id='word_1_761' title='bbox 639 5457 734 5512; x_wconf 90' lang='lat' dir='ltr'><strong>sed</strong></span> <span class='ocrx_word' id='word_1_762' title='bbox 766 5456 822 5512; x_wconf 90' lang='lat' dir='ltr'><strong>in</strong></span> <span class='ocrx_word' id='word_1_763' title='bbox 843 5456 1287 5512; x_wconf 88' lang='lat' dir='ltr'><strong>miserationibus</strong></span> <span class='ocrx_word' id='word_1_764' title='bbox 1317 5457 1423 5512; x_wconf 90' lang='lat' dir='ltr'><strong>tuis</strong></span> <span class='ocrx_word' id='word_1_765' title='bbox 1452 5455 1662 5510; x_wconf 90' lang='lat' dir='ltr'><strong>multis.</strong></span> 
     </span>
    </p>
   </div>
   <div class='ocr_carea' id='block_1_103' title="bbox 89 5539 1665 5620">
    <p class='ocr_par' dir='ltr' id='par_1_103' title="bbox 89 5539 1665 5620">
     <span class='ocr_line' id='line_1_103' title="bbox 89 5539 1665 5620; baseline 0.007 -27"><span class='ocrx_word' id='word_1_766' title='bbox 89 5539 242 5597; x_wconf 77' lang='lat' dir='ltr'><strong>Aufer</strong></span> <span class='ocrx_word' id='word_1_767' title='bbox 267 5558 295 5599; x_wconf 90' lang='lat' dir='ltr'><strong>a</strong></span> <span class='ocrx_word' id='word_1_768' title='bbox 326 5546 502 5613; x_wconf 85' lang='lat' dir='ltr'><strong>nobis,</strong></span> <span class='ocrx_word' id='word_1_769' title='bbox 530 5549 785 5615; x_wconf 90' lang='lat' dir='ltr'><strong>Domine,</strong></span> <span class='ocrx_word' id='word_1_770' title='bbox 809 5548 1123 5619; x_wconf 86' lang='lat' dir='ltr'><strong>iniquitates</strong></span> <span class='ocrx_word' id='word_1_771' title='bbox 1148 5558 1382 5615; x_wconf 88' lang='lat' dir='ltr'><strong>nostras,</strong></span> <span class='ocrx_word' id='word_1_772' title='bbox 1408 5557 1462 5604; x_wconf 91' lang='lat' dir='ltr'><strong>et</strong></span> <span class='ocrx_word' id='word_1_773' title='bbox 1485 5549 1665 5620; x_wconf 90' lang='lat' dir='ltr'><strong>ignem</strong></span> 
     </span>
    </p>
   </div>
   <div class='ocr_carea' id='block_1_104' title="bbox 87 5635 1669 5709">
    <p class='ocr_par' dir='ltr' id='par_1_104' title="bbox 87 5635 1669 5709">
     <span class='ocr_line' id='line_1_104' title="bbox 87 5635 1669 5709; baseline 0.008 -24"><span class='ocrx_word' id='word_1_774' title='bbox 87 5636 243 5690; x_wconf 88' lang='lat' dir='ltr'><strong>sancti</strong></span> <span class='ocrx_word' id='word_1_775' title='bbox 271 5635 502 5709; x_wconf 88' lang='lat' dir='ltr'><strong>Spiritus</strong></span> <span class='ocrx_word' id='word_1_776' title='bbox 546 5641 601 5698; x_wconf 91' lang='lat' dir='ltr'><strong>in</strong></span> <span class='ocrx_word' id='word_1_777' title='bbox 653 5643 813 5699; x_wconf 88' lang='lat' dir='ltr'><strong>nobis</strong></span> <span class='ocrx_word' id='word_1_778' title='bbox 845 5643 1146 5698; x_wconf 91' lang='lat' dir='ltr'><strong>clementer</strong></span> <span class='ocrx_word' id='word_1_779' title='bbox 1191 5641 1454 5698; x_wconf 85' lang='lat' dir='ltr'><strong>acccnde.</strong></span> <span class='ocrx_word' id='word_1_780' title='bbox 1501 5642 1669 5697; x_wconf 83' lang='lat' dir='ltr'><strong>Aufer</strong></span> 
     </span>
    </p>
   </div>
   <div class='ocr_carea' id='block_1_105' title="bbox 89 5728 1670 5805">
    <p class='ocr_par' dir='ltr' id='par_1_105' title="bbox 89 5728 1670 5805">
     <span class='ocr_line' id='line_1_105' title="bbox 89 5728 1670 5805; baseline 0.005 -23"><span class='ocrx_word' id='word_1_781' title='bbox 89 5737 176 5783; x_wconf 72' lang='lat' dir='ltr'><strong>cor</strong></span> <span class='ocrx_word' id='word_1_782' title='bbox 202 5728 461 5802; x_wconf 88' lang='lat' dir='ltr'><strong>lapideum</strong></span> <span class='ocrx_word' id='word_1_783' title='bbox 489 5735 557 5792; x_wconf 88' lang='lat' dir='ltr'><strong>de</strong></span> <span class='ocrx_word' id='word_1_784' title='bbox 592 5751 758 5795; x_wconf 87' lang='lat' dir='ltr'><strong>carne</strong></span> <span class='ocrx_word' id='word_1_785' title='bbox 795 5744 1007 5805; x_wconf 86' lang='lat' dir='ltr'><strong>nostra,</strong></span> <span class='ocrx_word' id='word_1_786' title='bbox 1041 5743 1095 5791; x_wconf 92' lang='lat' dir='ltr'><strong>et</strong></span> <span class='ocrx_word' id='word_1_787' title='bbox 1133 5735 1200 5791; x_wconf 87' lang='lat' dir='ltr'><strong>da</strong></span> <span class='ocrx_word' id='word_1_788' title='bbox 1230 5735 1392 5792; x_wconf 87' lang='lat' dir='ltr'><strong>nobis</strong></span> <span class='ocrx_word' id='word_1_789' title='bbox 1419 5749 1517 5791; x_wconf 89' lang='lat' dir='ltr'><strong>cor</strong></span> <span class='ocrx_word' id='word_1_790' title='bbox 1545 5750 1670 5790; x_wconf 89' lang='lat' dir='ltr'><strong>car-</strong></span> 
     </span>
    </p>
   </div>
   <div class='ocr_carea' id='block_1_106' title="bbox 94 5819 1672 5903">
    <p class='ocr_par' dir='ltr' id='par_1_106' title="bbox 94 5819 1672 5903">
     <span class='ocr_line' id='line_1_106' title="bbox 94 5819 1672 5903; baseline 0 -21"><span class='ocrx_word' id='word_1_791' title='bbox 94 5834 242 5879; x_wconf 73' lang='lat' dir='ltr'><strong>m&#39;ttm</strong></span> <span class='ocrx_word' id='word_1_792' title='bbox 263 5826 399 5895; x_wconf 90' lang='lat' dir='ltr'><strong>quod</strong></span> <span class='ocrx_word' id='word_1_793' title='bbox 431 5836 482 5884; x_wconf 85' lang='lat' dir='ltr'><strong>te</strong></span> <span class='ocrx_word' id='word_1_794' title='bbox 509 5829 718 5899; x_wconf 88' lang='lat' dir='ltr'><strong>timeat,</strong></span> <span class='ocrx_word' id='word_1_795' title='bbox 749 5831 940 5903; x_wconf 79' lang='lat' dir='ltr'><strong>diligat</strong></span> <span class='ocrx_word' id='word_1_796' title='bbox 962 5841 1018 5888; x_wconf 90' lang='lat' dir='ltr'><strong>et</strong></span> <span class='ocrx_word' id='word_1_797' title='bbox 1039 5828 1383 5899; x_wconf 82' lang='lat' dir='ltr'><strong>honoriﬁcct,</strong></span> <span class='ocrx_word' id='word_1_798' title='bbox 1410 5837 1462 5885; x_wconf 79' lang='lat' dir='ltr'><strong>te.</strong></span> <span class='ocrx_word' id='word_1_799' title='bbox 1490 5819 1672 5884; x_wconf 64' lang='lat' dir='ltr'><strong>deléc~</strong></span> 
     </span>
    </p>
   </div>
   <div class='ocr_carea' id='block_1_107' title="bbox 1756 4685 3364 4765">
    <p class='ocr_par' dir='ltr' id='par_1_107' title="bbox 1756 4685 3364 4765">
     <span class='ocr_line' id='line_1_107' title="bbox 1756 4685 3364 4765; baseline -0.007 -15"><span class='ocrx_word' id='word_1_800' title='bbox 1756 4695 2007 4765; x_wconf 89' lang='lat' dir='ltr'><strong>pleantur</strong></span> <span class='ocrx_word' id='word_1_801' title='bbox 2048 4692 2260 4747; x_wconf 88' lang='lat' dir='ltr'><strong>viscera</strong></span> <span class='ocrx_word' id='word_1_802' title='bbox 2290 4691 2487 4744; x_wconf 72' lang='lat' dir='ltr'><strong>anima:</strong></span> <span class='ocrx_word' id='word_1_803' title='bbox 2532 4703 2687 4742; x_wconf 70' lang='lat' dir='ltr'><strong>metu.</strong></span> <span class='ocrx_word' id='word_1_804' title='bbox 2721 4686 3009 4742; x_wconf 81' lang='lat' dir='ltr'><strong>Manducat</strong></span> <span class='ocrx_word' id='word_1_805' title='bbox 3038 4695 3090 4739; x_wconf 93' lang='lat' dir='ltr'><strong>te</strong></span> <span class='ocrx_word' id='word_1_806' title='bbox 3121 4685 3364 4753; x_wconf 83' lang='lat' dir='ltr'><strong>Angelus</strong></span> 
     </span>
    </p>
   </div>
   <div class='ocr_carea' id='block_1_108' title="bbox 1757 4777 3364 4860">
    <p class='ocr_par' dir='ltr' id='par_1_108' title="bbox 1757 4777 3364 4860">
     <span class='ocr_line' id='line_1_108' title="bbox 1757 4777 3364 4860; baseline -0.006 -18"><span class='ocrx_word' id='word_1_807' title='bbox 1757 4789 1918 4860; x_wconf 92' lang='lat' dir='ltr'><strong>pleno</strong></span> <span class='ocrx_word' id='word_1_808' title='bbox 1942 4802 2059 4852; x_wconf 87' lang='lat' dir='ltr'><strong>ore,</strong></span> <span class='ocrx_word' id='word_1_809' title='bbox 2086 4784 2375 4840; x_wconf 89' lang='lat' dir='ltr'><strong>manducet</strong></span> <span class='ocrx_word' id='word_1_810' title='bbox 2399 4792 2452 4838; x_wconf 94' lang='lat' dir='ltr'><strong>te</strong></span> <span class='ocrx_word' id='word_1_811' title='bbox 2476 4782 2800 4852; x_wconf 88' lang='lat' dir='ltr'><strong>peregrinus</strong></span> <span class='ocrx_word' id='word_1_812' title='bbox 2827 4781 2990 4836; x_wconf 87' lang='lat' dir='ltr'><strong>homo</strong></span> <span class='ocrx_word' id='word_1_813' title='bbox 3020 4794 3119 4851; x_wconf 87' lang='lat' dir='ltr'><strong>pro</strong></span> <span class='ocrx_word' id='word_1_814' title='bbox 3139 4777 3364 4834; x_wconf 90' lang='lat' dir='ltr'><strong>modulo</strong></span> 
     </span>
    </p>
   </div>
   <div class='ocr_carea' id='block_1_109' title="bbox 1755 4872 3354 4949">
    <p class='ocr_par' dir='ltr' id='par_1_109' title="bbox 1755 4872 3354 4949">
     <span class='ocr_line' id='line_1_109' title="bbox 1755 4872 3354 4949; baseline -0.008 -10"><span class='ocrx_word' id='word_1_815' title='bbox 1755 4897 1856 4939; x_wconf 90' lang='lat' dir='ltr'><strong>suo</strong></span> <span class='ocrx_word' id='word_1_816' title='bbox 1884 4898 1899 4947; x_wconf 90' lang='lat'><strong>;</strong></span> <span class='ocrx_word' id='word_1_817' title='bbox 1931 4897 1999 4937; x_wconf 92' lang='lat' dir='ltr'><strong>ne</strong></span> <span class='ocrx_word' id='word_1_818' title='bbox 2025 4879 2260 4936; x_wconf 84' lang='lat' dir='ltr'><strong>deiicere</strong></span> <span class='ocrx_word' id='word_1_819' title='bbox 2280 4878 2452 4949; x_wconf 82' lang='lat' dir='ltr'><strong>possit</strong></span> <span class='ocrx_word' id='word_1_820' title='bbox 2481 4877 2536 4932; x_wconf 92' lang='lat' dir='ltr'><strong>in</strong></span> <span class='ocrx_word' id='word_1_821' title='bbox 2561 4878 2668 4943; x_wconf 89' lang='lat' dir='ltr'><strong>via,</strong></span> <span class='ocrx_word' id='word_1_822' title='bbox 2702 4876 2794 4931; x_wconf 89' lang='lat' dir='ltr'><strong>tali</strong></span> <span class='ocrx_word' id='word_1_823' title='bbox 2826 4885 3106 4930; x_wconf 87' lang='lat' dir='ltr'><strong>recreatus</strong></span> <span class='ocrx_word' id='word_1_824' title='bbox 3133 4872 3354 4927; x_wconf 88' lang='lat' dir='ltr'><strong>viatico.</strong></span> 
     </span>
    </p>
   </div>
   <div class='ocr_carea' id='block_1_110' title="bbox 1757 4963 3359 5043">
    <p class='ocr_par' dir='ltr' id='par_1_110' title="bbox 1757 4963 3359 5043">
     <span class='ocr_line' id='line_1_110' title="bbox 1757 4963 3359 5043; baseline -0.009 -11"><span class='ocrx_word' id='word_1_825' title='bbox 1757 4976 1922 5032; x_wconf 87' lang='lat' dir='ltr'><strong>Panis</strong></span> <span class='ocrx_word' id='word_1_826' title='bbox 1942 4987 2149 5037; x_wconf 84' lang='lat' dir='ltr'><strong>sanete,</strong></span> <span class='ocrx_word' id='word_1_827' title='bbox 2173 4975 2324 5043; x_wconf 89' lang='lat' dir='ltr'><strong>panis</strong></span> <span class='ocrx_word' id='word_1_828' title='bbox 2341 4974 2482 5040; x_wconf 90' lang='lat' dir='ltr'><strong>vive,</strong></span> <span class='ocrx_word' id='word_1_829' title='bbox 2507 4971 2658 5043; x_wconf 92' lang='lat' dir='ltr'><strong>panis</strong></span> <span class='ocrx_word' id='word_1_830' title='bbox 2685 4970 2933 5040; x_wconf 91' lang='lat' dir='ltr'><strong>pulcher,</strong></span> <span class='ocrx_word' id='word_1_831' title='bbox 2963 4968 3118 5038; x_wconf 88' lang='lat' dir='ltr'><strong>panis</strong></span> <span class='ocrx_word' id='word_1_832' title='bbox 3135 4963 3359 5030; x_wconf 90' lang='lat' dir='ltr'><strong>munde,</strong></span> 
     </span>
    </p>
   </div>
   <div class='ocr_carea' id='block_1_111' title="bbox 1757 5057 3364 5140">
    <p class='ocr_par' dir='ltr' id='par_1_111' title="bbox 1757 5057 3364 5140">
     <span class='ocr_line' id='line_1_111' title="bbox 1757 5057 3364 5140; baseline -0.007 -18"><span class='ocrx_word' id='word_1_833' title='bbox 1757 5069 1848 5140; x_wconf 90' lang='lat' dir='ltr'><strong>qui</strong></span> <span class='ocrx_word' id='word_1_834' title='bbox 1876 5066 2206 5122; x_wconf 87' lang='lat' dir='ltr'><strong>descendisti</strong></span> <span class='ocrx_word' id='word_1_835' title='bbox 2227 5067 2295 5122; x_wconf 90' lang='lat' dir='ltr'><strong>de</strong></span> <span class='ocrx_word' id='word_1_836' title='bbox 2323 5066 2485 5134; x_wconf 65' lang='lat' dir='ltr'><strong>caelo,</strong></span> <span class='ocrx_word' id='word_1_837' title='bbox 2509 5077 2562 5120; x_wconf 91' lang='lat' dir='ltr'><strong>et</strong></span> <span class='ocrx_word' id='word_1_838' title='bbox 2587 5065 2685 5120; x_wconf 91' lang='lat' dir='ltr'><strong>das</strong></span> <span class='ocrx_word' id='word_1_839' title='bbox 2707 5067 2872 5118; x_wconf 90' lang='lat' dir='ltr'><strong>vitam</strong></span> <span class='ocrx_word' id='word_1_840' title='bbox 2899 5060 3123 5126; x_wconf 90' lang='lat' dir='ltr'><strong>mundo,</strong></span> <span class='ocrx_word' id='word_1_841' title='bbox 3149 5058 3271 5112; x_wconf 90' lang='lat' dir='ltr'><strong>veni</strong></span> <span class='ocrx_word' id='word_1_842' title='bbox 3309 5057 3364 5112; x_wconf 89' lang='lat' dir='ltr'><strong>in</strong></span> 
     </span>
    </p>
   </div>
   <div class='ocr_carea' id='block_1_112' title="bbox 1760 5149 3370 5228">
    <p class='ocr_par' dir='ltr' id='par_1_112' title="bbox 1760 5149 3370 5228">
     <span class='ocr_line' id='line_1_112' title="bbox 1760 5149 3370 5228; baseline -0.006 -11"><span class='ocrx_word' id='word_1_843' title='bbox 1760 5176 1856 5217; x_wconf 92' lang='lat' dir='ltr'><strong>cor</strong></span> <span class='ocrx_word' id='word_1_844' title='bbox 1874 5177 2074 5222; x_wconf 89' lang='lat' dir='ltr'><strong>meum,</strong></span> <span class='ocrx_word' id='word_1_845' title='bbox 2095 5172 2147 5216; x_wconf 92' lang='lat' dir='ltr'><strong>et</strong></span> <span class='ocrx_word' id='word_1_846' title='bbox 2174 5161 2374 5216; x_wconf 89' lang='lat' dir='ltr'><strong>munda</strong></span> <span class='ocrx_word' id='word_1_847' title='bbox 2403 5175 2486 5214; x_wconf 91' lang='lat' dir='ltr'><strong>me</strong></span> <span class='ocrx_word' id='word_1_848' title='bbox 2504 5160 2571 5214; x_wconf 90' lang='lat' dir='ltr'><strong>ab</strong></span> <span class='ocrx_word' id='word_1_849' title='bbox 2587 5159 2736 5214; x_wconf 92' lang='lat' dir='ltr'><strong>omni</strong></span> <span class='ocrx_word' id='word_1_850' title='bbox 2758 5156 3166 5228; x_wconf 89' lang='lat' dir='ltr'><strong>inquinamento</strong></span> <span class='ocrx_word' id='word_1_851' title='bbox 3186 5149 3370 5207; x_wconf 89' lang='lat' dir='ltr'><strong>carnis</strong></span> 
     </span>
    </p>
   </div>
   <div class='ocr_carea' id='block_1_113' title="bbox 1763 5246 3372 5329">
    <p class='ocr_par' dir='ltr' id='par_1_113' title="bbox 1763 5246 3372 5329">
     <span class='ocr_line' id='line_1_113' title="bbox 1763 5246 3372 5329; baseline -0.009 -15"><span class='ocrx_word' id='word_1_852' title='bbox 1763 5269 1817 5314; x_wconf 92' lang='lat' dir='ltr'><strong>et</strong></span> <span class='ocrx_word' id='word_1_853' title='bbox 1837 5256 2082 5329; x_wconf 79' lang='lat' dir='ltr'><strong>Spiritus.</strong></span> <span class='ocrx_word' id='word_1_854' title='bbox 2101 5255 2244 5312; x_wconf 87' lang='lat' dir='ltr'><strong>Intra</strong></span> <span class='ocrx_word' id='word_1_855' title='bbox 2260 5255 2313 5310; x_wconf 96' lang='lat' dir='ltr'><strong>in</strong></span> <span class='ocrx_word' id='word_1_856' title='bbox 2332 5257 2566 5310; x_wconf 90' lang='lat' dir='ltr'><strong>animam</strong></span> <span class='ocrx_word' id='word_1_857' title='bbox 2586 5268 2786 5315; x_wconf 89' lang='lat' dir='ltr'><strong>meam,</strong></span> <span class='ocrx_word' id='word_1_858' title='bbox 2802 5258 2859 5306; x_wconf 91' lang='lat' dir='ltr'><strong>et</strong></span> <span class='ocrx_word' id='word_1_859' title='bbox 2881 5246 3154 5305; x_wconf 82' lang='lat' dir='ltr'><strong>sanctifica</strong></span> <span class='ocrx_word' id='word_1_860' title='bbox 3177 5261 3264 5301; x_wconf 90' lang='lat' dir='ltr'><strong>me</strong></span> <span class='ocrx_word' id='word_1_861' title='bbox 3287 5246 3372 5301; x_wconf 81' lang='lat' dir='ltr'><strong>in-</strong></span> 
     </span>
    </p>
   </div>
   <div class='ocr_carea' id='block_1_114' title="bbox 1767 5339 3376 5418">
    <p class='ocr_par' dir='ltr' id='par_1_114' title="bbox 1767 5339 3376 5418">
     <span class='ocr_line' id='line_1_114' title="bbox 1767 5339 3376 5418; baseline -0.009 -7"><span class='ocrx_word' id='word_1_862' title='bbox 1767 5363 1854 5411; x_wconf 90' lang='lat' dir='ltr'><strong>tus</strong></span> <span class='ocrx_word' id='word_1_863' title='bbox 1867 5365 1922 5410; x_wconf 90' lang='lat' dir='ltr'><strong>et</strong></span> <span class='ocrx_word' id='word_1_864' title='bbox 1938 5354 2200 5410; x_wconf 75' lang='lat' dir='ltr'><strong>exterius.</strong></span> <span class='ocrx_word' id='word_1_865' title='bbox 2217 5351 2350 5407; x_wconf 66' lang='lat' dir='ltr'><strong>Esto</strong></span> <span class='ocrx_word' id='word_1_866' title='bbox 2363 5360 2606 5407; x_wconf 89' lang='lat' dir='ltr'><strong>tutamen</strong></span> <span class='ocrx_word' id='word_1_867' title='bbox 2619 5358 2666 5404; x_wconf 93' lang='lat' dir='ltr'><strong>et</strong></span> <span class='ocrx_word' id='word_1_868' title='bbox 2688 5355 2948 5418; x_wconf 88' lang='lat' dir='ltr'><strong>perpetua</strong></span> <span class='ocrx_word' id='word_1_869' title='bbox 2962 5341 3108 5396; x_wconf 88' lang='lat' dir='ltr'><strong>salus</strong></span> <span class='ocrx_word' id='word_1_870' title='bbox 3125 5339 3376 5410; x_wconf 88' lang='lat' dir='ltr'><strong>corporis</strong></span> 
     </span>
    </p>
   </div>
   <div class='ocr_carea' id='block_1_115' title="bbox 1772 5436 3380 5518">
    <p class='ocr_par' dir='ltr' id='par_1_115' title="bbox 1772 5436 3380 5518">
     <span class='ocr_line' id='line_1_115' title="bbox 1772 5436 3380 5518; baseline -0.009 -12"><span class='ocrx_word' id='word_1_871' title='bbox 1772 5459 1829 5507; x_wconf 89' lang='lat' dir='ltr'><strong>et</strong></span> <span class='ocrx_word' id='word_1_872' title='bbox 1858 5449 2054 5505; x_wconf 65' lang='lat' dir='ltr'><strong>animae</strong></span> <span class='ocrx_word' id='word_1_873' title='bbox 2080 5464 2236 5505; x_wconf 68' lang='lat' dir='ltr'><strong>meas.</strong></span> <span class='ocrx_word' id='word_1_874' title='bbox 2259 5447 2485 5518; x_wconf 83' lang='lat' dir='ltr'><strong>Repelle</strong></span> <span class='ocrx_word' id='word_1_875' title='bbox 2506 5460 2536 5499; x_wconf 90' lang='lat' dir='ltr'><strong>a</strong></span> <span class='ocrx_word' id='word_1_876' title='bbox 2555 5459 2642 5499; x_wconf 91' lang='lat' dir='ltr'><strong>me</strong></span> <span class='ocrx_word' id='word_1_877' title='bbox 2658 5441 2980 5498; x_wconf 87' lang='lat' dir='ltr'><strong>insidiantes</strong></span> <span class='ocrx_word' id='word_1_878' title='bbox 2998 5437 3155 5494; x_wconf 91' lang='lat' dir='ltr'><strong>mihi.</strong></span> <span class='ocrx_word' id='word_1_879' title='bbox 3180 5436 3380 5493; x_wconf 84' lang='lat' dir='ltr'><strong>Hostes</strong></span> 
     </span>
    </p>
   </div>
   <div class='ocr_carea' id='block_1_116' title="bbox 1772 5532 3383 5614">
    <p class='ocr_par' dir='ltr' id='par_1_116' title="bbox 1772 5532 3383 5614">
     <span class='ocr_line' id='line_1_116' title="bbox 1772 5532 3383 5614; baseline -0.011 -13"><span class='ocrx_word' id='word_1_880' title='bbox 1772 5542 2034 5601; x_wconf 84' lang='lat' dir='ltr'><strong>recedant</strong></span> <span class='ocrx_word' id='word_1_881' title='bbox 2061 5542 2303 5614; x_wconf 90' lang='lat' dir='ltr'><strong>procula</strong></span> <span class='ocrx_word' id='word_1_882' title='bbox 2332 5538 2620 5609; x_wconf 71' lang='lat' dir='ltr'><strong>praesentia</strong></span> <span class='ocrx_word' id='word_1_883' title='bbox 2647 5545 2760 5600; x_wconf 88' lang='lat' dir='ltr'><strong>tua,</strong></span> <span class='ocrx_word' id='word_1_884' title='bbox 2784 5541 2844 5589; x_wconf 96' lang='lat' dir='ltr'><strong>ut</strong></span> <span class='ocrx_word' id='word_1_885' title='bbox 2866 5532 3000 5588; x_wconf 87' lang='lat' dir='ltr'><strong>foris</strong></span> <span class='ocrx_word' id='word_1_886' title='bbox 3027 5542 3080 5586; x_wconf 92' lang='lat' dir='ltr'><strong>et</strong></span> <span class='ocrx_word' id='word_1_887' title='bbox 3111 5533 3257 5587; x_wconf 92' lang='lat' dir='ltr'><strong>intus</strong></span> <span class='ocrx_word' id='word_1_888' title='bbox 3283 5545 3383 5602; x_wconf 87' lang='lat' dir='ltr'><strong>per</strong></span> 
     </span>
    </p>
   </div>
   <div class='ocr_carea' id='block_1_117' title="bbox 1776 5626 3384 5700">
    <p class='ocr_par' dir='ltr' id='par_1_117' title="bbox 1776 5626 3384 5700">
     <span class='ocr_line' id='line_1_117' title="bbox 1776 5626 3384 5700; baseline -0.009 -6"><span class='ocrx_word' id='word_1_889' title='bbox 1776 5645 1830 5694; x_wconf 86' lang='lat' dir='ltr'><strong>te</strong></span> <span class='ocrx_word' id='word_1_890' title='bbox 1849 5638 2110 5700; x_wconf 87' lang='lat' dir='ltr'><strong>munitus,</strong></span> <span class='ocrx_word' id='word_1_891' title='bbox 2125 5643 2276 5691; x_wconf 87' lang='lat' dir='ltr'><strong>recto</strong></span> <span class='ocrx_word' id='word_1_892' title='bbox 2295 5631 2511 5687; x_wconf 83' lang='lat' dir='ltr'><strong>tramite</strong></span> <span class='ocrx_word' id='word_1_893' title='bbox 2531 5627 2846 5699; x_wconf 90' lang='lat' dir='ltr'><strong>perveniam</strong></span> <span class='ocrx_word' id='word_1_894' title='bbox 2862 5626 2927 5681; x_wconf 90' lang='lat' dir='ltr'><strong>ad</strong></span> <span class='ocrx_word' id='word_1_895' title='bbox 2948 5636 3100 5682; x_wconf 91' lang='lat' dir='ltr'><strong>tuum</strong></span> <span class='ocrx_word' id='word_1_896' title='bbox 3121 5640 3384 5696; x_wconf 86' lang='lat' dir='ltr'><strong>regnum;</strong></span> 
     </span>
    </p>
   </div>
   <div class='ocr_carea' id='block_1_118' title="bbox 1777 5717 3387 5800">
    <p class='ocr_par' dir='ltr' id='par_1_118' title="bbox 1777 5717 3387 5800">
     <span class='ocr_line' id='line_1_118' title="bbox 1777 5717 3387 5800; baseline -0.007 -16"><span class='ocrx_word' id='word_1_897' title='bbox 1777 5730 1868 5786; x_wconf 82' lang='lat' dir='ltr'><strong>tibi</strong></span> <span class='ocrx_word' id='word_1_898' title='bbox 1900 5745 2007 5784; x_wconf 81' lang='lat' dir='ltr'><strong>ncn</strong></span> <span class='ocrx_word' id='word_1_899' title='bbox 2049 5726 2350 5800; x_wconf 84' lang='lat' dir='ltr'><strong>mysteriis,</strong></span> <span class='ocrx_word' id='word_1_900' title='bbox 2377 5723 2519 5778; x_wconf 89' lang='lat' dir='ltr'><strong>sicut</strong></span> <span class='ocrx_word' id='word_1_901' title='bbox 2562 5722 2618 5777; x_wconf 92' lang='lat' dir='ltr'><strong>in</strong></span> <span class='ocrx_word' id='word_1_902' title='bbox 2651 5723 2752 5778; x_wconf 91' lang='lat' dir='ltr'><strong>hoc</strong></span> <span class='ocrx_word' id='word_1_903' title='bbox 2783 5730 3030 5792; x_wconf 88' lang='lat' dir='ltr'><strong>tempore</strong></span> <span class='ocrx_word' id='word_1_904' title='bbox 3060 5721 3260 5791; x_wconf 87' lang='lat' dir='ltr'><strong>agitur,</strong></span> <span class='ocrx_word' id='word_1_905' title='bbox 3289 5717 3387 5773; x_wconf 89' lang='lat' dir='ltr'><strong>sed</strong></span> 
     </span>
    </p>
   </div>
   <div class='ocr_carea' id='block_1_119' title="bbox 1785 5809 3391 5884">
    <p class='ocr_par' dir='ltr' id='par_1_119' title="bbox 1785 5809 3391 5884">
     <span class='ocr_line' id='line_1_119' title="bbox 1785 5809 3391 5884; baseline -0.011 -4"><span class='ocrx_word' id='word_1_906' title='bbox 1785 5825 1924 5881; x_wconf 88' lang='lat' dir='ltr'><strong>facie</strong></span> <span class='ocrx_word' id='word_1_907' title='bbox 1953 5823 2018 5879; x_wconf 88' lang='lat' dir='ltr'><strong>ad</strong></span> <span class='ocrx_word' id='word_1_908' title='bbox 2051 5823 2242 5878; x_wconf 84' lang='lat' dir='ltr'><strong>faciem</strong></span> <span class='ocrx_word' id='word_1_909' title='bbox 2265 5828 2317 5875; x_wconf 91' lang='lat' dir='ltr'><strong>te</strong></span> <span class='ocrx_word' id='word_1_910' title='bbox 2338 5816 2666 5884; x_wconf 84' lang='lat' dir='ltr'><strong>videbimus,</strong></span> <span class='ocrx_word' id='word_1_911' title='bbox 2698 5825 2817 5874; x_wconf 88' lang='lat' dir='ltr'><strong>&#39;cum</strong></span> <span class='ocrx_word' id='word_1_912' title='bbox 2844 5813 3133 5873; x_wconf 80' lang='lat' dir='ltr'><strong>tradideris</strong></span> <span class='ocrx_word' id='word_1_913' title='bbox 3163 5809 3391 5882; x_wconf 69' lang='lat' dir='ltr'><strong>regnum</strong></span> 
     </span>
    </p>
   </div>
  </div>
