3944 6310
601 325 712 386 755

599 535 672 590 de
719 541 773 592 te
815 533 1038 590 satiabis
1085 532 1334 588 satietate
1381 537 1666 602 perpetua,
1717 537 1775 586 ut
1805 545 1906 585 nec
1937 529 2203 596 esuriant,

601 645 706 684 nec
737 628 916 684 sitiam
947 628 998 682 in
1036 623 1342 683 aeternum:
1378 623 1474 696 qu'i
1511 639 1634 679 cum
1681 621 1872 680 eodem
1907 623 2018 678 Deo
2047 621 2208 678 Patre

602 731 660 776 et
703 721 910 791 Spiritu
941 731 1131 776 sancto
1161 719 1302 774 vivis
1347 727 1400 773 et
1443 731 1641 788 regnas
1671 731 1770 788 per
1793 716 1976 772 omnia
2007 715 2204 770 sarcula

604 813 956 882 steculomm,
987 813 1169 868 amen.

1041 897 1390 960 PRECATIO
1431 899 1771 959 SECUNDA.

911 997 1046 1054 Item
1075 997 1132 1052 in
1159 995 1544 1066 prwparatione
1568 995 1638 1050 ad
1663 991 1898 1048 Missam.

679 1096 733 1150 i.
776 1091 1002 1152 Semina
1049 1099 1106 1148 et
1149 1089 1714 1162 incomprehensibilis
1775 1097 1988 1152 natuta,
2040 1085 2211 1140 virtus

603 1189 824 1259 vitaque
857 1187 1034 1254 beata,
1067 1185 1158 1240 lux
1185 1183 1602 1249 inaccessibilis,
1635 1197 1783 1248 vera,
1813 1181 2128 1252 singularis,
2159 1189 2212 1234 et

601 1297 712 1336 una
761 1281 1049 1351 sapientia,
1103 1279 1302 1334 veritas
1339 1275 1819 1340 incommutabilis,
1869 1283 2076 1340 sancta,
2131 1271 2212 1326 in-

601 1373 1015 1445 comparabilis,
1041 1379 1096 1427 et
1123 1377 1326 1426 aeterna
1356 1369 1596 1432 dilectio,
1625 1367 2001 1438 temporalium
2029 1379 2212 1422 rerum

605 1468 728 1523 sine
786 1475 1035 1536 tempore
1079 1464 1352 1528 conditor,
1403 1461 1700 1516 visibilium
1753 1469 1808 1516 et
1859 1457 2210 1514 invisibilium

603 1557 893 1614 invisibilis
939 1565 1287 1626 :eternusque
1343 1563 1606 1624 patrator,
1655 1553 1815 1608 Pater
1846 1559 1901 1607 et
1947 1551 2118 1606 Filius
2161 1561 2213 1605 et

604 1655 844 1726 Spiritus
873 1663 1112 1719 sanctus,
1139 1667 1278 1708 unus
1315 1659 1369 1706 et
1393 1663 1554 1705 verus
1581 1649 1630 1702 in
1653 1647 1919 1702 Trinitate
1951 1645 2214 1701 Dominus

605 1749 794 1804 Deus:
843 1747 1004 1802 Pater
1049 1761 1154 1801 non
1189 1745 1394 1799 habens
1425 1759 1452 1796 a
1485 1757 1596 1810 quo
1631 1743 1728 1807 sis,
1777 1741 1986 1794 habens
2033 1749 2213 1793 tamen

605 1841 956 1912 sapientiam,
991 1839 1043 1894 id
1092 1847 1198 1902 est,
1233 1835 1454 1903 Filium,
1511 1836 1598 1892 cui
1649 1835 1822 1904 major
1855 1835 1936 1889 \‘el
1968 1832 2214 1888 anterior
2249 1831 2292 1894 Β
2321 1839 2556 1895 luxuria.
2589 1839 2695 1896 Sed
2715 1849 3076 1894 etnmnerosa
3095 1837 3412 1910 propaginis
3433 1837 3566 1893 turba
3581 1839 3774 1910 ctsiugulis

607 1951 720 1992 non
753 1935 826 1990 sis
853 1957 868 1990 :
897 1933 1067 1990 Filius
1097 1931 1304 1988 habens
1333 1931 1544 1986 Patrem
1571 1945 1596 1982 a
1623 1943 1732 2000 quo
1763 1930 1860 1992 sis.
1891 1943 1998 1983 non
2029 1937 2212 1982 tamen

609 2029 820 2086 habens
847 2029 936 2083 cui
969 2029 1145 2083 minor
1171 2027 1256 2082 vel
1287 2025 1558 2097 poeterior
1584 2026 1660 2079 sis
1685 2041 1698 2076 :
1731 2021 1968 2094 Spiritus
1995 2031 2216 2076 sanctus

607 2121 818 2177 habens
857 2121 1070 2176 Patrem
1104 2129 1156 2174 et
1191 2118 1410 2182 Filium,
1459 2131 1489 2170 a
1519 2115 1716 2186 quibus
1759 2114 1857 2178 sis,
1901 2127 2004 2168 non
2035 2121 2216 2168 tamen

611 2215 822 2270 habens
847 2213 1044 2282 quibus
1079 2214 1160 2268 vel
1195 2209 1480 2282 ina-qualis
1511 2209 1595 2264 vel
1624 2210 1796 2278 impar
1825 2207 1902 2262 sis
1929 2223 1944 2272 ;
1975 2206 2098 2276 quia
2133 2215 2218 2260 to-

613 2307 805 2365 tumin
837 2307 935 2362 hac
960 2315 1046 2361 tua
1069 2305 1374 2370 divinitate,
1405 2304 1492 2358 cui
1515 2311 1732 2372 tempus
1759 2315 2050 2372 numquam
2075 2301 2220 2356 acci-

611 2401 718 2466 dit,
768 2407 1032 2455 rctcrnum
1068 2413 1130 2454 ac
1177 2409 1534 2462 coaeternum,
1569 2395 1778 2462 aequale
1828 2409 1893 2449 ac
1945 2392 2222 2463 coarquale

615 2503 724 2562 est,
757 2495 809 2549 in
859 2509 962 2565 qua
995 2493 1140 2548 alius
1167 2491 1351 2556 Pater,
1397 2490 1536 2544 alius
1579 2489 1773 2552 Filius,
1816 2487 1956 2542 alius
1987 2485 2223 2556 Spiritus

615 2599 878 2644 sanatus:
911 2585 1004 2642 sed
1035 2585 1197 2642 Pater
1229 2586 1278 2640 in
1309 2584 1450 2639 Filio
1479 2591 1532 2638 et
1573 2582 1776 2652 Spiritu
1809 2589 2024 2644 sancto,
2056 2577 2224 2632 Filius

617 2681 672 2736 in
703 2679 866 2735 Patre
894 2689 950 2736 et
975 2677 1184 2747 Spiritu
1217 2687 1430 2743 sancto,-
1457 2674 1694 2745 Spiritus
1721 2681 1941 2728 Sanctus
1983 2671 2033 2726 in
2066 2671 2226 2726 Patre

617 2776 678 2830 et
727 2773 872 2828 Filio
923 2783 1044 2838 eSt;
1077 2771 1202 2842 quia
1253 2771 1395 2826 sicut
1436 2775 1548 2836 tua,
1604 2767 1748 2822 Deus
1777 2775 1985 2832 noster,
2037 2773 2225 2820 natura

619 2873 886 2938 personas
929 2864 1144 2935 recipit,
1203 2863 1282 2918 sic
1330 2871 1512 2933 partes
1554 2875 1894 2931 nequaquam
1943 2858 2224 2914 admittit:

620 2963 708 3016 cui
753 2975 852 3017 nec
881 2971 1069 3030 supra,
1103 2973 1204 3014 nec
1233 2958 1444 3022 subtus,
1470 2967 1598 3011 ante
1627 2945 1708 3010 rei
1755 2951 1904 3010 retro
1934 2953 2186 3010 convenit
2211 2995 2224 3018 ,

621 3055 751 3124 quia
779 3069 1068 3124 corporum
1103 3053 1432 3106 lineamenta
1465 3065 1572 3104 non
1603 3049 1818 3118 recipit.
1853 3047 2005 3104 Unde
2037 3055 2090 3102 et
2120 3053 2230 3101 tota

625 3147 878 3202 omnibus
913 3147 964 3200 in
999 3147 1134 3200 locis
1165 3145 1284 3198 sine
1319 3145 1443 3198 loco
1473 3141 1730 3206 ltabetnr,
1773 3155 1876 3196 nec
1907 3149 2086 3194 tamen
2119 3147 2228 3194 tota

625 3239 1155 3310 comprehenditur;
1191 3247 1300 3292 tota
1325 3247 1558 3306 namque
1585 3236 1782 3306 ubique
1823 3237 2072 3301 babetttr,
2106 3235 2230 3304 quia
2261 3235 2305 3297 C
2341 3247 2704 3320 pmvideras.
2743 3261 2868 3300 cum
2923 3261 3020 3314 ρετ
3051 3243 3331 3298 hominem
3375 3245 3666 3311 assumptum
3688 3243 3796 3290 anno:

627 3335 870 3405 proiecto
903 3347 1025 3402 pars
1057 3331 1108 3386 in
1142 3347 1204 3385 ea
1239 3331 1381 3385 nulla
1413 3331 1686 3400 reperitur
1713 3347 1726 3381 :
1758 3337 1865 3382 tota
1911 3337 2091 3382 autem
2123 3341 2230 3382 non

627 3425 1135 3497 comprehenditur,
1193 3425 1314 3494 quia
1367 3423 1624 3478 videlicet
1678 3435 1800 3477 cum
1861 3421 1914 3476 in
1965 3423 2236 3476 creaturis

629 3520 924 3590 unicuique
949 3527 1056 3572 tota
1079 3529 1322 3586 praesens
1339 3516 1595 3583 eiticitur,
1617 3517 1780 3572 etiam
1802 3516 1938 3570 ultra
1953 3525 2236 3571 creaturas

545 3685 549 3690 τ
631 3627 741 3671 tota
793 3616 1090 3671 invenitur.
1143 3605 1506 3682 Quamobrem
1539 3619 1662 3669 eum
1707 3615 1906 3670 ccelutn
1951 3621 2004 3668 et
2035 3621 2234 3668 terram

631 3709 844 3781 implet,
881 3713 989 3766 tdta
1019 3711 1138 3766 erit:
1186 3719 1308 3764 etnn
1355 3708 1630 3764 hominem
1667 3723 1832 3763 unum
1876 3707 2091 3776 implet,
2125 3713 2235 3763 tota

632 3817 716 3861 est
744 3822 757 3870 ;
789 3805 890 3860 nec
920 3804 1162 3859 variatur
1203 3817 1298 3872 per
1329 3802 1562 3873 Singula,
1595 3809 1714 3872 quae
1763 3801 1813 3856 itt
1847 3801 2076 3872 singulis
2124 3803 2238 3856 tota

629 3909 746 3964 est;
775 3913 874 3954 nec
891 3898 957 3953 de
973 3900 1092 3953 to‘co
1105 3896 1172 3952 ad
1195 3898 1370 3952 locum
1394 3895 1607 3960 transit,
1624 3911 1746 3952 cum
1769 3901 1932 3950 unum
1951 3895 2237 3961 deserens,

633 3995 864 4050 alterum
901 3993 1052 4064 petit,
1086 4009 1206 4064 qua:
1235 3993 1580 4062 semetipsum
1621 3991 1742 4046 sine
1771 3992 1890 4046 loco
1915 4001 1966 4046 et
1991 3997 2242 4060 tempore

637 4091 842 4144 movet.
873 4087 1009 4142 llinc
1053 4087 1255 4142 inci-ito
1293 4085 1576 4152 colt-nilus,
1629 4085 1753 4140 hinc
1775 4083 2112 4140 'adorandus
2157 4099 2238 4149 cs,

639 4181 766 4235 hinc
823 4179 1304 4246 incommutabilis,
1347 4179 1474 4234 hinc
1523 4177 2022 4248 incircumscriptus
2071 4193 2241 4248 agno-

637 4271 806 4328 sceris
833 4291 844 4325 :
881 4267 1006 4326 hinc
1033 4269 1298 4327 mediator
1315 4271 1410 4328 Dei
1429 4279 1482 4327 el
1505 4269 1786 4325 hominum
1809 4273 1970 4326 homo
1993 4269 2243 4326 Christus

640 4364 799 4421 Jesus
847 4364 1143 4420 secundum
1203 4365 1501 4420 divinitatis
1547 4365 1868 4430 essentiam,
1923 4373 2066 4418 totus
2120 4369 2243 4419 cum

641 4457 950 4514 hominibus
991 4457 1045 4514 in
1079 4457 1262 4524 terris,
1308 4465 1452 4512 totus
1497 4465 1763 4512 eratcum
1795 4455 1952 4511 Patre
1985 4456 2034 4509 in
2068 4455 2242 4525 caelis,

645 4545 768 4606 cum
796 4549 1046 4606 diceret:
1095 4549 1266 4604 Nemo
1304 4549 1538 4604 ascendit
1567 4549 1620 4602 in
1667 4549 1874 4614 ctutum,
1923 4547 2024 4603 nisi
2065 4549 2154 4620 qui
2185 4549 2248 4604 de

642 4645 768 4700 caelo
790 4641 1056 4698 descendit
1085 4643 1259 4698 Filius
1295 4643 1545 4708 hominis,
1571 4643 1660 4713 qui
1691 4643 1746 4695 in
1776 4641 1904 4696 caelo
1935 4647 2010 4696 est
2039 4639 2238 4710 (Joan.
2270 4639 2319 4698 D

644 4751 727 4805 ut,
760 4737 882 4811 15).
922 4729 1022 4805 Qui
1053 4737 1334 4802 videlicet,
1371 4754 1486 4791 cum
1515 4737 1569 4791 in
1611 4736 1784 4806 forma
1819 4734 1912 4788 Dei
1943 4745 2092 4802 esset,
2141 4751 2246 4789 non

641 4834 880 4904 rapinam
934 4831 1222 4886 arbitratus
1269 4841 1344 4886 est
1397 4847 1506 4886 esse
1543 4845 1598 4884 se
1647 4829 1898 4898 wqualem
1953 4827 2102 4883 Deo:
2155 4827 2246 4884 sed

641 4927 974 4997 semetipsum
1011 4925 1312 4986 exinanivit,
1355 4929 1578 4996 formam
1629 4923 1760 4976 servi
1803 4921 2080 4993 accipiens,
2137 4929 2162 4957 τι
2193 4921 2248 4974 in

643 5019 1048 5078 similitudine»:
1088 5019 1358 5076 hominum
1390 5025 1581 5091 factus,
1635 5029 1682 5073 et
1720 5019 1898 5073 habitu
1929 5019 2161 5073 inventus
2193 5028 2248 5073 ut

647 5117 820 5172 homo.
857 5115 1170 5170 Humiliavit
1210 5115 1561 5186 semetipsum,
1593 5113 1765 5185 Iactus
1801 5109 2044 5167 obediens
2089 5127 2248 5184 usque

642 5211 712 5266 ad
743 5221 976 5274 mortem,
1012 5219 1234 5264 mortem
1257 5215 1434 5264 autem
1459 5209 1630 5263 crucis
1660 5209 1677 5280 (
1704 5205 1908 5278 Philip.
1943 5221 2004 5275 tt,
2043 5207 2136 5280 6).

717 5305 770 5360 ἓ.
817 5307 920 5362 Ριϊ
951 5303 1094 5360 hunc
1124 5315 1197 5371 te,
1233 5303 1388 5359 beata
1415 5301 1675 5366 Trinitas,
1709 5295 2062 5356 liut'n'anitatis
2093 5297 2249 5355 habi-

649 5407 785 5464 tum,
818 5379 980 5471 49³
1027 5403 1122 5468 per
1153 5395 1314 5467 hujus
1347 5393 1707 5466 Subjectionis
1747 5391 2112 5448 humilitatem
2157 5391 2253 5448 de—

655 5509 872 5561 precor,
905 5507 1000 5560 per
1050 5491 1211 5562 hujus
1243 5489 1669 5546 sacratissimam
1716 5487 2106 5556 obedientiam,
2159 5503 2254 5560 per

655 5583 814 5654 hujus
863 5583 1231 5640 beatissimam
1265 5587 1498 5640 ttiortetn
1531 5587 1698 5640 εισι-ο
1737 5584 1790 5639 in
1824 5583 2050 5654 prithis;
2097 5591 2157 5640 ut
2203 5587 2254 5639 te

726 5755 751 5784 α
774 5745 994 5816 Omnes
1020 5745 1176 5812 edit.,
1227 5749 1281 5801 in
1311 5745 1704 5800 similitudinem
1743 5743 2028 5812 hominum,
2069 5748 2236 5816 factus

655 5815 892 5888 obediens
911 5833 929 5882 ;
953 5823 1242 5888 caeteraex
1273 5817 1406 5888 Reg.
1434 5816 1556 5872 cod.
1588 5819 1836 5874 restituta
1869 5827 2014 5872 sunt.

725 5885 752 5930 δ
782 5885 916 5962 ειυς.
948 5883 1095 5958 cod.,
1129 5887 1192 5944 de
1215 5883 1457 5962 paradiso
1483 5889 1692 5946 utinat'it

1535 323 1628 378 an
1665 315 1898 380 OPERA
1936 295 2186 381 S.\NCTl
2231 307 2558 380 sittinosn
2599 309 2968 380 APPENDIX.
3691 335 3753 393 tu

605 444 720 498 Deo
749 431 918 508 Patri,
947 449 1000 499 et
1031 439 1136 498 erit
1165 439 1306 496 Deus
1341 437 1522 494 omnia
1556 438 1608 492 in
1631 435 1904 493 omnibus.
1937 437 2088 493 Tunc
2113 449 2201 493 me
2310 435 2595 492 Dominum
2631 435 2796 491 Deum
2849 451 3026 490 mcum
3075 435 3310 506 diligam,
3357 443 3402 491 te
3441 438 3601 502 sitiam.
3635 451 3670 498 te
3689 455 3756 500 tua

2309 529 2474 588 corti’e
2507 531 2816 604 perquiram
2845 549 2856 583 :
2887 529 3090 586 deinde
3129 539 3184 584 ut
3231 529 3508 600 proximum
3543 533 3651 602 juxta
3673 539 3757 598 rites

2309 635 2471 698 atque
2503 641 2812 682 mensuram
2848 625 2898 679 in
2941 623 3041 680 hac
3083 623 3198 696 ipsa
3230 631 3316 678 tua
3344 625 3593 684 dilectione
3617 629 3756 690 charum

2309 733 2530 790 semper
2553 719 2716 790 atque
2746 719 3001 774 dilectum
3029 717 3326 774 attendam.
3353 719 3452 774 Sed
3475 719 3586 775 hanc
3607 721 3760 782 dilectio-

2314 827 2437 868 nem
2471 811 2631 876 nulli,
2665 809 2925 877 Domine,
2959 809 3282 882 pra-stabis,
3329 809 3424 866 nisi
3459 811 3534 866 cui
3555 813 3650 868 vitia
3674 819 3761 886 prius

2313 907 2494 963 odisse
2514 907 2821 962 donaveris.
2844 905 3086 962 Obsecro
3108 921 3258 974 ergo,
3274 905 3355 976 pia
3377 911 3428 960 et
3443 921 3548 961 vera
3561 909 3763 965 miseritu-

2313 1001 2422 1064 dia,
2448 1001 2618 1056 solida
2641 1011 2804 1072 atqtte
2825 1002 2981 1056 unica
3003 1015 3128 1068 Spes
3153 1017 3294 1068 utea,
3315 1007 3374 1056 ut
3390 1002 3612 1070 superbiae
3629 1015 3762 1076 regii

2314 1095 2529 1150 aul'eras
2557 1095 2624 1150 ab
2651 1095 2829 1149 anima
2864 1111 3004 1149 mca.
3037 1094 3394 1161 llorrendum,
3429 1095 3766 1168 Dumine,pateti-

2315 1187 2554 1259 dumque
2605 1197 2713 1243 tam
2765 1189 3058 1244 maximum
3109 1189 3348 1250 malum,
3399 1187 3526 1258 quod
3551 1191 3706 1260 angelos
3731 1193 3766 1250 de

2315 1283 2455 1338 caelo
2477 1281 2724 1352 projeclt,
2740 1281 2882 1352 quod
2903 1281 3152 1338 homines
3173 1281 3200 1320 δ
3229 1281 3296 1338 de
3321 1282 3548 1352 paradiso
3561 1283 3768 1352 elitnitmit,

2317 1373 2569 1443 quodque
2599 1371 2808 1428 initium
2837 1375 3015 1428 omnis
3043 1371 3252 1442 peccati
3275 1381 3378 1436 est,
3413 1383 3462 1427 et
3480 1373 3534 1427 ad
3557 1375 3680 1444 ipsmn
3701 1395 3769 1446 [ﬂ-

2320 1469 2456 1524 tinet
2482 1467 2742 1537 quidquid
2775 1467 2892 1522 vitii
2938 1477 2990 1522 et
3041 1465 3342 1538 iniquitatis
3387 1473 3486 1533 est,
3518 1467 3634 1538 cujus
3666 1471 3770 1538 prima

2318 1561 2541 1616 soboles
2589 1571 2800 1632 scptcm
2849 1559 3100 1614 nimirttm
3151 1559 3463 1629 principalia
3503 1562 3617 1627 vitia,
3651 1563 3772 1619 ctltat

2319 1653 2583 1708 virulenta
2630 1651 2811 1708 radice
2851 1653 3221 1723 proferuntur,
3269 1651 3474 1708 scilicet
3507 1652 3772 1724 iuanisglurit,

2323 1745 2542 1812 invidia,
2573 1745 2674 1812 ira,
2696 1745 2936 1812 tristitia,
2965 1745 3218 1812 avaritia,
3244 1743 3773 1818 ventrisinglut-iesatqu

3811 4287 3812 4296 η

3811 4379 3812 4388 η

3815 4190 3866 4500 Ι

3781 4500 3866 4758 ξ,

3787 4758 3866 5045 1

3781 5141 3866 5328 “ul

2319 1947 2633 2008 generatur.

2394 2033 2447 2086 5.
2475 2025 2655 2085 inanis
2695 2043 2829 2100 ergo
2868 2027 3037 2100 gloria
3077 2043 3198 2084 cum
3231 2027 3390 2098 plene
3423 2029 3774 2096 meatemccperit,

2323 2139 2450 2178 mox
2495 2122 2872 2194 septiformem
2924 2123 2976 2176 in
3023 2121 3111 2175 illa
3157 2119 3453 2191 nequitiam
3497 2121 3647 2191 gignit,
3667 2121 3775 2174 inelue-

2322 2211 2584 2274 dientiatn
2629 2216 2863 2278 scilicet,
2917 2213 3268 2284 iactantiam;
3309 2211 3610 2284 hypocrisin,
3641 2219 3776 2264 Cititlt‘ll'

2325 2309 2526 2364 tionem
2555 2351 2570 2374 ,
2625 2307 3026 2380 pertinaciam,
3073 2305 3408 2362 discordiam
3437 2347 3452 2368 ,
3499 2320 3554 2360 ac
3596 2305 3778 2358 novitatis

2325 2399 2951 2476 prtesumptionem.Setl
2981 2401 3024 2455 si
3053 2399 3179 2455 huic
3207 2413 3336 2454 vera
3368 2399 3615 2454 humilitas
3638 2413 3780 2468 oppon-

2327 2509 2431 2565 tur,
2463 2497 2639 2552 omnis
2665 2497 2782 2568 ejus
2809 2495 3048 2568 nequitia
3071 2505 3354 2550 vacuatur.
3379 2493 3455 2551 Te
3479 2509 3589 2565 ergo
3605 2493 3779 2561 deputo,

2329 2591 2653 2648 humilitatis
2704 2591 2986 2660 magister,
3035 2599 3092 2643 ttt
3143 2587 3286 2643 hanc
3335 2587 3484 2642 cordi
3529 2601 3626 2642 meo
3645 2585 3782 2644 inserts,

2331 2693 2700 2756 insertatnque
2728 2683 3029 2749 custodias,
3061 2699 3180 2752 qua:
3211 2682 3341 2738 dum
3369 2677 3784 2736 cunctisiuierionn

2331 2797 2389 2837 se
2441 2779 2690 2848 attendit,
2739 2779 3137 2850 subjeelionem
3198 2775 3446 2846 protinus
3477 2773 3634 2846 gignit,
3668 2773 3788 2842 jactur

2333 2877 2461 2930 tiam
2504 2871 2819 2944 exstinguit,
2845 2857 3162 2944 hypocrisin
3211 2867 3476 2936 excludit,
3517 2865 3788 2924 contemtorem

2333 2967 2556 3038 refugit,
2597 2967 2955 3036 pertinaciam
2986 2963 3218 3029 emollit,
3263 2959 3580 3016 discordiam
3611 2963 3788 3030 prcutit.

2335 3061 2637 3117 novitatum
2669 3057 3153 3129 praesumptionem
3190 3053 3470 3109 abhorret.
3497 3043 3592 3108 lloc
3613 3047 3792 3105 beatulu-

2337 3157 2586 3213 militatis
2638 3153 3001 3210 medicamine
3056 3151 3303 3205 morbum
3350 3147 3586 3204 elationis
3609 3143 3792 3200 sanandum

2339 3355 2539 3400 nostrm
2587 3341 2804 3404 salutis,
2863 3339 2970 3394 tuis
3025 3339 3092 3393 ad
3143 3349 3198 3393 te
3255 3331 3584 3393 venientibus
3627 3331 3798 3388 diceres:

2337 3439 2536 3493 Discite
2567 3455 2597 3491 α
2629 3451 2708 3490 me
2729 3435 2848 3502 quia
2875 3435 3012 3489 mitis
3042 3449 3154 3488 sum
3182 3442 3228 3486 et
3255 3431 3472 3486 humilis
3497 3429 3642 3486 corde.
3665 3433 3698 3480 τε
3721 3427 3798 3476 isn-

2341 3533 2490 3588 nietis
2529 3531 2748 3601 requiem
2795 3527 3070 3584 animabus
3115 3529 3295 3580 reatris
3341 3515 3548 3598 (Matth.
3585 3538 3644 3588 xt,
3677 3507 3800 3576 Sili-El

2341 3641 2555 3682 rursum
2583 3642 2597 3678 :
2635 3621 2682 3677 Ν
2689 3623 2752 3677 iri
2771 3639 2882 3676 cont
2897 3621 3004 3677 ersi
3025 3621 3247 3692 fueritis,
3269 3631 3316 3673 et
3341 3617 3612 3690 efﬁciamini
3629 3615 3722 3669 sicut
3739 3623 3804 3678 ρπι

2341 3719 2466 3785 culi,
2487 3735 2590 3773 non
2606 3717 2865 3771 inti-abitis
2885 3715 2936 3770 in
2950 3731 3160 3788 regnum
3179 3715 3424 3769 caelorum
3441 3705 3630 3785 (Matth.
3647 3701 3802 3769 ﬂuuii.

2414 3813 2467 3867 4.
2499 3811 2572 3866 De
2597 3809 2798 3865 invidia
2817 3823 3033 3878 quoque
3053 3805 3264 3870 odium,
3289 3805 3599 3866 susurratio,
3624 3793 3804 3860 detractio,

2343 3903 2632 3961 exsultatio
2659 3903 2713 3957 in
2761 3899 3006 3956 adversis
3061 3897 3332 3966 proximi,
3378 3895 3590 3952 afﬂictio
3626 3885 3804 3948 autemil

2342 3995 2620 4072 prosperis
2665 3995 2778 4067 ejus
2813 4003 3160 4066 propagatur.
3209 3993 3255 4047 υ
3284 3991 3424 4046 mala
3457 3979 3806 4068 pregetticsﬂl‘iii

2343 4088 2390 4144 si
2435 4091 2617 4143 animo
2683 4087 3001 4142 intromissa
3055 4084 3328 4140 dominari
3387 4081 3634 4152 coeperit,
3673 4079 3806 4128 omnem

2343 4187 2654 4242 sanctitatis
2691 4183 2936 4238 sobolem
2987 4183 3312 4254 exstinguit!
3367 4181 3470 4251 Qui
3515 4181 3662 4248 itaque
3685 4159 3808 4224 intin

2346 4281 2434 4337 vel
2487 4279 2639 4344 odit,
2679 4295 2786 4334 non
2833 4279 3000 4332 alium
3055 4277 3204 4346 prius
3249 4291 3412 4348 quam
3459 4289 3516 4330 se
3553 4273 3692 4344 ipsum
3731 4259 3812 4314 otti-

2346 4371 2422 4428 dit
2449 4391 2461 4425 :
2490 4375 2580 4442 qui
2607 4379 2854 4426 susurrat
2882 4379 2937 4426 et
2968 4367 3232 4432 detrahit,
3271 4370 3424 4438 prius
3453 4381 3569 4422 Sttas
3593 4375 3712 4435 quam
3737 4355 3812 4406 alia:

2351 4557 2444 4620 mi,
2475 4565 2527 4612 et
2550 4556 2804 4627 afﬂigitur
2828 4555 2879 4610 itt
2904 4555 3182 4625 pr05peris
3205 4555 3347 4624 ejus,
3377 4563 3400 4594 ‘3
3425 4555 3590 4608 alieno
3608 4563 3654 4602 se
3673 4543 3814 4615 printltll

2347 4649 2524 4720 gladio
2554 4649 2707 4718 petit.
2735 4647 2847 4703 Hoc
2870 4645 3171 4702 secundum
3201 4645 3472 4715 superbic
3493 4643 3726 4712 virgultum
3745 4627 3810 4684 tuti

2349 4743 2524 4812 primo
2571 4741 2666 4796 fuit
2715 4751 2987 4808 exortum,
3015 4755 3139 4796 eum
3175 4739 3267 4794 ille
3297 4737 3366 4795 de
3398 4753 3501 4810 quo
3523 4729 3794 4804 scriptumst

2349 4834 2559 4891 Invidia
2586 4833 2778 4890 diaboli
2805 4851 2942 4889 mors
2969 4833 3200 4888 introivit
3225 4834 3280 4886 in
3310 4833 3478 4887 orbem
3501 4841 3708 4885 terrorum
3729 4815 3788 4890 (Sa

2351 4947 2405 4996 ll,
2437 4930 2562 5000 Ἡ),
2585 4929 2720 4985 Cain
2745 4931 3018 4999 persuasit
3048 4937 3106 4983 ut
3133 4928 3323 4982 livoris
3351 4925 3476 4982 odio
3501 4910 3784 4979 fraternumlu

2352 5023 2508 5081 deret
2552 5025 2890 5095 sanguinem.
2941 5023 3048 5081 Sed
3107 5023 3364 5078 nimirum
3395 5021 3530 5076 idem
3558 5017 3666 5073 Cain
3687 5003 3800 5096 iniill

2354 5117 2504 5191 prius
2527 5133 2676 5173 suam
2705 5119 2966 5184 animam,
2992 5113 3153 5188 quam
3177 5115 3410 5170 alterius
3435 5125 3632 5169 carnem
3663 5095 3794 5176 peremi

2355 5213 2616 5284 scriptum
2659 5213 2860 5284 quippe
2891 5221 2976 5268 est
3005 5229 3018 5264 :
3055 5211 3289 5277 Quiodit
3318 5213 3526 5282 fratrem
3553 5215 3696 5260 suum.
3727 5193 3786 5246 lmi-

2353 5305 2470 5360 cida
2499 5313 2590 5359 est.
2619 5301 2684 5358 Et
2705 5304 2842 5360 scitis
2873 5303 2992 5374 quia
3015 5303 3180 5358 omnis
3201 5301 3462 5356 homicida
3488 5315 3580 5353 non
3599 5293 3716 5348 habet
3735 5285 3792 5336 τίη

2355 5409 2596 5454 wternam
2625 5399 2678 5454 in
2709 5415 2761 5454 se
2791 5409 3078 5453 manentem
3111 5395 3154 5471 (l
3181 5395 3344 5451 Joan.
3393 5409 3470 5475 nt,
3503 5389 3601 5464 i5).
3632 5377 3790 5475 11ἱιιίορξ1

2357 5493 2521 5554 mine.
2556 5499 2781 5565 apparet
2807 5494 2958 5564 cujus
2989 5469 3221 5564 primum
3252 5469 3522 5545 homicida
3549 5493 3638 5550 est,
3665 5469 3792 5550 quia"

2359 5603 2476 5642 rum
2499 5585 2634 5657 odit,
2681 5587 2734 5643 in
2775 5603 2883 5659 quo
2927 5590 3034 5642 vita
3065 5601 3172 5642 non
3205 5597 3308 5642 est.
3339 5583 3492 5654 Quod
3517 5587 3676 5638 contra
3693 5569 3788 5636 hints

2423 5757 2446 5787 ο
2475 5745 2551 5804 ita
2583 5746 2758 5820 codex
2787 5747 2946 5820 Reg;
2975 5745 3108 5804 edit.
3140 5754 3360 5818 autem,
3383 5744 3546 5801 alieno
3571 5731 3786 5814 prosiluit!

2347 5820 2472 5887 petit
2511 5819 2710 5894 gladio.
