  <div class='ocr_page' id='page_1' title='image "/cluster/home/n/w/nwhite01/storage/ocr_20150623/17/hvd.32044015471329/384.png"; bbox 0 0 3944 6310; ppageno 0'>
   <div class='ocr_carea' id='block_1_1' title="bbox 83 283 179 338">
    <p class='ocr_par' dir='ltr' id='par_1_1' title="bbox 83 283 179 338">
     <span class='ocr_line' id='line_1_1' title="bbox 83 283 179 338; baseline 0.042 -4"><span class='ocrx_word' id='word_1_1' title='bbox 83 283 111 334; x_wconf 83' lang='grc'>7</span> <span class='ocrx_word' id='word_1_2' title='bbox 125 287 179 338; x_wconf 76' lang='grc' dir='ltr'>ἰ7</span> 
     </span>
    </p>
   </div>
   <div class='ocr_carea' id='block_1_2' title="bbox 81 403 1270 470">
    <p class='ocr_par' dir='ltr' id='par_1_2' title="bbox 81 403 1270 470">
     <span class='ocr_line' id='line_1_2' title="bbox 81 403 1270 470; baseline 0 -12"><span class='ocrx_word' id='word_1_3' title='bbox 81 404 314 458; x_wconf 79' lang='lat' dir='ltr'><strong>amnium</strong></span> <span class='ocrx_word' id='word_1_4' title='bbox 374 403 711 460; x_wconf 82' lang='lat' dir='ltr'><strong>mitissimus</strong></span> <span class='ocrx_word' id='word_1_5' title='bbox 760 403 1037 470; x_wconf 85' lang='lat' dir='ltr'><strong>admonet,</strong></span> <span class='ocrx_word' id='word_1_6' title='bbox 1080 404 1270 459; x_wconf 84' lang='lat' dir='ltr'><strong>dicens</strong></span> 
     </span>
    </p>
   </div>
   <div class='ocr_carea' id='block_1_3' title="bbox 81 495 1684 570">
    <p class='ocr_par' dir='ltr' id='par_1_3' title="bbox 81 495 1684 570">
     <span class='ocr_line' id='line_1_3' title="bbox 81 495 1684 570; baseline 0.001 -20"><span class='ocrx_word' id='word_1_7' title='bbox 81 499 368 567; x_wconf 73' lang='lat' dir='ltr'><strong>proximum</strong></span> <span class='ocrx_word' id='word_1_8' title='bbox 403 507 558 552; x_wconf 88' lang='lat' dir='ltr'><strong>tuum</strong></span> <span class='ocrx_word' id='word_1_9' title='bbox 587 499 644 552; x_wconf 85' lang='lat' dir='ltr'><strong>in</strong></span> <span class='ocrx_word' id='word_1_10' title='bbox 670 498 824 552; x_wconf 82' lang='lat' dir='ltr'><strong>corde</strong></span> <span class='ocrx_word' id='word_1_11' title='bbox 848 507 932 551; x_wconf 92' lang='lat' dir='ltr'><strong>tuo</strong></span> <span class='ocrx_word' id='word_1_12' title='bbox 959 496 1107 570; x_wconf 81' lang='lat' dir='ltr'><strong>(Leu.</strong></span> <span class='ocrx_word' id='word_1_13' title='bbox 1141 513 1256 563; x_wconf 72' lang='lat' dir='ltr'><strong>XIX,</strong></span> <span class='ocrx_word' id='word_1_14' title='bbox 1291 495 1402 569; x_wconf 88' lang='grc'><strong>17).</strong></span> <span class='ocrx_word' id='word_1_15' title='bbox 1450 497 1512 553; x_wconf 80' lang='lat' dir='ltr'><strong>Et</strong></span> <span class='ocrx_word' id='word_1_16' title='bbox 1560 499 1684 568; x_wconf 88' lang='lat' dir='ltr'><strong>quia</strong></span> 
     </span>
    </p>
   </div>
   <div class='ocr_carea' id='block_1_4' title="bbox 82 589 1688 661">
    <p class='ocr_par' dir='ltr' id='par_1_4' title="bbox 82 589 1688 661">
     <span class='ocr_line' id='line_1_4' title="bbox 82 589 1688 661; baseline 0 -16"><span class='ocrx_word' id='word_1_17' title='bbox 82 591 201 656; x_wconf 81' lang='lat' dir='ltr'><strong>ille,</strong></span> <span class='ocrx_word' id='word_1_18' title='bbox 255 589 347 661; x_wconf 85' lang='lat' dir='ltr'><strong>qui</strong></span> <span class='ocrx_word' id='word_1_19' title='bbox 403 589 619 645; x_wconf 93' lang='lat' dir='ltr'><strong>invidet</strong></span> <span class='ocrx_word' id='word_1_20' title='bbox 671 600 722 645; x_wconf 87' lang='lat' dir='ltr'><strong>et</strong></span> <span class='ocrx_word' id='word_1_21' title='bbox 755 589 891 657; x_wconf 87' lang='lat' dir='ltr'><strong>odit,</strong></span> <span class='ocrx_word' id='word_1_22' title='bbox 926 601 1330 659; x_wconf 88' lang='lat' dir='ltr'><strong>consequenter</strong></span> <span class='ocrx_word' id='word_1_23' title='bbox 1357 595 1606 645; x_wconf 81' lang='lat' dir='ltr'><strong>susurrat</strong></span> <span class='ocrx_word' id='word_1_24' title='bbox 1635 600 1688 647; x_wconf 93' lang='lat' dir='ltr'><strong>et</strong></span> 
     </span>
    </p>
   </div>
   <div class='ocr_carea' id='block_1_5' title="bbox 79 681 1684 754">
    <p class='ocr_par' dir='ltr' id='par_1_5' title="bbox 79 681 1684 754">
     <span class='ocr_line' id='line_1_5' title="bbox 79 681 1684 754; baseline 0.001 -16"><span class='ocrx_word' id='word_1_25' title='bbox 79 682 339 746; x_wconf 88' lang='lat' dir='ltr'><strong>detrahit;</strong></span> <span class='ocrx_word' id='word_1_26' title='bbox 373 683 480 737; x_wconf 89' lang='lat' dir='ltr'><strong>hoc</strong></span> <span class='ocrx_word' id='word_1_27' title='bbox 507 683 714 738; x_wconf 89' lang='lat' dir='ltr'><strong>malum</strong></span> <span class='ocrx_word' id='word_1_28' title='bbox 745 683 1023 754; x_wconf 72' lang='lat' dir='ltr'><strong>Scriptura</strong></span> <span class='ocrx_word' id='word_1_29' title='bbox 1055 691 1239 739; x_wconf 91' lang='lat' dir='ltr'><strong>sancta</strong></span> <span class='ocrx_word' id='word_1_30' title='bbox 1269 681 1684 754; x_wconf 75' lang='lat' dir='ltr'><strong>przrcarcndum</strong></span> 
     </span>
    </p>
   </div>
   <div class='ocr_carea' id='block_1_6' title="bbox 80 774 1682 851">
    <p class='ocr_par' dir='ltr' id='par_1_6' title="bbox 80 774 1682 851">
     <span class='ocr_line' id='line_1_6' title="bbox 80 774 1682 851; baseline 0.003 -22"><span class='ocrx_word' id='word_1_31' title='bbox 80 776 358 829; x_wconf 74' lang='lat' dir='ltr'><strong>denuntiat</strong></span> <span class='ocrx_word' id='word_1_32' title='bbox 395 794 408 830; x_wconf 91' lang='lat'><strong>:</strong></span> <span class='ocrx_word' id='word_1_33' title='bbox 437 774 568 830; x_wconf 84' lang='lat' dir='ltr'><strong>Non</strong></span> <span class='ocrx_word' id='word_1_34' title='bbox 593 778 714 839; x_wconf 87' lang='lat' dir='ltr'><strong>eris,</strong></span> <span class='ocrx_word' id='word_1_35' title='bbox 750 776 944 848; x_wconf 88' lang='lat' dir='ltr'><strong>inquit,</strong></span> <span class='ocrx_word' id='word_1_36' title='bbox 969 793 1182 831; x_wconf 85' lang='lat' dir='ltr'><strong>susurro</strong></span> <span class='ocrx_word' id='word_1_37' title='bbox 1202 779 1251 832; x_wconf 87' lang='lat' dir='ltr'><strong>in</strong></span> <span class='ocrx_word' id='word_1_38' title='bbox 1271 779 1474 850; x_wconf 80' lang='lat' dir='ltr'><strong>populis</strong></span> <span class='ocrx_word' id='word_1_39' title='bbox 1493 777 1682 851; x_wconf 85' lang='lat' dir='ltr'><strong>(lbid.,</strong></span> 
     </span>
    </p>
   </div>
   <div class='ocr_carea' id='block_1_7' title="bbox 82 867 1680 946">
    <p class='ocr_par' dir='ltr' id='par_1_7' title="bbox 82 867 1680 946">
     <span class='ocr_line' id='line_1_7' title="bbox 82 867 1680 946; baseline 0.001 -20"><span class='ocrx_word' id='word_1_40' title='bbox 82 869 193 939; x_wconf 66' lang='lat'><strong>16);</strong></span> <span class='ocrx_word' id='word_1_41' title='bbox 217 880 270 924; x_wconf 88' lang='lat' dir='ltr'><strong>et</strong></span> <span class='ocrx_word' id='word_1_42' title='bbox 301 887 314 924; x_wconf 88' lang='lat'><strong>:</strong></span> <span class='ocrx_word' id='word_1_43' title='bbox 356 867 543 924; x_wconf 86' lang='lat' dir='ltr'><strong>Nolite</strong></span> <span class='ocrx_word' id='word_1_44' title='bbox 569 871 840 926; x_wconf 76' lang='lat' dir='ltr'><strong>detrahere</strong></span> <span class='ocrx_word' id='word_1_45' title='bbox 882 872 1210 936; x_wconf 89' lang='lat' dir='ltr'><strong>alterutrum,</strong></span> <span class='ocrx_word' id='word_1_46' title='bbox 1260 877 1449 944; x_wconf 77' lang='lat' dir='ltr'><strong>fratres</strong></span> <span class='ocrx_word' id='word_1_47' title='bbox 1471 872 1680 946; x_wconf 76' lang='lat' dir='ltr'><strong>(Iacob.</strong></span> 
     </span>
    </p>
   </div>
   <div class='ocr_carea' id='block_1_8' title="bbox 76 961 1681 1038">
    <p class='ocr_par' dir='ltr' id='par_1_8' title="bbox 76 961 1681 1038">
     <span class='ocr_line' id='line_1_8' title="bbox 76 961 1681 1038; baseline 0.003 -21"><span class='ocrx_word' id='word_1_48' title='bbox 76 978 143 1026; x_wconf 84' lang='lat' dir='ltr'><strong>tv,</strong></span> <span class='ocrx_word' id='word_1_49' title='bbox 191 961 296 1031; x_wconf 84' lang='lat' dir='ltr'><strong>ll).</strong></span> <span class='ocrx_word' id='word_1_50' title='bbox 336 961 444 1030; x_wconf 87' lang='lat' dir='ltr'><strong>Qui</strong></span> <span class='ocrx_word' id='word_1_51' title='bbox 477 979 614 1017; x_wconf 77' lang='lat' dir='ltr'><strong>vero</strong></span> <span class='ocrx_word' id='word_1_52' title='bbox 657 963 893 1019; x_wconf 91' lang='lat' dir='ltr'><strong>detrahit</strong></span> <span class='ocrx_word' id='word_1_53' title='bbox 927 964 1118 1029; x_wconf 90' lang='lat' dir='ltr'><strong>fratri,</strong></span> <span class='ocrx_word' id='word_1_54' title='bbox 1153 965 1393 1020; x_wconf 86' lang='lat' dir='ltr'><strong>detrahit</strong></span> <span class='ocrx_word' id='word_1_55' title='bbox 1417 967 1556 1038; x_wconf 91' lang='lat' dir='ltr'><strong>legi;</strong></span> <span class='ocrx_word' id='word_1_56' title='bbox 1590 967 1681 1038; x_wconf 90' lang='lat' dir='ltr'><strong>qui</strong></span> 
     </span>
    </p>
   </div>
   <div class='ocr_carea' id='block_1_9' title="bbox 80 1059 1677 1131">
    <p class='ocr_par' dir='ltr' id='par_1_9' title="bbox 80 1059 1677 1131">
     <span class='ocr_line' id='line_1_9' title="bbox 80 1059 1677 1131; baseline 0.002 -18"><span class='ocrx_word' id='word_1_57' title='bbox 80 1060 214 1113; x_wconf 88' lang='lat' dir='ltr'><strong>enim</strong></span> <span class='ocrx_word' id='word_1_58' title='bbox 267 1068 523 1112; x_wconf 83' lang='lat' dir='ltr'><strong>susurrat</strong></span> <span class='ocrx_word' id='word_1_59' title='bbox 567 1069 625 1115; x_wconf 91' lang='lat' dir='ltr'><strong>et</strong></span> <span class='ocrx_word' id='word_1_60' title='bbox 675 1059 937 1124; x_wconf 79' lang='lat' dir='ltr'><strong>detrahit,</strong></span> <span class='ocrx_word' id='word_1_61' title='bbox 993 1077 1334 1131; x_wconf 67' lang='lat' dir='ltr'><strong>consequens</strong></span> <span class='ocrx_word' id='word_1_62' title='bbox 1388 1069 1466 1115; x_wconf 77' lang='lat' dir='ltr'><strong>est</strong></span> <span class='ocrx_word' id='word_1_63' title='bbox 1514 1073 1569 1116; x_wconf 91' lang='lat' dir='ltr'><strong>ut</strong></span> <span class='ocrx_word' id='word_1_64' title='bbox 1626 1063 1677 1116; x_wconf 91' lang='lat' dir='ltr'><strong>in</strong></span> 
     </span>
    </p>
   </div>
   <div class='ocr_carea' id='block_1_10' title="bbox 79 1151 1679 1224">
    <p class='ocr_par' dir='ltr' id='par_1_10' title="bbox 79 1151 1679 1224">
     <span class='ocr_line' id='line_1_10' title="bbox 79 1151 1679 1224; baseline 0.002 -18"><span class='ocrx_word' id='word_1_65' title='bbox 79 1151 312 1206; x_wconf 80' lang='lat' dir='ltr'><strong>adversis</strong></span> <span class='ocrx_word' id='word_1_66' title='bbox 343 1153 582 1221; x_wconf 84' lang='lat' dir='ltr'><strong>proximi</strong></span> <span class='ocrx_word' id='word_1_67' title='bbox 615 1154 871 1218; x_wconf 85' lang='lat' dir='ltr'><strong>exsultet,</strong></span> <span class='ocrx_word' id='word_1_68' title='bbox 901 1153 952 1207; x_wconf 88' lang='lat' dir='ltr'><strong>itt</strong></span> <span class='ocrx_word' id='word_1_69' title='bbox 987 1158 1265 1224; x_wconf 75' lang='lat' dir='ltr'><strong>prosperis</strong></span> <span class='ocrx_word' id='word_1_70' title='bbox 1292 1163 1472 1209; x_wconf 90' lang='lat' dir='ltr'><strong>autem</strong></span> <span class='ocrx_word' id='word_1_71' title='bbox 1516 1154 1679 1209; x_wconf 88' lang='lat' dir='ltr'><strong>animi</strong></span> 
     </span>
    </p>
   </div>
   <div class='ocr_carea' id='block_1_11' title="bbox 82 1245 1675 1320">
    <p class='ocr_par' dir='ltr' id='par_1_11' title="bbox 82 1245 1675 1320">
     <span class='ocr_line' id='line_1_11' title="bbox 82 1245 1675 1320; baseline 0.001 -20"><span class='ocrx_word' id='word_1_72' title='bbox 82 1245 346 1300; x_wconf 81' lang='lat' dir='ltr'><strong>tristitiam</strong></span> <span class='ocrx_word' id='word_1_73' title='bbox 373 1245 695 1302; x_wconf 80' lang='lat' dir='ltr'><strong>contrahat.</strong></span> <span class='ocrx_word' id='word_1_74' title='bbox 743 1247 849 1304; x_wconf 89' lang='lat' dir='ltr'><strong>Sed</strong></span> <span class='ocrx_word' id='word_1_75' title='bbox 880 1248 1118 1303; x_wconf 85' lang='lat' dir='ltr'><strong>occurrit</strong></span> <span class='ocrx_word' id='word_1_76' title='bbox 1145 1249 1334 1304; x_wconf 87' lang='lat' dir='ltr'><strong>beatus</strong></span> <span class='ocrx_word' id='word_1_77' title='bbox 1365 1249 1675 1320; x_wconf 83' lang='lat' dir='ltr'><strong>Apostolus,</strong></span> 
     </span>
    </p>
   </div>
   <div class='ocr_carea' id='block_1_12' title="bbox 79 1335 1680 1413">
    <p class='ocr_par' dir='ltr' id='par_1_12' title="bbox 79 1335 1680 1413">
     <span class='ocr_line' id='line_1_12' title="bbox 79 1335 1680 1413; baseline 0.001 -21"><span class='ocrx_word' id='word_1_78' title='bbox 79 1346 127 1392; x_wconf 91' lang='lat' dir='ltr'><strong>et</strong></span> <span class='ocrx_word' id='word_1_79' title='bbox 154 1337 280 1391; x_wconf 83' lang='lat' dir='ltr'><strong>dicit</strong></span> <span class='ocrx_word' id='word_1_80' title='bbox 307 1355 320 1392; x_wconf 87' lang='lat'><strong>:</strong></span> <span class='ocrx_word' id='word_1_81' title='bbox 348 1335 602 1391; x_wconf 84' lang='lat' dir='ltr'><strong>Gaudere</strong></span> <span class='ocrx_word' id='word_1_82' title='bbox 631 1356 742 1392; x_wconf 87' lang='lat' dir='ltr'><strong>cum</strong></span> <span class='ocrx_word' id='word_1_83' title='bbox 767 1341 1129 1413; x_wconf 79' lang='lat' dir='ltr'><strong>gaudentibus,</strong></span> <span class='ocrx_word' id='word_1_84' title='bbox 1156 1341 1280 1410; x_wconf 84' lang='lat' dir='ltr'><strong>flere</strong></span> <span class='ocrx_word' id='word_1_85' title='bbox 1302 1359 1415 1395; x_wconf 85' lang='lat' dir='ltr'><strong>cum</strong></span> <span class='ocrx_word' id='word_1_86' title='bbox 1439 1339 1680 1412; x_wconf 81' lang='lat' dir='ltr'><strong>flentibus</strong></span> 
     </span>
    </p>
   </div>
   <div class='ocr_carea' id='block_1_13' title="bbox 81 1429 1676 1506">
    <p class='ocr_par' dir='ltr' id='par_1_13' title="bbox 81 1429 1676 1506">
     <span class='ocr_line' id='line_1_13' title="bbox 81 1429 1676 1506; baseline 0.004 -23"><span class='ocrx_word' id='word_1_87' title='bbox 81 1429 243 1501; x_wconf 82' lang='lat' dir='ltr'><strong>(flent.</strong></span> <span class='ocrx_word' id='word_1_88' title='bbox 298 1445 393 1492; x_wconf 77' lang='lat' dir='ltr'><strong>xu.</strong></span> <span class='ocrx_word' id='word_1_89' title='bbox 455 1429 574 1501; x_wconf 82' lang='grc'><strong>15).</strong></span> <span class='ocrx_word' id='word_1_90' title='bbox 642 1429 709 1487; x_wconf 83' lang='grc' dir='ltr'>Ει</span> <span class='ocrx_word' id='word_1_91' title='bbox 759 1448 888 1489; x_wconf 61' lang='grc' dir='ltr'>θοιιο</span> <span class='ocrx_word' id='word_1_92' title='bbox 919 1435 1059 1489; x_wconf 90' lang='lat' dir='ltr'><strong>alius</strong></span> <span class='ocrx_word' id='word_1_93' title='bbox 1096 1451 1192 1506; x_wconf 88' lang='lat' dir='ltr'><strong>pro</strong></span> <span class='ocrx_word' id='word_1_94' title='bbox 1223 1436 1457 1490; x_wconf 79' lang='lat' dir='ltr'><strong>terrenis</strong></span> <span class='ocrx_word' id='word_1_95' title='bbox 1493 1433 1676 1501; x_wconf 87' lang='lat' dir='ltr'><strong>rebus,</strong></span> 
     </span>
    </p>
   </div>
   <div class='ocr_carea' id='block_1_14' title="bbox 82 1523 1679 1597">
    <p class='ocr_par' dir='ltr' id='par_1_14' title="bbox 82 1523 1679 1597">
     <span class='ocr_line' id='line_1_14' title="bbox 82 1523 1679 1597; baseline 0.003 -18"><span class='ocrx_word' id='word_1_96' title='bbox 82 1523 412 1596; x_wconf 87' lang='lat' dir='ltr'><strong>terrenisque</strong></span> <span class='ocrx_word' id='word_1_97' title='bbox 446 1523 780 1590; x_wconf 77' lang='lat' dir='ltr'><strong>honoribus,</strong></span> <span class='ocrx_word' id='word_1_98' title='bbox 811 1528 949 1582; x_wconf 90' lang='lat' dir='ltr'><strong>alius</strong></span> <span class='ocrx_word' id='word_1_99' title='bbox 977 1544 1073 1597; x_wconf 91' lang='lat' dir='ltr'><strong>pro</strong></span> <span class='ocrx_word' id='word_1_100' title='bbox 1110 1529 1368 1582; x_wconf 91' lang='lat' dir='ltr'><strong>virtutum</strong></span> <span class='ocrx_word' id='word_1_101' title='bbox 1410 1528 1679 1583; x_wconf 80' lang='lat' dir='ltr'><strong>successi-</strong></span> 
     </span>
    </p>
   </div>
   <div class='ocr_carea' id='block_1_15' title="bbox 84 1616 1679 1692">
    <p class='ocr_par' dir='ltr' id='par_1_15' title="bbox 84 1616 1679 1692">
     <span class='ocr_line' id='line_1_15' title="bbox 84 1616 1679 1692; baseline 0.002 -20"><span class='ocrx_word' id='word_1_102' title='bbox 84 1617 174 1672; x_wconf 90' lang='lat' dir='ltr'><strong>bus</strong></span> <span class='ocrx_word' id='word_1_103' title='bbox 217 1616 439 1673; x_wconf 85' lang='lat' dir='ltr'><strong>cuilibet</strong></span> <span class='ocrx_word' id='word_1_104' title='bbox 493 1617 727 1685; x_wconf 78' lang='lat' dir='ltr'><strong>inridet,</strong></span> <span class='ocrx_word' id='word_1_105' title='bbox 756 1621 1058 1689; x_wconf 80' lang='lat' dir='ltr'><strong>quemlibet</strong></span> <span class='ocrx_word' id='word_1_106' title='bbox 1089 1620 1225 1684; x_wconf 89' lang='lat' dir='ltr'><strong>odit,</strong></span> <span class='ocrx_word' id='word_1_107' title='bbox 1259 1632 1446 1675; x_wconf 89' lang='lat' dir='ltr'><strong>contra</strong></span> <span class='ocrx_word' id='word_1_108' title='bbox 1489 1636 1679 1692; x_wconf 90' lang='lat' dir='ltr'><strong>quem-</strong></span> 
     </span>
    </p>
   </div>
   <div class='ocr_carea' id='block_1_16' title="bbox 83 1709 1678 1784">
    <p class='ocr_par' dir='ltr' id='par_1_16' title="bbox 83 1709 1678 1784">
     <span class='ocr_line' id='line_1_16' title="bbox 83 1709 1678 1784; baseline 0.004 -22"><span class='ocrx_word' id='word_1_109' title='bbox 83 1709 198 1762; x_wconf 73' lang='lat' dir='ltr'><strong>libet</strong></span> <span class='ocrx_word' id='word_1_110' title='bbox 239 1718 512 1774; x_wconf 82' lang='lat' dir='ltr'><strong>susurrat,</strong></span> <span class='ocrx_word' id='word_1_111' title='bbox 567 1709 640 1764; x_wconf 89' lang='lat' dir='ltr'><strong>de</strong></span> <span class='ocrx_word' id='word_1_112' title='bbox 691 1711 935 1780; x_wconf 84' lang='lat' dir='ltr'><strong>quolibet</strong></span> <span class='ocrx_word' id='word_1_113' title='bbox 985 1713 1248 1778; x_wconf 85' lang='lat' dir='ltr'><strong>detrahit,</strong></span> <span class='ocrx_word' id='word_1_114' title='bbox 1283 1713 1351 1768; x_wconf 89' lang='lat' dir='ltr'><strong>de</strong></span> <span class='ocrx_word' id='word_1_115' title='bbox 1383 1712 1678 1784; x_wconf 87' lang='lat' dir='ltr'><strong>cujuslibet</strong></span> 
     </span>
    </p>
   </div>
   <div class='ocr_carea' id='block_1_17' title="bbox 942 277 2583 351">
    <p class='ocr_par' dir='ltr' id='par_1_17' title="bbox 942 277 2583 351">
     <span class='ocr_line' id='line_1_17' title="bbox 942 277 2583 351; baseline 0.003 -7"><span class='ocrx_word' id='word_1_116' title='bbox 942 285 1306 345; x_wconf 65' lang='lat' dir='ltr'><strong>SERSlONES</strong></span> <span class='ocrx_word' id='word_1_117' title='bbox 1345 287 1405 345; x_wconf 88' lang='lat' dir='ltr'><strong>S.</strong></span> <span class='ocrx_word' id='word_1_118' title='bbox 1449 282 1798 346; x_wconf 75' lang='lat' dir='ltr'><strong>AMBROSIO</strong></span> <span class='ocrx_word' id='word_1_119' title='bbox 1841 279 2208 348; x_wconf 75' lang='lat' dir='ltr'><strong>HACTENUS</strong></span> <span class='ocrx_word' id='word_1_120' title='bbox 2250 277 2583 351; x_wconf 73' lang='lat' dir='ltr'><strong>ASCmi‘TI.</strong></span> 
     </span>
    </p>
   </div>
   <div class='ocr_carea' id='block_1_18' title="bbox 3289 294 3396 353">
    <p class='ocr_par' dir='ltr' id='par_1_18' title="bbox 3289 294 3396 353">
     <span class='ocr_line' id='line_1_18' title="bbox 3289 294 3396 353; baseline 0 -1"><span class='ocrx_word' id='word_1_121' title='bbox 3289 294 3396 353; x_wconf 77' lang='lat'><strong>758</strong></span> 
     </span>
    </p>
   </div>
   <div class='ocr_carea' id='block_1_19' title="bbox 1316 401 3393 482">
    <p class='ocr_par' dir='ltr' id='par_1_19' title="bbox 1316 401 3393 482">
     <span class='ocr_line' id='line_1_19' title="bbox 1316 401 3393 482; baseline 0.005 -24"><span class='ocrx_word' id='word_1_122' title='bbox 1316 423 1327 458; x_wconf 93' lang='lat'><strong>:</strong></span> <span class='ocrx_word' id='word_1_123' title='bbox 1386 401 1468 460; x_wconf 85' lang='lat' dir='ltr'><strong>Ne</strong></span> <span class='ocrx_word' id='word_1_124' title='bbox 1515 405 1685 460; x_wconf 81' lang='lat' dir='ltr'><strong>oderis</strong></span> <span class='ocrx_word' id='word_1_125' title='bbox 1714 408 1765 467; x_wconf 83' lang='grc' dir='ltr'><strong>Α</strong></span> <span class='ocrx_word' id='word_1_126' title='bbox 1793 408 2045 462; x_wconf 89' lang='lat' dir='ltr'><strong>nimirum</strong></span> <span class='ocrx_word' id='word_1_127' title='bbox 2075 407 2201 463; x_wconf 90' lang='lat' dir='ltr'><strong>dum</strong></span> <span class='ocrx_word' id='word_1_128' title='bbox 2233 423 2414 465; x_wconf 86' lang='lat' dir='ltr'><strong>arcem</strong></span> <span class='ocrx_word' id='word_1_129' title='bbox 2443 420 2496 466; x_wconf 91' lang='lat' dir='ltr'><strong>et</strong></span> <span class='ocrx_word' id='word_1_130' title='bbox 2525 411 2892 482; x_wconf 68' lang='lat' dir='ltr'><strong>principatum</strong></span> <span class='ocrx_word' id='word_1_131' title='bbox 2918 411 2969 466; x_wconf 86' lang='lat' dir='ltr'><strong>in</strong></span> <span class='ocrx_word' id='word_1_132' title='bbox 2997 419 3179 468; x_wconf 84' lang='lat' dir='ltr'><strong>mente</strong></span> <span class='ocrx_word' id='word_1_133' title='bbox 3205 425 3393 468; x_wconf 82' lang='lat' dir='ltr'><strong>susce-</strong></span> 
     </span>
    </p>
   </div>
   <div class='ocr_carea' id='block_1_20' title="bbox 1797 500 3394 577">
    <p class='ocr_par' dir='ltr' id='par_1_20' title="bbox 1797 500 3394 577">
     <span class='ocr_line' id='line_1_20' title="bbox 1797 500 3394 577; baseline 0.004 -22"><span class='ocrx_word' id='word_1_134' title='bbox 1797 500 1956 570; x_wconf 89' lang='lat' dir='ltr'><strong>perit,</strong></span> <span class='ocrx_word' id='word_1_135' title='bbox 2002 516 2192 557; x_wconf 89' lang='lat' dir='ltr'><strong>omnes</strong></span> <span class='ocrx_word' id='word_1_136' title='bbox 2223 517 2345 557; x_wconf 77' lang='lat' dir='ltr'><strong>mox</strong></span> <span class='ocrx_word' id='word_1_137' title='bbox 2375 505 2820 573; x_wconf 81' lang='lat' dir='ltr'><strong>perturbationes</strong></span> <span class='ocrx_word' id='word_1_138' title='bbox 2868 507 3168 577; x_wconf 86' lang='lat' dir='ltr'><strong>compescit</strong></span> <span class='ocrx_word' id='word_1_139' title='bbox 3203 525 3215 561; x_wconf 89' lang='lat'><strong>:</strong></span> <span class='ocrx_word' id='word_1_140' title='bbox 3244 506 3394 562; x_wconf 76' lang='lat' dir='ltr'><strong>t&#39;it&#39;tas</strong></span> 
     </span>
    </p>
   </div>
   <div class='ocr_carea' id='block_1_21' title="bbox 1789 593 3396 664">
    <p class='ocr_par' dir='ltr' id='par_1_21' title="bbox 1789 593 3396 664">
     <span class='ocr_line' id='line_1_21' title="bbox 1789 593 3396 664; baseline 0.003 -17"><span class='ocrx_word' id='word_1_141' title='bbox 1789 601 1840 647; x_wconf 91' lang='lat' dir='ltr'><strong>et</strong></span> <span class='ocrx_word' id='word_1_142' title='bbox 1871 593 2235 648; x_wconf 81' lang='lat' dir='ltr'><strong>contumelias</strong></span> <span class='ocrx_word' id='word_1_143' title='bbox 2284 593 2337 648; x_wconf 89' lang='lat' dir='ltr'><strong>in</strong></span> <span class='ocrx_word' id='word_1_144' title='bbox 2386 595 2832 652; x_wconf 73' lang='lat' dir='ltr'><strong>exhortationem</strong></span> <span class='ocrx_word' id='word_1_145' title='bbox 2865 599 3170 664; x_wconf 78' lang='lat' dir='ltr'><strong>convertit,</strong></span> <span class='ocrx_word' id='word_1_146' title='bbox 3202 597 3396 653; x_wconf 71' lang='lat' dir='ltr'><strong>contu-</strong></span> 
     </span>
    </p>
   </div>
   <div class='ocr_carea' id='block_1_22' title="bbox 1789 685 3390 762">
    <p class='ocr_par' dir='ltr' id='par_1_22' title="bbox 1789 685 3390 762">
     <span class='ocr_line' id='line_1_22' title="bbox 1789 685 3390 762; baseline 0.006 -24"><span class='ocrx_word' id='word_1_147' title='bbox 1789 689 1909 739; x_wconf 87' lang='lat' dir='ltr'><strong>sum</strong></span> <span class='ocrx_word' id='word_1_148' title='bbox 1942 685 2238 741; x_wconf 89' lang='lat' dir='ltr'><strong>clamorem</strong></span> <span class='ocrx_word' id='word_1_149' title='bbox 2281 686 2385 741; x_wconf 90' lang='lat' dir='ltr'><strong>sub</strong></span> <span class='ocrx_word' id='word_1_150' title='bbox 2428 687 2683 742; x_wconf 85' lang='lat' dir='ltr'><strong>ordinato</strong></span> <span class='ocrx_word' id='word_1_151' title='bbox 2714 689 2937 746; x_wconf 85' lang='lat' dir='ltr'><strong>silentio</strong></span> <span class='ocrx_word' id='word_1_152' title='bbox 2969 693 3190 762; x_wconf 85' lang='lat' dir='ltr'><strong>premit,</strong></span> <span class='ocrx_word' id='word_1_153' title='bbox 3243 690 3390 747; x_wconf 87' lang='lat' dir='ltr'><strong>indi-</strong></span> 
     </span>
    </p>
   </div>
   <div class='ocr_carea' id='block_1_23' title="bbox 1789 778 3394 849">
    <p class='ocr_par' dir='ltr' id='par_1_23' title="bbox 1789 778 3394 849">
     <span class='ocr_line' id='line_1_23' title="bbox 1789 778 3394 849; baseline 0.006 -19"><span class='ocrx_word' id='word_1_154' title='bbox 1789 778 2100 847; x_wconf 87' lang='lat' dir='ltr'><strong>gnationent</strong></span> <span class='ocrx_word' id='word_1_155' title='bbox 2136 783 2518 849; x_wconf 87' lang='lat' dir='ltr'><strong>tumoremque</strong></span> <span class='ocrx_word' id='word_1_156' title='bbox 2556 783 2753 837; x_wconf 78' lang='lat' dir='ltr'><strong>mentis</strong></span> <span class='ocrx_word' id='word_1_157' title='bbox 2817 785 3242 841; x_wconf 82' lang='lat' dir='ltr'><strong>mansuetudine</strong></span> <span class='ocrx_word' id='word_1_158' title='bbox 3273 787 3394 839; x_wconf 85' lang='lat' dir='ltr'><strong>vin-</strong></span> 
     </span>
    </p>
   </div>
   <div class='ocr_carea' id='block_1_24' title="bbox 1789 869 3392 948">
    <p class='ocr_par' dir='ltr' id='par_1_24' title="bbox 1789 869 3392 948">
     <span class='ocr_line' id='line_1_24' title="bbox 1789 869 3392 948; baseline 0.006 -23"><span class='ocrx_word' id='word_1_159' title='bbox 1789 869 1886 938; x_wconf 92' lang='lat' dir='ltr'><strong>cit,</strong></span> <span class='ocrx_word' id='word_1_160' title='bbox 1938 869 2304 941; x_wconf 77' lang='lat' dir='ltr'><strong>blaspltemias</strong></span> <span class='ocrx_word' id='word_1_161' title='bbox 2355 873 2655 943; x_wconf 77' lang='lat' dir='ltr'><strong>gratiarum</strong></span> <span class='ocrx_word' id='word_1_162' title='bbox 2709 877 2927 931; x_wconf 80' lang='lat' dir='ltr'><strong>actione</strong></span> <span class='ocrx_word' id='word_1_163' title='bbox 2958 879 3192 948; x_wconf 87' lang='lat' dir='ltr'><strong>repellit.</strong></span> <span class='ocrx_word' id='word_1_164' title='bbox 3233 875 3392 945; x_wconf 82' lang='lat' dir='ltr'><strong>Quod</strong></span> 
     </span>
    </p>
   </div>
   <div class='ocr_carea' id='block_1_25' title="bbox 1789 961 3388 1044">
    <p class='ocr_par' dir='ltr' id='par_1_25' title="bbox 1789 961 3388 1044">
     <span class='ocr_line' id='line_1_25' title="bbox 1789 961 3388 1044; baseline 0.006 -26"><span class='ocrx_word' id='word_1_165' title='bbox 1789 961 1834 1018; x_wconf 91' lang='lat' dir='ltr'><strong>si</strong></span> <span class='ocrx_word' id='word_1_166' title='bbox 1881 963 2017 1020; x_wconf 87' lang='lat' dir='ltr'><strong>forte</strong></span> <span class='ocrx_word' id='word_1_167' title='bbox 2061 965 2114 1019; x_wconf 91' lang='lat' dir='ltr'><strong>in</strong></span> <span class='ocrx_word' id='word_1_168' title='bbox 2164 965 2494 1020; x_wconf 89' lang='lat' dir='ltr'><strong>immensum</strong></span> <span class='ocrx_word' id='word_1_169' title='bbox 2546 968 2623 1022; x_wconf 85' lang='lat' dir='ltr'><strong>ira</strong></span> <span class='ocrx_word' id='word_1_170' title='bbox 2667 983 2929 1025; x_wconf 80' lang='lat' dir='ltr'><strong>succensa</strong></span> <span class='ocrx_word' id='word_1_171' title='bbox 2961 972 3028 1026; x_wconf 84' lang='lat' dir='ltr'><strong>ad</strong></span> <span class='ocrx_word' id='word_1_172' title='bbox 3059 971 3248 1028; x_wconf 90' lang='lat' dir='ltr'><strong>horam</strong></span> <span class='ocrx_word' id='word_1_173' title='bbox 3289 987 3388 1044; x_wconf 88' lang='lat' dir='ltr'><strong>pa-</strong></span> 
     </span>
    </p>
   </div>
   <div class='ocr_carea' id='block_1_26' title="bbox 1789 1055 3389 1131">
    <p class='ocr_par' dir='ltr' id='par_1_26' title="bbox 1789 1055 3389 1131">
     <span class='ocr_line' id='line_1_26' title="bbox 1789 1055 3389 1131; baseline 0.008 -23"><span class='ocrx_word' id='word_1_174' title='bbox 1789 1055 1978 1110; x_wconf 87' lang='lat' dir='ltr'><strong>tientia</strong></span> <span class='ocrx_word' id='word_1_175' title='bbox 2025 1058 2397 1123; x_wconf 83' lang='lat' dir='ltr'><strong>succubuerit,</strong></span> <span class='ocrx_word' id='word_1_176' title='bbox 2444 1059 2747 1126; x_wconf 89' lang='lat' dir='ltr'><strong>nullumne,</strong></span> <span class='ocrx_word' id='word_1_177' title='bbox 2801 1063 3053 1131; x_wconf 79' lang='lat' dir='ltr'><strong>D&#39;Omine,</strong></span> <span class='ocrx_word' id='word_1_178' title='bbox 3088 1065 3389 1121; x_wconf 84' lang='lat' dir='ltr'><strong>remedium</strong></span> 
     </span>
    </p>
   </div>
   <div class='ocr_carea' id='block_1_27' title="bbox 1784 1149 3389 1223">
    <p class='ocr_par' dir='ltr' id='par_1_27' title="bbox 1784 1149 3389 1223">
     <span class='ocr_line' id='line_1_27' title="bbox 1784 1149 3389 1223; baseline 0.007 -20"><span class='ocrx_word' id='word_1_179' title='bbox 1784 1149 1926 1203; x_wconf 87' lang='lat' dir='ltr'><strong>erit?</strong></span> <span class='ocrx_word' id='word_1_180' title='bbox 1955 1150 2071 1205; x_wconf 87' lang='lat' dir='ltr'><strong>Erit</strong></span> <span class='ocrx_word' id='word_1_181' title='bbox 2103 1161 2270 1206; x_wconf 85' lang='lat' dir='ltr'><strong>certe.</strong></span> <span class='ocrx_word' id='word_1_182' title='bbox 2305 1152 2436 1206; x_wconf 88' lang='lat' dir='ltr'><strong>Nam</strong></span> <span class='ocrx_word' id='word_1_183' title='bbox 2468 1165 2591 1208; x_wconf 90' lang='lat' dir='ltr'><strong>cum</strong></span> <span class='ocrx_word' id='word_1_184' title='bbox 2627 1153 2786 1223; x_wconf 83' lang='lat' dir='ltr'><strong>hujus</strong></span> <span class='ocrx_word' id='word_1_185' title='bbox 2813 1157 2938 1212; x_wconf 89' lang='lat' dir='ltr'><strong>mali</strong></span> <span class='ocrx_word' id='word_1_186' title='bbox 2975 1156 3389 1215; x_wconf 86' lang='lat' dir='ltr'><strong>damnationem</strong></span> 
     </span>
    </p>
   </div>
   <div class='ocr_carea' id='block_1_28' title="bbox 1788 1239 3388 1323">
    <p class='ocr_par' dir='ltr' id='par_1_28' title="bbox 1788 1239 3388 1323">
     <span class='ocr_line' id='line_1_28' title="bbox 1788 1239 3388 1323; baseline 0.005 -26"><span class='ocrx_word' id='word_1_187' title='bbox 1788 1242 2144 1313; x_wconf 78' lang='lat' dir='ltr'><strong>Erangelium</strong></span> <span class='ocrx_word' id='word_1_188' title='bbox 2175 1245 2499 1310; x_wconf 86' lang='lat' dir='ltr'><strong>denuntiet,</strong></span> <span class='ocrx_word' id='word_1_189' title='bbox 2536 1239 2724 1302; x_wconf 77' lang='lat' dir='ltr'><strong>dicens</strong></span> <span class='ocrx_word' id='word_1_190' title='bbox 2761 1266 2772 1302; x_wconf 92' lang='lat'>:</span> <span class='ocrx_word' id='word_1_191' title='bbox 2811 1248 2913 1313; x_wconf 82' lang='lat' dir='ltr'><strong>Qui</strong></span> <span class='ocrx_word' id='word_1_192' title='bbox 2953 1251 3193 1304; x_wconf 82' lang='lat' dir='ltr'><strong>irascitur</strong></span> <span class='ocrx_word' id='word_1_193' title='bbox 3233 1253 3388 1323; x_wconf 84' lang='lat' dir='ltr'><strong>fratri</strong></span> 
     </span>
    </p>
   </div>
   <div class='ocr_carea' id='block_1_29' title="bbox 1784 1339 3388 1412">
    <p class='ocr_par' dir='ltr' id='par_1_29' title="bbox 1784 1339 3388 1412">
     <span class='ocr_line' id='line_1_29' title="bbox 1784 1339 3388 1412; baseline 0.007 -24"><span class='ocrx_word' id='word_1_194' title='bbox 1784 1351 1899 1397; x_wconf 87' lang='lat' dir='ltr'><strong>suo,</strong></span> <span class='ocrx_word' id='word_1_195' title='bbox 1925 1352 2041 1390; x_wconf 87' lang='lat' dir='ltr'><strong>reus</strong></span> <span class='ocrx_word' id='word_1_196' title='bbox 2068 1339 2163 1390; x_wconf 87' lang='lat' dir='ltr'><strong>erit</strong></span> <span class='ocrx_word' id='word_1_197' title='bbox 2179 1339 2385 1410; x_wconf 84' lang='lat' dir='ltr'><strong>judicio</strong></span> <span class='ocrx_word' id='word_1_198' title='bbox 2410 1356 2426 1394; x_wconf 89' lang='lat'><strong><em>:</em></strong></span> <span class='ocrx_word' id='word_1_199' title='bbox 2453 1341 2544 1406; x_wconf 87' lang='lat' dir='ltr'><strong>qui</strong></span> <span class='ocrx_word' id='word_1_200' title='bbox 2573 1349 2748 1394; x_wconf 79' lang='lat' dir='ltr'><strong>autem</strong></span> <span class='ocrx_word' id='word_1_201' title='bbox 2779 1341 2970 1395; x_wconf 75' lang='lat' dir='ltr'><strong>dixerit</strong></span> <span class='ocrx_word' id='word_1_202' title='bbox 3001 1342 3154 1412; x_wconf 77' lang='lat' dir='ltr'><strong>fratri</strong></span> <span class='ocrx_word' id='word_1_203' title='bbox 3175 1357 3268 1399; x_wconf 88' lang='lat' dir='ltr'><strong>suo</strong></span> <span class='ocrx_word' id='word_1_204' title='bbox 3299 1357 3388 1398; x_wconf 81' lang='lat' dir='ltr'><strong>ra-</strong></span> 
     </span>
    </p>
   </div>
   <div class='ocr_carea' id='block_1_30' title="bbox 1784 1426 3386 1505">
    <p class='ocr_par' dir='ltr' id='par_1_30' title="bbox 1784 1426 3386 1505">
     <span class='ocr_line' id='line_1_30' title="bbox 1784 1426 3386 1505; baseline 0.007 -25"><span class='ocrx_word' id='word_1_205' title='bbox 1784 1426 1900 1493; x_wconf 86' lang='lat' dir='ltr'><strong>clta,</strong></span> <span class='ocrx_word' id='word_1_206' title='bbox 1927 1445 2043 1482; x_wconf 82' lang='lat' dir='ltr'><strong>rens</strong></span> <span class='ocrx_word' id='word_1_207' title='bbox 2067 1431 2162 1484; x_wconf 87' lang='lat' dir='ltr'><strong>erit</strong></span> <span class='ocrx_word' id='word_1_208' title='bbox 2192 1431 2421 1486; x_wconf 86' lang='lat' dir='ltr'><strong>concilio</strong></span> <span class='ocrx_word' id='word_1_209' title='bbox 2446 1448 2464 1486; x_wconf 87' lang='lat'><em>:</em></span> <span class='ocrx_word' id='word_1_210' title='bbox 2504 1433 2594 1503; x_wconf 90' lang='lat' dir='ltr'><strong>qui</strong></span> <span class='ocrx_word' id='word_1_211' title='bbox 2630 1443 2806 1488; x_wconf 76' lang='lat' dir='ltr'><strong>autem</strong></span> <span class='ocrx_word' id='word_1_212' title='bbox 2837 1435 3030 1489; x_wconf 75' lang='lat' dir='ltr'><strong>dixerit</strong></span> <span class='ocrx_word' id='word_1_213' title='bbox 3053 1435 3217 1505; x_wconf 85' lang='lat' dir='ltr'><strong>fatue,</strong></span> <span class='ocrx_word' id='word_1_214' title='bbox 3263 1453 3386 1492; x_wconf 87' lang='lat' dir='ltr'><strong>reus</strong></span> 
     </span>
    </p>
   </div>
   <div class='ocr_carea' id='block_1_31' title="bbox 1783 1520 3388 1600">
    <p class='ocr_par' dir='ltr' id='par_1_31' title="bbox 1783 1520 3388 1600">
     <span class='ocr_line' id='line_1_31' title="bbox 1783 1520 3388 1600; baseline 0.007 -26"><span class='ocrx_word' id='word_1_215' title='bbox 1783 1521 1878 1574; x_wconf 74' lang='lat' dir='ltr'><strong>erit</strong></span> <span class='ocrx_word' id='word_1_216' title='bbox 1905 1520 2152 1594; x_wconf 68' lang='lat' dir='ltr'><strong>gehennae</strong></span> <span class='ocrx_word' id='word_1_217' title='bbox 2171 1525 2309 1596; x_wconf 81' lang='lat' dir='ltr'><strong>ignis</strong></span> <span class='ocrx_word' id='word_1_218' title='bbox 2336 1523 2554 1595; x_wconf 78' lang='lat' dir='ltr'><strong>(Matth.</strong></span> <span class='ocrx_word' id='word_1_219' title='bbox 2581 1541 2633 1591; x_wconf 90' lang='lat' dir='ltr'><strong>v,</strong></span> <span class='ocrx_word' id='word_1_220' title='bbox 2657 1523 2781 1599; x_wconf 69' lang='lat'><strong>22);</strong></span> <span class='ocrx_word' id='word_1_221' title='bbox 2814 1528 3066 1596; x_wconf 89' lang='lat' dir='ltr'><strong>protinus</strong></span> <span class='ocrx_word' id='word_1_222' title='bbox 3096 1543 3388 1600; x_wconf 86' lang='lat' dir='ltr'><strong>recupera-</strong></span> 
     </span>
    </p>
   </div>
   <div class='ocr_carea' id='block_1_32' title="bbox 1782 1617 3392 1689">
    <p class='ocr_par' dir='ltr' id='par_1_32' title="bbox 1782 1617 3392 1689">
     <span class='ocr_line' id='line_1_32' title="bbox 1782 1617 3392 1689; baseline 0.006 -22"><span class='ocrx_word' id='word_1_223' title='bbox 1782 1619 1989 1670; x_wconf 90' lang='lat' dir='ltr'><strong>tionem</strong></span> <span class='ocrx_word' id='word_1_224' title='bbox 2039 1617 2344 1689; x_wconf 89' lang='lat' dir='ltr'><strong>subjongit,</strong></span> <span class='ocrx_word' id='word_1_225' title='bbox 2395 1634 2515 1673; x_wconf 88' lang='lat' dir='ltr'><strong>cum</strong></span> <span class='ocrx_word' id='word_1_226' title='bbox 2550 1619 2725 1674; x_wconf 90' lang='lat' dir='ltr'><strong>dicit:</strong></span> <span class='ocrx_word' id='word_1_227' title='bbox 2758 1620 2820 1676; x_wconf 89' lang='lat' dir='ltr'><strong>Si</strong></span> <span class='ocrx_word' id='word_1_228' title='bbox 2845 1619 3001 1688; x_wconf 77' lang='lat' dir='ltr'><strong>offers</strong></span> <span class='ocrx_word' id='word_1_229' title='bbox 3030 1635 3217 1676; x_wconf 83' lang='lat' dir='ltr'><strong>munus</strong></span> <span class='ocrx_word' id='word_1_230' title='bbox 3242 1631 3392 1677; x_wconf 83' lang='lat' dir='ltr'><strong>tuum</strong></span> 
     </span>
    </p>
   </div>
   <div class='ocr_carea' id='block_1_33' title="bbox 1781 1709 3389 1786">
    <p class='ocr_par' dir='ltr' id='par_1_33' title="bbox 1781 1709 3389 1786">
     <span class='ocr_line' id='line_1_33' title="bbox 1781 1709 3389 1786; baseline 0.007 -26"><span class='ocrx_word' id='word_1_231' title='bbox 1781 1709 1850 1761; x_wconf 87' lang='lat' dir='ltr'><strong>ad</strong></span> <span class='ocrx_word' id='word_1_232' title='bbox 1897 1710 2092 1776; x_wconf 84' lang='lat' dir='ltr'><strong>altare,</strong></span> <span class='ocrx_word' id='word_1_233' title='bbox 2148 1719 2194 1765; x_wconf 86' lang='lat' dir='ltr'><strong>et</strong></span> <span class='ocrx_word' id='word_1_234' title='bbox 2240 1713 2310 1766; x_wconf 81' lang='lat' dir='ltr'><strong>ibi</strong></span> <span class='ocrx_word' id='word_1_235' title='bbox 2348 1713 2650 1768; x_wconf 84' lang='lat' dir='ltr'><strong>recordatus</strong></span> <span class='ocrx_word' id='word_1_236' title='bbox 2698 1715 2858 1784; x_wconf 84' lang='lat' dir='ltr'><strong>fueris</strong></span> <span class='ocrx_word' id='word_1_237' title='bbox 2899 1715 3022 1786; x_wconf 85' lang='lat' dir='ltr'><strong>quia</strong></span> <span class='ocrx_word' id='word_1_238' title='bbox 3061 1715 3224 1785; x_wconf 89' lang='lat' dir='ltr'><strong>frater</strong></span> <span class='ocrx_word' id='word_1_239' title='bbox 3269 1726 3389 1772; x_wconf 85' lang='lat' dir='ltr'><strong>tuus</strong></span> 
     </span>
    </p>
   </div>
   <div class='ocr_carea' id='block_1_34' title="bbox 83 1800 3385 1878">
    <p class='ocr_par' dir='ltr' id='par_1_34' title="bbox 83 1800 3385 1878">
     <span class='ocr_line' id='line_1_34' title="bbox 83 1800 3385 1878; baseline 0.004 -27"><span class='ocrx_word' id='word_1_240' title='bbox 83 1800 312 1858; x_wconf 79' lang='lat' dir='ltr'><strong>adversis</strong></span> <span class='ocrx_word' id='word_1_241' title='bbox 357 1802 648 1871; x_wconf 76' lang='lat' dir='ltr'><strong>exsultat,</strong></span> <span class='ocrx_word' id='word_1_242' title='bbox 709 1803 779 1860; x_wconf 84' lang='lat' dir='ltr'><strong>de</strong></span> <span class='ocrx_word' id='word_1_243' title='bbox 833 1807 1110 1876; x_wconf 82' lang='lat' dir='ltr'><strong>prosperis</strong></span> <span class='ocrx_word' id='word_1_244' title='bbox 1173 1807 1414 1862; x_wconf 82' lang='lat' dir='ltr'><strong>animum</strong></span> <span class='ocrx_word' id='word_1_245' title='bbox 1472 1809 1676 1864; x_wconf 64' lang='lat' dir='ltr'><strong>magsti-</strong></span> <span class='ocrx_word' id='word_1_246' title='bbox 1711 1815 1755 1876; x_wconf 74' lang='grc' dir='ltr'><strong>Β</strong></span> <span class='ocrx_word' id='word_1_247' title='bbox 1783 1802 1929 1856; x_wconf 80' lang='lat' dir='ltr'><strong>habet</strong></span> <span class='ocrx_word' id='word_1_248' title='bbox 1967 1804 2167 1874; x_wconf 75' lang='lat' dir='ltr'><strong>aliquid</strong></span> <span class='ocrx_word' id='word_1_249' title='bbox 2212 1806 2484 1860; x_wconf 80' lang='lat' dir='ltr'><strong>adversum</strong></span> <span class='ocrx_word' id='word_1_250' title='bbox 2526 1815 2602 1874; x_wconf 84' lang='lat' dir='ltr'><strong>te,</strong></span> <span class='ocrx_word' id='word_1_251' title='bbox 2640 1808 2872 1878; x_wconf 75' lang='lat' dir='ltr'><strong>relinque</strong></span> <span class='ocrx_word' id='word_1_252' title='bbox 2907 1807 2978 1862; x_wconf 81' lang='lat' dir='ltr'><strong>ibi</strong></span> <span class='ocrx_word' id='word_1_253' title='bbox 3011 1823 3199 1865; x_wconf 83' lang='lat' dir='ltr'><strong>munus</strong></span> <span class='ocrx_word' id='word_1_254' title='bbox 3240 1819 3385 1865; x_wconf 84' lang='lat' dir='ltr'><strong>tuum</strong></span> 
     </span>
    </p>
   </div>
   <div class='ocr_carea' id='block_1_35' title="bbox 85 1898 216 1954">
    <p class='ocr_par' dir='ltr' id='par_1_35' title="bbox 85 1898 216 1954">
     <span class='ocr_line' id='line_1_35' title="bbox 85 1898 216 1954; baseline 0.015 -2"><span class='ocrx_word' id='word_1_255' title='bbox 85 1898 216 1954; x_wconf 81' lang='lat' dir='ltr'><strong>ﬁcat.</strong></span> 
     </span>
    </p>
   </div>
   <div class='ocr_carea' id='block_1_36' title="bbox 149 1993 1679 2068">
    <p class='ocr_par' dir='ltr' id='par_1_36' title="bbox 149 1993 1679 2068">
     <span class='ocr_line' id='line_1_36' title="bbox 149 1993 1679 2068; baseline 0.003 -19"><span class='ocrx_word' id='word_1_256' title='bbox 149 1994 197 2049; x_wconf 84' lang='lat'><strong>5.</strong></span> <span class='ocrx_word' id='word_1_257' title='bbox 228 1993 330 2051; x_wconf 83' lang='lat' dir='ltr'><strong>Sed</strong></span> <span class='ocrx_word' id='word_1_258' title='bbox 359 2004 418 2050; x_wconf 90' lang='lat' dir='ltr'><strong>ut</strong></span> <span class='ocrx_word' id='word_1_259' title='bbox 444 1996 498 2050; x_wconf 92' lang='lat' dir='ltr'><strong>in</strong></span> <span class='ocrx_word' id='word_1_260' title='bbox 532 1996 750 2051; x_wconf 81' lang='lat' dir='ltr'><strong>cunctis</strong></span> <span class='ocrx_word' id='word_1_261' title='bbox 789 1993 891 2051; x_wconf 89' lang='lat' dir='ltr'><strong>hoc</strong></span> <span class='ocrx_word' id='word_1_262' title='bbox 917 1995 1198 2067; x_wconf 83' lang='lat' dir='ltr'><strong>multiplex</strong></span> <span class='ocrx_word' id='word_1_263' title='bbox 1228 1997 1429 2052; x_wconf 90' lang='lat' dir='ltr'><strong>malum</strong></span> <span class='ocrx_word' id='word_1_264' title='bbox 1456 2012 1679 2068; x_wconf 79' lang='lat' dir='ltr'><strong>supere-</strong></span> 
     </span>
    </p>
   </div>
   <div class='ocr_carea' id='block_1_37' title="bbox 86 2088 1671 2160">
    <p class='ocr_par' dir='ltr' id='par_1_37' title="bbox 86 2088 1671 2160">
     <span class='ocr_line' id='line_1_37' title="bbox 86 2088 1671 2160; baseline 0.003 -21"><span class='ocrx_word' id='word_1_265' title='bbox 86 2095 180 2154; x_wconf 89' lang='lat' dir='ltr'><strong>tur,</strong></span> <span class='ocrx_word' id='word_1_266' title='bbox 203 2099 472 2152; x_wconf 86' lang='lat' dir='ltr'><strong>occurrat,</strong></span> <span class='ocrx_word' id='word_1_267' title='bbox 512 2088 770 2155; x_wconf 88' lang='lat' dir='ltr'><strong>Domine,</strong></span> <span class='ocrx_word' id='word_1_268' title='bbox 804 2104 1014 2160; x_wconf 67' lang='lat' dir='ltr'><strong>quze~o,</strong></span> <span class='ocrx_word' id='word_1_269' title='bbox 1047 2089 1174 2144; x_wconf 89' lang='lat' dir='ltr'><strong>illttd</strong></span> <span class='ocrx_word' id='word_1_270' title='bbox 1206 2088 1539 2145; x_wconf 82' lang='lat' dir='ltr'><strong>multiforme</strong></span> <span class='ocrx_word' id='word_1_271' title='bbox 1576 2090 1671 2144; x_wconf 84' lang='lat' dir='ltr'><strong>bo-</strong></span> 
     </span>
    </p>
   </div>
   <div class='ocr_carea' id='block_1_38' title="bbox 87 2179 1673 2253">
    <p class='ocr_par' dir='ltr' id='par_1_38' title="bbox 87 2179 1673 2253">
     <span class='ocr_line' id='line_1_38' title="bbox 87 2179 1673 2253; baseline 0.003 -19"><span class='ocrx_word' id='word_1_272' title='bbox 87 2197 220 2245; x_wconf 90' lang='lat' dir='ltr'><strong>ntnu,</strong></span> <span class='ocrx_word' id='word_1_273' title='bbox 251 2181 390 2252; x_wconf 86' lang='lat' dir='ltr'><strong>quod</strong></span> <span class='ocrx_word' id='word_1_274' title='bbox 424 2186 637 2253; x_wconf 89' lang='lat' dir='ltr'><strong>potenti</strong></span> <span class='ocrx_word' id='word_1_275' title='bbox 675 2184 880 2238; x_wconf 92' lang='lat' dir='ltr'><strong>virtute</strong></span> <span class='ocrx_word' id='word_1_276' title='bbox 914 2185 1176 2238; x_wconf 90' lang='lat' dir='ltr'><strong>resistens</strong></span> <span class='ocrx_word' id='word_1_277' title='bbox 1200 2198 1306 2238; x_wconf 91' lang='lat' dir='ltr'><strong>non</strong></span> <span class='ocrx_word' id='word_1_278' title='bbox 1336 2183 1427 2238; x_wconf 87' lang='lat' dir='ltr'><strong>det</strong></span> <span class='ocrx_word' id='word_1_279' title='bbox 1458 2179 1673 2239; x_wconf 74' lang='lat' dir='ltr'><strong>invidiae</strong></span> 
     </span>
    </p>
   </div>
   <div class='ocr_carea' id='block_1_39' title="bbox 83 2277 1676 2349">
    <p class='ocr_par' dir='ltr' id='par_1_39' title="bbox 83 2277 1676 2349">
     <span class='ocr_line' id='line_1_39' title="bbox 83 2277 1676 2349; baseline 0.001 -18"><span class='ocrx_word' id='word_1_280' title='bbox 83 2277 286 2345; x_wconf 76' lang='lat' dir='ltr'><strong>locum,</strong></span> <span class='ocrx_word' id='word_1_281' title='bbox 339 2277 586 2334; x_wconf 88' lang='lat' dir='ltr'><strong>charitas</strong></span> <span class='ocrx_word' id='word_1_282' title='bbox 649 2278 894 2345; x_wconf 79' lang='lat' dir='ltr'><strong>scilicet,</strong></span> <span class='ocrx_word' id='word_1_283' title='bbox 943 2292 1064 2349; x_wconf 70' lang='lat' dir='ltr'><strong>quae</strong></span> <span class='ocrx_word' id='word_1_284' title='bbox 1124 2278 1537 2332; x_wconf 85' lang='lat' dir='ltr'><strong>fundamentum</strong></span> <span class='ocrx_word' id='word_1_285' title='bbox 1592 2284 1676 2333; x_wconf 86' lang='lat' dir='ltr'><strong>est</strong></span> 
     </span>
    </p>
   </div>
   <div class='ocr_carea' id='block_1_40' title="bbox 85 2374 1668 2446">
    <p class='ocr_par' dir='ltr' id='par_1_40' title="bbox 85 2374 1668 2446">
     <span class='ocr_line' id='line_1_40' title="bbox 85 2374 1668 2446; baseline 0.005 -22"><span class='ocrx_word' id='word_1_286' title='bbox 85 2374 303 2428; x_wconf 89' lang='lat' dir='ltr'><strong>omnium</strong></span> <span class='ocrx_word' id='word_1_287' title='bbox 334 2375 600 2430; x_wconf 91' lang='lat' dir='ltr'><strong>virtutum</strong></span> <span class='ocrx_word' id='word_1_288' title='bbox 650 2386 706 2430; x_wconf 89' lang='lat' dir='ltr'><strong>et</strong></span> <span class='ocrx_word' id='word_1_289' title='bbox 761 2375 1028 2431; x_wconf 90' lang='lat' dir='ltr'><strong>bonorum</strong></span> <span class='ocrx_word' id='word_1_290' title='bbox 1065 2395 1077 2429; x_wconf 76' lang='grc' dir='ltr'>ε</span> <span class='ocrx_word' id='word_1_291' title='bbox 1114 2392 1233 2446; x_wconf 80' lang='lat' dir='ltr'><strong>quae</strong></span> <span class='ocrx_word' id='word_1_292' title='bbox 1278 2392 1383 2431; x_wconf 89' lang='lat' dir='ltr'><strong>non</strong></span> <span class='ocrx_word' id='word_1_293' title='bbox 1431 2376 1668 2445; x_wconf 81' lang='lat' dir='ltr'><strong>inridet,</strong></span> 
     </span>
    </p>
   </div>
   <div class='ocr_carea' id='block_1_41' title="bbox 83 2466 1670 2541">
    <p class='ocr_par' dir='ltr' id='par_1_41' title="bbox 83 2466 1670 2541">
     <span class='ocr_line' id='line_1_41' title="bbox 83 2466 1670 2541; baseline 0.003 -21"><span class='ocrx_word' id='word_1_294' title='bbox 83 2466 165 2521; x_wconf 90' lang='lat' dir='ltr'><strong>sed</strong></span> <span class='ocrx_word' id='word_1_295' title='bbox 192 2467 495 2539; x_wconf 88' lang='lat' dir='ltr'><strong>congaudet</strong></span> <span class='ocrx_word' id='word_1_296' title='bbox 528 2489 540 2523; x_wconf 91' lang='lat'><strong>:</strong></span> <span class='ocrx_word' id='word_1_297' title='bbox 572 2485 682 2524; x_wconf 88' lang='lat' dir='ltr'><strong>non</strong></span> <span class='ocrx_word' id='word_1_298' title='bbox 712 2467 847 2535; x_wconf 92' lang='lat' dir='ltr'><strong>odit,</strong></span> <span class='ocrx_word' id='word_1_299' title='bbox 875 2469 973 2526; x_wconf 88' lang='lat' dir='ltr'><strong>sed</strong></span> <span class='ocrx_word' id='word_1_300' title='bbox 1003 2467 1179 2541; x_wconf 79' lang='lat' dir='ltr'><strong>diligit</strong></span> <span class='ocrx_word' id='word_1_301' title='bbox 1209 2490 1221 2526; x_wconf 92' lang='lat'>:</span> <span class='ocrx_word' id='word_1_302' title='bbox 1257 2487 1361 2525; x_wconf 91' lang='lat' dir='ltr'><strong>non</strong></span> <span class='ocrx_word' id='word_1_303' title='bbox 1394 2479 1670 2536; x_wconf 83' lang='lat' dir='ltr'><strong>susurrat,</strong></span> 
     </span>
    </p>
   </div>
   <div class='ocr_carea' id='block_1_42' title="bbox 84 2557 1670 2636">
    <p class='ocr_par' dir='ltr' id='par_1_42' title="bbox 84 2557 1670 2636">
     <span class='ocr_line' id='line_1_42' title="bbox 84 2557 1670 2636; baseline 0.006 -23"><span class='ocrx_word' id='word_1_304' title='bbox 84 2557 166 2614; x_wconf 85' lang='lat' dir='ltr'><strong>sed</strong></span> <span class='ocrx_word' id='word_1_305' title='bbox 209 2561 455 2634; x_wconf 75' lang='lat' dir='ltr'><strong>obiurgat</strong></span> <span class='ocrx_word' id='word_1_306' title='bbox 514 2581 527 2618; x_wconf 92' lang='lat'><strong>:</strong></span> <span class='ocrx_word' id='word_1_307' title='bbox 578 2580 691 2618; x_wconf 88' lang='lat' dir='ltr'><strong>non</strong></span> <span class='ocrx_word' id='word_1_308' title='bbox 742 2563 1008 2630; x_wconf 87' lang='lat' dir='ltr'><strong>detrahit,</strong></span> <span class='ocrx_word' id='word_1_309' title='bbox 1063 2565 1157 2621; x_wconf 89' lang='lat' dir='ltr'><strong>sed</strong></span> <span class='ocrx_word' id='word_1_310' title='bbox 1205 2566 1385 2636; x_wconf 82' lang='lat' dir='ltr'><strong>arguit</strong></span> <span class='ocrx_word' id='word_1_311' title='bbox 1421 2585 1434 2620; x_wconf 90' lang='lat'><strong>:</strong></span> <span class='ocrx_word' id='word_1_312' title='bbox 1470 2583 1575 2621; x_wconf 92' lang='lat' dir='ltr'><strong>non</strong></span> <span class='ocrx_word' id='word_1_313' title='bbox 1603 2566 1670 2623; x_wconf 88' lang='lat' dir='ltr'><strong>de</strong></span> 
     </span>
    </p>
   </div>
   <div class='ocr_carea' id='block_1_43' title="bbox 84 2651 1669 2730">
    <p class='ocr_par' dir='ltr' id='par_1_43' title="bbox 84 2651 1669 2730">
     <span class='ocr_line' id='line_1_43' title="bbox 84 2651 1669 2730; baseline 0.007 -26"><span class='ocrx_word' id='word_1_314' title='bbox 84 2651 307 2708; x_wconf 79' lang='lat' dir='ltr'><strong>adversis</strong></span> <span class='ocrx_word' id='word_1_315' title='bbox 330 2655 572 2724; x_wconf 80' lang='lat' dir='ltr'><strong>proximi</strong></span> <span class='ocrx_word' id='word_1_316' title='bbox 594 2655 824 2728; x_wconf 78' lang='lat' dir='ltr'><strong>gaudet,</strong></span> <span class='ocrx_word' id='word_1_317' title='bbox 848 2657 942 2713; x_wconf 90' lang='lat' dir='ltr'><strong>sed</strong></span> <span class='ocrx_word' id='word_1_318' title='bbox 969 2665 1163 2712; x_wconf 65' lang='lat' dir='ltr'><strong>maeret</strong></span> <span class='ocrx_word' id='word_1_319' title='bbox 1184 2675 1196 2712; x_wconf 91' lang='lat'><strong>:</strong></span> <span class='ocrx_word' id='word_1_320' title='bbox 1221 2673 1328 2712; x_wconf 92' lang='lat' dir='ltr'><strong>non</strong></span> <span class='ocrx_word' id='word_1_321' title='bbox 1355 2657 1421 2713; x_wconf 88' lang='lat' dir='ltr'><strong>de</strong></span> <span class='ocrx_word' id='word_1_322' title='bbox 1446 2675 1669 2730; x_wconf 89' lang='lat' dir='ltr'><strong>prospe-</strong></span> 
     </span>
    </p>
   </div>
   <div class='ocr_carea' id='block_1_44' title="bbox 85 2745 1663 2823">
    <p class='ocr_par' dir='ltr' id='par_1_44' title="bbox 85 2745 1663 2823">
     <span class='ocr_line' id='line_1_44' title="bbox 85 2745 1663 2823; baseline 0.005 -24"><span class='ocrx_word' id='word_1_323' title='bbox 85 2746 150 2799; x_wconf 86' lang='lat' dir='ltr'><strong>ris</strong></span> <span class='ocrx_word' id='word_1_324' title='bbox 169 2745 508 2804; x_wconf 83' lang='lat' dir='ltr'><strong>alﬂictinnem</strong></span> <span class='ocrx_word' id='word_1_325' title='bbox 531 2749 833 2817; x_wconf 88' lang='lat' dir='ltr'><strong>contrahit,</strong></span> <span class='ocrx_word' id='word_1_326' title='bbox 860 2750 952 2807; x_wconf 85' lang='lat' dir='ltr'><strong>sed</strong></span> <span class='ocrx_word' id='word_1_327' title='bbox 977 2753 1420 2807; x_wconf 83' lang='lat' dir='ltr'><strong>consolationem</strong></span> <span class='ocrx_word' id='word_1_328' title='bbox 1447 2753 1663 2823; x_wconf 77' lang='lat' dir='ltr'><strong>recipit.</strong></span> 
     </span>
    </p>
   </div>
   <div class='ocr_carea' id='block_1_45' title="bbox 87 2839 1666 2917">
    <p class='ocr_par' dir='ltr' id='par_1_45' title="bbox 87 2839 1666 2917">
     <span class='ocr_line' id='line_1_45' title="bbox 87 2839 1666 2917; baseline 0.008 -25"><span class='ocrx_word' id='word_1_329' title='bbox 87 2839 258 2894; x_wconf 79' lang='lat' dir='ltr'><strong>Merito</strong></span> <span class='ocrx_word' id='word_1_330' title='bbox 284 2851 458 2898; x_wconf 88' lang='lat' dir='ltr'><strong>autem</strong></span> <span class='ocrx_word' id='word_1_331' title='bbox 493 2845 605 2900; x_wconf 88' lang='lat' dir='ltr'><strong>tale</strong></span> <span class='ocrx_word' id='word_1_332' title='bbox 641 2861 836 2900; x_wconf 90' lang='lat' dir='ltr'><strong>nomen</strong></span> <span class='ocrx_word' id='word_1_333' title='bbox 872 2847 1114 2916; x_wconf 90' lang='lat' dir='ltr'><strong>accepit,</strong></span> <span class='ocrx_word' id='word_1_334' title='bbox 1149 2846 1291 2917; x_wconf 92' lang='lat' dir='ltr'><strong>quod</strong></span> <span class='ocrx_word' id='word_1_335' title='bbox 1326 2847 1413 2900; x_wconf 90' lang='lat' dir='ltr'><strong>illa</strong></span> <span class='ocrx_word' id='word_1_336' title='bbox 1445 2847 1666 2905; x_wconf 87' lang='lat' dir='ltr'><strong>charius</strong></span> 
     </span>
    </p>
   </div>
   <div class='ocr_carea' id='block_1_46' title="bbox 87 2932 1660 3010">
    <p class='ocr_par' dir='ltr' id='par_1_46' title="bbox 87 2932 1660 3010">
     <span class='ocr_line' id='line_1_46' title="bbox 87 2932 1660 3010; baseline 0.005 -22"><span class='ocrx_word' id='word_1_337' title='bbox 87 2932 296 2990; x_wconf 74' lang='lat' dir='ltr'><strong>inveniri</strong></span> <span class='ocrx_word' id='word_1_338' title='bbox 314 2951 416 2992; x_wconf 88' lang='lat' dir='ltr'><strong>non</strong></span> <span class='ocrx_word' id='word_1_339' title='bbox 440 2939 855 3008; x_wconf 86' lang='lat' dir='ltr'><strong>poterit:quam</strong></span> <span class='ocrx_word' id='word_1_340' title='bbox 875 2937 964 3010; x_wconf 90' lang='lat' dir='ltr'><strong>qui</strong></span> <span class='ocrx_word' id='word_1_341' title='bbox 989 2935 1177 3006; x_wconf 86' lang='lat' dir='ltr'><strong>habet,</strong></span> <span class='ocrx_word' id='word_1_342' title='bbox 1196 2951 1246 2994; x_wconf 90' lang='lat' dir='ltr'><strong>te</strong></span> <span class='ocrx_word' id='word_1_343' title='bbox 1265 2941 1452 3010; x_wconf 85' lang='lat' dir='ltr'><strong>utique</strong></span> <span class='ocrx_word' id='word_1_344' title='bbox 1475 2937 1660 2996; x_wconf 85' lang='lat' dir='ltr'><strong>habet.</strong></span> 
     </span>
    </p>
   </div>
   <div class='ocr_carea' id='block_1_47' title="bbox 91 3022 1664 3101">
    <p class='ocr_par' dir='ltr' id='par_1_47' title="bbox 91 3022 1664 3101">
     <span class='ocr_line' id='line_1_47' title="bbox 91 3022 1664 3101; baseline 0.007 -24"><span class='ocrx_word' id='word_1_345' title='bbox 91 3022 228 3092; x_wconf 83' lang='lat' dir='ltr'><strong>Deus,</strong></span> <span class='ocrx_word' id='word_1_346' title='bbox 253 3027 443 3099; x_wconf 90' lang='lat' dir='ltr'><strong>inquit,</strong></span> <span class='ocrx_word' id='word_1_347' title='bbox 467 3029 699 3086; x_wconf 71' lang='lat' dir='ltr'><strong>Charitas</strong></span> <span class='ocrx_word' id='word_1_348' title='bbox 721 3040 828 3097; x_wconf 89' lang='lat' dir='ltr'><strong>est;</strong></span> <span class='ocrx_word' id='word_1_349' title='bbox 850 3042 896 3086; x_wconf 88' lang='lat' dir='ltr'><strong>et</strong></span> <span class='ocrx_word' id='word_1_350' title='bbox 925 3032 1009 3097; x_wconf 88' lang='lat' dir='ltr'><strong>qui</strong></span> <span class='ocrx_word' id='word_1_351' title='bbox 1032 3043 1197 3086; x_wconf 87' lang='lat' dir='ltr'><strong>manet</strong></span> <span class='ocrx_word' id='word_1_352' title='bbox 1222 3034 1273 3086; x_wconf 88' lang='lat' dir='ltr'><strong>in</strong></span> <span class='ocrx_word' id='word_1_353' title='bbox 1306 3032 1579 3101; x_wconf 85' lang='lat' dir='ltr'><strong>charitate,</strong></span> <span class='ocrx_word' id='word_1_354' title='bbox 1609 3035 1664 3088; x_wconf 86' lang='lat' dir='ltr'><strong>in</strong></span> 
     </span>
    </p>
   </div>
   <div class='ocr_carea' id='block_1_48' title="bbox 93 3113 1662 3199">
    <p class='ocr_par' dir='ltr' id='par_1_48' title="bbox 93 3113 1662 3199">
     <span class='ocr_line' id='line_1_48' title="bbox 93 3113 1662 3199; baseline 0.01 -29"><span class='ocrx_word' id='word_1_355' title='bbox 93 3116 182 3173; x_wconf 82' lang='lat' dir='ltr'><strong>Deo</strong></span> <span class='ocrx_word' id='word_1_356' title='bbox 201 3132 381 3190; x_wconf 85' lang='lat' dir='ltr'><strong>manet,</strong></span> <span class='ocrx_word' id='word_1_357' title='bbox 408 3136 454 3178; x_wconf 88' lang='lat' dir='ltr'><strong>et</strong></span> <span class='ocrx_word' id='word_1_358' title='bbox 474 3113 619 3180; x_wconf 85' lang='lat' dir='ltr'><strong>Deus</strong></span> <span class='ocrx_word' id='word_1_359' title='bbox 650 3127 700 3180; x_wconf 89' lang='lat' dir='ltr'><strong>in</strong></span> <span class='ocrx_word' id='word_1_360' title='bbox 728 3143 785 3180; x_wconf 85' lang='lat' dir='ltr'><strong>eo</strong></span> <span class='ocrx_word' id='word_1_361' title='bbox 809 3125 855 3195; x_wconf 86' lang='grc' dir='ltr'><strong>(Ι</strong></span> <span class='ocrx_word' id='word_1_362' title='bbox 880 3125 1040 3182; x_wconf 86' lang='lat' dir='ltr'><strong>Joan.</strong></span> <span class='ocrx_word' id='word_1_363' title='bbox 1064 3143 1136 3192; x_wconf 87' lang='lat' dir='ltr'><strong>tv,</strong></span> <span class='ocrx_word' id='word_1_364' title='bbox 1162 3129 1240 3198; x_wconf 87' lang='lat'><strong>8).</strong></span> <span class='ocrx_word' id='word_1_365' title='bbox 1267 3128 1364 3197; x_wconf 81' lang='lat' dir='ltr'><strong>Qui</strong></span> <span class='ocrx_word' id='word_1_366' title='bbox 1390 3141 1444 3184; x_wconf 87' lang='grc' dir='ltr'><strong>ιιι</strong></span> <span class='ocrx_word' id='word_1_367' title='bbox 1472 3133 1662 3199; x_wconf 63' lang='lat' dir='ltr'><strong>praefa-</strong></span> 
     </span>
    </p>
   </div>
   <div class='ocr_carea' id='block_1_49' title="bbox 1782 1896 3386 1973">
    <p class='ocr_par' dir='ltr' id='par_1_49' title="bbox 1782 1896 3386 1973">
     <span class='ocr_line' id='line_1_49' title="bbox 1782 1896 3386 1973; baseline 0.007 -25"><span class='ocrx_word' id='word_1_368' title='bbox 1782 1904 1900 1949; x_wconf 87' lang='lat' dir='ltr'><strong>ante</strong></span> <span class='ocrx_word' id='word_1_369' title='bbox 1927 1896 2112 1964; x_wconf 88' lang='lat' dir='ltr'><strong>altare,</strong></span> <span class='ocrx_word' id='word_1_370' title='bbox 2144 1909 2191 1951; x_wconf 85' lang='lat' dir='ltr'><strong>et</strong></span> <span class='ocrx_word' id='word_1_371' title='bbox 2215 1901 2342 1954; x_wconf 50' lang='lat' dir='ltr'><strong>trade</strong></span> <span class='ocrx_word' id='word_1_372' title='bbox 2363 1901 2507 1968; x_wconf 81' lang='lat' dir='ltr'><strong>prius</strong></span> <span class='ocrx_word' id='word_1_373' title='bbox 2528 1902 2855 1956; x_wconf 86' lang='lat' dir='ltr'><strong>reconciliari</strong></span> <span class='ocrx_word' id='word_1_374' title='bbox 2875 1903 3026 1973; x_wconf 73' lang='lat' dir='ltr'><strong>fratri</strong></span> <span class='ocrx_word' id='word_1_375' title='bbox 3048 1912 3159 1971; x_wconf 89' lang='lat' dir='ltr'><strong>tuo,</strong></span> <span class='ocrx_word' id='word_1_376' title='bbox 3193 1912 3240 1958; x_wconf 90' lang='lat' dir='ltr'><strong>et</strong></span> <span class='ocrx_word' id='word_1_377' title='bbox 3261 1912 3386 1959; x_wconf 77' lang='lat' dir='ltr'><strong>tunc</strong></span> 
     </span>
    </p>
   </div>
   <div class='ocr_carea' id='block_1_50' title="bbox 1782 1987 3382 2066">
    <p class='ocr_par' dir='ltr' id='par_1_50' title="bbox 1782 1987 3382 2066">
     <span class='ocr_line' id='line_1_50' title="bbox 1782 1987 3382 2066; baseline 0.008 -26"><span class='ocrx_word' id='word_1_378' title='bbox 1782 1989 1985 2042; x_wconf 80' lang='lat' dir='ltr'><strong>veniens</strong></span> <span class='ocrx_word' id='word_1_379' title='bbox 2037 1987 2219 2056; x_wconf 78' lang='lat' dir='ltr'><strong>offeres</strong></span> <span class='ocrx_word' id='word_1_380' title='bbox 2265 2007 2452 2046; x_wconf 86' lang='lat' dir='ltr'><strong>munus</strong></span> <span class='ocrx_word' id='word_1_381' title='bbox 2503 2001 2648 2046; x_wconf 77' lang='lat' dir='ltr'><strong>tuum</strong></span> <span class='ocrx_word' id='word_1_382' title='bbox 2707 1991 2893 2064; x_wconf 76' lang='lat' dir='ltr'><strong>(Ibid.,</strong></span> <span class='ocrx_word' id='word_1_383' title='bbox 2940 1993 3056 2066; x_wconf 76' lang='lat'><strong>23).</strong></span> <span class='ocrx_word' id='word_1_384' title='bbox 3101 1991 3167 2050; x_wconf 84' lang='lat' dir='ltr'><strong>Et</strong></span> <span class='ocrx_word' id='word_1_385' title='bbox 3196 1993 3382 2052; x_wconf 87' lang='lat' dir='ltr'><strong>illud:</strong></span> 
     </span>
    </p>
   </div>
   <div class='ocr_carea' id='block_1_51' title="bbox 1781 2078 3382 2158">
    <p class='ocr_par' dir='ltr' id='par_1_51' title="bbox 1781 2078 3382 2158">
     <span class='ocr_line' id='line_1_51' title="bbox 1781 2078 3382 2158; baseline 0.006 -23"><span class='ocrx_word' id='word_1_386' title='bbox 1781 2078 1907 2135; x_wconf 81' lang='lat' dir='ltr'><strong>Cum</strong></span> <span class='ocrx_word' id='word_1_387' title='bbox 1947 2083 2093 2137; x_wconf 85' lang='lat' dir='ltr'><strong>statis</strong></span> <span class='ocrx_word' id='word_1_388' title='bbox 2131 2082 2201 2135; x_wconf 84' lang='lat' dir='ltr'><strong>ad</strong></span> <span class='ocrx_word' id='word_1_389' title='bbox 2240 2083 2528 2150; x_wconf 80' lang='lat' dir='ltr'><strong>orandum,</strong></span> <span class='ocrx_word' id='word_1_390' title='bbox 2580 2087 2825 2141; x_wconf 84' lang='lat' dir='ltr'><strong>remittite</strong></span> <span class='ocrx_word' id='word_1_391' title='bbox 2851 2129 2864 2151; x_wconf 96' lang='lat'><strong>,</strong></span> <span class='ocrx_word' id='word_1_392' title='bbox 2918 2087 2963 2140; x_wconf 84' lang='lat' dir='ltr'><strong>si</strong></span> <span class='ocrx_word' id='word_1_393' title='bbox 3010 2088 3137 2158; x_wconf 84' lang='lat' dir='ltr'><strong>quid</strong></span> <span class='ocrx_word' id='word_1_394' title='bbox 3183 2087 3382 2144; x_wconf 76' lang='lat' dir='ltr'><strong>habetis</strong></span> 
     </span>
    </p>
   </div>
   <div class='ocr_carea' id='block_1_52' title="bbox 1777 2177 3372 2257">
    <p class='ocr_par' dir='ltr' id='par_1_52' title="bbox 1777 2177 3372 2257">
     <span class='ocr_line' id='line_1_52' title="bbox 1777 2177 3372 2257; baseline 0.008 -28"><span class='ocrx_word' id='word_1_395' title='bbox 1777 2177 2021 2231; x_wconf 81' lang='lat' dir='ltr'><strong>adversus</strong></span> <span class='ocrx_word' id='word_1_396' title='bbox 2059 2179 2275 2233; x_wconf 73' lang='lat' dir='ltr'><strong>alterum</strong></span> <span class='ocrx_word' id='word_1_397' title='bbox 2326 2181 2380 2234; x_wconf 82' lang='lat' dir='ltr'><strong>in</strong></span> <span class='ocrx_word' id='word_1_398' title='bbox 2425 2181 2670 2237; x_wconf 77' lang='lat' dir='ltr'><strong>cordibus</strong></span> <span class='ocrx_word' id='word_1_399' title='bbox 2709 2185 2892 2238; x_wconf 78' lang='lat' dir='ltr'><strong>vestris</strong></span> <span class='ocrx_word' id='word_1_400' title='bbox 2921 2183 3117 2256; x_wconf 79' lang='lat' dir='ltr'><strong>(Marc.</strong></span> <span class='ocrx_word' id='word_1_401' title='bbox 3151 2201 3228 2252; x_wconf 77' lang='grc' dir='ltr'><strong>χι,</strong></span> <span class='ocrx_word' id='word_1_402' title='bbox 3253 2185 3372 2257; x_wconf 74' lang='lat'><strong>‘25).</strong></span> 
     </span>
    </p>
   </div>
   <div class='ocr_carea' id='block_1_53' title="bbox 1781 2268 3376 2344">
    <p class='ocr_par' dir='ltr' id='par_1_53' title="bbox 1781 2268 3376 2344">
     <span class='ocr_line' id='line_1_53' title="bbox 1781 2268 3376 2344; baseline 0.006 -22"><span class='ocrx_word' id='word_1_403' title='bbox 1781 2268 1927 2324; x_wconf 87' lang='lat' dir='ltr'><strong>lianc</strong></span> <span class='ocrx_word' id='word_1_404' title='bbox 1945 2270 2097 2339; x_wconf 89' lang='lat' dir='ltr'><strong>mihi,</strong></span> <span class='ocrx_word' id='word_1_405' title='bbox 2115 2271 2342 2327; x_wconf 89' lang='lat' dir='ltr'><strong>Domine</strong></span> <span class='ocrx_word' id='word_1_406' title='bbox 2359 2273 2521 2340; x_wconf 80' lang='lat' dir='ltr'><strong>Deus,</strong></span> <span class='ocrx_word' id='word_1_407' title='bbox 2541 2275 2842 2330; x_wconf 83' lang='lat' dir='ltr'><strong>secundam</strong></span> <span class='ocrx_word' id='word_1_408' title='bbox 2866 2276 3044 2331; x_wconf 89' lang='lat' dir='ltr'><strong>tribue</strong></span> <span class='ocrx_word' id='word_1_409' title='bbox 3064 2277 3376 2344; x_wconf 85' lang='lat' dir='ltr'><strong>victoriam,</strong></span> 
     </span>
    </p>
   </div>
   <div class='ocr_carea' id='block_1_54' title="bbox 1778 2359 3377 2439">
    <p class='ocr_par' dir='ltr' id='par_1_54' title="bbox 1778 2359 3377 2439">
     <span class='ocr_line' id='line_1_54' title="bbox 1778 2359 3377 2439; baseline 0.007 -25"><span class='ocrx_word' id='word_1_410' title='bbox 1778 2361 1822 2415; x_wconf 90' lang='lat' dir='ltr'><strong>si</strong></span> <span class='ocrx_word' id='word_1_411' title='bbox 1872 2359 2062 2418; x_wconf 80' lang='lat' dir='ltr'><strong>furore</strong></span> <span class='ocrx_word' id='word_1_412' title='bbox 2109 2374 2342 2419; x_wconf 71' lang='lat' dir='ltr'><strong>ctecatus</strong></span> <span class='ocrx_word' id='word_1_413' title='bbox 2392 2367 2627 2422; x_wconf 82' lang='lat' dir='ltr'><strong>amisere</strong></span> <span class='ocrx_word' id='word_1_414' title='bbox 2667 2369 2922 2439; x_wconf 81' lang='lat' dir='ltr'><strong>primam,</strong></span> <span class='ocrx_word' id='word_1_415' title='bbox 2971 2383 3094 2426; x_wconf 89' lang='lat' dir='ltr'><strong>cum</strong></span> <span class='ocrx_word' id='word_1_416' title='bbox 3133 2383 3239 2425; x_wconf 92' lang='lat' dir='ltr'><strong>non</strong></span> <span class='ocrx_word' id='word_1_417' title='bbox 3283 2383 3377 2426; x_wconf 88' lang='lat' dir='ltr'><strong>tuo</strong></span> 
     </span>
    </p>
   </div>
   <div class='ocr_carea' id='block_1_55' title="bbox 1776 2455 3223 2530">
    <p class='ocr_par' dir='ltr' id='par_1_55' title="bbox 1776 2455 3223 2530">
     <span class='ocr_line' id='line_1_55' title="bbox 1776 2455 3223 2530; baseline 0.008 -21"><span class='ocrx_word' id='word_1_418' title='bbox 1776 2455 1916 2520; x_wconf 84' lang='lat' dir='ltr'><strong>zelo,</strong></span> <span class='ocrx_word' id='word_1_419' title='bbox 1960 2457 2053 2511; x_wconf 81' lang='lat' dir='ltr'><strong>sed</strong></span> <span class='ocrx_word' id='word_1_420' title='bbox 2079 2471 2201 2511; x_wconf 87' lang='lat' dir='ltr'><strong>meo</strong></span> <span class='ocrx_word' id='word_1_421' title='bbox 2232 2460 2361 2513; x_wconf 76' lang='lat' dir='ltr'><strong>vitio</strong></span> <span class='ocrx_word' id='word_1_422' title='bbox 2388 2459 2684 2530; x_wconf 63' lang='lat' dir='ltr'><strong>cujuslibet</strong></span> <span class='ocrx_word' id='word_1_423' title='bbox 2713 2466 2953 2518; x_wconf 84' lang='lat' dir='ltr'><strong>animum</strong></span> <span class='ocrx_word' id='word_1_424' title='bbox 2985 2463 3223 2520; x_wconf 70' lang='lat' dir='ltr'><strong>offendo.</strong></span> 
     </span>
    </p>
   </div>
   <div class='ocr_carea' id='block_1_56' title="bbox 1844 2547 3373 2630">
    <p class='ocr_par' dir='ltr' id='par_1_56' title="bbox 1844 2547 3373 2630">
     <span class='ocr_line' id='line_1_56' title="bbox 1844 2547 3373 2630; baseline 0.007 -26"><span class='ocrx_word' id='word_1_425' title='bbox 1844 2547 1898 2604; x_wconf 87' lang='lat'><strong>8.</strong></span> <span class='ocrx_word' id='word_1_426' title='bbox 1933 2549 2176 2605; x_wconf 77' lang='lat' dir='ltr'><strong>Tristitia</strong></span> <span class='ocrx_word' id='word_1_427' title='bbox 2211 2567 2425 2623; x_wconf 86' lang='lat' dir='ltr'><strong>quoque</strong></span> <span class='ocrx_word' id='word_1_428' title='bbox 2463 2553 2596 2608; x_wconf 71' lang='lat' dir='ltr'><strong>iram</strong></span> <span class='ocrx_word' id='word_1_429' title='bbox 2640 2558 2986 2627; x_wconf 87' lang='lat' dir='ltr'><strong>persequitur</strong></span> <span class='ocrx_word' id='word_1_430' title='bbox 3029 2576 3042 2613; x_wconf 89' lang='lat'>:</span> <span class='ocrx_word' id='word_1_431' title='bbox 3074 2573 3195 2630; x_wconf 83' lang='lat' dir='ltr'><strong>quae</strong></span> <span class='ocrx_word' id='word_1_432' title='bbox 3243 2558 3373 2615; x_wconf 89' lang='lat' dir='ltr'><strong>dum</strong></span> 
     </span>
    </p>
   </div>
   <div class='ocr_carea' id='block_1_57' title="bbox 1773 2642 3372 2722">
    <p class='ocr_par' dir='ltr' id='par_1_57' title="bbox 1773 2642 3372 2722">
     <span class='ocr_line' id='line_1_57' title="bbox 1773 2642 3372 2722; baseline 0.009 -26"><span class='ocrx_word' id='word_1_433' title='bbox 1773 2642 1953 2699; x_wconf 88' lang='lat' dir='ltr'><strong>cordis</strong></span> <span class='ocrx_word' id='word_1_434' title='bbox 1993 2659 2190 2700; x_wconf 87' lang='lat' dir='ltr'><strong>arcana</strong></span> <span class='ocrx_word' id='word_1_435' title='bbox 2233 2657 2523 2716; x_wconf 85' lang='lat' dir='ltr'><strong>penetrat,</strong></span> <span class='ocrx_word' id='word_1_436' title='bbox 2570 2651 2816 2718; x_wconf 90' lang='lat' dir='ltr'><strong>protinus</strong></span> <span class='ocrx_word' id='word_1_437' title='bbox 2856 2651 2909 2705; x_wconf 92' lang='lat' dir='ltr'><strong>in</strong></span> <span class='ocrx_word' id='word_1_438' title='bbox 2960 2652 3078 2722; x_wconf 85' lang='lat' dir='ltr'><strong>ejus</strong></span> <span class='ocrx_word' id='word_1_439' title='bbox 3119 2654 3372 2710; x_wconf 75' lang='lat' dir='ltr'><strong>cubiculo</strong></span> 
     </span>
    </p>
   </div>
   <div class='ocr_carea' id='block_1_58' title="bbox 1774 2735 3454 2816">
    <p class='ocr_par' dir='ltr' id='par_1_58' title="bbox 1774 2735 3454 2816">
     <span class='ocr_line' id='line_1_58' title="bbox 1774 2735 3454 2816; baseline 0.008 -29"><span class='ocrx_word' id='word_1_440' title='bbox 1774 2735 2055 2801; x_wconf 85' lang='lat' dir='ltr'><strong>malitiam,</strong></span> <span class='ocrx_word' id='word_1_441' title='bbox 2108 2753 2416 2806; x_wconf 90' lang='lat' dir='ltr'><strong>rancorem,</strong></span> <span class='ocrx_word' id='word_1_442' title='bbox 2461 2741 3002 2810; x_wconf 86' lang='lat' dir='ltr'><strong>pusillanimitatem,</strong></span> <span class='ocrx_word' id='word_1_443' title='bbox 3035 2742 3375 2816; x_wconf 85' lang='lat' dir='ltr'><strong>despera’tio-</strong></span> <span class='ocrx_word' id='word_1_444' title='bbox 3449 2777 3454 2782; x_wconf 85' lang='lat'><strong>~</strong></span> 
     </span>
    </p>
   </div>
   <div class='ocr_carea' id='block_1_59' title="bbox 1772 2833 3371 2908">
    <p class='ocr_par' dir='ltr' id='par_1_59' title="bbox 1772 2833 3371 2908">
     <span class='ocr_line' id='line_1_59' title="bbox 1772 2833 3371 2908; baseline 0.008 -25"><span class='ocrx_word' id='word_1_445' title='bbox 1772 2843 1918 2896; x_wconf 91' lang='lat' dir='ltr'><strong>nem,</strong></span> <span class='ocrx_word' id='word_1_446' title='bbox 1964 2839 2240 2900; x_wconf 86' lang='lat' dir='ltr'><strong>torporem</strong></span> <span class='ocrx_word' id='word_1_447' title='bbox 2267 2833 2412 2889; x_wconf 86' lang='lat' dir='ltr'><strong>circa</strong></span> <span class='ocrx_word' id='word_1_448' title='bbox 2457 2843 2752 2907; x_wconf 76' lang='lat' dir='ltr'><strong>prtecepta,</strong></span> <span class='ocrx_word' id='word_1_449' title='bbox 2784 2837 3130 2908; x_wconf 78' lang='lat' dir='ltr'><strong>vagationem</strong></span> <span class='ocrx_word' id='word_1_450' title='bbox 3170 2841 3371 2896; x_wconf 78' lang='lat' dir='ltr'><strong>mentis</strong></span> 
     </span>
    </p>
   </div>
   <div class='ocr_carea' id='block_1_60' title="bbox 1770 2923 3366 3004">
    <p class='ocr_par' dir='ltr' id='par_1_60' title="bbox 1770 2923 3366 3004">
     <span class='ocr_line' id='line_1_60' title="bbox 1770 2923 3366 3004; baseline 0.007 -26"><span class='ocrx_word' id='word_1_451' title='bbox 1770 2937 1897 2994; x_wconf 79' lang='lat' dir='ltr'><strong>erga</strong></span> <span class='ocrx_word' id='word_1_452' title='bbox 1941 2923 2134 2980; x_wconf 89' lang='lat' dir='ltr'><strong>illicita</strong></span> <span class='ocrx_word' id='word_1_453' title='bbox 2173 2935 2422 2997; x_wconf 85' lang='lat' dir='ltr'><strong>generat.</strong></span> <span class='ocrx_word' id='word_1_454' title='bbox 2457 2929 2589 2996; x_wconf 74' lang='lat' dir='ltr'><strong>Quae</strong></span> <span class='ocrx_word' id='word_1_455' title='bbox 2634 2930 2774 2986; x_wconf 88' lang='lat' dir='ltr'><strong>inter</strong></span> <span class='ocrx_word' id='word_1_456' title='bbox 2814 2939 3008 2987; x_wconf 75' lang='lat' dir='ltr'><strong>ca-tet&#39;a</strong></span> <span class='ocrx_word' id='word_1_457' title='bbox 3038 2932 3165 2987; x_wconf 82' lang='lat' dir='ltr'><strong>vitia</strong></span> <span class='ocrx_word' id='word_1_458' title='bbox 3206 2939 3366 3004; x_wconf 81' lang='lat' dir='ltr'><strong>quam</strong></span> 
     </span>
    </p>
   </div>
   <div class='ocr_carea' id='block_1_61' title="bbox 1771 3017 3365 3092">
    <p class='ocr_par' dir='ltr' id='par_1_61' title="bbox 1771 3017 3365 3092">
     <span class='ocr_line' id='line_1_61' title="bbox 1771 3017 3365 3092; baseline 0.005 -19"><span class='ocrx_word' id='word_1_459' title='bbox 1771 3017 1844 3074; x_wconf 92' lang='lat' dir='ltr'><strong>sit</strong></span> <span class='ocrx_word' id='word_1_460' title='bbox 1884 3018 2227 3088; x_wconf 86' lang='lat' dir='ltr'><strong>detestanda,</strong></span> <span class='ocrx_word' id='word_1_461' title='bbox 2270 3021 2460 3077; x_wconf 87' lang='lat' dir='ltr'><strong>beatus</strong></span> <span class='ocrx_word' id='word_1_462' title='bbox 2500 3022 2698 3078; x_wconf 86' lang='lat' dir='ltr'><strong>Paulus</strong></span> <span class='ocrx_word' id='word_1_463' title='bbox 2741 3024 2985 3080; x_wconf 87' lang='lat' dir='ltr'><strong>indicat:</strong></span> <span class='ocrx_word' id='word_1_464' title='bbox 3027 3025 3242 3092; x_wconf 60' lang='lat' dir='ltr'><strong>Surculi,</strong></span> <span class='ocrx_word' id='word_1_465' title='bbox 3279 3028 3365 3081; x_wconf 80' lang='lat' dir='ltr'><strong>in-</strong></span> 
     </span>
    </p>
   </div>
   <div class='ocr_carea' id='block_1_62' title="bbox 1767 3113 3360 3193">
    <p class='ocr_par' dir='ltr' id='par_1_62' title="bbox 1767 3113 3360 3193">
     <span class='ocr_line' id='line_1_62' title="bbox 1767 3113 3360 3193; baseline 0.005 -26"><span class='ocrx_word' id='word_1_466' title='bbox 1767 3113 1983 3184; x_wconf 71' lang='lat' dir='ltr'><strong>Quietis,</strong></span> <span class='ocrx_word' id='word_1_467' title='bbox 2031 3115 2238 3171; x_wconf 86' lang='lat' dir='ltr'><strong>tristitia</strong></span> <span class='ocrx_word' id='word_1_468' title='bbox 2281 3125 2491 3172; x_wconf 86' lang='lat' dir='ltr'><strong>mortem</strong></span> <span class='ocrx_word' id='word_1_469' title='bbox 2539 3122 2783 3184; x_wconf 76' lang='lat' dir='ltr'><strong>operatur</strong></span> <span class='ocrx_word' id='word_1_470' title='bbox 2811 3118 2881 3190; x_wconf 88' lang='lat' dir='ltr'><strong>(ll</strong></span> <span class='ocrx_word' id='word_1_471' title='bbox 2923 3119 3068 3175; x_wconf 83' lang='lat' dir='ltr'><strong>Cor.-</strong></span> <span class='ocrx_word' id='word_1_472' title='bbox 3097 3133 3203 3188; x_wconf 89' lang='lat' dir='ltr'><strong>vn,</strong></span> <span class='ocrx_word' id='word_1_473' title='bbox 3248 3120 3360 3193; x_wconf 80' lang='lat'><strong>10).</strong></span> 
     </span>
    </p>
   </div>
   <div class='ocr_carea' id='block_1_63' title="bbox 89 3206 1666 3287">
    <p class='ocr_par' dir='ltr' id='par_1_63' title="bbox 89 3212 1659 3287">
     <span class='ocr_line' id='line_1_63' title="bbox 89 3212 1659 3287; baseline 0.008 -24"><span class='ocrx_word' id='word_1_474' title='bbox 89 3218 184 3264; x_wconf 90' lang='lat' dir='ltr'><strong>tum</strong></span> <span class='ocrx_word' id='word_1_475' title='bbox 214 3212 419 3269; x_wconf 76' lang='lat' dir='ltr'><strong>invidia:</strong></span> <span class='ocrx_word' id='word_1_476' title='bbox 451 3227 679 3287; x_wconf 84' lang='lat' dir='ltr'><strong>superet</strong></span> <span class='ocrx_word' id='word_1_477' title='bbox 707 3219 909 3272; x_wconf 86' lang='lat' dir='ltr'><strong>malum</strong></span> <span class='ocrx_word' id='word_1_478' title='bbox 939 3261 951 3283; x_wconf 94' lang='lat'><strong>,</strong></span> <span class='ocrx_word' id='word_1_479' title='bbox 1009 3219 1191 3274; x_wconf 87' lang='lat' dir='ltr'><strong>eordis</strong></span> <span class='ocrx_word' id='word_1_480' title='bbox 1240 3220 1396 3274; x_wconf 91' lang='lat' dir='ltr'><strong>simul</strong></span> <span class='ocrx_word' id='word_1_481' title='bbox 1445 3229 1501 3276; x_wconf 90' lang='lat' dir='ltr'><strong>et</strong></span> <span class='ocrx_word' id='word_1_482' title='bbox 1550 3221 1659 3276; x_wconf 90' lang='lat' dir='ltr'><strong>oris</strong></span> 
     </span>
    </p>
   </div>
   <div class='ocr_carea' id='block_1_64' title="bbox 1776 3206 3365 3287">
    <p class='ocr_par' dir='ltr' id='par_1_64' title="bbox 1776 3206 3365 3284">
     <span class='ocr_line' id='line_1_64' title="bbox 1776 3206 3365 3284; baseline 0.005 -24"><span class='ocrx_word' id='word_1_483' title='bbox 1776 3206 1872 3260; x_wconf 84' lang='lat' dir='ltr'><strong>Sed</strong></span> <span class='ocrx_word' id='word_1_484' title='bbox 1908 3206 2160 3274; x_wconf 86' lang='lat' dir='ltr'><strong>obsecro,</strong></span> <span class='ocrx_word' id='word_1_485' title='bbox 2191 3207 2336 3263; x_wconf 82' lang='lat' dir='ltr'><strong>Deus</strong></span> <span class='ocrx_word' id='word_1_486' title='bbox 2367 3219 2420 3264; x_wconf 88' lang='lat' dir='ltr'><strong>et</strong></span> <span class='ocrx_word' id='word_1_487' title='bbox 2454 3209 2716 3266; x_wconf 90' lang='lat' dir='ltr'><strong>Dominus</strong></span> <span class='ocrx_word' id='word_1_488' title='bbox 2755 3218 2940 3277; x_wconf 86' lang='lat' dir='ltr'><strong>meus,</strong></span> <span class='ocrx_word' id='word_1_489' title='bbox 2973 3225 3188 3284; x_wconf 88' lang='lat' dir='ltr'><strong>oppone</strong></span> <span class='ocrx_word' id='word_1_490' title='bbox 3229 3219 3365 3269; x_wconf 59' lang='lat' dir='ltr'><strong>con.</strong></span> 
     </span>
    </p>
   </div>
   <div class='ocr_carea' id='block_1_65' title="bbox 83 3303 1658 3382">
    <p class='ocr_par' dir='ltr' id='par_1_65' title="bbox 83 3303 1658 3382">
     <span class='ocr_line' id='line_1_65' title="bbox 83 3303 1658 3382; baseline 0.008 -25"><span class='ocrx_word' id='word_1_491' title='bbox 83 3303 332 3372; x_wconf 74' lang='lat' dir='ltr'><strong>iungenda</strong></span> <span class='ocrx_word' id='word_1_492' title='bbox 373 3311 630 3365; x_wconf 80' lang='lat' dir='ltr'><strong>custodia</strong></span> <span class='ocrx_word' id='word_1_493' title='bbox 661 3319 743 3365; x_wconf 89' lang='lat' dir='ltr'><strong>est</strong></span> <span class='ocrx_word' id='word_1_494' title='bbox 776 3329 788 3365; x_wconf 90' lang='lat'><strong>:</strong></span> <span class='ocrx_word' id='word_1_495' title='bbox 819 3309 1000 3366; x_wconf 90' lang='lat' dir='ltr'><strong>cordis</strong></span> <span class='ocrx_word' id='word_1_496' title='bbox 1031 3313 1267 3378; x_wconf 85' lang='lat' dir='ltr'><strong>scilicet,</strong></span> <span class='ocrx_word' id='word_1_497' title='bbox 1305 3329 1370 3368; x_wconf 86' lang='lat' dir='ltr'><strong>ne</strong></span> <span class='ocrx_word' id='word_1_498' title='bbox 1396 3313 1658 3382; x_wconf 83' lang='lat' dir='ltr'><strong>invideat,</strong></span> 
     </span>
    </p>
   </div>
   <div class='ocr_carea' id='block_1_66' title="bbox 89 3392 1661 3475">
    <p class='ocr_par' dir='ltr' id='par_1_66' title="bbox 89 3392 1661 3475">
     <span class='ocr_line' id='line_1_66' title="bbox 89 3392 1661 3475; baseline 0.007 -24"><span class='ocrx_word' id='word_1_499' title='bbox 89 3392 232 3469; x_wconf 63' lang='grc'><strong>494</strong></span> <span class='ocrx_word' id='word_1_500' title='bbox 255 3414 318 3453; x_wconf 88' lang='lat' dir='ltr'><strong>ne</strong></span> <span class='ocrx_word' id='word_1_501' title='bbox 344 3399 396 3454; x_wconf 94' lang='lat' dir='ltr'><strong>in</strong></span> <span class='ocrx_word' id='word_1_502' title='bbox 425 3402 680 3458; x_wconf 86' lang='lat' dir='ltr'><strong>adversis</strong></span> <span class='ocrx_word' id='word_1_503' title='bbox 706 3405 934 3472; x_wconf 83' lang='lat' dir='ltr'><strong>proximi</strong></span> <span class='ocrx_word' id='word_1_504' title='bbox 967 3405 1224 3468; x_wconf 76' lang='lat' dir='ltr'><strong>exsultet,</strong></span> <span class='ocrx_word' id='word_1_505' title='bbox 1258 3421 1323 3460; x_wconf 82' lang='lat' dir='ltr'><strong>ne</strong></span> <span class='ocrx_word' id='word_1_506' title='bbox 1359 3407 1411 3459; x_wconf 90' lang='lat' dir='ltr'><strong>in</strong></span> <span class='ocrx_word' id='word_1_507' title='bbox 1439 3422 1661 3475; x_wconf 89' lang='lat' dir='ltr'><strong>prospe-</strong></span> 
     </span>
    </p>
   </div>
   <div class='ocr_carea' id='block_1_67' title="bbox 90 3489 1657 3569">
    <p class='ocr_par' dir='ltr' id='par_1_67' title="bbox 90 3489 1657 3569">
     <span class='ocr_line' id='line_1_67' title="bbox 90 3489 1657 3569; baseline 0.009 -28"><span class='ocrx_word' id='word_1_508' title='bbox 90 3489 152 3541; x_wconf 91' lang='lat' dir='ltr'><strong>ris</strong></span> <span class='ocrx_word' id='word_1_509' title='bbox 193 3493 494 3549; x_wconf 73' lang='lat' dir='ltr'><strong>mmstitiam</strong></span> <span class='ocrx_word' id='word_1_510' title='bbox 528 3495 816 3551; x_wconf 86' lang='lat' dir='ltr'><strong>contrahat</strong></span> <span class='ocrx_word' id='word_1_511' title='bbox 861 3498 1021 3552; x_wconf 89' lang='lat' dir='ltr'><strong>:oris</strong></span> <span class='ocrx_word' id='word_1_512' title='bbox 1069 3514 1219 3559; x_wconf 66' lang='lat' dir='ltr'><strong>vero.</strong></span> <span class='ocrx_word' id='word_1_513' title='bbox 1270 3516 1339 3556; x_wconf 90' lang='lat' dir='ltr'><strong>ne</strong></span> <span class='ocrx_word' id='word_1_514' title='bbox 1389 3511 1657 3569; x_wconf 72' lang='lat' dir='ltr'><strong>susurret,</strong></span> 
     </span>
    </p>
   </div>
   <div class='ocr_carea' id='block_1_68' title="bbox 92 3579 1660 3661">
    <p class='ocr_par' dir='ltr' id='par_1_68' title="bbox 92 3579 1660 3661">
     <span class='ocr_line' id='line_1_68' title="bbox 92 3579 1660 3661; baseline 0.012 -32"><span class='ocrx_word' id='word_1_515' title='bbox 92 3593 149 3632; x_wconf 88' lang='lat' dir='ltr'><strong>ne</strong></span> <span class='ocrx_word' id='word_1_516' title='bbox 191 3579 450 3642; x_wconf 74' lang='lat' dir='ltr'><strong>detrahat.</strong></span> <span class='ocrx_word' id='word_1_517' title='bbox 499 3589 779 3658; x_wconf 86' lang='lat' dir='ltr'><strong>Scriptum</strong></span> <span class='ocrx_word' id='word_1_518' title='bbox 825 3590 1020 3661; x_wconf 89' lang='lat' dir='ltr'><strong>quippe</strong></span> <span class='ocrx_word' id='word_1_519' title='bbox 1048 3601 1129 3646; x_wconf 90' lang='lat' dir='ltr'><strong>est</strong></span> <span class='ocrx_word' id='word_1_520' title='bbox 1166 3609 1177 3644; x_wconf 94' lang='lat'><strong>:</strong></span> <span class='ocrx_word' id='word_1_521' title='bbox 1225 3590 1378 3645; x_wconf 87' lang='lat' dir='ltr'><strong>Omni</strong></span> <span class='ocrx_word' id='word_1_522' title='bbox 1425 3593 1660 3648; x_wconf 81' lang='lat' dir='ltr'><strong>custodia</strong></span> 
     </span>
    </p>
   </div>
   <div class='ocr_carea' id='block_1_69' title="bbox 91 3683 1661 3755">
    <p class='ocr_par' dir='ltr' id='par_1_69' title="bbox 91 3683 1661 3755">
     <span class='ocr_line' id='line_1_69' title="bbox 91 3683 1661 3755; baseline 0.011 -33"><span class='ocrx_word' id='word_1_523' title='bbox 91 3687 213 3728; x_wconf 83' lang='lat' dir='ltr'><strong>serra</strong></span> <span class='ocrx_word' id='word_1_524' title='bbox 239 3693 290 3731; x_wconf 91' lang='lat' dir='ltr'><strong>os</strong></span> <span class='ocrx_word' id='word_1_525' title='bbox 311 3686 452 3734; x_wconf 86' lang='lat' dir='ltr'><strong>tuum</strong></span> <span class='ocrx_word' id='word_1_526' title='bbox 479 3698 496 3735; x_wconf 94' lang='lat'><strong><em>:</em></strong></span> <span class='ocrx_word' id='word_1_527' title='bbox 524 3697 673 3736; x_wconf 87' lang='lat' dir='ltr'><strong>serva</strong></span> <span class='ocrx_word' id='word_1_528' title='bbox 703 3695 846 3736; x_wconf 87' lang='lat' dir='ltr'><strong>tuum</strong></span> <span class='ocrx_word' id='word_1_529' title='bbox 878 3699 986 3746; x_wconf 87' lang='lat' dir='ltr'><strong>cor,</strong></span> <span class='ocrx_word' id='word_1_530' title='bbox 1013 3683 1133 3754; x_wconf 81' lang='lat' dir='ltr'><strong>quia</strong></span> <span class='ocrx_word' id='word_1_531' title='bbox 1157 3700 1220 3737; x_wconf 79' lang='lat' dir='ltr'><strong>ex</strong></span> <span class='ocrx_word' id='word_1_532' title='bbox 1249 3685 1359 3751; x_wconf 80' lang='lat' dir='ltr'><strong>ipso</strong></span> <span class='ocrx_word' id='word_1_533' title='bbox 1392 3684 1494 3738; x_wconf 87' lang='lat' dir='ltr'><strong>vita</strong></span> <span class='ocrx_word' id='word_1_534' title='bbox 1539 3702 1661 3755; x_wconf 88' lang='lat' dir='ltr'><strong>pro-</strong></span> 
     </span>
    </p>
   </div>
   <div class='ocr_carea' id='block_1_70' title="bbox 95 3765 1660 3846">
    <p class='ocr_par' dir='ltr' id='par_1_70' title="bbox 95 3765 1660 3846">
     <span class='ocr_line' id='line_1_70' title="bbox 95 3765 1660 3846; baseline 0.011 -31"><span class='ocrx_word' id='word_1_535' title='bbox 95 3765 206 3820; x_wconf 71' lang='lat' dir='ltr'><strong>cedit</strong></span> <span class='ocrx_word' id='word_1_536' title='bbox 231 3767 406 3837; x_wconf 84' lang='lat' dir='ltr'><strong>(Prov.</strong></span> <span class='ocrx_word' id='word_1_537' title='bbox 437 3789 511 3837; x_wconf 83' lang='lat' dir='ltr'><strong>tv,</strong></span> <span class='ocrx_word' id='word_1_538' title='bbox 546 3775 662 3846; x_wconf 78' lang='lat'><strong>&#39;23).</strong></span> <span class='ocrx_word' id='word_1_539' title='bbox 699 3775 764 3830; x_wconf 83' lang='lat' dir='ltr'><strong>Et</strong></span> <span class='ocrx_word' id='word_1_540' title='bbox 793 3791 1010 3830; x_wconf 88' lang='lat' dir='ltr'><strong>rursum</strong></span> <span class='ocrx_word' id='word_1_541' title='bbox 1053 3777 1316 3846; x_wconf 89' lang='lat' dir='ltr'><strong>scriptum</strong></span> <span class='ocrx_word' id='word_1_542' title='bbox 1345 3785 1429 3832; x_wconf 86' lang='lat' dir='ltr'><strong>est</strong></span> <span class='ocrx_word' id='word_1_543' title='bbox 1460 3795 1472 3830; x_wconf 91' lang='lat'>:</span> <span class='ocrx_word' id='word_1_544' title='bbox 1517 3776 1660 3832; x_wconf 81' lang='lat' dir='ltr'><strong>Mors</strong></span> 
     </span>
    </p>
   </div>
   <div class='ocr_carea' id='block_1_71' title="bbox 94 3860 1658 3940">
    <p class='ocr_par' dir='ltr' id='par_1_71' title="bbox 94 3860 1658 3940">
     <span class='ocr_line' id='line_1_71' title="bbox 94 3860 1658 3940; baseline 0.01 -31"><span class='ocrx_word' id='word_1_545' title='bbox 94 3867 131 3910; x_wconf 74' lang='lat' dir='ltr'><strong>rt</strong></span> <span class='ocrx_word' id='word_1_546' title='bbox 150 3860 242 3916; x_wconf 83' lang='lat' dir='ltr'><strong>vita</strong></span> <span class='ocrx_word' id='word_1_547' title='bbox 266 3863 316 3917; x_wconf 90' lang='lat' dir='ltr'><strong>in</strong></span> <span class='ocrx_word' id='word_1_548' title='bbox 338 3867 572 3924; x_wconf 88' lang='lat' dir='ltr'><strong>ntanibus</strong></span> <span class='ocrx_word' id='word_1_549' title='bbox 596 3870 792 3938; x_wconf 72' lang='lat' dir='ltr'><strong>(ingnia</strong></span> <span class='ocrx_word' id='word_1_550' title='bbox 823 3867 1004 3940; x_wconf 87' lang='lat' dir='ltr'><strong>(Prov.</strong></span> <span class='ocrx_word' id='word_1_551' title='bbox 1036 3885 1184 3932; x_wconf 75' lang='lat' dir='ltr'><strong>xvrtt,</strong></span> <span class='ocrx_word' id='word_1_552' title='bbox 1217 3867 1332 3939; x_wconf 74' lang='grc'><strong>21).</strong></span> <span class='ocrx_word' id='word_1_553' title='bbox 1362 3869 1537 3925; x_wconf 90' lang='lat' dir='ltr'><strong>Citius</strong></span> <span class='ocrx_word' id='word_1_554' title='bbox 1568 3886 1658 3925; x_wconf 88' lang='lat' dir='ltr'><strong>au-</strong></span> 
     </span>
    </p>
   </div>
   <div class='ocr_carea' id='block_1_72' title="bbox 97 3958 1658 4036">
    <p class='ocr_par' dir='ltr' id='par_1_72' title="bbox 97 3958 1658 4036">
     <span class='ocr_line' id='line_1_72' title="bbox 97 3958 1658 4036; baseline 0.01 -31"><span class='ocrx_word' id='word_1_555' title='bbox 97 3962 185 4007; x_wconf 90' lang='lat' dir='ltr'><strong>tem</strong></span> <span class='ocrx_word' id='word_1_556' title='bbox 212 3958 396 4015; x_wconf 87' lang='lat' dir='ltr'><strong>malum</strong></span> <span class='ocrx_word' id='word_1_557' title='bbox 421 3965 563 4031; x_wconf 89' lang='lat' dir='ltr'><strong>qttod</strong></span> <span class='ocrx_word' id='word_1_558' title='bbox 591 3965 736 4018; x_wconf 90' lang='lat' dir='ltr'><strong>intus</strong></span> <span class='ocrx_word' id='word_1_559' title='bbox 767 3965 918 4030; x_wconf 86' lang='lat' dir='ltr'><strong>latet,</strong></span> <span class='ocrx_word' id='word_1_560' title='bbox 944 3965 1336 4036; x_wconf 82' lang='lat' dir='ltr'><strong>exstinguitur.</strong></span> <span class='ocrx_word' id='word_1_561' title='bbox 1367 3966 1411 4020; x_wconf 91' lang='lat' dir='ltr'><strong>si</strong></span> <span class='ocrx_word' id='word_1_562' title='bbox 1440 3981 1467 4020; x_wconf 92' lang='lat' dir='ltr'><strong>a</strong></span> <span class='ocrx_word' id='word_1_563' title='bbox 1492 3981 1658 4036; x_wconf 90' lang='lat' dir='ltr'><strong>pravo</strong></span> 
     </span>
    </p>
   </div>
   <div class='ocr_carea' id='block_1_73' title="bbox 95 4047 1654 4129">
    <p class='ocr_par' dir='ltr' id='par_1_73' title="bbox 95 4047 1654 4129">
     <span class='ocr_line' id='line_1_73' title="bbox 95 4047 1654 4129; baseline 0.01 -31"><span class='ocrx_word' id='word_1_564' title='bbox 95 4047 283 4120; x_wconf 86' lang='lat' dir='ltr'><strong>eloquio</strong></span> <span class='ocrx_word' id='word_1_565' title='bbox 313 4054 438 4112; x_wconf 88' lang='lat' dir='ltr'><strong>foris</strong></span> <span class='ocrx_word' id='word_1_566' title='bbox 466 4055 653 4129; x_wconf 78' lang='lat' dir='ltr'><strong>lingua</strong></span> <span class='ocrx_word' id='word_1_567' title='bbox 687 4059 947 4113; x_wconf 85' lang='lat' dir='ltr'><strong>frcnetur.</strong></span> <span class='ocrx_word' id='word_1_568' title='bbox 988 4057 1154 4123; x_wconf 73' lang='lat' dir='ltr'><strong>Pone,</strong></span> <span class='ocrx_word' id='word_1_569' title='bbox 1204 4058 1446 4126; x_wconf 77' lang='lat' dir='ltr'><strong>Domine,</strong></span> <span class='ocrx_word' id='word_1_570' title='bbox 1485 4070 1654 4114; x_wconf 82' lang='lat' dir='ltr'><strong>custo-</strong></span> 
     </span>
    </p>
   </div>
   <div class='ocr_carea' id='block_1_74' title="bbox 97 4141 1659 4219">
    <p class='ocr_par' dir='ltr' id='par_1_74' title="bbox 97 4141 1659 4219">
     <span class='ocr_line' id='line_1_74' title="bbox 97 4141 1659 4219; baseline 0.011 -28"><span class='ocrx_word' id='word_1_571' title='bbox 97 4141 214 4197; x_wconf 83' lang='lat' dir='ltr'><strong>diam</strong></span> <span class='ocrx_word' id='word_1_572' title='bbox 239 4149 310 4202; x_wconf 90' lang='lat' dir='ltr'><strong>ori</strong></span> <span class='ocrx_word' id='word_1_573' title='bbox 342 4166 469 4218; x_wconf 89' lang='lat' dir='ltr'><strong>meo,</strong></span> <span class='ocrx_word' id='word_1_574' title='bbox 520 4164 564 4208; x_wconf 84' lang='lat' dir='ltr'><strong>et</strong></span> <span class='ocrx_word' id='word_1_575' title='bbox 596 4153 785 4206; x_wconf 85' lang='lat' dir='ltr'><strong>ostium</strong></span> <span class='ocrx_word' id='word_1_576' title='bbox 820 4153 1221 4208; x_wconf 74' lang='lat' dir='ltr'><strong>circumstantia!</strong></span> <span class='ocrx_word' id='word_1_577' title='bbox 1249 4153 1394 4208; x_wconf 85' lang='lat' dir='ltr'><strong>labiis</strong></span> <span class='ocrx_word' id='word_1_578' title='bbox 1417 4155 1577 4219; x_wconf 74' lang='lat' dir='ltr'><strong>nteit;</strong></span> <span class='ocrx_word' id='word_1_579' title='bbox 1605 4155 1659 4208; x_wconf 85' lang='lat' dir='ltr'><strong>ul</strong></span> 
     </span>
    </p>
   </div>
   <div class='ocr_carea' id='block_1_75' title="bbox 98 4238 1654 4320">
    <p class='ocr_par' dir='ltr' id='par_1_75' title="bbox 98 4238 1654 4320">
     <span class='ocr_line' id='line_1_75' title="bbox 98 4238 1654 4320; baseline 0.012 -35"><span class='ocrx_word' id='word_1_580' title='bbox 98 4250 180 4289; x_wconf 89' lang='lat' dir='ltr'><strong>non</strong></span> <span class='ocrx_word' id='word_1_581' title='bbox 201 4238 402 4296; x_wconf 80' lang='lat' dir='ltr'><strong>declinet</strong></span> <span class='ocrx_word' id='word_1_582' title='bbox 419 4263 504 4299; x_wconf 87' lang='lat' dir='ltr'><strong>cor</strong></span> <span class='ocrx_word' id='word_1_583' title='bbox 530 4264 694 4300; x_wconf 84' lang='lat' dir='ltr'><strong>meum</strong></span> <span class='ocrx_word' id='word_1_584' title='bbox 718 4247 768 4299; x_wconf 87' lang='lat' dir='ltr'><strong>in</strong></span> <span class='ocrx_word' id='word_1_585' title='bbox 794 4247 998 4300; x_wconf 75' lang='lat' dir='ltr'><strong>verbum</strong></span> <span class='ocrx_word' id='word_1_586' title='bbox 1016 4248 1207 4301; x_wconf 87' lang='lat' dir='ltr'><strong>malum</strong></span> <span class='ocrx_word' id='word_1_587' title='bbox 1227 4243 1400 4320; x_wconf 83' lang='lat' dir='ltr'><strong>(Psal.</strong></span> <span class='ocrx_word' id='word_1_588' title='bbox 1422 4262 1543 4309; x_wconf 77' lang='lat' dir='ltr'><strong>CXL.</strong></span> <span class='ocrx_word' id='word_1_589' title='bbox 1572 4246 1654 4319; x_wconf 79' lang='lat'><strong>&#39;5).</strong></span> 
     </span>
    </p>
   </div>
   <div class='ocr_carea' id='block_1_76' title="bbox 100 4325 1652 4412">
    <p class='ocr_par' dir='ltr' id='par_1_76' title="bbox 100 4325 1652 4412">
     <span class='ocr_line' id='line_1_76' title="bbox 100 4325 1652 4412; baseline 0.008 -29"><span class='ocrx_word' id='word_1_590' title='bbox 100 4325 258 4385; x_wconf 82' lang='lat' dir='ltr'><strong>Libera</strong></span> <span class='ocrx_word' id='word_1_591' title='bbox 285 4338 502 4394; x_wconf 88' lang='lat' dir='ltr'><strong>animant</strong></span> <span class='ocrx_word' id='word_1_592' title='bbox 530 4357 694 4394; x_wconf 78' lang='lat' dir='ltr'><strong>meum</strong></span> <span class='ocrx_word' id='word_1_593' title='bbox 729 4359 757 4393; x_wconf 85' lang='grc' dir='ltr'>(ι</span> <span class='ocrx_word' id='word_1_594' title='bbox 785 4341 932 4394; x_wconf 86' lang='lat' dir='ltr'><strong>labiis</strong></span> <span class='ocrx_word' id='word_1_595' title='bbox 959 4341 1148 4408; x_wconf 78' lang='lat' dir='ltr'><strong>iniquis</strong></span> <span class='ocrx_word' id='word_1_596' title='bbox 1170 4383 1183 4407; x_wconf 97' lang='lat'><strong>,</strong></span> <span class='ocrx_word' id='word_1_597' title='bbox 1217 4352 1262 4396; x_wconf 91' lang='lat' dir='ltr'><strong>et</strong></span> <span class='ocrx_word' id='word_1_598' title='bbox 1286 4358 1316 4394; x_wconf 90' lang='lat' dir='ltr'><strong>a</strong></span> <span class='ocrx_word' id='word_1_599' title='bbox 1348 4341 1527 4412; x_wconf 85' lang='lat' dir='ltr'><strong>lingua</strong></span> <span class='ocrx_word' id='word_1_600' title='bbox 1556 4341 1652 4396; x_wconf 87' lang='lat' dir='ltr'><strong>do-</strong></span> 
     </span>
    </p>
   </div>
   <div class='ocr_carea' id='block_1_77' title="bbox 101 4419 670 4501">
    <p class='ocr_par' dir='ltr' id='par_1_77' title="bbox 101 4419 670 4501">
     <span class='ocr_line' id='line_1_77' title="bbox 101 4419 670 4501; baseline 0.06 -32"><span class='ocrx_word' id='word_1_601' title='bbox 101 4419 194 4476; x_wconf 79' lang='lat' dir='ltr'><strong>losa</strong></span> <span class='ocrx_word' id='word_1_602' title='bbox 217 4425 373 4483; x_wconf 83' lang='lat' dir='ltr'><strong>t&#39;Psal.</strong></span> <span class='ocrx_word' id='word_1_603' title='bbox 400 4448 556 4499; x_wconf 70' lang='lat' dir='ltr'><strong>CXIX,</strong></span> <span class='ocrx_word' id='word_1_604' title='bbox 589 4431 670 4501; x_wconf 52' lang='lat'><strong>9%</strong></span> 
     </span>
    </p>
   </div>
   <div class='ocr_carea' id='block_1_78' title="bbox 161 4517 1651 4599">
    <p class='ocr_par' dir='ltr' id='par_1_78' title="bbox 161 4517 1651 4599">
     <span class='ocr_line' id='line_1_78' title="bbox 161 4517 1651 4599; baseline 0.006 -27"><span class='ocrx_word' id='word_1_605' title='bbox 161 4517 208 4572; x_wconf 85' lang='lat'><strong>6.</strong></span> <span class='ocrx_word' id='word_1_606' title='bbox 233 4520 306 4576; x_wconf 89' lang='lat' dir='ltr'><strong>lra</strong></span> <span class='ocrx_word' id='word_1_607' title='bbox 339 4535 514 4582; x_wconf 77' lang='lat' dir='ltr'><strong>autem</strong></span> <span class='ocrx_word' id='word_1_608' title='bbox 555 4527 812 4584; x_wconf 82' lang='lat' dir='ltr'><strong>invidiam</strong></span> <span class='ocrx_word' id='word_1_609' title='bbox 846 4529 1111 4597; x_wconf 87' lang='lat' dir='ltr'><strong>sequitur,</strong></span> <span class='ocrx_word' id='word_1_610' title='bbox 1141 4545 1241 4599; x_wconf 89' lang='lat' dir='ltr'><strong>qua</strong></span> <span class='ocrx_word' id='word_1_611' title='bbox 1284 4527 1428 4583; x_wconf 85' lang='lat' dir='ltr'><strong>inter</strong></span> <span class='ocrx_word' id='word_1_612' title='bbox 1455 4535 1651 4582; x_wconf 63' lang='lat' dir='ltr'><strong>etclera</strong></span> 
     </span>
    </p>
   </div>
   <div class='ocr_carea' id='block_1_79' title="bbox 1769 3300 3359 3374">
    <p class='ocr_par' dir='ltr' id='par_1_79' title="bbox 1769 3300 3359 3374">
     <span class='ocr_line' id='line_1_79' title="bbox 1769 3300 3359 3374; baseline 0.004 -20"><span class='ocrx_word' id='word_1_613' title='bbox 1769 3309 1849 3354; x_wconf 89' lang='lat' dir='ltr'><strong>tra</strong></span> <span class='ocrx_word' id='word_1_614' title='bbox 1892 3300 2075 3356; x_wconf 62' lang='lat' dir='ltr'><strong>saculi</strong></span> <span class='ocrx_word' id='word_1_615' title='bbox 2121 3302 2391 3357; x_wconf 85' lang='lat' dir='ltr'><strong>tristitiam</strong></span> <span class='ocrx_word' id='word_1_616' title='bbox 2440 3303 2637 3359; x_wconf 71' lang='lat' dir='ltr'><strong>futura:</strong></span> <span class='ocrx_word' id='word_1_617' title='bbox 2687 3304 3041 3361; x_wconf 80' lang='lat' dir='ltr'><strong>beatitudinis</strong></span> <span class='ocrx_word' id='word_1_618' title='bbox 3093 3306 3359 3374; x_wconf 70' lang='lat' dir='ltr'><strong>laetitiam,</strong></span> 
     </span>
    </p>
   </div>
   <div class='ocr_carea' id='block_1_80' title="bbox 1767 3395 3365 3461">
    <p class='ocr_par' dir='ltr' id='par_1_80' title="bbox 1767 3395 3365 3461">
     <span class='ocr_line' id='line_1_80' title="bbox 1767 3395 3365 3461; baseline 0.006 -18"><span class='ocrx_word' id='word_1_619' title='bbox 1767 3407 1888 3461; x_wconf 72' lang='lat' dir='ltr'><strong>qua:</strong></span> <span class='ocrx_word' id='word_1_620' title='bbox 1910 3407 1974 3447; x_wconf 81' lang='lat' dir='ltr'><strong>ex</strong></span> <span class='ocrx_word' id='word_1_621' title='bbox 2006 3405 2242 3450; x_wconf 70' lang='lat' dir='ltr'><strong>maerore</strong></span> <span class='ocrx_word' id='word_1_622' title='bbox 2267 3405 2602 3450; x_wconf 82' lang='lat' dir='ltr'><strong>contractam</strong></span> <span class='ocrx_word' id='word_1_623' title='bbox 2637 3395 2898 3451; x_wconf 88' lang='lat' dir='ltr'><strong>malitiam</strong></span> <span class='ocrx_word' id='word_1_624' title='bbox 2925 3398 3105 3453; x_wconf 70' lang='lat' dir='ltr'><strong>vincat</strong></span> <span class='ocrx_word' id='word_1_625' title='bbox 3126 3399 3365 3454; x_wconf 74' lang='lat' dir='ltr'><strong>benevo-</strong></span> 
     </span>
    </p>
   </div>
   <div class='ocr_carea' id='block_1_81' title="bbox 1767 3485 3364 3561">
    <p class='ocr_par' dir='ltr' id='par_1_81' title="bbox 1767 3485 3364 3561">
     <span class='ocr_line' id='line_1_81' title="bbox 1767 3485 3364 3561; baseline 0.004 -21"><span class='ocrx_word' id='word_1_626' title='bbox 1767 3488 1953 3554; x_wconf 84' lang='lat' dir='ltr'><strong>lentia,</strong></span> <span class='ocrx_word' id='word_1_627' title='bbox 1978 3485 2138 3543; x_wconf 75' lang='lat' dir='ltr'><strong>lzedio</strong></span> <span class='ocrx_word' id='word_1_628' title='bbox 2157 3499 2498 3557; x_wconf 89' lang='lat' dir='ltr'><strong>procreatum</strong></span> <span class='ocrx_word' id='word_1_629' title='bbox 2526 3503 2810 3546; x_wconf 89' lang='lat' dir='ltr'><strong>rancorem</strong></span> <span class='ocrx_word' id='word_1_630' title='bbox 2831 3491 3003 3561; x_wconf 86' lang='lat' dir='ltr'><strong>pellat</strong></span> <span class='ocrx_word' id='word_1_631' title='bbox 3025 3489 3364 3557; x_wconf 80' lang='lat' dir='ltr'><strong>sinceritate,</strong></span> 
     </span>
    </p>
   </div>
   <div class='ocr_carea' id='block_1_82' title="bbox 1765 3579 3360 3654">
    <p class='ocr_par' dir='ltr' id='par_1_82' title="bbox 1765 3579 3360 3654">
     <span class='ocr_line' id='line_1_82' title="bbox 1765 3579 3360 3654; baseline 0.003 -21"><span class='ocrx_word' id='word_1_632' title='bbox 1765 3579 2274 3650; x_wconf 87' lang='lat' dir='ltr'><strong>pusillanimitatem</strong></span> <span class='ocrx_word' id='word_1_633' title='bbox 2302 3582 2622 3638; x_wconf 88' lang='lat' dir='ltr'><strong>fortitudine</strong></span> <span class='ocrx_word' id='word_1_634' title='bbox 2647 3583 2891 3650; x_wconf 78' lang='lat' dir='ltr'><strong>robtiret,</strong></span> <span class='ocrx_word' id='word_1_635' title='bbox 2917 3583 3360 3654; x_wconf 84' lang='lat' dir='ltr'><strong>desperationem</strong></span> 
     </span>
    </p>
   </div>
   <div class='ocr_carea' id='block_1_83' title="bbox 1765 3673 3363 3746">
    <p class='ocr_par' dir='ltr' id='par_1_83' title="bbox 1765 3673 3363 3746">
     <span class='ocr_line' id='line_1_83' title="bbox 1765 3673 3363 3746; baseline 0.004 -19"><span class='ocrx_word' id='word_1_636' title='bbox 1765 3673 1879 3742; x_wconf 83' lang='lat' dir='ltr'><strong>spei</strong></span> <span class='ocrx_word' id='word_1_637' title='bbox 1913 3675 2104 3729; x_wconf 85' lang='lat' dir='ltr'><strong>tiducia</strong></span> <span class='ocrx_word' id='word_1_638' title='bbox 2139 3677 2330 3746; x_wconf 87' lang='lat' dir='ltr'><strong>erigat,</strong></span> <span class='ocrx_word' id='word_1_639' title='bbox 2388 3679 2665 3746; x_wconf 80' lang='lat' dir='ltr'><strong>torporem</strong></span> <span class='ocrx_word' id='word_1_640' title='bbox 2697 3677 2841 3732; x_wconf 90' lang='lat' dir='ltr'><strong>circa</strong></span> <span class='ocrx_word' id='word_1_641' title='bbox 2883 3685 3156 3746; x_wconf 64' lang='lat' dir='ltr'><strong>praecepta</strong></span> <span class='ocrx_word' id='word_1_642' title='bbox 3203 3685 3363 3733; x_wconf 80' lang='lat' dir='ltr'><strong>exer-</strong></span> 
     </span>
    </p>
   </div>
   <div class='ocr_carea' id='block_1_84' title="bbox 1765 3766 3365 3842">
    <p class='ocr_par' dir='ltr' id='par_1_84' title="bbox 1765 3766 3365 3842">
     <span class='ocr_line' id='line_1_84' title="bbox 1765 3766 3365 3842; baseline 0.004 -23"><span class='ocrx_word' id='word_1_643' title='bbox 1765 3766 1896 3820; x_wconf 89' lang='lat' dir='ltr'><strong>citio</strong></span> <span class='ocrx_word' id='word_1_644' title='bbox 1932 3768 2164 3837; x_wconf 78' lang='lat' dir='ltr'><strong>spiritali</strong></span> <span class='ocrx_word' id='word_1_645' title='bbox 2214 3769 2462 3839; x_wconf 87' lang='lat' dir='ltr'><strong>repellat,</strong></span> <span class='ocrx_word' id='word_1_646' title='bbox 2498 3770 2838 3841; x_wconf 85' lang='lat' dir='ltr'><strong>vagationem</strong></span> <span class='ocrx_word' id='word_1_647' title='bbox 2880 3771 3079 3825; x_wconf 83' lang='lat' dir='ltr'><strong>mentis</strong></span> <span class='ocrx_word' id='word_1_648' title='bbox 3101 3775 3227 3842; x_wconf 72' lang='lat' dir='ltr'><strong>erga</strong></span> <span class='ocrx_word' id='word_1_649' title='bbox 3262 3771 3365 3826; x_wconf 89' lang='lat' dir='ltr'><strong>illi-</strong></span> 
     </span>
    </p>
   </div>
   <div class='ocr_carea' id='block_1_85' title="bbox 1763 3853 3367 3931">
    <p class='ocr_par' dir='ltr' id='par_1_85' title="bbox 1763 3853 3367 3931">
     <span class='ocr_line' id='line_1_85' title="bbox 1763 3853 3367 3931; baseline 0.004 -17"><span class='ocrx_word' id='word_1_650' title='bbox 1763 3859 1872 3914; x_wconf 78' lang='lat' dir='ltr'><strong>cita</strong></span> <span class='ocrx_word' id='word_1_651' title='bbox 1924 3860 2246 3916; x_wconf 59' lang='lat' dir='ltr'><strong>inconcussa</strong></span> <span class='ocrx_word' id='word_1_652' title='bbox 2298 3862 2596 3917; x_wconf 87' lang='lat' dir='ltr'><strong>stabilitate</strong></span> <span class='ocrx_word' id='word_1_653' title='bbox 2659 3863 2921 3918; x_wconf 77' lang='lat' dir='ltr'><strong>refrenet.</strong></span> <span class='ocrx_word' id='word_1_654' title='bbox 2976 3863 3130 3931; x_wconf 70' lang='lat' dir='ltr'><strong>quoii</strong></span> <span class='ocrx_word' id='word_1_655' title='bbox 3180 3864 3247 3929; x_wconf 85' lang='lat' dir='ltr'><strong>si,</strong></span> <span class='ocrx_word' id='word_1_656' title='bbox 3297 3853 3367 3920; x_wconf 78' lang='lat' dir='ltr'><strong>ad</strong></span> 
     </span>
    </p>
   </div>
   <div class='ocr_carea' id='block_1_86' title="bbox 1765 3955 3367 4025">
    <p class='ocr_par' dir='ltr' id='par_1_86' title="bbox 1765 3955 3367 4025">
     <span class='ocr_line' id='line_1_86' title="bbox 1765 3955 3367 4025; baseline 0.004 -18"><span class='ocrx_word' id='word_1_657' title='bbox 1765 3962 2102 4009; x_wconf 90' lang='lat' dir='ltr'><strong>momentum</strong></span> <span class='ocrx_word' id='word_1_658' title='bbox 2127 3955 2406 4011; x_wconf 85' lang='lat' dir='ltr'><strong>subtracta</strong></span> <span class='ocrx_word' id='word_1_659' title='bbox 2432 3955 2620 4011; x_wconf 68' lang='lat' dir='ltr'><strong>imtitia</strong></span> <span class='ocrx_word' id='word_1_660' title='bbox 2643 3955 2914 4025; x_wconf 86' lang='lat' dir='ltr'><strong>spiritali,</strong></span> <span class='ocrx_word' id='word_1_661' title='bbox 2948 3956 3148 4012; x_wconf 79' lang='lat' dir='ltr'><strong>malum</strong></span> <span class='ocrx_word' id='word_1_662' title='bbox 3193 3959 3367 4014; x_wconf 71' lang='lat' dir='ltr'><strong>tristi~</strong></span> 
     </span>
    </p>
   </div>
   <div class='ocr_carea' id='block_1_87' title="bbox 1765 4039 3365 4119">
    <p class='ocr_par' dir='ltr' id='par_1_87' title="bbox 1765 4039 3365 4119">
     <span class='ocr_line' id='line_1_87' title="bbox 1765 4039 3365 4119; baseline 0.006 -21"><span class='ocrx_word' id='word_1_663' title='bbox 1765 4045 1852 4098; x_wconf 64' lang='lat' dir='ltr'><strong>tiae</strong></span> <span class='ocrx_word' id='word_1_664' title='bbox 1883 4047 2249 4116; x_wconf 68' lang='lat' dir='ltr'><strong>praevaluerit,</strong></span> <span class='ocrx_word' id='word_1_665' title='bbox 2280 4055 2460 4118; x_wconf 74' lang='lat' dir='ltr'><strong>agam,</strong></span> <span class='ocrx_word' id='word_1_666' title='bbox 2511 4061 2722 4118; x_wconf 76' lang='lat' dir='ltr'><strong>quaeso,</strong></span> <span class='ocrx_word' id='word_1_667' title='bbox 2774 4039 2917 4119; x_wconf 78' lang='lat' dir='ltr'><strong>quod</strong></span> <span class='ocrx_word' id='word_1_668' title='bbox 2953 4055 3140 4105; x_wconf 85' lang='lat' dir='ltr'><strong>mon‘et</strong></span> <span class='ocrx_word' id='word_1_669' title='bbox 3169 4050 3365 4107; x_wconf 85' lang='lat' dir='ltr'><strong>beatus</strong></span> 
     </span>
    </p>
   </div>
   <div class='ocr_carea' id='block_1_88' title="bbox 1763 4137 3360 4216">
    <p class='ocr_par' dir='ltr' id='par_1_88' title="bbox 1763 4137 3360 4216">
     <span class='ocr_line' id='line_1_88' title="bbox 1763 4137 3360 4216; baseline 0.005 -22"><span class='ocrx_word' id='word_1_670' title='bbox 1763 4137 2000 4195; x_wconf 82' lang='lat' dir='ltr'><strong>Jacobus</strong></span> <span class='ocrx_word' id='word_1_671' title='bbox 2049 4158 2062 4194; x_wconf 90' lang='lat'><strong>:</strong></span> <span class='ocrx_word' id='word_1_672' title='bbox 2097 4139 2358 4196; x_wconf 84' lang='lat' dir='ltr'><strong>Tristatur</strong></span> <span class='ocrx_word' id='word_1_673' title='bbox 2386 4143 2502 4212; x_wconf 84' lang='lat' dir='ltr'><strong>quis</strong></span> <span class='ocrx_word' id='word_1_674' title='bbox 2532 4143 2585 4197; x_wconf 89' lang='lat' dir='ltr'><strong>in</strong></span> <span class='ocrx_word' id='word_1_675' title='bbox 2617 4144 2755 4199; x_wconf 81' lang='lat' dir='ltr'><strong>vobis</strong></span> <span class='ocrx_word' id='word_1_676' title='bbox 2775 4143 2801 4197; x_wconf 85' lang='lat'><strong>.’</strong></span> <span class='ocrx_word' id='word_1_677' title='bbox 2835 4143 2958 4200; x_wconf 86' lang='lat' dir='ltr'><strong>Oret</strong></span> <span class='ocrx_word' id='word_1_678' title='bbox 2983 4157 3132 4216; x_wconf 70' lang='lat' dir='ltr'><strong>(equo</strong></span> <span class='ocrx_word' id='word_1_679' title='bbox 3165 4147 3360 4213; x_wconf 82' lang='lat' dir='ltr'><strong>animo,</strong></span> 
     </span>
    </p>
   </div>
   <div class='ocr_carea' id='block_1_89' title="bbox 1763 4234 2486 4307">
    <p class='ocr_par' dir='ltr' id='par_1_89' title="bbox 1763 4234 2486 4307">
     <span class='ocr_line' id='line_1_89' title="bbox 1763 4234 2486 4307; baseline 0.004 -22"><span class='ocrx_word' id='word_1_680' title='bbox 1763 4240 1810 4285; x_wconf 85' lang='lat' dir='ltr'><strong>et</strong></span> <span class='ocrx_word' id='word_1_681' title='bbox 1838 4234 2026 4303; x_wconf 85' lang='lat' dir='ltr'><strong>psallat</strong></span> <span class='ocrx_word' id='word_1_682' title='bbox 2054 4234 2262 4305; x_wconf 78' lang='lat' dir='ltr'><strong>(Iacob.</strong></span> <span class='ocrx_word' id='word_1_683' title='bbox 2291 4250 2345 4302; x_wconf 78' lang='grc' dir='ltr'><strong>ν,</strong></span> <span class='ocrx_word' id='word_1_684' title='bbox 2378 4236 2486 4307; x_wconf 78' lang='grc'><strong>15).</strong></span> 
     </span>
    </p>
   </div>
   <div class='ocr_carea' id='block_1_90' title="bbox 1836 4328 3362 4404">
    <p class='ocr_par' dir='ltr' id='par_1_90' title="bbox 1836 4328 3362 4404">
     <span class='ocr_line' id='line_1_90' title="bbox 1836 4328 3362 4404; baseline 0.004 -20"><span class='ocrx_word' id='word_1_685' title='bbox 1836 4329 1890 4385; x_wconf 90' lang='grc'><strong>9.</strong></span> <span class='ocrx_word' id='word_1_686' title='bbox 1932 4328 2174 4384; x_wconf 79' lang='lat' dir='ltr'><strong>Avaritia</strong></span> <span class='ocrx_word' id='word_1_687' title='bbox 2221 4331 2464 4398; x_wconf 85' lang='lat' dir='ltr'><strong>sequitur</strong></span> <span class='ocrx_word' id='word_1_688' title='bbox 2506 4329 2805 4397; x_wconf 84' lang='lat' dir='ltr'><strong>tristitiam,</strong></span> <span class='ocrx_word' id='word_1_689' title='bbox 2857 4345 2980 4402; x_wconf 72' lang='lat' dir='ltr'><strong>qua:</strong></span> <span class='ocrx_word' id='word_1_690' title='bbox 3025 4331 3076 4386; x_wconf 85' lang='lat' dir='ltr'><strong>in</strong></span> <span class='ocrx_word' id='word_1_691' title='bbox 3123 4337 3362 4404; x_wconf 84' lang='lat' dir='ltr'><strong>utroque</strong></span> 
     </span>
    </p>
   </div>
   <div class='ocr_carea' id='block_1_91' title="bbox 1763 4419 3362 4492">
    <p class='ocr_par' dir='ltr' id='par_1_91' title="bbox 1763 4419 3362 4492">
     <span class='ocr_line' id='line_1_91' title="bbox 1763 4419 3362 4492; baseline 0.002 -13"><span class='ocrx_word' id='word_1_692' title='bbox 1763 4424 2114 4480; x_wconf 63' lang='lat' dir='ltr'><strong>Teutamento</strong></span> <span class='ocrx_word' id='word_1_693' title='bbox 2172 4422 2286 4492; x_wconf 82' lang='lat' dir='ltr'><strong>pari</strong></span> <span class='ocrx_word' id='word_1_694' title='bbox 2336 4431 2556 4476; x_wconf 85' lang='lat' dir='ltr'><strong>notatur</strong></span> <span class='ocrx_word' id='word_1_695' title='bbox 2606 4424 3003 4480; x_wconf 72' lang='lat' dir='ltr'><strong>essecratione.</strong></span> <span class='ocrx_word' id='word_1_696' title='bbox 3068 4419 3124 4479; x_wconf 88' lang='lat' dir='ltr'><strong>lo</strong></span> <span class='ocrx_word' id='word_1_697' title='bbox 3188 4427 3362 4482; x_wconf 87' lang='lat' dir='ltr'><strong>veteri</strong></span> 
     </span>
    </p>
   </div>
   <div class='ocr_carea' id='block_1_92' title="bbox 1769 4513 3360 4591">
    <p class='ocr_par' dir='ltr' id='par_1_92' title="bbox 1769 4513 3360 4591">
     <span class='ocr_line' id='line_1_92' title="bbox 1769 4513 3360 4591; baseline 0.001 -19"><span class='ocrx_word' id='word_1_698' title='bbox 1769 4527 2002 4587; x_wconf 82' lang='lat' dir='ltr'><strong>namqoe</strong></span> <span class='ocrx_word' id='word_1_699' title='bbox 2024 4515 2223 4571; x_wconf 88' lang='lat' dir='ltr'><strong>dicitur</strong></span> <span class='ocrx_word' id='word_1_700' title='bbox 2245 4529 2258 4569; x_wconf 89' lang='lat'><strong>:</strong></span> <span class='ocrx_word' id='word_1_701' title='bbox 2289 4513 2591 4570; x_wconf 76' lang='lat' dir='ltr'><strong>avaronihit</strong></span> <span class='ocrx_word' id='word_1_702' title='bbox 2610 4524 2685 4570; x_wconf 76' lang='lat' dir='ltr'><strong>est</strong></span> <span class='ocrx_word' id='word_1_703' title='bbox 2705 4515 3159 4590; x_wconf 70' lang='lat' dir='ltr'><strong>scelestius(Eccl.</strong></span> <span class='ocrx_word' id='word_1_704' title='bbox 3186 4519 3244 4585; x_wconf 58' lang='grc' dir='ltr'><em>Κ,</em></span> <span class='ocrx_word' id='word_1_705' title='bbox 3261 4519 3320 4591; x_wconf 71' lang='lat'><strong>9)</strong></span> <span class='ocrx_word' id='word_1_706' title='bbox 3342 4535 3360 4587; x_wconf 87' lang='lat'><strong>;</strong></span> 
     </span>
    </p>
   </div>
   <div class='ocr_carea' id='block_1_93' title="bbox 101 4607 3360 4690">
    <p class='ocr_par' dir='ltr' id='par_1_93' title="bbox 101 4607 3360 4690">
     <span class='ocr_line' id='line_1_93' title="bbox 101 4607 3360 4690; baseline 0.003 -30"><span class='ocrx_word' id='word_1_707' title='bbox 101 4607 206 4665; x_wconf 72' lang='lat' dir='ltr'><strong>vitia</strong></span> <span class='ocrx_word' id='word_1_708' title='bbox 236 4616 360 4673; x_wconf 91' lang='lat' dir='ltr'><strong>nihil</strong></span> <span class='ocrx_word' id='word_1_709' title='bbox 408 4622 671 4690; x_wconf 90' lang='lat' dir='ltr'><strong>asperius,</strong></span> <span class='ocrx_word' id='word_1_710' title='bbox 729 4621 862 4675; x_wconf 91' lang='lat' dir='ltr'><strong>nihil</strong></span> <span class='ocrx_word' id='word_1_711' title='bbox 911 4621 1184 4676; x_wconf 88' lang='lat' dir='ltr'><strong>invenitur</strong></span> <span class='ocrx_word' id='word_1_712' title='bbox 1214 4620 1459 4675; x_wconf 89' lang='lat' dir='ltr'><strong>amarius</strong></span> <span class='ocrx_word' id='word_1_713' title='bbox 1488 4637 1500 4674; x_wconf 93' lang='lat'>:</span> <span class='ocrx_word' id='word_1_714' title='bbox 1536 4635 1654 4689; x_wconf 82' lang='lat' dir='ltr'><strong>quae</strong></span> <span class='ocrx_word' id='word_1_715' title='bbox 1690 4619 1736 4680; x_wconf 82' lang='grc' dir='ltr'>υ</span> <span class='ocrx_word' id='word_1_716' title='bbox 1769 4615 1819 4669; x_wconf 88' lang='lat' dir='ltr'><strong>iit</strong></span> <span class='ocrx_word' id='word_1_717' title='bbox 1847 4627 1989 4668; x_wconf 85' lang='lat' dir='ltr'><strong>novo</strong></span> <span class='ocrx_word' id='word_1_718' title='bbox 2019 4620 2199 4668; x_wconf 87' lang='lat' dir='ltr'><strong>autem</strong></span> <span class='ocrx_word' id='word_1_719' title='bbox 2227 4629 2238 4665; x_wconf 90' lang='lat'>:</span> <span class='ocrx_word' id='word_1_720' title='bbox 2273 4621 2320 4666; x_wconf 80' lang='lat' dir='ltr'><strong>et</strong></span> <span class='ocrx_word' id='word_1_721' title='bbox 2343 4611 2638 4676; x_wconf 75' lang='lat' dir='ltr'><strong>avaritiam,</strong></span> <span class='ocrx_word' id='word_1_722' title='bbox 2671 4619 2785 4682; x_wconf 75' lang='lat' dir='ltr'><strong>quat</strong></span> <span class='ocrx_word' id='word_1_723' title='bbox 2806 4621 2877 4666; x_wconf 82' lang='lat' dir='ltr'><strong>est</strong></span> <span class='ocrx_word' id='word_1_724' title='bbox 2906 4612 3171 4668; x_wconf 72' lang='lat' dir='ltr'><strong>Motorum</strong></span> <span class='ocrx_word' id='word_1_725' title='bbox 3200 4615 3360 4669; x_wconf 76' lang='lat' dir='ltr'><strong>serot-</strong></span> 
     </span>
    </p>
   </div>
   <div class='ocr_carea' id='block_1_94' title="bbox 103 4700 1654 4779">
    <p class='ocr_par' dir='ltr' id='par_1_94' title="bbox 103 4700 1654 4779">
     <span class='ocr_line' id='line_1_94' title="bbox 103 4700 1654 4779; baseline 0.009 -25"><span class='ocrx_word' id='word_1_726' title='bbox 103 4700 210 4759; x_wconf 87' lang='lat' dir='ltr'><strong>dutn</strong></span> <span class='ocrx_word' id='word_1_727' title='bbox 250 4708 380 4766; x_wconf 86' lang='lat' dir='ltr'><strong>ultra</strong></span> <span class='ocrx_word' id='word_1_728' title='bbox 422 4715 639 4769; x_wconf 90' lang='lat' dir='ltr'><strong>modum</strong></span> <span class='ocrx_word' id='word_1_729' title='bbox 695 4711 1008 4769; x_wconf 78' lang='lat' dir='ltr'><strong>cllerhuerit</strong></span> <span class='ocrx_word' id='word_1_730' title='bbox 1037 4757 1050 4779; x_wconf 97' lang='lat'><strong>,</strong></span> <span class='ocrx_word' id='word_1_731' title='bbox 1103 4714 1368 4768; x_wconf 87' lang='lat' dir='ltr'><strong>atrociter</strong></span> <span class='ocrx_word' id='word_1_732' title='bbox 1418 4724 1654 4768; x_wconf 84' lang='lat' dir='ltr'><strong>mentem</strong></span> 
     </span>
    </p>
   </div>
   <div class='ocr_carea' id='block_1_95' title="bbox 103 4795 1657 4877">
    <p class='ocr_par' dir='ltr' id='par_1_95' title="bbox 103 4795 1657 4877">
     <span class='ocr_line' id='line_1_95' title="bbox 103 4795 1657 4877; baseline 0.011 -32"><span class='ocrx_word' id='word_1_733' title='bbox 103 4795 372 4869; x_wconf 80' lang='lat' dir='ltr'><strong>exulcerat,</strong></span> <span class='ocrx_word' id='word_1_734' title='bbox 398 4821 612 4861; x_wconf 87' lang='lat' dir='ltr'><strong>sensum</strong></span> <span class='ocrx_word' id='word_1_735' title='bbox 642 4806 883 4872; x_wconf 79' lang='lat' dir='ltr'><strong>hebetat,</strong></span> <span class='ocrx_word' id='word_1_736' title='bbox 905 4807 1142 4877; x_wconf 88' lang='lat' dir='ltr'><strong>linguam</strong></span> <span class='ocrx_word' id='word_1_737' title='bbox 1167 4806 1439 4872; x_wconf 87' lang='lat' dir='ltr'><strong>immutat,</strong></span> <span class='ocrx_word' id='word_1_738' title='bbox 1465 4805 1657 4862; x_wconf 86' lang='lat' dir='ltr'><strong>oculos</strong></span> 
     </span>
    </p>
   </div>
   <div class='ocr_carea' id='block_1_96' title="bbox 104 4887 1655 4973">
    <p class='ocr_par' dir='ltr' id='par_1_96' title="bbox 104 4887 1655 4973">
     <span class='ocr_line' id='line_1_96' title="bbox 104 4887 1655 4973; baseline 0.006 -29"><span class='ocrx_word' id='word_1_739' title='bbox 104 4887 380 4964; x_wconf 71' lang='lat' dir='ltr'><strong>obumbrat,</strong></span> <span class='ocrx_word' id='word_1_740' title='bbox 412 4909 687 4973; x_wconf 86' lang='lat' dir='ltr'><strong>totumque.</strong></span> <span class='ocrx_word' id='word_1_741' title='bbox 719 4917 917 4970; x_wconf 88' lang='lat' dir='ltr'><strong>corpus</strong></span> <span class='ocrx_word' id='word_1_742' title='bbox 953 4900 1256 4970; x_wconf 89' lang='lat' dir='ltr'><strong>perturbat.</strong></span> <span class='ocrx_word' id='word_1_743' title='bbox 1311 4899 1449 4955; x_wconf 91' lang='lat' dir='ltr'><strong>llinc</strong></span> <span class='ocrx_word' id='word_1_744' title='bbox 1482 4899 1655 4970; x_wconf 65' lang='lat' dir='ltr'><strong>protio</strong></span> 
     </span>
    </p>
   </div>
   <div class='ocr_carea' id='block_1_97' title="bbox 106 4987 1660 5063">
    <p class='ocr_par' dir='ltr' id='par_1_97' title="bbox 106 4987 1660 5063">
     <span class='ocr_line' id='line_1_97' title="bbox 106 4987 1660 5063; baseline 0.011 -31"><span class='ocrx_word' id='word_1_745' title='bbox 106 4996 191 5036; x_wconf 89' lang='lat' dir='ltr'><strong>nus</strong></span> <span class='ocrx_word' id='word_1_746' title='bbox 229 4987 372 5059; x_wconf 69' lang='lat' dir='ltr'><strong>rixaz,</strong></span> <span class='ocrx_word' id='word_1_747' title='bbox 418 4987 784 5063; x_wconf 74' lang='lat' dir='ltr'><strong>contumelize,</strong></span> <span class='ocrx_word' id='word_1_748' title='bbox 833 4995 1063 5060; x_wconf 87' lang='lat' dir='ltr'><strong>clamor,</strong></span> <span class='ocrx_word' id='word_1_749' title='bbox 1117 4994 1440 5063; x_wconf 84' lang='lat' dir='ltr'><strong>indignatio,</strong></span> <span class='ocrx_word' id='word_1_750' title='bbox 1478 5003 1660 5049; x_wconf 86' lang='lat' dir='ltr'><strong>tumor</strong></span> 
     </span>
    </p>
   </div>
   <div class='ocr_carea' id='block_1_98' title="bbox 108 5077 1661 5158">
    <p class='ocr_par' dir='ltr' id='par_1_98' title="bbox 108 5077 1661 5158">
     <span class='ocr_line' id='line_1_98' title="bbox 108 5077 1661 5158; baseline 0.009 -32"><span class='ocrx_word' id='word_1_751' title='bbox 108 5077 315 5146; x_wconf 84' lang='lat' dir='ltr'><strong>mentis,</strong></span> <span class='ocrx_word' id='word_1_752' title='bbox 352 5091 402 5138; x_wconf 90' lang='lat' dir='ltr'><strong>et</strong></span> <span class='ocrx_word' id='word_1_753' title='bbox 448 5085 799 5158; x_wconf 61' lang='lat' dir='ltr'><strong>blasphemiae</strong></span> <span class='ocrx_word' id='word_1_754' title='bbox 853 5082 1209 5142; x_wconf 79' lang='lat' dir='ltr'><strong>suscitantur.</strong></span> <span class='ocrx_word' id='word_1_755' title='bbox 1258 5085 1333 5141; x_wconf 90' lang='lat' dir='ltr'><strong>De</strong></span> <span class='ocrx_word' id='word_1_756' title='bbox 1360 5103 1461 5158; x_wconf 89' lang='lat' dir='ltr'><strong>qtta</strong></span> <span class='ocrx_word' id='word_1_757' title='bbox 1498 5086 1661 5140; x_wconf 86' lang='lat' dir='ltr'><strong>nitui—</strong></span> 
     </span>
    </p>
   </div>
   <div class='ocr_carea' id='block_1_99' title="bbox 109 5170 1661 5242">
    <p class='ocr_par' dir='ltr' id='par_1_99' title="bbox 109 5170 1661 5242">
     <span class='ocr_line' id='line_1_99' title="bbox 109 5170 1661 5242; baseline 0.006 -18"><span class='ocrx_word' id='word_1_758' title='bbox 109 5177 208 5219; x_wconf 73' lang='lat' dir='ltr'><strong>&quot;tm</strong></span> <span class='ocrx_word' id='word_1_759' title='bbox 242 5170 502 5242; x_wconf 83' lang='lat' dir='ltr'><strong>Scriptura</strong></span> <span class='ocrx_word' id='word_1_760' title='bbox 534 5189 721 5235; x_wconf 91' lang='lat' dir='ltr'><strong>sancta</strong></span> <span class='ocrx_word' id='word_1_761' title='bbox 758 5189 1013 5242; x_wconf 80' lang='lat' dir='ltr'><strong>teSIatur,</strong></span> <span class='ocrx_word' id='word_1_762' title='bbox 1050 5175 1239 5233; x_wconf 88' lang='lat' dir='ltr'><strong>dicens</strong></span> <span class='ocrx_word' id='word_1_763' title='bbox 1272 5196 1286 5234; x_wconf 88' lang='lat'><strong>:</strong></span> <span class='ocrx_word' id='word_1_764' title='bbox 1336 5177 1428 5232; x_wconf 78' lang='lat' dir='ltr'><strong>Ira</strong></span> <span class='ocrx_word' id='word_1_765' title='bbox 1460 5179 1512 5232; x_wconf 87' lang='lat' dir='ltr'><strong>in</strong></span> <span class='ocrx_word' id='word_1_766' title='bbox 1543 5178 1661 5233; x_wconf 82' lang='lat' dir='ltr'><strong>sinu</strong></span> 
     </span>
    </p>
   </div>
   <div class='ocr_carea' id='block_1_100' title="bbox 108 5254 1659 5342">
    <p class='ocr_par' dir='ltr' id='par_1_100' title="bbox 108 5254 1659 5342">
     <span class='ocr_line' id='line_1_100' title="bbox 108 5254 1659 5342; baseline 0.014 -41"><span class='ocrx_word' id='word_1_767' title='bbox 108 5254 230 5342; x_wconf 71' lang='lat' dir='ltr'><strong>stulti</strong></span> <span class='ocrx_word' id='word_1_768' title='bbox 256 5265 509 5330; x_wconf 83' lang='lat' dir='ltr'><strong>requiescit</strong></span> <span class='ocrx_word' id='word_1_769' title='bbox 538 5269 706 5342; x_wconf 81' lang='lat' dir='ltr'><strong>(Eccl.</strong></span> <span class='ocrx_word' id='word_1_770' title='bbox 739 5271 832 5334; x_wconf 84' lang='lat' dir='ltr'><strong>vit,</strong></span> <span class='ocrx_word' id='word_1_771' title='bbox 861 5267 975 5338; x_wconf 89' lang='grc'><strong>10),</strong></span> <span class='ocrx_word' id='word_1_772' title='bbox 1009 5278 1062 5324; x_wconf 86' lang='lat' dir='ltr'><strong>et</strong></span> <span class='ocrx_word' id='word_1_773' title='bbox 1090 5285 1105 5325; x_wconf 89' lang='lat'>:</span> <span class='ocrx_word' id='word_1_774' title='bbox 1148 5266 1238 5324; x_wconf 87' lang='lat' dir='ltr'><strong>Ira</strong></span> <span class='ocrx_word' id='word_1_775' title='bbox 1277 5268 1374 5324; x_wconf 86' lang='lat' dir='ltr'><strong>viri</strong></span> <span class='ocrx_word' id='word_1_776' title='bbox 1391 5271 1659 5342; x_wconf 86' lang='lat' dir='ltr'><strong>justitiam</strong></span> 
     </span>
    </p>
   </div>
   <div class='ocr_carea' id='block_1_101' title="bbox 115 5340 1006 5433">
    <p class='ocr_par' dir='ltr' id='par_1_101' title="bbox 115 5340 1006 5433">
     <span class='ocr_line' id='line_1_101' title="bbox 115 5340 1006 5433; baseline 0.028 -36"><span class='ocrx_word' id='word_1_777' title='bbox 115 5340 193 5398; x_wconf 85' lang='lat' dir='ltr'><strong>Dei</strong></span> <span class='ocrx_word' id='word_1_778' title='bbox 220 5365 308 5406; x_wconf 87' lang='lat' dir='ltr'><strong>non</strong></span> <span class='ocrx_word' id='word_1_779' title='bbox 336 5340 564 5426; x_wconf 83' lang='lat' dir='ltr'><strong>operatur</strong></span> <span class='ocrx_word' id='word_1_780' title='bbox 591 5359 797 5433; x_wconf 77' lang='lat' dir='ltr'><strong>(Iacob.</strong></span> <span class='ocrx_word' id='word_1_781' title='bbox 830 5378 865 5428; x_wconf 88' lang='lat' dir='ltr'><strong>t,</strong></span> <span class='ocrx_word' id='word_1_782' title='bbox 890 5361 1006 5430; x_wconf 70' lang='grc'><strong>20).</strong></span> 
     </span>
    </p>
   </div>
   <div class='ocr_carea' id='block_1_102' title="bbox 171 5437 1658 5522">
    <p class='ocr_par' dir='ltr' id='par_1_102' title="bbox 171 5437 1658 5522">
     <span class='ocr_line' id='line_1_102' title="bbox 171 5437 1658 5522; baseline 0.008 -23"><span class='ocrx_word' id='word_1_783' title='bbox 171 5437 216 5490; x_wconf 78' lang='lat'><strong>7-</strong></span> <span class='ocrx_word' id='word_1_784' title='bbox 251 5441 348 5500; x_wconf 87' lang='lat' dir='ltr'><strong>Sed</strong></span> <span class='ocrx_word' id='word_1_785' title='bbox 375 5451 564 5521; x_wconf 88' lang='lat' dir='ltr'><strong>objice,</strong></span> <span class='ocrx_word' id='word_1_786' title='bbox 615 5456 858 5522; x_wconf 87' lang='lat' dir='ltr'><strong>Domine,</strong></span> <span class='ocrx_word' id='word_1_787' title='bbox 890 5465 1076 5509; x_wconf 86' lang='lat' dir='ltr'><strong>contra</strong></span> <span class='ocrx_word' id='word_1_788' title='bbox 1109 5461 1217 5508; x_wconf 84' lang='lat' dir='ltr'><strong>tant</strong></span> <span class='ocrx_word' id='word_1_789' title='bbox 1249 5454 1658 5511; x_wconf 87' lang='lat' dir='ltr'><strong>amarissimum</strong></span> 
     </span>
    </p>
   </div>
   <div class='ocr_carea' id='block_1_103' title="bbox 112 5523 1654 5616">
    <p class='ocr_par' dir='ltr' id='par_1_103' title="bbox 112 5523 1654 5616">
     <span class='ocr_line' id='line_1_103' title="bbox 112 5523 1654 5616; baseline 0.014 -34"><span class='ocrx_word' id='word_1_790' title='bbox 112 5523 368 5593; x_wconf 69' lang='lat' dir='ltr'><strong>iracundiae</strong></span> <span class='ocrx_word' id='word_1_791' title='bbox 397 5546 590 5602; x_wconf 88' lang='lat' dir='ltr'><strong>malum</strong></span> <span class='ocrx_word' id='word_1_792' title='bbox 621 5548 1006 5602; x_wconf 87' lang='lat' dir='ltr'><strong>suavissimum</strong></span> <span class='ocrx_word' id='word_1_793' title='bbox 1043 5547 1318 5616; x_wconf 73' lang='lat' dir='ltr'><strong>patientia:</strong></span> <span class='ocrx_word' id='word_1_794' title='bbox 1343 5547 1566 5611; x_wconf 90' lang='lat' dir='ltr'><strong>bonum.</strong></span> <span class='ocrx_word' id='word_1_795' title='bbox 1599 5549 1654 5604; x_wconf 91' lang='lat' dir='ltr'><strong>in</strong></span> 
     </span>
    </p>
   </div>
   <div class='ocr_carea' id='block_1_104' title="bbox 115 5619 1657 5695">
    <p class='ocr_par' dir='ltr' id='par_1_104' title="bbox 115 5619 1657 5695">
     <span class='ocr_line' id='line_1_104' title="bbox 115 5619 1657 5695; baseline 0.001 -2"><span class='ocrx_word' id='word_1_796' title='bbox 115 5619 206 5684; x_wconf 69' lang='grc' dir='ltr'><strong>(Ῐυθ</strong></span> <span class='ocrx_word' id='word_1_797' title='bbox 229 5630 514 5693; x_wconf 74' lang='lat' dir='ltr'><strong>sDecialitcr</strong></span> <span class='ocrx_word' id='word_1_798' title='bbox 545 5639 848 5692; x_wconf 89' lang='lat' dir='ltr'><strong>animarum</strong></span> <span class='ocrx_word' id='word_1_799' title='bbox 886 5649 1195 5693; x_wconf 89' lang='lat' dir='ltr'><strong>nostrarum</strong></span> <span class='ocrx_word' id='word_1_800' title='bbox 1229 5639 1378 5693; x_wconf 78' lang='lat' dir='ltr'><strong>Salus</strong></span> <span class='ocrx_word' id='word_1_801' title='bbox 1419 5639 1657 5695; x_wconf 77' lang='lat' dir='ltr'><strong>Colloca-</strong></span> 
     </span>
    </p>
   </div>
   <div class='ocr_carea' id='block_1_105' title="bbox 121 5718 1656 5809">
    <p class='ocr_par' dir='ltr' id='par_1_105' title="bbox 121 5718 1656 5809">
     <span class='ocr_line' id='line_1_105' title="bbox 121 5718 1656 5809; baseline 0.013 -39"><span class='ocrx_word' id='word_1_802' title='bbox 121 5718 208 5779; x_wconf 67' lang='grc' dir='ltr'><strong>ων,</strong></span> <span class='ocrx_word' id='word_1_803' title='bbox 234 5731 343 5777; x_wconf 90' lang='lat' dir='ltr'><strong>cum</strong></span> <span class='ocrx_word' id='word_1_804' title='bbox 367 5730 512 5786; x_wconf 88' lang='lat' dir='ltr'><strong>nobis</strong></span> <span class='ocrx_word' id='word_1_805' title='bbox 541 5750 635 5802; x_wconf 89' lang='lat' dir='ltr'><strong>per</strong></span> <span class='ocrx_word' id='word_1_806' title='bbox 656 5732 1013 5804; x_wconf 84' lang='lat' dir='ltr'><strong>Evangeliom</strong></span> <span class='ocrx_word' id='word_1_807' title='bbox 1037 5733 1246 5790; x_wconf 83' lang='lat' dir='ltr'><strong>dicatur</strong></span> <span class='ocrx_word' id='word_1_808' title='bbox 1280 5754 1290 5787; x_wconf 90' lang='lat'>:</span> <span class='ocrx_word' id='word_1_809' title='bbox 1319 5733 1387 5789; x_wconf 85' lang='lat' dir='ltr'><strong>In</strong></span> <span class='ocrx_word' id='word_1_810' title='bbox 1406 5736 1656 5809; x_wconf 81' lang='lat' dir='ltr'><strong>patientia</strong></span> 
     </span>
    </p>
   </div>
   <div class='ocr_carea' id='block_1_106' title="bbox 126 5818 1662 5912">
    <p class='ocr_par' dir='ltr' id='par_1_106' title="bbox 126 5818 1662 5912">
     <span class='ocr_line' id='line_1_106' title="bbox 126 5818 1662 5912; baseline 0.004 -32"><span class='ocrx_word' id='word_1_811' title='bbox 126 5818 265 5881; x_wconf 64' lang='grc' dir='ltr'><strong>ἐξίτω</strong></span> <span class='ocrx_word' id='word_1_812' title='bbox 300 5823 601 5907; x_wconf 79' lang='lat' dir='ltr'><strong>possidebttis</strong></span> <span class='ocrx_word' id='word_1_813' title='bbox 628 5831 828 5886; x_wconf 83' lang='lat' dir='ltr'><strong>animas</strong></span> <span class='ocrx_word' id='word_1_814' title='bbox 854 5838 1050 5885; x_wconf 77' lang='lat' dir='ltr'><strong>vestras</strong></span> <span class='ocrx_word' id='word_1_815' title='bbox 1071 5828 1222 5912; x_wconf 70' lang='lat' dir='ltr'><strong>(Luc.</strong></span> <span class='ocrx_word' id='word_1_816' title='bbox 1250 5847 1362 5899; x_wconf 75' lang='lat' dir='ltr'><strong>ut,</strong></span> <span class='ocrx_word' id='word_1_817' title='bbox 1396 5831 1506 5901; x_wconf 83' lang='lat' dir='ltr'><strong>l9).</strong></span> <span class='ocrx_word' id='word_1_818' title='bbox 1530 5831 1662 5900; x_wconf 67' lang='lat' dir='ltr'><strong>Qum</strong></span> 
     </span>
    </p>
   </div>
   <div class='ocr_carea' id='block_1_107' title="bbox 1765 4702 3360 4777">
    <p class='ocr_par' dir='ltr' id='par_1_107' title="bbox 1765 4702 3360 4777">
     <span class='ocr_line' id='line_1_107' title="bbox 1765 4702 3360 4777; baseline 0.001 -17"><span class='ocrx_word' id='word_1_819' title='bbox 1765 4718 1848 4760; x_wconf 88' lang='lat' dir='ltr'><strong>tus</strong></span> <span class='ocrx_word' id='word_1_820' title='bbox 1876 4703 2097 4776; x_wconf 82' lang='lat' dir='ltr'><strong>(Ep/tes.</strong></span> <span class='ocrx_word' id='word_1_821' title='bbox 2129 4709 2159 4758; x_wconf 64' lang='grc' dir='ltr'><strong><em>ν</em></strong></span> <span class='ocrx_word' id='word_1_822' title='bbox 2188 4745 2200 4767; x_wconf 87' lang='grc'><strong>.</strong></span> <span class='ocrx_word' id='word_1_823' title='bbox 2231 4702 2310 4774; x_wconf 82' lang='lat'><strong>5).</strong></span> <span class='ocrx_word' id='word_1_824' title='bbox 2347 4703 2421 4758; x_wconf 74' lang='lat' dir='ltr'><strong>Es</strong></span> <span class='ocrx_word' id='word_1_825' title='bbox 2451 4715 2552 4772; x_wconf 85' lang='lat' dir='ltr'><strong>qua</strong></span> <span class='ocrx_word' id='word_1_826' title='bbox 2583 4702 2828 4774; x_wconf 80' lang='lat' dir='ltr'><strong>profecto</strong></span> <span class='ocrx_word' id='word_1_827' title='bbox 2856 4713 3066 4776; x_wconf 76' lang='lat' dir='ltr'><strong>septem</strong></span> <span class='ocrx_word' id='word_1_828' title='bbox 3103 4707 3360 4777; x_wconf 71' lang='lat' dir='ltr'><strong>nequitia)</strong></span> 
     </span>
    </p>
   </div>
   <div class='ocr_carea' id='block_1_108' title="bbox 1765 4789 3359 4868">
    <p class='ocr_par' dir='ltr' id='par_1_108' title="bbox 1765 4789 3359 4868">
     <span class='ocr_line' id='line_1_108' title="bbox 1765 4789 3359 4868; baseline 0.001 -18"><span class='ocrx_word' id='word_1_829' title='bbox 1765 4806 2144 4868; x_wconf 86' lang='lat' dir='ltr'><strong>procreantur,</strong></span> <span class='ocrx_word' id='word_1_830' title='bbox 2178 4789 2410 4859; x_wconf 76' lang='lat' dir='ltr'><strong>scilicel,</strong></span> <span class='ocrx_word' id='word_1_831' title='bbox 2447 4793 2706 4865; x_wconf 89' lang='lat' dir='ltr'><strong>proditio,</strong></span> <span class='ocrx_word' id='word_1_832' title='bbox 2737 4791 2909 4861; x_wconf 80' lang='lat' dir='ltr'><strong>fraus,</strong></span> <span class='ocrx_word' id='word_1_833' title='bbox 2949 4796 3184 4860; x_wconf 76' lang='lat' dir='ltr'><strong>fallacia,</strong></span> <span class='ocrx_word' id='word_1_834' title='bbox 3228 4808 3359 4868; x_wconf 35' lang='lat' dir='ltr'><strong>pere</strong></span> 
     </span>
    </p>
   </div>
   <div class='ocr_carea' id='block_1_109' title="bbox 1758 4886 3359 4961">
    <p class='ocr_par' dir='ltr' id='par_1_109' title="bbox 1758 4886 3359 4961">
     <span class='ocr_line' id='line_1_109' title="bbox 1758 4886 3359 4961; baseline 0.001 -20"><span class='ocrx_word' id='word_1_835' title='bbox 1758 4889 1986 4961; x_wconf 81' lang='lat' dir='ltr'><strong>jurium,</strong></span> <span class='ocrx_word' id='word_1_836' title='bbox 2033 4886 2371 4956; x_wconf 87' lang='lat' dir='ltr'><strong>inquietttdo,</strong></span> <span class='ocrx_word' id='word_1_837' title='bbox 2419 4887 2696 4952; x_wconf 89' lang='lat' dir='ltr'><strong>violentia,</strong></span> <span class='ocrx_word' id='word_1_838' title='bbox 2741 4897 2794 4942; x_wconf 88' lang='lat' dir='ltr'><strong>ct</strong></span> <span class='ocrx_word' id='word_1_839' title='bbox 2828 4897 3018 4944; x_wconf 87' lang='lat' dir='ltr'><strong>contra</strong></span> <span class='ocrx_word' id='word_1_840' title='bbox 3047 4889 3359 4943; x_wconf 84' lang='lat' dir='ltr'><strong>miscricor-</strong></span> 
     </span>
    </p>
   </div>
   <div class='ocr_carea' id='block_1_110' title="bbox 1765 4979 3360 5051">
    <p class='ocr_par' dir='ltr' id='par_1_110' title="bbox 1765 4979 3360 5051">
     <span class='ocr_line' id='line_1_110' title="bbox 1765 4979 3360 5051; baseline -0.001 -14"><span class='ocrx_word' id='word_1_841' title='bbox 1765 4984 1908 5038; x_wconf 86' lang='lat' dir='ltr'><strong>diam</strong></span> <span class='ocrx_word' id='word_1_842' title='bbox 1955 4979 2267 5036; x_wconf 88' lang='lat' dir='ltr'><strong>obduratio.</strong></span> <span class='ocrx_word' id='word_1_843' title='bbox 2311 4980 2379 5036; x_wconf 87' lang='lat' dir='ltr'><strong>Et</strong></span> <span class='ocrx_word' id='word_1_844' title='bbox 2405 4993 2555 5048; x_wconf 86' lang='lat' dir='ltr'><strong>ecce,</strong></span> <span class='ocrx_word' id='word_1_845' title='bbox 2605 4981 2836 5037; x_wconf 87' lang='lat' dir='ltr'><strong>Domine</strong></span> <span class='ocrx_word' id='word_1_846' title='bbox 2891 4983 3074 5050; x_wconf 86' lang='lat' dir='ltr'><strong>Deus,</strong></span> <span class='ocrx_word' id='word_1_847' title='bbox 3127 4980 3360 5051; x_wconf 80' lang='lat' dir='ltr'><strong>quilibet</strong></span> 
     </span>
    </p>
   </div>
   <div class='ocr_carea' id='block_1_111' title="bbox 1763 5072 3356 5146">
    <p class='ocr_par' dir='ltr' id='par_1_111' title="bbox 1763 5072 3356 5146">
     <span class='ocr_line' id='line_1_111' title="bbox 1763 5072 3356 5146; baseline -0.003 -15"><span class='ocrx_word' id='word_1_848' title='bbox 1763 5087 1977 5132; x_wconf 87' lang='lat' dir='ltr'><strong>amator</strong></span> <span class='ocrx_word' id='word_1_849' title='bbox 2000 5073 2208 5142; x_wconf 89' lang='lat' dir='ltr'><strong>mundi,</strong></span> <span class='ocrx_word' id='word_1_850' title='bbox 2239 5083 2294 5130; x_wconf 87' lang='lat' dir='ltr'><strong>et</strong></span> <span class='ocrx_word' id='word_1_851' title='bbox 2314 5090 2421 5129; x_wconf 91' lang='lat' dir='ltr'><strong>non</strong></span> <span class='ocrx_word' id='word_1_852' title='bbox 2456 5075 2553 5141; x_wconf 91' lang='lat' dir='ltr'><strong>tui,</strong></span> <span class='ocrx_word' id='word_1_853' title='bbox 2585 5084 2810 5146; x_wconf 87' lang='lat' dir='ltr'><strong>pr0pter</strong></span> <span class='ocrx_word' id='word_1_854' title='bbox 2848 5074 3068 5129; x_wconf 84' lang='lat' dir='ltr'><strong>metalla</strong></span> <span class='ocrx_word' id='word_1_855' title='bbox 3095 5072 3356 5144; x_wconf 83' lang='lat' dir='ltr'><strong>pretiosa,</strong></span> 
     </span>
    </p>
   </div>
   <div class='ocr_carea' id='block_1_112' title="bbox 1764 5167 3356 5239">
    <p class='ocr_par' dir='ltr' id='par_1_112' title="bbox 1764 5167 3356 5239">
     <span class='ocr_line' id='line_1_112' title="bbox 1764 5167 3356 5239; baseline 0 -17"><span class='ocrx_word' id='word_1_856' title='bbox 1764 5169 2021 5224; x_wconf 86' lang='lat' dir='ltr'><strong>ardentes</strong></span> <span class='ocrx_word' id='word_1_857' title='bbox 2066 5167 2447 5239; x_wconf 79' lang='lat' dir='ltr'><strong>fulgentesque</strong></span> <span class='ocrx_word' id='word_1_858' title='bbox 2499 5168 2751 5239; x_wconf 85' lang='lat' dir='ltr'><strong>lapides,</strong></span> <span class='ocrx_word' id='word_1_859' title='bbox 2798 5179 2990 5221; x_wconf 72' lang='lat' dir='ltr'><strong>servos</strong></span> <span class='ocrx_word' id='word_1_860' title='bbox 3044 5173 3101 5220; x_wconf 84' lang='lat' dir='ltr'><strong>et</strong></span> <span class='ocrx_word' id='word_1_861' title='bbox 3143 5180 3356 5233; x_wconf 79' lang='lat' dir='ltr'><strong>servas,</strong></span> 
     </span>
    </p>
   </div>
   <div class='ocr_carea' id='block_1_113' title="bbox 1765 5257 3360 5334">
    <p class='ocr_par' dir='ltr' id='par_1_113' title="bbox 1765 5257 3360 5334">
     <span class='ocr_line' id='line_1_113' title="bbox 1765 5257 3360 5334; baseline -0.002 -15"><span class='ocrx_word' id='word_1_862' title='bbox 1765 5264 1965 5334; x_wconf 64' lang='lat' dir='ltr'><strong>praedia</strong></span> <span class='ocrx_word' id='word_1_863' title='bbox 1993 5271 2048 5319; x_wconf 90' lang='lat' dir='ltr'><strong>et</strong></span> <span class='ocrx_word' id='word_1_864' title='bbox 2074 5263 2274 5318; x_wconf 91' lang='lat' dir='ltr'><strong>fundos</strong></span> <span class='ocrx_word' id='word_1_865' title='bbox 2299 5262 2364 5318; x_wconf 87' lang='lat' dir='ltr'><strong>ad</strong></span> <span class='ocrx_word' id='word_1_866' title='bbox 2396 5272 2626 5319; x_wconf 89' lang='lat' dir='ltr'><strong>mortem</strong></span> <span class='ocrx_word' id='word_1_867' title='bbox 2653 5264 2956 5334; x_wconf 75' lang='lat' dir='ltr'><strong>proximum</strong></span> <span class='ocrx_word' id='word_1_868' title='bbox 2998 5260 3184 5326; x_wconf 84' lang='lat' dir='ltr'><strong>tradit,</strong></span> <span class='ocrx_word' id='word_1_869' title='bbox 3212 5257 3360 5316; x_wconf 81' lang='lat' dir='ltr'><strong>fratr-</strong></span> 
     </span>
    </p>
   </div>
   <div class='ocr_carea' id='block_1_114' title="bbox 1763 5355 3360 5425">
    <p class='ocr_par' dir='ltr' id='par_1_114' title="bbox 1763 5355 3360 5425">
     <span class='ocr_line' id='line_1_114' title="bbox 1763 5355 3360 5425; baseline -0.001 -13"><span class='ocrx_word' id='word_1_870' title='bbox 1763 5357 1887 5413; x_wconf 91' lang='lat' dir='ltr'><strong>dem</strong></span> <span class='ocrx_word' id='word_1_871' title='bbox 1924 5356 2176 5424; x_wconf 88' lang='lat' dir='ltr'><strong>incurrit,</strong></span> <span class='ocrx_word' id='word_1_872' title='bbox 2219 5356 2481 5412; x_wconf 85' lang='lat' dir='ltr'><strong>fallaciam</strong></span> <span class='ocrx_word' id='word_1_873' title='bbox 2507 5356 2746 5420; x_wconf 90' lang='lat' dir='ltr'><strong>obducit,</strong></span> <span class='ocrx_word' id='word_1_874' title='bbox 2791 5355 3088 5425; x_wconf 75' lang='lat' dir='ltr'><strong>periurium</strong></span> <span class='ocrx_word' id='word_1_875' title='bbox 3107 5355 3360 5410; x_wconf 64' lang='lat' dir='ltr'><strong>commito</strong></span> 
     </span>
    </p>
   </div>
   <div class='ocr_carea' id='block_1_115' title="bbox 1769 5447 3363 5522">
    <p class='ocr_par' dir='ltr' id='par_1_115' title="bbox 1769 5447 3363 5522">
     <span class='ocr_line' id='line_1_115' title="bbox 1769 5447 3363 5522; baseline 0 -17"><span class='ocrx_word' id='word_1_876' title='bbox 1769 5452 1831 5507; x_wconf 88' lang='lat' dir='ltr'><strong>tit</strong></span> <span class='ocrx_word' id='word_1_877' title='bbox 1884 5470 1898 5505; x_wconf 88' lang='lat'><strong>:</strong></span> <span class='ocrx_word' id='word_1_878' title='bbox 1949 5459 2005 5508; x_wconf 88' lang='lat' dir='ltr'><strong>et</strong></span> <span class='ocrx_word' id='word_1_879' title='bbox 2050 5452 2191 5506; x_wconf 84' lang='lat' dir='ltr'><strong>alios</strong></span> <span class='ocrx_word' id='word_1_880' title='bbox 2245 5452 2521 5522; x_wconf 85' lang='lat' dir='ltr'><strong>Inquietus</strong></span> <span class='ocrx_word' id='word_1_881' title='bbox 2576 5456 2631 5504; x_wconf 83' lang='lat' dir='ltr'><strong>et</strong></span> <span class='ocrx_word' id='word_1_882' title='bbox 2679 5447 2952 5503; x_wconf 85' lang='lat' dir='ltr'><strong>violentus</strong></span> <span class='ocrx_word' id='word_1_883' title='bbox 2997 5457 3081 5504; x_wconf 83' lang='lat' dir='ltr'><strong>est</strong></span> <span class='ocrx_word' id='word_1_884' title='bbox 3133 5458 3363 5520; x_wconf 79' lang='lat' dir='ltr'><strong>propter</strong></span> 
     </span>
    </p>
   </div>
   <div class='ocr_carea' id='block_1_116' title="bbox 1765 5541 3366 5614">
    <p class='ocr_par' dir='ltr' id='par_1_116' title="bbox 1765 5541 3366 5614">
     <span class='ocr_line' id='line_1_116' title="bbox 1765 5541 3366 5614; baseline -0.001 -14"><span class='ocrx_word' id='word_1_885' title='bbox 1765 5546 1947 5600; x_wconf 89' lang='lat' dir='ltr'><strong>villam</strong></span> <span class='ocrx_word' id='word_1_886' title='bbox 1975 5587 1990 5612; x_wconf 94' lang='lat'><strong>,</strong></span> <span class='ocrx_word' id='word_1_887' title='bbox 2047 5543 2189 5599; x_wconf 89' lang='lat' dir='ltr'><strong>alius</strong></span> <span class='ocrx_word' id='word_1_888' title='bbox 2235 5551 2460 5614; x_wconf 90' lang='lat' dir='ltr'><strong>propter</strong></span> <span class='ocrx_word' id='word_1_889' title='bbox 2499 5541 2754 5613; x_wconf 88' lang='lat' dir='ltr'><strong>gallinam</strong></span> <span class='ocrx_word' id='word_1_890' title='bbox 2813 5559 2826 5594; x_wconf 88' lang='lat'><strong>:</strong></span> <span class='ocrx_word' id='word_1_891' title='bbox 2879 5541 3021 5597; x_wconf 86' lang='lat' dir='ltr'><strong>alius</strong></span> <span class='ocrx_word' id='word_1_892' title='bbox 3061 5541 3366 5599; x_wconf 80' lang='lat' dir='ltr'><strong>obduratttt&#39;</strong></span> 
     </span>
    </p>
   </div>
   <div class='ocr_carea' id='block_1_117' title="bbox 1766 5633 3367 5703">
    <p class='ocr_par' dir='ltr' id='par_1_117' title="bbox 1766 5633 3367 5703">
     <span class='ocr_line' id='line_1_117' title="bbox 1766 5633 3367 5703; baseline 0.001 -10"><span class='ocrx_word' id='word_1_893' title='bbox 1766 5648 1953 5693; x_wconf 87' lang='lat' dir='ltr'><strong>contra</strong></span> <span class='ocrx_word' id='word_1_894' title='bbox 1984 5635 2412 5691; x_wconf 81' lang='lat' dir='ltr'><strong>misericordiam</strong></span> <span class='ocrx_word' id='word_1_895' title='bbox 2457 5647 2525 5688; x_wconf 84' lang='lat' dir='ltr'><strong>ne</strong></span> <span class='ocrx_word' id='word_1_896' title='bbox 2554 5633 2824 5689; x_wconf 85' lang='lat' dir='ltr'><strong>retribuat</strong></span> <span class='ocrx_word' id='word_1_897' title='bbox 2867 5648 3079 5703; x_wconf 88' lang='lat' dir='ltr'><strong>aurum,</strong></span> <span class='ocrx_word' id='word_1_898' title='bbox 3129 5637 3269 5692; x_wconf 76' lang='lat' dir='ltr'><strong>alios</strong></span> <span class='ocrx_word' id='word_1_899' title='bbox 3296 5653 3367 5695; x_wconf 89' lang='lat' dir='ltr'><strong>ne</strong></span> 
     </span>
    </p>
   </div>
   <div class='ocr_carea' id='block_1_118' title="bbox 1774 5728 3369 5805">
    <p class='ocr_par' dir='ltr' id='par_1_118' title="bbox 1774 5728 3369 5805">
     <span class='ocr_line' id='line_1_118' title="bbox 1774 5728 3369 5805; baseline 0.001 -17"><span class='ocrx_word' id='word_1_900' title='bbox 1774 5733 2017 5805; x_wconf 83' lang='lat' dir='ltr'><strong>porrigat</strong></span> <span class='ocrx_word' id='word_1_901' title='bbox 2048 5740 2252 5802; x_wconf 90' lang='lat' dir='ltr'><strong>potum.</strong></span> <span class='ocrx_word' id='word_1_902' title='bbox 2298 5728 2406 5786; x_wconf 86' lang='lat' dir='ltr'><strong>Sed</strong></span> <span class='ocrx_word' id='word_1_903' title='bbox 2439 5737 2584 5800; x_wconf 87' lang='lat' dir='ltr'><strong>peto,</strong></span> <span class='ocrx_word' id='word_1_904' title='bbox 2635 5730 2706 5784; x_wconf 93' lang='lat' dir='ltr'><strong>mi</strong></span> <span class='ocrx_word' id='word_1_905' title='bbox 2755 5729 2920 5798; x_wconf 89' lang='lat' dir='ltr'><strong>Deus,</strong></span> <span class='ocrx_word' id='word_1_906' title='bbox 2949 5741 3162 5788; x_wconf 88' lang='lat' dir='ltr'><strong>amator</strong></span> <span class='ocrx_word' id='word_1_907' title='bbox 3183 5742 3369 5789; x_wconf 84' lang='lat' dir='ltr'><strong>castus</strong></span> 
     </span>
    </p>
   </div>
   <div class='ocr_carea' id='block_1_119' title="bbox 1775 5822 3371 5898">
    <p class='ocr_par' dir='ltr' id='par_1_119' title="bbox 1775 5822 3371 5898">
     <span class='ocr_line' id='line_1_119' title="bbox 1775 5822 3371 5898; baseline -0.001 -12"><span class='ocrx_word' id='word_1_908' title='bbox 1775 5840 1829 5886; x_wconf 88' lang='lat' dir='ltr'><strong>et</strong></span> <span class='ocrx_word' id='word_1_909' title='bbox 1866 5841 2042 5895; x_wconf 78' lang='lat' dir='ltr'><strong>verus,</strong></span> <span class='ocrx_word' id='word_1_910' title='bbox 2071 5833 2129 5882; x_wconf 91' lang='lat' dir='ltr'><strong>ut</strong></span> <span class='ocrx_word' id='word_1_911' title='bbox 2157 5822 2243 5881; x_wconf 91' lang='lat' dir='ltr'><strong>cui</strong></span> <span class='ocrx_word' id='word_1_912' title='bbox 2275 5831 2473 5898; x_wconf 67' lang='lat' dir='ltr'><strong>praeter</strong></span> <span class='ocrx_word' id='word_1_913' title='bbox 2503 5831 2556 5879; x_wconf 91' lang='lat' dir='ltr'><strong>te</strong></span> <span class='ocrx_word' id='word_1_914' title='bbox 2596 5823 2741 5880; x_wconf 86' lang='lat' dir='ltr'><strong>nulla</strong></span> <span class='ocrx_word' id='word_1_915' title='bbox 2767 5824 3042 5898; x_wconf 81' lang='lat' dir='ltr'><strong>possessio</strong></span> <span class='ocrx_word' id='word_1_916' title='bbox 3067 5824 3294 5884; x_wconf 76' lang='lat' dir='ltr'><strong>debetur</strong></span> <span class='ocrx_word' id='word_1_917' title='bbox 3315 5824 3371 5885; x_wconf 86' lang='lat' dir='ltr'><strong>in</strong></span> 
     </span>
    </p>
   </div>
  </div>
