3944 6310
570 289 678 346 759

1497 285 1592 343 AD
1629 285 1862 344 OPERA
1897 283 2146 343 SANCTI
2187 285 2512 344 AMBROSII
2552 283 2920 344 APPENDIX.
3701 297 3774 357 τω

571 417 738 475 terra,
775 404 908 461 nihil
949 403 1092 476 quod
1119 413 1172 460 tu
1216 418 1323 459 non
1357 417 1440 470 es,
1472 404 1855 474 concupiscam
1893 405 1946 459 in
1977 413 2157 472 terra;
2187 405 2238 465 Α
2265 401 2497 459 licentia
2525 411 2700 460 metas
2721 401 2958 468 excedit,
2983 415 3110 456 mox
3135 401 3202 457 de
3231 416 3290 457 se
3315 403 3588 460 cmcitateru
3609 413 3770 476 mentis,

568 513 790 570 semper
833 497 980 552 illius
1024 498 1314 553 sententiae
1355 497 1726 566 meminerim,
1776 513 1880 568 qua
1911 497 2112 553 dicitur
2145 516 2158 550 :

572 592 771 650 Nudus
799 608 1030 664 egressus
1065 609 1181 646 sum
1224 593 1288 646 de
1313 601 1460 647 utero
1488 594 1665 648 matris
1707 609 1863 658 mete,
1893 593 2064 649 nudus
2090 611 2172 648 re-

566 699 742 744 vertar
763 688 887 742 illuc
909 685 1053 758 (Job.
1079 703 1116 753 ι,
1148 686 1266 760 Ei).
1293 689 1472 757 Atque
1495 688 1682 743 illius:
1717 687 1874 743 Nihil
1897 689 2170 744 intulimus

565 783 624 837 in
677 783 816 837 hunc
853 783 1146 850 mundum,
1203 782 1296 837 sed
1345 800 1440 837 nec
1489 785 1702 856 auferre
1743 784 2172 856 quidvpossumus

572 875 616 949 (l
639 875 774 929 Tim.
805 891 880 940 vt,
909 875 987 946 7).
1010 874 1144 944 Qua:
1169 875 1424 931 nimirum
1455 874 1582 932 dum
1611 877 1696 946 pie
1724 875 2168 942 considerantur,

569 969 760 1026 mundi
798 977 1172 1040 contemptum
1220 969 1418 1026 afferre
1457 969 1750 1038 videntur,
1790 971 1884 1042 qui
1929 971 2172 1026 avaritiae

570 1066 880 1121 contrarius
911 1075 1017 1122 est.

639 1159 804 1232 495
847 1161 934 1216 l0.
967 1160 1098 1216 Post
1121 1161 1241 1218 haec
1271 1171 1443 1218 restat
1472 1163 1678 1218 ventris
1721 1161 2020 1233 ingluvies,
2049 1177 2170 1233 qua:

569 1266 600 1306 a
629 1253 958 1309 necessitate
989 1254 1210 1324 quidem
1238 1255 1450 1326 incipit.
1480 1257 1574 1311 sed
1607 1255 1799 1310 modus
1823 1257 2170 1312 necessitatis

571 1347 869 1410 excedens,
903 1347 971 1402 ad
1000 1348 1333 1417 voluptatem
1362 1349 1693 1418 pertransit;
1725 1350 1964 1418 dumque
1993 1365 2020 1402 a
2053 1348 2170 1404 lici-

570 1440 644 1494 tis
689 1440 756 1494 ad
809 1440 994 1496 illicita
1042 1442 1378 1512 pervenerit,
1429 1458 1554 1497 mox
1607 1443 1848 1511 ineptam
1903 1444 2168 1509 laetitiam,

571 1531 1004 1597 scurrilitatem,
1062 1533 1496 1600 immunditiam,
1561 1533 2000 1607 multiloquium,
2043 1551 2172 1592 sen-

567 1641 774 1697 susque
801 1625 1192 1685 hebctudinem
1242 1631 1392 1685 circa
1439 1627 1853 1700 intelligentiam
1897 1630 2168 1702 parturit:

569 1719 730 1789 cujus
773 1718 1114 1775 mortiferum
1159 1721 1308 1776 virus
1359 1729 1486 1777 tunc
1539 1729 1836 1792 utcumque
1883 1731 2168 1790 vacuatur,

2271 497 2827 554 iuconsiderationem
2846 538 2861 562 ,
2887 496 3329 562 inconstantiam,
3350 497 3774 570 pracipitationem,

2271 605 2512 646 amorem
2544 591 2660 658 sui,
2691 590 2876 646 odium
2907 588 3024 655 Dei,
3055 587 3308 645 affectum
3341 592 3604 659 praesentis
3627 597 3775 660 seculi,

2273 684 2554 740 horrorem
2603 693 2787 739 autem
2849 681 2933 738 vel
2983 682 3415 754 desperationem
3457 683 3609 754 gignit
3647 685 3775 744 futuri.

2273 778 2382 836 Sed
2417 789 2568 850 peto,
2605 779 2870 844 Domine,
2904 787 2962 832 ut
2991 778 3081 850 qui
3131 777 3198 831 ah
3231 779 3348 848 ipso
3391 779 3660 848 pubertatis
3679 789 3774 838 tem-

2271 889 2405 946 pore
2436 889 2464 928 a
2489 873 2778 944 complexu
2803 873 3039 928 carnalis
3082 872 3294 944 copulte
3325 872 3549 928 alienum
3594 891 3664 932 me
3699 895 3778 936 esse

2273 966 2494 1022 voluisti
2515 1009 2528 1032 ,
2563 975 2590 1004 ιι
2615 965 2997 1022 delectationis
3026 964 3148 1036 ejus
3185 979 3454 1022 consensu
3489 982 3584 1022 non
3629 979 3777 1042 tangar.

2273 1060 2414 1128 Quid
2451 1062 2600 1117 enim
2643 1059 2889 1130 prodest,
2921 1059 3153 1116 Domine
3204 1059 3348 1116 Deus
3377 1102 3393 1126 ,
3433 1061 3664 1132 virginem
3703 1080 3780 1122 esse

2273 1167 2540 1222 corpore,
2573 1153 2618 1208 si
2661 1155 2944 1223 contingat
2987 1161 3168 1208 mente
3213 1167 3338 1208 esse
3375 1157 3688 1224 corruptum?
3717 1158 3780 1223 Qui

2273 1249 2418 1303 enim
2460 1247 2646 1302 uiderit
2675 1247 2942 1301 mulierem
2971 1246 3040 1300 ad
3075 1246 3534 1317 concupiscendum
3571 1265 3690 1316 eant,
3715 1251 3778 1315 iam

2274 1341 2554 1396 moechatus
2582 1351 2658 1394 est
2683 1357 2797 1394 eam
2825 1339 2878 1392 in
2915 1337 3072 1392 corde
3104 1354 3201 1391 suo
3240 1335 3456 1410 (Matth.
3486 1353 3546 1404 ν,
3580 1339 3676 1409 28).
3695 1339 3780 1396 Huic

2275 1435 2520 1504 profecto
2552 1435 2784 1488 necdum
2815 1435 3124 1487 castitatem
3155 1428 3404 1500 professo
3425 1471 3441 1497 ,
3467 1429 3602 1499 juxta
3623 1430 3782 1503 Aposto-

2275 1525 2385 1580 lum
2433 1525 2632 1580 melius
2675 1535 2758 1580 est
2803 1523 3041 1590 nubere,
3078 1539 3240 1594 quam
3280 1523 3364 1577 uri
3397 1521 3464 1594 (ll
3493 1519 3601 1578 Cor.
3629 1540 3700 1588 ru,
3725 1527 3782 1594 9):

2275 1620 2372 1676 sed
2405 1620 2634 1676 obsecro
2655 1661 2670 1688 ,
2707 1617 2964 1684 Domine,
3001 1627 3058 1672 ut
3083 1617 3169 1673 cui
3201 1631 3309 1672 non
3344 1617 3472 1672 licet
3499 1619 3695 1686 nubere,
3717 1635 3782 1676 nec

2275 1715 2554 1786 contingat
2581 1713 2760 1768 aduri.

569 1827 698 1868 cum
751 1827 856 1868 non
905 1813 1160 1885 qualitas,
1207 1814 1304 1870 sed
1351 1814 1522 1870 libido
1555 1814 1608 1869 in
1639 1816 1780 1870 escis
1808 1825 2166 1888 prtecavetur.
2201 1808 2250 1868 B
2349 1807 2438 1862 15.
2491 1807 2632 1862 Ecce
2679 1805 2809 1862 dum
2851 1820 2950 1876 pro
2993 1820 3082 1861 me
3125 1804 3393 1863 sollicitus
3443 1805 3562 1861 talia
3601 1805 3780 1875 postulo,

571 1907 754 1962 Prima
801 1908 946 1963 enim
1001 1909 1195 1964 mulier
1223 1924 1330 1964 non
1371 1908 1761 1978 exquisitarum
1813 1907 2045 1978 dapum,
2077 1907 2172 1964 sed

571 2000 688 2055 sola
719 1999 864 2070 pomi
887 1999 1254 2057 delectatione
1279 2010 1514 2057 mortem
1547 2000 1750 2056 mundo
1779 1999 2169 2074 induxit(Gen.

571 2108 652 2158 ut,
701 2091 756 2163 6)
785 2111 800 2148 ι
832 2101 887 2149 et
937 2095 1194 2164 antiquus
1237 2093 1412 2149 Ιιο-ιίε
1457 2108 1642 2164 regem
1681 2103 1930 2149 nostrum
1971 2109 2080 2148 non
2103 2094 2172 2150 de

567 2201 758 2254 carne,
799 2186 894 2242 sed
941 2187 1009 2244 de
1053 2202 1194 2257 pane
1246 2187 1476 2244 tentavit
1504 2186 1720 2260 (Matth.
1753 2203 1828 2252 tv,
1861 2187 1916 2258 '5)
1948 2205 1960 2240 :
1993 2195 2048 2242 et
2070 2185 2177 2242 So-

570 2279 732 2334 doma
757 2277 960 2335 idcirco
983 2279 1106 2349 igne
1137 2287 1192 2335 et
1221 2279 1484 2350 sulphure
1514 2278 1712 2349 periit;
1744 2280 1870 2348 quia
1897 2279 2039 2334 inter
2063 2294 2173 2334 cae-

567 2379 691 2427 tera
717 2371 857 2426 mala
879 2386 1076 2443 panem
1099 2373 1151 2428 in
1173 2373 1460 2428 saturitate
1480 2371 1720 2428 comedit
1745 2371 1900 2443 (Gen.
1921 2388 2032 2434 xtx.
2051 2371 2168 2444 Ἃ).

641 2466 731 2520 il.
765 2466 1108 2538 Quapropter
1129 2467 1476 2523 clementiam
1509 2476 1680 2532 tuam,
1711 2465 1886 2531 Deus,
1915 2466 2174 2538 imploro,

569 2567 630 2614 ut
657 2559 798 2614 sicut
825 2575 970 2630 anger
999 2558 1064 2614 ad
1103 2559 1426 2616 medicinam
1449 2603 1462 2626 ,
1493 2559 1574 2615 sic
1597 2559 1664 2614 ad
1691 2558 1982 2615 sumendas
2009 2559 2177 2630 dapes

572 2651 860 2716 accedam;
888 2667 1230 2722 nequaquam
1263 2651 1471 2707 scilicet
1504 2651 1555 2706 in
1597 2651 1675 2706 eis
1711 2655 2043 2721 voluptatem
2075 2666 2174 2723 ap-

571 2753 802 2814 petens,
855 2744 952 2800 sed
1011 2745 1319 2800 necessitati
1383 2745 1729 2800 subveniens.
1786 2744 1952 2806 Aufer
2014 2759 2042 2798 a
2090 2759 2176 2799 me

568 2848 795 2908 propter
819 2854 1069 2908 magnam
1103 2839 1533 2896 misericordiam
1565 2848 1710 2895 tuam
1741 2853 1902 2894 omne
1930 2839 2173 2894 ciborum

567 2933 792 2987 noxium
821 2931 1603 3003 desiderium,congruamque
1629 2947 1791 2988 servo
1815 2942 1905 2986 tuo
1927 2947 2174 2988 escarum

571 3027 843 3097 propitius
875 3027 1052 3082 tribue
1075 3027 1496 3092 abstinentiam;
1529 3035 1588 3082 ut
1631 3025 1771 3081 inter
1807 3026 2174 3081 necessarium

575 3117 800 3170 modum
828 3119 1106 3187 proprium
1156 3123 1457 3187 temperem
1501 3118 1830 3187 appetitum,
1861 3128 2178 3189 remotaque

2277 1899 2594 1954 meminisse
2639 1898 2920 1954 charitatis
2947 1896 3156 1963 debeo;
3185 1909 3244 1952 ut
3269 1897 3434 1952 etiam
3467 1913 3560 1968 pro
3585 1899 3682 1954 aliis
3699 1915 3782 1954 ero.

2277 2009 2418 2050 rem.
2463 1993 2540 2050 Te
2587 1993 2748 2064 igitur
2792 2001 3090 2048 amatorem
3125 1992 3388 2048 Ecclesia:
3425 2002 3528 2048 tua:
3564 1993 3782 2063 deprecor,

2283 2086 2426 2142 Deus
2455 2128 2470 2154 ,
2515 2101 2618 2156 pro
2663 2086 3045 2142 sacerdotibus
3087 2085 3246 2156 ejus;
3295 2097 3352 2140 ut
3399 2087 3572 2142 verbis
3611 2087 3784 2140 simulet

2279 2181 2490 2236 meritis
2517 2180 2643 2234 vita:
2671 2178 2930 2250 populum
2962 2180 3065 2234 sibi
3089 2179 3360 2236 creditum
3383 2179 3452 2234 ad
3483 2180 3710 2236 ctelcstem
3733 2195 3786 2248 pa-

2280 2275 2440 2331 triam
2474 2274 2725 2332 invitent.
2769 2275 2876 2331 Pro
2919 2275 3171 2347 regibus,
3215 2273 3450 2329 ducibus
3473 2316 3488 2340 ,
3519 2284 3565 2329 et
3589 2273 3642 2328 iis
3663 2273 3728 2344 qui
3752 2273 3782 2326 in

2280 2369 2618 2425 sublimitate
2661 2367 2822 2440 positi
2875 2379 3036 2436 sunt;
3081 2379 3140 2424 ιιι
3181 2377 3366 2439 patres
3409 2368 3723 2440 orphauorum
3755 2379 3786 2422 et

2274 2463 2487 2534 judices
2537 2463 2824 2518 viduarum
2869 2463 3198 2535 semetipsos
3253 2465 3588 2529 exhibeant,
3629 2463 3784 2518 miseriis

2280 2557 2538 2627 inopum,
2569 2565 2624 2612 et
2651 2556 2942 2627 gemitibus
2992 2571 3290 2626 pauperum
3337 2555 3782 2621 condoleaut,uih.l

2281 2651 2383 2707 nisi
2409 2649 2550 2722 quod
2574 2649 2778 2720 justum
2807 2659 2922 2716 est,
2951 2651 3004 2703 in
3026 2649 3236 2720 judicio
3261 2661 3536 2720 quaerant;
3565 2648 3708 2718 sicque
3727 2647 3779 2702 nl-

2281 2746 2596 2802 ministrent
2629 2745 2953 2816 praesentia,
2991 2759 3060 2802 ne
3100 2747 3356 2800 amittant
3381 2745 3522 2800 bona
3549 2745 3705 2798 futura.
3725 2742 3786 2796 Pro

2281 2839 2614 2909 virginibus,
2642 2838 3074 2905 continentibus,
3099 2853 3162 2892 ac
3189 2837 3396 2894 mundo
3425 2835 3784 2896 renuntiantihas;

2281 2943 2340 2990 ut
2391 2933 2679 3004 praesentia
2733 2933 3064 3004 despiciant,
3098 2932 3275 2988 futura
3324 2935 3622 3004 requirant,
3649 2945 3721 2985 nec
3749 2944 3785 2982 se

2283 3026 2516 3096 negotiis
2559 3025 2917 3080 saecularibus
2965 3024 3292 3098 implicent;
3337 3036 3394 3080 ut
3439 3027 3533 3080 tibi
3577 3023 3786 3080 militantes

2282 3121 2566 3191 placeant.
2607 3120 2696 3176 cui
2743 3135 2804 3176 se
2847 3120 3239 3192 probaverunt.
3279 3121 3386 3176 Pro
3437 3121 3725 3192 conjugatis.
3753 3131 3786 3172 ut

571 3223 604 3263 a
635 3222 724 3264 me
769 3210 916 3264 omni
948 3224 1168 3278 prorsus
1205 3209 1423 3279 crapula
1472 3217 1528 3266 et
1566 3211 1834 3266 ebrietate
1858 3251 1874 3278 ,
1911 3212 2078 3266 sciam
2123 3211 2174 3265 in
2204 3214 2248 3276 C
2281 3214 2360 3268 sic
2390 3213 2494 3268 sibi
2527 3212 2762 3268 invicem
2801 3214 2982 3268 carnis
3010 3212 3258 3268 debitum
3286 3215 3534 3282 solvant,
3563 3228 3621 3270 ne
3645 3227 3668 3268 ιι
3698 3211 3786 3266 ἀειὶσ

579 3302 785 3358 virtute
813 3311 905 3357 tua
947 3303 1224 3359 abundare
1247 3345 1264 3371 ,
1295 3303 1462 3358 sciam
1508 3312 1564 3359 et
1593 3304 1873 3374 penuriam
1905 3305 2013 3375 pati
2037 3346 2052 3370 ,
2080 3319 2179 3358 no—

573 3396 748 3451 verim
774 3410 992 3466 quoque
1019 3395 1073 3451 in
1102 3396 1298 3466 quibus
1331 3395 1460 3451 mihi
1487 3395 1766 3452 sufficiens
1797 3411 1920 3452 esse
1949 3397 2173 3467 possim.

575 3487 689 3556 Ita,
723 3488 986 3557 Domine,
1031 3489 1125 3558 ita,
1151 3488 1315 3544 Pater
1359 3488 1532 3557 bone,
1565 3489 1742 3544 noxiis
1782 3489 2179 3560 gasuimargia:

573 3582 756 3639 succis
799 3583 1054 3638 arefactis
1114 3583 1295 3652 inepta
1347 3583 1532 3638 laetitia
1585 3583 1673 3639 vel
1715 3585 2020 3640 scurrilitas
2070 3599 2176 3639 non

571 3677 858 3748 pullulabit
881 3720 895 3744 ,
925 3692 1044 3748 qua:
1076 3677 1196 3732 illos
1227 3677 1466 3732 maxime
1495 3677 1561 3733 ad
1605 3679 1868 3733 insaniam
1901 3679 2178 3748 perducit,

572 3771 632 3827 in
661 3772 858 3842 quibus
890 3771 1114 3841 crapula
1149 3780 1205 3826 et
1232 3770 1470 3826 ebrietas
1501 3770 1800 3827 dominium
1841 3772 2044 3829 suzuit:
2077 3773 2178 3829 Se-

573 3866 652 3920 dit
679 3865 822 3920 enim
847 3864 1077 3937 populus
1103 3865 1424 3920 manducare
1453 3877 1502 3921 et
1530 3867 1698 3922 bibere
1719 3908 1733 3934 ,
1764 3877 1816 3922 et
1845 3877 2180 3922 surrexerunt

574 3959 756 4016 ludere
799 3960 1002 4030 (Exod.
1044 3976 1218 4026 χχχιι.
1247 3959 1327 4029 6).
1356 3959 1558 4017 Contra
1593 3977 1732 4034 quos
1771 3961 1862 4017 illa
1909 3963 2178 4019 sententia

571 4054 756 4120 venit,
800 4069 906 4125 qua
943 4053 1176 4109 dicitur:
1218 4053 1308 4109 Va:
1345 4056 1489 4111 vobis
1535 4057 1808 4122 divitibus,
1845 4059 1937 4128 qui
1984 4058 2181 4112 habetis

573 4147 977 4202 consolationem
1007 4149 1259 4202 vestram!
1293 4149 1356 4203 Et
1393 4165 1469 4204 υίε
1497 4151 1666 4216 vobis,
1689 4152 1780 4221 qui
1808 4150 1990 4205 ridetis
2021 4168 2180 4218 nunc;

579 4241 705 4312 quia
734 4241 1002 4311 plorabitis
1032 4251 1079 4295 et
1119 4242 1306 4311 ﬂebitis
1335 4241 1485 4313 (Luc.
1527 4258 1577 4298 Vl
1597 4286 1610 4308 ,
1638 4242 1756 4313 25)!
1789 4243 1945 4311 Quod
1989 4251 2178 4299 contra

573 4335 616 4392 ii
645 4335 738 4404 qui
766 4349 985 4390 carnem
1017 4350 1169 4391 suam
1199 4339 1584 4394 cruciﬁxerunt
1610 4353 1734 4395 cum
1780 4339 1924 4394 vitiis
1967 4349 2022 4394 et
2051 4353 2184 4394 con-

578 4429 932 4501 cupiscentiis
971 4430 1090 4500 ejus
1131 4429 1329 4502 (Galat.
1377 4449 1450 4498 v,
1497 4432 1590 4505 94)
1635 4433 1903 4488 audiunt:
1950 4432 2182 4490 Mundus

573 4523 852 4600 gaudebit,
884 4541 972 4579 vos
999 4541 1120 4580 vero
1145 4526 1609 4593 contristabimini;
1635 4528 1726 4583 sed
1769 4529 1980 4584 tristitia
2015 4538 2182 4586 vestra

2282 3307 2436 3362 derio
2469 3310 2656 3374 patriae
2683 3308 2925 3364 caelestis
2950 3307 3280 3364 exorbitent.

2355 3399 2443 3455 14.
2477 3397 2584 3454 Sed
2617 3399 2747 3471 quid
2786 3415 2918 3472 ago,
2951 3400 3220 3458 Domine?
3249 3401 3420 3470 Quasi
3449 3402 3634 3456 oblitus
3662 3413 3786 3470 perca-

2279 3499 2458 3548 torum
2489 3509 2757 3560 meorum,
2793 3509 2892 3565 pro
2915 3492 3038 3550 aliis
3063 3509 3296 3550 exorare
3333 3507 3614 3566 praesumo.
3632 3493 3667 3547 0
3685 3505 3784 3563 quam

2281 3588 2335 3641 in
2359 3587 2540 3642 multis
2571 3586 2952 3658 oﬂ'endiatque
2979 3586 3232 3643 oﬂ'endo!
3266 3586 3375 3643 Sed
3409 3597 3582 3643 tamen
3609 3583 3786 3642 uousnlr

2282 3679 2426 3748 repit
2463 3677 2820 3746 deSperatio,
2869 3693 2990 3735 cum
3037 3679 3390 3750 publicanum
3431 3681 3480 3733 in
3531 3675 3786 3746 templojns-

2283 3773 2545 3828 tilicatum
2585 3773 2809 3829 attendo
2835 3815 2852 3840 ,
2889 3789 3010 3829 cum
3045 3773 3312 3830 latronem
3347 3775 3400 3828 in
3429 3788 3585 3830 cruce
3610 3769 3787 3826 conﬁtea-

2283 3878 2414 3934 tem,
2441 3880 2496 3927 et
2523 3869 2592 3925 de
2620 3885 2780 3924 cruce
2810 3868 2876 3924 ad
2909 3869 3224 3924 Paradisum
3250 3878 3612 3926 transeuntem
3637 3863 3786 3934 aspicis.

2282 3977 2404 4020 cum
2447 3964 2671 4019 Mariam
2725 3970 2848 4033 post
2883 3963 3082 4017 multas
3121 3963 3412 4018 criminum
3443 3961 3660 4017 maculas
3699 3956 3786 4010 fonte

2283 4058 2500 4129 pietatis
2522 4057 2758 4112 ablutam
2776 4099 2791 4122 ,
2819 4071 2942 4112 cum
2965 4056 3186 4112 Petrum
3215 4055 3517 4130 postm
3540 4053 3784 4127 negationem

2281 4153 2618 4223 apostolatus
2646 4153 2874 4224 gratiam
2916 4165 3270 4221 recuperasse
3296 4151 3530 4206 intueor.
3561 4148 3650 4205 Sed
3669 4159 3784 4214 tog“.

2285 4247 2578 4302 inell'abilis
2620 4248 2827 4318 pietas,
2858 4257 2916 4300 ut
2944 4247 3030 4301 cui
3060 4245 3128 4302 de
3175 4246 3340 4299 tantis
3381 4244 3627 4313 exemplis
3651 4253 3784 4308 prrsu-

2285 4355 2436 4394 mere
2473 4339 2718 4408 donasti,
2753 4339 2985 4408 gemitus
3033 4338 3340 4408 publicani,
3375 4336 3720 4392 confessionem
3741 4327 3788 4381 la-

2290 4433 2461 4488 tronis
2493 4475 2509 4498 ,
2561 4432 2834 4505 lacrymas
2889 4430 3198 4486 meretricis
3235 4472 3249 4498 ,
3303 4432 3562 4500 ﬂetusque
3623 4420 3788 4494 negantis

2286 4525 2520 4596 apostoli
2550 4525 2840 4580 concedas.
2873 4523 3008 4591 Quia
3041 4524 3084 4577 si
3115 4522 3336 4594 ﬂagello
3367 4519 3628 4592 temporali
3651 4515 3786 4572 scelen

576 4627 804 4674 vertetur
831 4619 885 4673 in
912 4620 1193 4692 gaudium,
1227 4631 1278 4676 et
1319 4622 1565 4693 gaudium
1594 4633 1818 4678 vestrum
1859 4641 2006 4680 nemo
2037 4627 2174 4682 tollet

2285 4631 2402 4672 mea
2433 4616 2757 4672 vindicanda
2791 4614 3128 4686 provideris,
3157 4614 3496 4686 lacrymosus
3533 4611 3734 4680 imploro;
3755 4611 3788 4656 ut

573 4716 610 4770 ὰ
635 4709 778 4766 vobis
807 4709 986 4782 (Joan.
1019 4728 1134 4774 xvt.
1157 4712 1274 4782 ‘20).
1309 4714 1378 4770 Et
1407 4731 1621 4770 rursum
1645 4734 1658 4771 :
1681 4715 1833 4771 Beati
1859 4719 1945 4785 qui
1969 4717 2174 4790 lugent,

572 4804 820 4875 quoniam
845 4804 946 4874 ipsi
973 4805 1374 4860 consolabuntur
1396 4806 1613 4880 (Matth.
1647 4823 1702 4875 ν,
1728 4808 1807 4880 5).
1836 4809 2176 4865 ltnmunditia

573 4913 789 4970 quoque
810 4913 931 4968 quae
950 4899 1098 4966 juxta
1123 4900 1436 4969 Apostolum
1461 4901 1781 4971 quibusdam
1809 4903 1957 4972 regni
1984 4903 2181 4960 cmles-

569 4995 643 5048 tis
671 4991 880 5048 aditum
915 4990 1122 5048 claudit
1143 5033 1158 5056 ,
1187 4993 1500 5064 vigilantem
1531 5009 1824 5062 numquam
1848 5037 1863 5060 ,
1894 4995 2174 5050 dormien-

571 5091 685 5142 tem
715 5101 846 5142 vero
895 5085 1107 5142 tardius
1145 5100 1241 5141 sua
1284 5087 1595 5143 colluvione
1642 5087 1886 5144 foedabit.
1933 5089 2176 5145 Multilo-

570 5181 759 5251 quium
791 5179 968 5236 inedia
998 5193 1244 5252 pressum
1271 5179 1482 5236 silebit:
1512 5179 1786 5238 hebetudo
1811 5199 2004 5240 sensus
2034 5184 2179 5240 circa

569 5271 986 5344 intelligentiam
1040 5273 1341 5345 spiritualis
1394 5274 1659 5330 acuminis
1703 5274 1919 5347 ingenio
1965 5277 2171 5343 cedet;

2281 4711 2409 4766 dum
2441 4719 2630 4766 contra
2660 4709 2776 4766 haec
2817 4711 2992 4766 iratus
3031 4709 3300 4778 desmvis,
3337 4725 3548 4780 semper
3583 4710 3628 4762 in
3653 4705 3711 4760 ira
3729 4700 3789 4754 mi-

2279 4803 2598 4859 sericordice
2641 4803 2949 4860 recorderis
2975 4824 2988 4860 :
3021 4818 3182 4874 quem
3213 4803 3361 4858 enim
3391 4803 3581 4874 diligis,
3603 4793 3786 4862 corripis:

2281 4898 2523 4968 ﬂagellas
2549 4907 2729 4954 autem
2780 4913 2998 4953 omnem
3043 4897 3214 4952 lilium
3239 4939 3254 4962 ,
3283 4914 3447 4970 quem
3489 4895 3659 4966 recipis
3681 4887 3786 4960 (Hel.

2281 5007 2377 5056 xu,
2409 4992 2489 5063 6).
2520 4990 2729 5060 Quibus
2787 4991 3048 5046 nimirum
3078 4991 3262 5047 verbis
3303 4987 3330 5030 ιι
3357 4994 3458 5048 etsi
3485 4991 3614 5060 virga
3637 4994 3788 5058 percus-

2283 5093 2423 5148 seris
2477 5088 2760 5158 minatur,
2815 5097 3078 5161 paternus
3149 5099 3332 5144 tamen
3383 5086 3585 5158 pietatis
3631 5080 3786 5136 allectus

2286 5191 2644 5242 monstratur.
2681 5184 2758 5238 Da
2785 5199 2938 5254 ergo,
2963 5182 3216 5246 Domine,
3241 5181 3385 5238 inter
3409 5179 3600 5252 ﬂagella
3619 5175 3788 5240 toleran-

2279 5279 2406 5336 tiam
2425 5321 2440 5344 ,
2467 5293 2534 5334 ne
2563 5275 3010 5332 murmurationis
3048 5283 3231 5330 notam
3253 5317 3266 5340 ,
3295 5287 3356 5329 ιιι
3384 5275 3548 5330 malus
3567 5280 3718 5327 servus
3737 5263 3786 5316 in-

569 5365 713 5436 quod
745 5378 932 5423 sancta
970 5367 1306 5439 parcimonia
1347 5367 1401 5422 in
1450 5377 1634 5424 mente
1663 5370 2014 5440 propagabit;
2045 5385 2178 5426 ven-
2276 5385 2528 5428 curram:
2569 5370 2664 5426 sed
2715 5369 2889 5440 magis
2933 5368 3090 5440 quasi
3143 5367 3320 5424 bonus
3359 5367 3533 5436 ﬁlius,
3569 5361 3784 5436 gratiarum

570 5467 657 5515 ter
683 5461 828 5516 enim
860 5460 1187 5520 abstinentia
1231 5471 1547 5520 contractus
1593 5462 1860 5520 humanos
1899 5462 1954 5521 in
2003 5464 2172 5520 altum

574 5550 755 5607 elevat
785 5567 1004 5608 sensus.

2277 5465 2523 5522 actiones
2550 5461 2876 5532 rependam.

2349 5557 2438 5614 l5.
2473 5555 2608 5614 Illud
2635 5557 2800 5613 etiam
2828 5567 3158 5625 magnopere
3184 5561 3346 5626 peto,
3381 5561 3438 5609 ut
3479 5537 3606 5608 diém
3631 5544 3783 5603 obitus.

645 5643 736 5700 12.
786 5643 1024 5703 Luxuria
1065 5648 1499 5722 gastrimargiam
1546 5649 1826 5721 sequitur,
1879 5664 2000 5722 quae
2043 5650 2173 5709 dum
2276 5653 2422 5711 diem
2463 5650 2698 5709 extremi
2736 5648 2964 5721 judicii,
2996 5646 3399 5703 damnationem
3439 5643 3610 5702 aeterni
3639 5634 3784 5711 suppli-

638 5862 666 5892 ι
694 5853 902 5912 Omnes
925 5852 1080 5926 edit.,
1113 5855 1474 5914 delectationis
1497 5856 1810 5928 ejus'aenstt.

2343 5856 2373 5898 δ
2399 5858 2615 5917 Eaedem
2646 5859 2806 5930 edit.,
2836 5857 2933 5916 etsi
2959 5856 3102 5928 virga
3125 5853 3490 5930 perrussionit.
