3944 6310
127 263 222 321 761

935 257 1302 316 8Ε1111οΝΕ8
1342 257 1402 314 S.
1443 256 1792 316 AMBROSIO
1829 257 2199 316 HACTENUS
2237 257 2576 316 ASCBIPTI.

3310 258 3414 315 762

128 375 230 444 cii,
258 372 754 445 beatitudinemque
781 372 932 445 regni
975 371 1144 428 futuri
1185 387 1407 445 semper
1453 375 1718 430 memiue-
1743 375 1795 436 Α
1820 389 1927 445 que
1952 373 2254 446 permixtus
2281 385 2360 432 est
2385 417 2399 442 ,
2427 384 2483 432 et
2511 389 2886 447 quoscumque
2910 376 3172 448 suscipit,
3201 376 3417 435 demer-

130 468 259 524 rim:
296 465 438 538 quod
482 481 641 521 nemo
685 466 1056 522 indesinenter
1095 475 1315 537 potest,
1359 467 1461 523 nisi
1510 470 1603 538 qui
1648 468 1714 523 ad

128 563 284 618 vitam
315 560 708 632 prteordinatus
733 569 818 616 est
847 574 1129 616 mternam.
1154 560 1570 627 lndesinenter,
1608 563 1716 618 Do-

130 654 268 712 mine
290 695 305 719 ,
332 653 616 709 recoleuda
658 663 744 710 est
770 655 885 710 dies
918 655 1005 710 illa
1026 699 1040 722 ,
1066 654 1120 711 in
1150 672 1251 727 qua
1285 656 1376 712 lux
1411 673 1534 712 cum
1567 667 1719 715 tene-

129 749 239 804 bris
275 756 498 819 pugnat,
532 749 905 804 misericordia
943 766 1064 806 cum
1097 752 1420 808 crudelitate
1449 753 1714 823 desudat,

127 843 178 900 in
203 857 305 914 qua
338 843 688 898 adversarius
722 853 906 900 uoster
935 845 1074 900 mala
1106 861 1229 916 quze
1257 845 1486 902 fecimus
1505 889 1520 912 ,
1549 847 1716 902 locuti

126 949 304 994 sumus
328 978 343 1001 ,
385 936 468 990 vel
523 936 881 1006 cogitavimus
905 980 920 1004 ,
957 939 1382 995 violentissimus
1433 948 1718 996 accusntor

125 1040 363 1096 retexet,
387 1029 652 1100 jusﬁtiam
684 1040 830 1086 tuam
874 1031 942 1087 ad
977 1034 1091 1088 lucc
1133 1035 1402 1103 punienda
1432 1033 1712 1103 deposcet.

125 1123 224 1182 Ubi
273 1125 399 1196 quid
432 1139 583 1190 sum,
619 1124 878 1193 Domine,
923 1127 1025 1183 nisi
1066 1136 1120 1183 tu
1151 1127 1242 1198 qui
1281 1129 1429 1201 juste
1469 1130 1714 1201 judicas,

129 1220 284 1276 etiam
330 1218 756 1276 misericorditer
783 1219 1090 1277 defendas?
1122 1222 1466 1290 Recordare,
1499 1239 1711 1295 quaeso,

127 1313 245 1385 quia
271 1312 562 1367 advocatus
604 1328 757 1367 mens
788 1329 848 1368 es
878 1316 1023 1385 ipse,
1058 1315 1146 1384 qui
1191 1317 1424 1386 judicas.
1472 1317 1626 1387 Quod
1669 1318 1715 1374 si

127 1407 280 1461 etiam
315 1407 368 1461 in
403 1406 492 1460 illo
518 1407 698 1463 adhuc
739 1410 942 1464 szcculo
965 1410 1168 1480 aliquid
1222 1411 1274 1466 iu
1323 1430 1409 1466 me
1438 1413 1718 1467 vindican-

126 1498 244 1554 dum
272 1516 537 1568 reservas,
569 1512 695 1572 peto
725 1519 791 1557 ne
822 1519 909 1558 me
952 1504 1204 1573 potestati
1249 1504 1558 1560 dtctnomtm
1607 1515 1718 1561 tra-

124 1591 246 1659 das,
277 1593 402 1649 dum
429 1595 609 1651 scelus
643 1612 821 1652 meum
854 1599 1165 1669 purgatoria
1193 1615 1350 1670 paena
1379 1601 1640 1670 detergis.

192 1687 277 1743 16.
319 1688 618 1759 Numquam
649 1733 665 1759 ,
717 1691 978 1753 Domine.
1021 1693 1283 1748 oblivioni
1327 1695 1585 1751 tradenda
1631 1706 1715 1752 est

1819 469 1898 542 git
1937 469 2096 526 simul
2149 480 2202 525 et
2252 471 2448 526 exurit.
2504 472 2549 526 0
2595 487 2758 544 quam
2813 471 3120 528 horrenda!
3169 487 3202 528 ο
3253 487 3417 546 quam

1819 562 2082 634 stupenda
2116 572 2242 619 sunt
2269 562 2400 619 ista!

1893 659 1980 715 18.
2015 657 2122 715 Sed
2156 658 2329 730 major
2369 660 2505 727 erit,
2541 661 2770 715 Domine
2798 701 2812 727 ,
2853 660 3159 727 cruciatus,
3196 659 3421 716 amissio

1821 758 1927 806 tua:
1956 750 2241 806 claritatis.
2277 751 2490 808 Sullicit
2514 753 2660 808 enim
2685 753 2751 809 ad
2783 753 2998 824 plenam
3025 753 3303 809 miseriam
3334 763 3422 808 tua

1821 860 1927 901 non
1958 844 2159 916 perfrui
2191 846 2563 914 beatitudine,
2595 847 2649 903 in
2681 864 2785 920 qua
2834 849 2968 919 justi
3023 851 3264 920 receptis
3301 865 3424 905 cor-

1817 941 2090 1013 poribus,
2173 951 2599 1013 sanctorumque
2691 944 3010 1014 angelorum
3103 942 3416 1000 celsitudini

1827 1045 1847 1073 ε
1873 1035 2171 1106 corequati,
2200 1035 2253 1091 in
2279 1047 2541 1092 aeternam
2575 1036 2749 1093 lucem
2781 1037 3139 1108 aSpicientes,
3169 1039 3306 1094 sicut
3340 1037 3422 1093 sol

1819 1127 2192 1200 refulgebunt.
2226 1129 2338 1185 Nec
2371 1130 2648 1186 immerito
2677 1132 2794 1186 sole
2826 1141 2882 1186 et
2922 1132 3048 1186 lttna
3078 1147 3184 1188 non
3214 1131 3423 1204 indige-

1820 1223 2123 1294 bunt;quia
2151 1233 2202 1280 te
2222 1239 2463 1295 perenne
2491 1225 2673 1280 lumen
2696 1224 2994 1281 habebunt.
3031 1225 3144 1280 Non
3169 1228 3420 1282 esuriem

1821 1333 1996 1385 neque
2025 1318 2246 1383 sitient,
2298 1334 2404 1373 non
2436 1318 2760 1374 laborabunt
2788 1334 2964 1389 neque
2994 1318 3280 1386 deficient,
3315 1335 3421 1376 n0lt

1821 1408 2133 1466 manebunt
2171 1426 2348 1481 neque
2407 1411 2700 1482 lugebant;
2729 1411 2856 1482 quia
2899 1411 3164 1483 quidquid
3199 1417 3427 1468 satieta.

1820 1505 1924 1574 tis,
1956 1503 2217 1574 quidquid
2260 1504 2491 1575 quietis,
2525 1504 2782 1575 quidquid
2813 1504 2992 1575 gaudii
3018 1513 3133 1570 est,
3165 1515 3253 1560 tua
3298 1505 3428 1560 visi-

1822 1597 1956 1650 tatio
2010 1597 2318 1666 praestabit,
2352 1613 2473 1668 quae
2527 1598 2580 1652 in
2632 1598 2888 1652 omnibus
2936 1597 3118 1652 omnia
3152 1599 3280 1654 erit.
3313 1597 3428 1654 Nec

1823 1697 2035 1758 tempus
2063 1689 2174 1758 jam
2205 1689 2312 1744 illis
2339 1689 2598 1755 accedet,
2629 1691 2751 1758 quia
2787 1699 2960 1745 totutu
2991 1691 3270 1747 aeternitas
3299 1705 3432 1762 pos-

124 1780 233 1837 dies
259 1781 350 1838 illa
374 1823 387 1842 .
422 1783 489 1839 de
516 1800 616 1854 qua
659 1784 798 1839 dixit
827 1785 1123 1857 propheta:
1155 1785 1279 1842 Dies
1299 1829 1315 1850 ,
1350 1789 1554 1857 inquit,
1598 1790 1710 1856 ira),
1748 1780 1793 1841 Β
1824 1783 2018 1838 sidebit
2047 1801 2058 1838 :
2090 1800 2192 1838 nec
2217 1785 2487 1840 timebunt
2515 1784 2653 1841 ultra
2674 1786 2784 1855 jatn
2815 1786 2980 1850 mori,
3005 1787 3096 1856 qui
3128 1787 3436 1843 meruerint

124 1875 222 1929 dies
251 1876 371 1942 illa,
401 1876 513 1931 dies
545 1878 890 1933 tribulationis
917 1892 964 1935 et
993 1883 1280 1952 angustior,
1308 1883 1415 1937 dies
1445 1885 1717 1938 calamita-

124 1971 182 2024 tis
217 1981 266 2026 et
309 1973 563 2038 miseriaa,
612 1973 723 2027 dies
762 1975 1087 2029 tenebrarum
1129 1985 1176 2029 et
1222 1977 1462 2047 caliginis
1489 2019 1502 2042 ,
1538 1979 1565 2007 ⁸
1607 1978 1716 2033 dies

123 2065 310 2119 nebqu
333 2076 378 2120 et
419 2068 662 2132 turbinis,
697 2067 806 2122 dies
838 2068 973 2122 tuba:
1013 2079 1058 2122 et
1090 2070 1350 2142 clangoris
1381 2068 1644 2143 (Sophon.
1674 2086 1714 2135 ι,

127 2158 191 2215 15
219 2169 266 2213 et
295 2159 449 2232 seq.):
482 2163 533 2214 in
566 2176 672 2232 qua
695 2204 708 2224 ,
739 2162 896 2217 caelis
921 2173 974 2217 et
1008 2165 1169 2218 terris
1209 2163 1532 2218 ardentibus
1552 2205 1566 2226 ,
1599 2163 1714 2217 exi-

125 2251 237 2306 bunt
279 2254 482 2324 angeli,
511 2263 557 2307 et
587 2253 896 2324 separabunt
924 2255 1088 2309 malos
1136 2257 1199 2310 de
1230 2255 1394 2308 medio
1419 2256 1714 2325 justorum,

124 2357 166 2400 et
193 2349 389 2403 mittent
416 2365 502 2403 eos
534 2349 586 2402 in
630 2351 890 2404 caminum
932 2352 1065 2420 ignis
1096 2350 1315 2421 (Matth.
1353 2367 1448 2405 xm
1469 2393 1481 2414 ,
1513 2350 1626 2422 49):
1662 2352 1716 2405 in

123 2452 219 2509 qua
243 2453 514 2494 messores
537 2439 770 2494 collecta
795 2441 1000 2495 zizania
1024 2442 1326 2510 alligabunt
1349 2442 1402 2496 in
1433 2440 1718 2497 fasciculos

125 2529 186 2584 ad
213 2531 656 2586 eomburendum.
690 2531 749 2585 In
790 2548 894 2603 qua
942 2549 969 2585 a
999 2533 1240 2588 sinistris
1292 2533 1451 2602 positi
1496 2533 1720 2588 audient

127 2620 296 2693 impii:
327 2621 589 2679 Discedite
629 2643 660 2679 a
687 2643 794 2690 me,
829 2627 1123 2693 maledicti,
1153 2629 1206 2681 in
1245 2628 1414 2698 ignem
1444 2639 1712 2695 aeternum,

125 2719 204 2786 qui
250 2726 578 2788 preparatus
623 2728 697 2774 est
741 2719 986 2786 diabolo,
1017 2731 1062 2774 et
1110 2720 1306 2790 angelis
1350 2725 1460 2795 ejus
1495 2720 1714 2794 (Matth.

128 2824 245 2874 xxv,
275 2810 388 2880 41).
422 2811 478 2864 lu
530 2827 632 2882 qua
658 2811 769 2882 jam
798 2813 1069 2868 obseratis
1098 2815 1218 2867 vitm
1249 2812 1430 2882 jauuis
1461 2829 1582 2868 cum
1625 2830 1720 2868 cx-

128 2903 326 2957 stinctis
343 2902 686 2974 lampadibus
711 2904 889 2959 Stultzu
913 2905 1147 2976 virgines
1169 2921 1198 2960 a
1223 2905 1459 2960 thalamo
1478 2906 1718 2962 exclusa:

129 2994 437 3064 plorabuut,
463 2995 1000 3067 dominationemque
1025 3000 1360 3067 ingementes
1383 2997 1715 3053 clamabunt:

131 3085 342 3144 Domine
369 3131 385 3156 ,
430 3087 692 3157 Domine,
736 3091 882 3161 aperi
922 3091 1066 3146 nobis
1110 3089 1277 3163 (Ibid.
1301 3133 1314 3155 ,
1350 3091 1473 3163 11);
1505 3103 1558 3146 et
1591 3100 1720 3146 tunc

1819 1876 1975 1932 beata
2006 1878 2416 1934 immortalitate
2442 1879 2651 1933 vestiri.
2677 1877 2838 1952 497
2857 1879 2992 1948 Quid
3023 1890 3205 1937 autem
3235 1880 3303 1935 de
3332 1880 3434 1935 bac

1821 1971 2156 2027 beatitudine
2213 1973 2380 2028 miser
2408 1988 2510 2044 ego
2546 1972 2709 2026 horno
2731 1973 2965 2042 amplius
3011 1973 3195 2029 dicere
3237 1974 3431 2030 valeo?

1821 2064 1911 2133 qui
1941 2062 2009 2118 de
2039 2063 2130 2118 illa
2154 2064 2412 2134 quidquid
2437 2065 2666 2129 dixero,
2701 2063 2790 2120 illa
2819 2066 3086 2120 sententia
3117 2066 3423 2135 reprimor,

1820 2173 1982 2228 quam
2019 2173 2114 2227 per
2143 2158 2459 2228 prepbetam
2483 2166 2540 2213 et
2561 2157 2880 2228 Apostolum
2903 2159 3105 2214 dictam
3137 2160 3386 2231 intelligo
3415 2179 3427 2214 :

1825 2250 1978 2318 Quod
2008 2251 2202 2305 oculus’
2220 2267 2320 2305 non
2369 2252 2530 2317 vidit,
2566 2268 2656 2306 nec
2698 2253 2842 2306 auris
2864 2253 3060 2307 audivit
3090 2295 3103 2317 ,
3136 2269 3230 2308 nec
3252 2254 3309 2308 in
3343 2270 3434 2308 cor

1821 2342 2045 2399 hominis
2073 2343 2449 2413 ascenderunt,
2481 2363 2595 2414 quae
2621 2347 2936 2418 prteparavit
2962 2342 2988 2382 ά
3020 2344 3162 2402 Deus
3195 2348 3306 2413 his,
3341 2349 3433 2416 qui

1822 2438 2048 2510 diligunt
2079 2454 2191 2492 eum
2223 2438 2262 2510 (l
2290 2438 2409 2493 Cor.
2443 2455 2502 2505 ll,
2536 2440 2616 2510 9).
2662 2439 2836 2494 Erunt
2878 2449 3027 2494 certe
3061 2441 3112 2496 in
3141 2439 3230 2495 illa
3274 2441 3430 2496 beata

1821 2531 1928 2588 vita
1961 2531 2078 2589 haec
2109 2533 2250 2588 bona
2276 2549 2394 2603 qua:
2427 2534 2664 2603 praemisi
2685 2575 2700 2600 ,
2734 2533 2827 2588 sed
2863 2532 3157 2599 ineffabili,
3187 2542 3244 2589 et
3271 2534 3429 2590 nobis

1821 2625 1998 2680 adhuc
2052 2625 2592 2695 iucomprehensibili
2645 2627 2830 2680 modo.
2883 2625 3054 2696 llujus
3101 2626 3377 2683 desiderio
3409 2671 3424 2695 ,

1823 2719 2054 2776 Domine
2082 2720 2225 2775 Deus
2248 2763 2263 2786 ,
2306 2719 2570 2776 formator
2596 2730 2650 2776 et
2677 2721 3008 2776 reformator
3039 2737 3225 2787 meus,
3259 2722 3421 2792 hujus

1822 2829 2012 2869 amore
2059 2829 2309 2884 peragam
2357 2814 2623 2885 quidquid
2673 2815 2725 2868 itt
2781 2814 2880 2869 hac
2911 2815 3017 2870 vita
3072 2816 3327 2887 prmcipis
3369 2827 3429 2873 ut

1823 2922 1975 2977 agam
2011 2923 2024 2960 :
2059 2922 2158 2962 nec
2190 2908 2260 2962 sit
2283 2907 2421 2962 ultra
2467 2908 2628 2963 timor
2660 2909 2711 2962 in
2742 2907 3030 2974 charitate,
3065 2910 3160 2965 sed
3192 2915 3430 2982 perfecta

1821 2999 2058 3056 Charitas
2089 3000 2234 3056 foras
2260 3001 2438 3056 mittat
2471 3001 2722 3056 timorem
2755 3001 2821 3072 (II
2851 3001 3011 3056 Joan.
3045 3018 3123 3067 tv,
3160 3006 3271 3074 l8).

1896 3094 1984 3152 19.
2021 3095 2082 3150 Et
2117 3104 2176 3150 ut
2219 3094 2414 3151 efficnx
2447 3094 2566 3150 haec
2597 3111 2715 3150 mea
2753 3094 2823 3149 sit
2863 3095 3212 3166 deprecatio,
3258 3097 3434 3154 beata:

129 3179 268 3236 dices
311 3182 450 3237 illis:
488 3182 678 3237 Νεδεὶο
710 3199 816 3238 vos.
861 3184 916 3240 In
949 3199 1054 3254 qua
1096 3186 1260 3238 etiam
1305 3185 1393 3255 qni
1437 3185 1714 3240 miraCUIiS
1743 3179 1788 3242 C
1820 3189 2005 3246 Maria:
2034 3189 2263 3258 virginis
2289 3188 2545 3259 suffragia
2576 3197 2725 3258 peto,
2748 3203 2906 3258 quam
2930 3189 3067 3244 tanti
3096 3190 3279 3244 meriti
3307 3205 3435 3246 esse

131 3289 580 3348 coruscaverunt,
625 3281 876 3336 similiter
919 3281 1361 3335 lamentabantur
1398 3280 1632 3351 repulsi,
1663 3290 1720 3336 ct

131 3369 326 3426 dicent:
359 3371 584 3427 Domine
606 3414 621 3439 ,
657 3371 880 3428 Domine
903 3417 917 3440 ,
954 3391 1124 3429 nonne
1150 3376 1203 3427 in
1245 3374 1451 3428 nomine
1479 3385 1568 3428 tuo
1599 3389 1721 3445 pro-

133 3467 474 3537 phetavintus,
519 3478 566 3522 et
597 3469 649 3522 in
686 3470 888 3524 nomine
921 3479 1010 3523 tuo
1048 3469 1302 3524 dwmoniu
1350 3471 1629 3542 ejecimus,
1673 3479 1721 3524 et

132 3558 182 3610 in
203 3568 287 3612 tuo
307 3559 517 3613 nomine
543 3561 753 3615 virtutes
779 3563 968 3614 multas
995 3561 1210 3631 fecimus
1234 3559 1449 3633 (Matth.
1480 3576 1571 3624 vlt,
1601 3560 1721 3630 :22)?

134 3651 197 3707 Et
226 3663 348 3711 tunc
393 3655 748 3711 confiteberis
785 3658 949 3711 etiam
985 3655 1102 3711 istis
1132 3657 1260 3727 quia
1300 3671 1593 3726 numquam
1627 3669 1723 3709 no-

133 3749 247 3804 visti
283 3766 406 3818 eos,
438 3751 762 3821 subjiciens:
801 3749 1062 3806 Discedite
1091 3767 1122 3804 a
1149 3767 1248 3818 me,
1294 3767 1467 3806 ontnes
1495 3756 1581 3821 qui
1603 3767 1726 3822 ope-

135 3844 312 3898 rantini
338 3845 660 3914 iniquitatem
709 3843 886 3918 (Psal.
935 3861 984 3898 vt
1012 3887 1024 3906 .
1065 3844 1146 3916 9).
1176 3842 1202 3881 ι’
1252 3844 1383 3911 Quis
1431 3846 1583 3908 hzrc,
1615 3845 1724 3896 lto-

136 3936 270 3993 mine
304 3937 446 3993 Deus
469 3980 483 4004 ,
517 3938 780 3993 terribilis
808 3937 860 3992 in
905 3937 1179 4003 consiliis,
1217 3936 1481 3992 mirabilis
1525 3936 1578 3990 in
1612 3951 1726 3991 ma-

133 4029 410 4100 jestatibus
432 4075 448 4099 ,
479 4032 792 4104 faciensquc
835 4031 1110 4103 prodigia:
1143 4031 1296 4101 quis,
1329 4033 1579 4102 inquam,
1611 4029 1726 4085 bmc

138 4139 236 4180 non
280 4135 506 4196 paveat,
537 4135 592 4182 et
627 4141 658 4182 a
709 4125 875 4181 fundo
926 4125 1108 4182 cordis
1148 4141 1255 4180 non
1303 4123 1724 4190 contremiscat;

138 4233 252 4276 cum
296 4222 460 4278 etiam
513 4221 636 4277 illos
663 4220 910 4276 damnari
959 4220 1175 4287 audiat,
1209 4236 1346 4292 quos
1377 4220 1429 4276 in
1479 4220 1578 4274 hac
1621 4221 1727 4274 vita

140 4315 354 4386 contigit
376 4315 653 4370 miraculis
697 4314 1025 4369 coruscare?
1046 4313 1126 4368 Ad
1154 4330 1275 4385 quae
1301 4314 1558 4368 nimirum
1585 4313 1729 4368 valet

140 4405 224 4461 illa
253 4409 556 4475 sententia,
579 4424 682 4479 qua
717 4407 935 4461 dicitur:
966 4406 1141 4461 Nescit
1169 4406 1322 4460 homo
1355 4416 1525 4459 utrum
1552 4420 1730 4458 amore

141 4516 202 4554 an
226 4501 340 4554 odio
365 4501 558 4572 dignus
588 4501 692 4567 sit,
721 4501 814 4555 sed
843 4499 1016 4554 omnia
1052 4507 1376 4554 reservantur
1403 4498 1455 4551 in
1495 4501 1729 4569 futurum

141 4592 324 4648 incerta
351 4593 582 4663 (Eccles.
625 4608 701 4660 ιιι,
745 4592 824 4663 1).
863 4591 919 4647 In
951 4607 1058 4663 quo
1087 4603 1140 4646 et
1170 4593 1212 4647 si
1238 4591 1415 4662 justus
1440 4593 1526 4646 vix
1554 4591 1733 4646 salva-

144 4684 311 4755 bitur,
341 4696 600 4760 peccator
628 4696 683 4744 et
712 4687 908 4756 impius
940 4686 1027 4741 ubi
1060 4685 1360 4755 parelmnt?

212 4783 294 4838 17.
333 4783 541 4848 Etiam.
578 4783 808 4838 Domine
843 4781 1014 4846 Deus,
1045 4781 1420 4836 indesinenter
1465 4779 1732 4834 meditan-

146 4873 263 4932 dum
295 4889 512 4932 mternm
556 4876 922 4932 damnationis
951 4874 1277 4945 supplicium
1301 4915 1315 4940 ,
1346 4875 1399 4928 in
1441 4887 1549 4943 quo
1580 4872 1736 4943 quid-

146 4970 264 5040 quid
320 4985 604 5043 paanarum
662 4983 806 5023 nunc
860 4967 1155 5038 excogitari
1210 4975 1432 5036 potest,
1471 4963 1734 5035 quidquid

148 5063 300 5118 etiam
334 5081 442 5120 non
478 5072 690 5134 potest,
719 5075 935 5131 semper
963 5060 1138 5115 adest.
1187 5059 1355 5129 Cujus
1401 5057 1600 5112 vermis
1633 5058 1731 5112 im-

148 5146 386 5214 mortalis
411 5199 425 5222 .
475 5157 612 5228 ignis
641 5154 1105 5226 inexstingoibilis
1128 5195 1144 5220 ,
1185 5153 1326 5209 fetor
1376 5153 1736 5208 intolerabilis

152 5262 228 5305 est
249 5269 262 5306 :
293 5251 444 5322 cujus
476 5260 616 5306 terra
642 5248 948 5315 tenebrosa,
971 5258 1024 5303 et
1045 5247 1237 5303 mortis
1257 5246 1486 5316 caligine
1507 5261 1737 5316 cooper-

153 5352 224 5410 ta,
254 5353 392 5400 terra
420 5345 652 5400 miseriae
684 5353 739 5398 et
768 5342 1113 5398 tenebrarum
1144 5349 1254 5396 est:
1282 5339 1434 5409 cujus
1469 5347 1740 5394 torrentes

154 5437 206 5493 in
233 5439 401 5507 picem
440 5446 870 5504 convertuntur,
903 5422 959 5492 et
987 5435 1186 5490 humus
1215 5435 1270 5489 in
1299 5431 1550 5502 sulphur,
1583 5432 1743 5487 arde-

155 5530 333 5603 bitque
361 5532 418 5588 in
444 5533 876 5604 sempiternum;
908 5529 1061 5601 cujus
1089 5529 1240 5586 lacus
1269 5527 1534 5600 sanguine
1553 5568 1566 5594 ,
1591 5527 1743 5598 igne-

224 5695 252 5764 f
279 5692 395 5764 Dies
423 5695 618 5752 nebula
643 5706 694 5752 et
723 5695 943 5751 turbinis
961 5738 976 5764 ,
1006 5710 1037 5751 e
1061 5711 1164 5751 ms.
1196 5695 1504 5751 restitutum
1531 5703 1636 5749 est.

189 5761 254 5842 _"
282 5763 466 5838 Edit.,
510 5769 638 5837 Quis
684 5768 792 5823 hic.
839 5807 852 5823 .
899 5805 914 5822 .
961 5761 976 5824 ζ
1016 5769 1168 5840 quis,
1212 5768 1463 5838 inquam,
1507 5764 1592 5820 hic
1638 5779 1742 5820 non

163 5847 333 5903 pareat
343 5875 354 5891 .

1824 3284 2021 3350 fecisti,
2046 3293 2106 3337 ut
2137 3284 2308 3353 prima
2341 3283 2483 3337 inter
2512 3281 2775 3336 mulieres
2816 3295 3016 3336 novum
3050 3297 3244 3336 munus
3272 3280 3438 3338 offer-

1824 3385 2012 3444 ret,et
2041 3377 2190 3431 nulla
2240 3386 2442 3446 praeter
2481 3376 2654 3445 ipsam
2704 3383 2811 3428 tam
2863 3390 3062 3428 novum
3115 3376 3431 3444 acciperet:

1824 3487 2025 3527 novum
2058 3470 2268 3526 scilicet
2303 3483 2502 3523 munus
2535 3469 2705 3537 prima
2736 3466 2979 3530 offerret,
3019 3478 3040 3503 ο
3072 3476 3127 3520 ιιι
3167 3482 3434 3538 puerpera

1822 3568 1978 3637 virgo
1997 3575 2375 3636 perseveraret
2395 3581 2407 3618 :
2429 3563 2794 3633 nulla-praeter
2810 3561 2980 3629 ipsam
3001 3569 3108 3614 tam
3128 3575 3328 3616 novum
3347 3575 3438 3616 ac-

1825 3659 2050 3730 ciperet,
2087 3665 2145 3711 ut
2176 3656 2343 3711 Deum
2375 3657 2532 3724 virgo
2562 3661 2801 3724 pareret,
2821 3651 3055 3724 ριάθε
3077 3662 3194 3720 post
3220 3663 3433 3721 partum

1825 3753 1980 3823 virgo
2002 3757 2268 3805 maneret.
2297 3747 2684 3816 Apostolorum
2706 3744 3160 3800 intercessionem
3178 3742 3432 3811 imploro,

1828 3850 1917 3920 qtti
1951 3846 2324 3903 beatissimam
2369 3844 2685 3899 Medialoris
2730 3849 3106 3911 paupertatem
3135 3880 3150 3904 ,
3201 3840 3437 3910 ejusque

1831 3943 2114 4014 passiones
2147 3939 2384 4009 vestigio
2419 3938 2792 4004 insequentes,
2815 3935 2882 3986 ad
2918 3941 3124 3986 tantum
3149 3930 3434 3986 celsitudio

1831 4039 1914 4093 nis
1942 4038 2158 4093 culmen
2191 4039 2597 4104 pervenerunt;
2628 4041 2686 4084 ut
2709 4042 3066 4099 quzccumque
3098 4025 3439 4096 ligarentsu-

1833 4146 1930 4202 per
1958 4140 2182 4193 terram,
2212 4135 2397 4182 essent
2428 4122 2589 4194 ligata
2620 4131 2673 4176 et
2701 4122 2754 4176 in
2797 4121 2938 4175 cmlo
2969 4136 2980 4171 :
3023 4127 3072 4173 ct
3107 4133 3227 4187 qua:
3258 4117 3439 4173 solve-

1832 4233 1955 4280 rent
1977 4238 2144 4291 super
2175 4232 2400 4285 terram,
2431 4225 2616 4271 essent
2647 4215 2822 4268 soluta
2852 4222 2908 4268 et
2941 4212 2992 4266 in
3031 4210 3170 4266 coelo
3197 4210 3216 4283 (
3247 4209 3437 4265 Matth.

1832 4333 1943 4382 xvr,
1976 4315 2097 4383 l9):
2123 4314 2356 4384 atquein
2381 4308 2641 4366 extremis
2673 4306 2931 4363 sederent
2956 4318 3123 4372 super
3151 4301 3439 4358 duodecim

1835 4409 2058 4465 thronos
2085 4449 2100 4472 ,
2139 4405 2449 4477 judicantcs
2478 4401 2766 4457 duodecim
2799 4399 2970 4452 tribus
3000 4395 3164 4451 Israel
3196 4394 3212 4465 (
3238 4393 3437 4450 Matth.

1836 4519 1945 4566 xix,
1972 4500 2102 4569 28).
2136 4499 2429 4570 Martyrum
2467 4508 2658 4564 preces
2680 4492 2941 4560 deposco,
2974 4487 3064 4558 qui
3091 4501 3188 4557 pro
3211 4487 3444 4543 veritate

1839 4613 1944 4650 non
1977 4593 2292 4649 dubitarunt
2323 4589 2642 4660 sanguinem
2678 4584 2906 4639 fundere
2931 4624 2946 4650 ,
2980 4597 3084 4636 nec
3121 4581 3445 4637 dilexerunt

1835 4689 2047 4742 animas
2070 4699 2196 4741 suas
2228 4698 2397 4751 usque
2417 4682 2482 4735 ad
2519 4689 2774 4743 mortem,
2801 4687 2860 4731 ut
2891 4676 3083 4730 mortis
3117 4684 3446 4746 superarent

1835 4789 2138 4834 auctorem.
2189 4774 2579 4830 Confessorutn
2636 4771 2920 4825 orationes
2967 4768 3301 4837 expostulo,
3350 4767 3444 4836 qui

1837 4875 1977 4930 bella
2011 4872 2274 4928 tentantis
2303 4869 2532 4932 inimici,
2556 4867 2683 4921 dum
2709 4864 2798 4936 pie
2825 4865 3074 4920 viverent
3095 4862 3146 4916 iu
3168 4860 3443 4915 catholica

1837 4982 1991 5040 pace,
2023 4965 2108 5020 vel
2131 4965 2295 5020 etiam
2330 4962 2715 5017 lucretieorum
2743 4957 3210 5014 conﬂictationem
3233 4955 3446 5009 diutur-

1844 5076 1915 5117 no
1944 5060 2248 5115 certamine
2279 5056 2644 5127 pertulerunt,
2673 5063 2860 5123 atque,
2901 5061 2958 5104 ut
2989 5065 3176 5102 verum
3222 5045 3400 5101 dicam
3429 5089 3445 5113 ,

1844 5153 2105 5226 longioris
2128 5154 2434 5222 occultique
2457 5149 2704 5222 martyrii
2739 5148 2948 5218 palmas
2971 5149 3318 5212 acceperunt.
3345 5139 3450 5194 Ta—

1845 5248 2000 5314 lium,
2024 5247 2170 5303 Deus
2202 5261 2380 5311 meus,
2409 5259 2596 5314 preces
2619 5254 2912 5310 numquam
2935 5250 3182 5305 spernas,
3211 5233 3255 5287 si
3276 5245 3330 5287 ut
3351 5248 3450 5304 pro

1845 5356 1934 5397 me
1962 5347 2217 5405 exorent,
2245 5340 2360 5408 ipse
2389 5333 2766 5408 inspiraret-is,
2796 5329 2886 5401 qui
2920 5328 2970 5381 in
2994 5325 3304 5380 aeternitate
3325 5341 3452 5396 per-

1848 5434 1975 5490 enui
2023 5432 2162 5488 vivis
2190 5441 2244 5487 et
2275 5445 2470 5501 regnas
2497 5436 2694 5483 cuncta
2720 5437 2815 5495 per
2841 5418 3070 5485 smcula,
3105 5426 3161 5474 ct
3189 5416 3242 5473 in
3275 5418 3454 5475 omni-
3546 5432 3551 5439 '

1849 5526 1952 5583 bus
1980 5525 2215 5591 saeculis,
2242 5538 2422 5579 amen.

1919 5700 1942 5730 ο
1974 5687 2179 5759 Regius
2200 5684 2407 5760 codex,
2440 5679 2726 5760 cowquati,
2760 5678 3013 5760 internum
3045 5671 3250 5742 lucem,
3279 5682 3383 5730 etc.

1921 5759 1948 5798 ἀ
1977 5745 2210 5824 Ιιευιῐιε.;
2241 5756 2374 5812 edit.
2392 5745 2571 5817 vero,
2586 5750 2723 5806 Deus
2753 5745 3084 5818 diligentibus
3112 5762 3186 5800 se.

1923 5843 1945 5867 ⁸
1976 5832 2075 5888 Ms.
2111 5823 2305 5894 codex,
2335 5834 2392 5882 ut
2423 5823 2596 5899 puella
2623 5824 2764 5896 virgo
2787 5828 3162 5894 perseveraret.
