3944 6310
484 297 589 352 ras
1506 291 1596 350 AD
1633 281 1868 350 orans
1907 293 1963 350 s.
2007 275 2334 351 silanosu
2380 291 2744 350 armumx.
3659 297 3746 352 au

851 551 963 625 IN
1037 549 1845 626 EXPOSITIONEM
1919 545 2672 621 APOCALYPSIS
2743 547 3392 622 ADMONITIO.

556 779 722 850 Hujus
740 777 1126 834 Commentarii
1159 775 1442 850 exemplar
1473 777 1524 832 in
1555 791 1662 850 quo
1683 777 1858 834 sancti
1883 775 2154 834 Ambrosii
2185 793 2382 833 nomen
2415 775 2739 847 inscriptum
2763 785 2901 840 erat,
2936 787 3127 832 nactus
3157 791 3188 832 e
3217 773 3544 831 bibliotheca
3567 788 3748 830 monas-

481 873 601 930 terii
631 871 912 943 cujusdam
943 871 1308 928 Cuthebertus
1355 869 1669 927 Tonstallus
1705 869 2091 928 Dunelmensis
2120 873 2434 943 episcopus,
2470 871 2599 928 illud
2645 871 2718 926 ita
2761 871 3115 942 publicijuris
3155 869 3340 927 facere
3373 869 3676 934 constituit,
3701 877 3752 926 ut

476 967 638 1025 simul
669 970 830 1024 etiam
859 965 1076 1023 Ductori
1109 975 1298 1022 nostro
1327 967 1506 1038 ipsum
1539 963 1820 1022 vindicare
1852 967 2068 1038 propria
2098 965 2513 1038 prmfatiuncula
2543 977 2853 1024 conaretur.
2883 965 3002 1021 Non
3047 975 3229 1021 tamen
3275 963 3579 1018 diSsininlat
3603 963 3752 1018 locum

475 1077 639 1116 unum
671 1062 726 1116 in
759 1077 823 1116 eo
851 1059 1100 1131 reperiri,
1125 1061 1214 1132 qui
1243 1059 1548 1130 Gregorium
1575 1061 1864 1116 Romanum
1889 1061 2190 1130 episcopum
2221 1072 2268 1117 et
2291 1061 2454 1116 verbis
2480 1071 2528 1116 et
2551 1079 2702 1116 sensu
2727 1061 2972 1131 prwferat
3001 1077 3019 1115 :
3054 1059 3150 1117 sed
3179 1057 3316 1115 nihil
3359 1073 3486 1114 esse
3529 1057 3656 1114 idem
3683 1073 3754 1114 re-

475 1155 729 1225 spondet,
756 1169 856 1210 cur
887 1153 1236 1210 Ambrosium
1258 1155 1312 1210 in
1339 1153 1656 1209 hocimitari
1688 1167 1793 1209 non
1816 1153 2054 1225 potuerit
2082 1165 2302 1210 sanctus
2329 1153 2644 1227 Gregorius.
2675 1153 2752 1210 Ex
2777 1153 2877 1209 hac
2907 1153 3172 1210 Tonstalli
3204 1153 3474 1221 editione,
3505 1169 3615 1222 qum
3639 1167 3758 1210 anno

483 1247 616 1306 i548
640 1249 838 1322 prodiit
871 1249 1118 1314 Parisiis,
1145 1249 1262 1304 lucc
1285 1247 1687 1305 Commentaria
1727 1247 1777 1302 in
1821 1247 2178 1320 appendicem
2223 1265 2336 1305 sum
2385 1249 2873 1306 Ambrosianorum
2929 1249 3170 1320 Operam
3232 1250 3500 1306 editionis
3545 1247 3758 1306 Gillotius

475 1339 694 1395 admisit
738 1360 750 1394 :
794 1341 936 1410 quod
989 1339 1238 1395 similiter
1267 1355 1295 1394 a
1325 1339 1584 1396 Romanis
1620 1339 1920 1395 factitatum
1963 1347 2066 1397 est.
2122 1341 2364 1398 Dubitari
2419 1357 2584 1414 porro
2629 1345 2852 1398 minimc
2893 1351 3072 1414 potest
3101 1343 3230 1414 quin
3263 1345 3369 1399 hoc
3401 1343 3574 1412 ipsum
3599 1358 3762 1412 opuse

479 1435 847 1506 manuscripto
873 1433 1030 1489 valde
1059 1433 1248 1489 mutilo
1269 1434 1542 1503 vulgatum
1568 1431 1748 1500 fuerit,
1775 1431 2209 1506 quandoquidem
2235 1436 2451 1490 nomina
2479 1433 2690 1504 Hilarii,
2713 1437 3018 1508 Augustini,
3045 1435 3351 1503 Prudentii,
3383 1435 3764 1507 liis-reamur;

480 1529 771 1596 ipsinsmet
803 1529 1074 1583 Ambrosii
1103 1569 1117 1594 ,
1161 1543 1224 1583 ac
1272 1529 1488 1582 domum
1519 1527 1764 1598 Gregorii
1797 1571 1809 1594 ,
1843 1529 1931 1598 qui
1970 1529 2196 1596 sexties,
2227 1541 2284 1584 ut
2313 1531 2619 1597 minimum,
2646 1531 2936 1602 citatisque
2973 1545 3380 1601 nonnumquam
3415 1529 3585 1599 ipsius
3615 1529 3764 1584 verbis

479 1621 554 1679 ibi
591 1624 873 1695 ailcgatur,
908 1623 1272 1693 praetermissa
1300 1633 1426 1678 sunt
1453 1623 1505 1676 in
1549 1623 1880 1680 cditionibus
1912 1641 1922 1677 :
1954 1639 2074 1694 lllliB
2119 1639 2217 1680 nos
2246 1641 2355 1680 non
2383 1639 2542 1682 secus
2578 1639 2642 1680 ac
2683 1623 3154 1696 frequentissimas
3183 1623 3322 1679 alias
3355 1623 3578 1679 lacunas
3602 1638 3764 1677 manu-

479 1715 807 1783 scriptornm
836 1715 1165 1784 optimorum
1201 1713 1446 1769 subsidio
1473 1714 1808 1769 restituimus
1838 1714 1998 1782 (Vide
2025 1733 2140 1784 cap.
2175 1716 2228 1780 9,
2265 1717 2354 1782 ii,
2387 1715 2476 1782 12,
2507 1715 2594 1784 15,
2621 1717 2712 1784 17,
2744 1717 2806 1772 2i
2837 1729 2882 1772 et
2909 1717 3030 1790 22).

562 1807 941 1862 Verumtamen
967 1807 1316 1878 quantumvis
1337 1805 1672 1876 imperfectae
1695 1805 1897 1862 fuerint
1929 1807 2134 1862 eaedem
2164 1809 2476 1878 superiores
2503 1809 2800 1872 editiones,
2825 1807 3018 1863 idonea
3045 1819 3226 1863 tamen
3250 1816 3574 1878 argumenta
3602 1821 3764 1876 suppe-

483 1903 758 1968 ditarunt,
793 1901 936 1958 unde
964 1901 1138 1958 critici
1171 1916 1361 1957 omnes
1386 1900 1750 1956 adulterinum
1785 1901 1951 1956 fetum
1995 1901 2286 1959 Ambrosio
2330 1903 2670 1973 suppositum
2709 1901 2876 1958 fuisse
2908 1909 3292 1973 agnoscerent.
3340 1902 3420 1956 Eo
3465 1899 3758 1956 inducebant

481 1997 670 2067 scripti
696 1997 929 2052 elocutio
958 1995 1237 2066 majestate
1267 1993 1624 2051 Atnbrosiana
1661 1995 1832 2049 multo
1879 1993 2122 2062 inferior,
2172 1996 2476 2067 ignorantia
2521 1993 2831 2051 Graecarum
2881 1995 3212 2059 litterarum,
3243 1994 3486 2065 denique
3515 1991 3660 2066 (Cap.
3689 1993 3758 2062 l7)

487 2093 772 2164 potestatis
801 2089 1286 2162 Loiigobm-dorum
1318 2088 1472 2158 quasi
1497 2090 1608 2156 jam
1642 2087 1837 2143 deleta:
1861 2087 2000 2144 facta
2027 2091 2252 2144 mentio.
2293 2089 2356 2143 Et
2383 2101 2513 2143 sane
2537 2087 2640 2142 hoc
2671 2087 2922 2142 ultimum
2956 2087 3294 2154 sufﬁciebat,
3327 2095 3388 2141 ut
3410 2097 3650 2142 sanctum
3677 2085 3758 2140 An-

487 2187 710 2243 tistitem
743 2183 1146 2242 demonstraret
1172 2185 1289 2254 ejus
1317 2183 1796 2238 commentationis
1823 2192 2102 2238 auctorem
2136 2183 2239 2238 dici
2275 2177 2690 2254 haudquaquam
2725 2195 2906 2252 posse,
2935 2195 3100 2251 quam
3135 2187 3262 2251 post
3291 2193 3495 2234 annum
3527 2179 3651 2244 774,
3677 2190 3760 2248 quo

485 2283 678 2341 eadem
703 2297 864 2352 gens,
903 2287 1172 2338 exstincto
1209 2297 1333 2354 rege
1365 2297 1464 2337 suo
1497 2281 1797 2349 Desiderio,
1824 2281 1924 2336 sub
1949 2279 2214 2337 ditionem
2243 2279 2426 2336 Caroli
2456 2277 2628 2351 Magni
2650 2279 2865 2335 redacta
2887 2279 3004 2348 fuit,
3035 2279 3398 2350 compositam
3423 2293 3544 2333 csse
3573 2277 3754 2336 dubium

489 2391 594 2432 non
620 2383 722 2431 est.
748 2371 884 2444 Quid
909 2391 1038 2432 vero
1067 2376 1111 2430 si
1138 2373 1240 2428 huc
1273 2373 1533 2429 addamus
1562 2375 1723 2428 istum
1753 2382 2033 2429 auctorem
2078 2373 2144 2429 de
2186 2373 2450 2445 Gregorio
2497 2383 2647 2442 pont.
2698 2388 2838 2426 max.
2873 2381 3146 2442 tamquam
3181 2371 3327 2427 inter
3357 2377 3576 2426 sanctos
3603 2381 3652 2426 ct
3677 2373 3753 2428 Ec-

485 2470 666 2528 clesize
696 2469 948 2525 doctores
972 2483 1092 2524 cum
1127 2467 1459 2541 Hieronymo
1488 2479 1650 2538 atque
1682 2465 1807 2522 aliis
1832 2467 1944 2536 jam
1987 2477 2114 2523 tunc
2140 2477 2359 2538 recepto
2390 2481 2702 2521 sermonem
2736 2465 2963 2530 habere,
2999 2477 3163 2535 atque
3197 2463 3350 2536 (Cap.
3388 2463 3442 2530 l,
3479 2465 3512 2520 6
3541 2475 3585 2518 et
3609 2465 3758 2535 ﬁﬂjex

486 2559 766 2618 Athanasii
793 2561 1040 2634 symboio
1072 2561 1226 2632 quasi
1257 2576 1357 2632 pro
1389 2561 1575 2632 regula
1610 2559 1732 2616 fidei
1767 2577 1863 2630 per
1895 2561 2208 2618 universum
2239 2559 2596 2616 christianum
2629 2561 2816 2616 Ol'bi'lll
2841 2561 2950 2629 jam
2991 2560 3271 2615 decantari
3297 2559 3466 2615 solito
3499 2559 3756 2628 frequentia

487 2671 751 2728 usurpare
775 2655 1079 2712 testimonia
1102 2698 1117 2724 ,
1156 2667 1210 2712 et
1251 2656 1314 2710 ad
1371 2665 1700 2726 postremum
1730 2653 1883 2727 (Cap.
1917 2653 2006 2726 18)
2031 2655 2539 2711 archidiaconorum
2573 2656 2857 2710 avaritiam
2890 2671 3008 2724 quo
3039 2653 3374 2726 synodornm
3430 2651 3754 2722 Parisiensis,

484 2753 885 2824 Cabilonensis,
912 2763 966 2810 et
985 2753 1438 2824 Aquisgranensis
1471 2767 1613 2807 nono
1644 2751 1848 2808 sarculo
1869 2751 2265 2807 celebratarum
2291 2749 2858 2804 canonibusvcoercita
2887 2755 2992 2816 est,
3017 2749 3262 2818 graviter
3289 2757 3487 2803 etcum
3513 2749 3756 2802 stomacho

489 2844 766 2902 insectari.

560 2937 795 3008 Tempus
817 2935 999 3008 igitur,
1020 2951 1127 3007 quo
1151 2935 1295 2992 hunc
1321 2945 1600 2993 auctorem
1627 2935 1877 2994 ﬂoruisse
1903 2951 2128 2993 necesse
2155 2945 2258 3003 cst,
2289 2931 2693 3006 deprehensum
2725 2931 3021 2996 habemus;
3051 2931 3118 2986 de
3143 2931 3368 2987 nomine
3395 2931 3622 3001 ejusdem
3642 2947 3756 2989 nunc

487 3031 840 3105 qnmrendum
873 3041 974 3088 est.
1007 3029 1190 3102 Neque
1218 3047 1348 3086 vero
1381 3029 1634 3088 Usserius
1657 3031 2032 3088 Armachanus
2055 3029 2158 3103 (De
2180 3029 2374 3086 Christ.
2409 3025 2554 3082 Eccl.
2581 3025 2818 3082 Success.
2849 3043 2908 3079 ac
2931 3035 3067 3080 statu
3093 3041 3210 3095 cap.
3245 3023 3318 3094 Ι),
3355 3035 3413 3078 ut
3436 3023 3758 3081 hallucinatns

489 3135 573 3180 cst
605 3123 657 3177 in
681 3139 765 3184 eo,
798 3121 940 3191 quod
961 3123 1110 3176 illum
1130 3130 1406 3177 recentem
1436 3127 1559 3177 esse
1591 3123 1947 3188 existimavit,
1977 3121 2052 3178 ita
2081 3125 2241 3178 etiam
2270 3119 2323 3177 in
2349 3121 2454 3178 hoc
2473 3123 2689 3186 erravit,
2716 3120 2858 3192 quod
2879 3117 3172 3174 affirmavit
3193 3117 3601 3192 Berengaudum
3623 3119 3756 3175 fuisse

487 3216 839 3286 appellatum.
878 3215 1088 3270 Etenim
1119 3215 1220 3270 hoc
1249 3217 1421 3284 ipsum
1466 3231 1661 3271 nomen
1707 3217 1760 3272 in
1796 3213 2077 3273 codicibus
2120 3217 2400 3282 omnibus,
2445 3215 2812 3272 Gemeticensi
2859 3225 3065 3269 tantum
3101 3223 3368 3286 excepto,
3409 3225 3497 3270 aut
3525 3216 3574 3270 in
3613 3213 3758 3271 fronte

491 3310 869 3380 pra-scriptum
900 3309 1134 3380 legitur;
1165 3317 1257 3366 aut
1284 3307 1474 3366 saltem
1507 3311 1558 3366 in
1591 3311 1960 3382 conclusione,
1994 3329 2114 3384 quae
2137 3317 2188 3366 in
2220 3311 2555 3367 editionibus
2596 3311 2959 3382 prmtcrmissa
2993 3321 3072 3366 est
3099 3354 3114 3378 ,
3155 3309 3241 3364 his
3270 3311 3457 3366 verbis
3491 3311 3754 3364 indicatur:

491 3407 734 3476 Quisquis
762 3422 944 3460 nomen
971 3407 1193 3460 auctoris
1217 3407 1345 3460 scire
1369 3405 1652 3477 desideras,
1688 3409 1880 3463 litteras
1915 3409 2310 3482 Eztpositionum
2341 3409 2393 3463 in
2423 3407 2674 3476 capitibus
2711 3423 2782 3462 vu
2821 3405 3089 3461 Visionum
3123 3408 3324 3475 primas
3346 3407 3568 3462 attende.
3595 3403 3758 3460 Nam.

486 3517 575 3554 rus
597 3508 820 3570 quatuor
849 3500 1100 3553 vocalium
1132 3517 1245 3571 qtae
1266 3501 1468 3566 desunt,
1498 3501 1542 3556 si
1573 3501 1776 3558 ercus
1808 3503 2064 3571 posueris,
2095 3515 2172 3560 est
2199 3513 2381 3559 LXXXI.
2415 3491 2615 3558 Verum
2646 3501 2903 3572 quoniam
2941 3499 3080 3556 forte
3107 3501 3342 3556 obscura
3373 3511 3430 3556 et
3459 3500 3752 3572 a‘nigmatica

405 3609 412 3620 '
487 3595 653 3650 videri
683 3607 906 3662 possunt
939 3595 1050 3649 hinc
1080 3595 1193 3664 ipsa
1223 3597 1386 3652 verba
1419 3640 1428 3658 ,
1473 3613 1659 3652 eorum
1704 3598 2097 3664 expositionem
2140 3598 2193 3652 in
2243 3595 2412 3668 Regio
2441 3612 2502 3652 ac
2533 3589 2778 3665 Sagiensi
2810 3595 3002 3651 codice
3033 3605 3160 3648 ante
3189 3593 3298 3650 600
3325 3611 3498 3650 annos
3525 3607 3574 3650 et
3599 3591 3754 3650 eadem

491 3705 651 3743 manu
677 3704 782 3760 qua
813 3689 1040 3760 ipsemet
1069 3690 1504 3746 Commentarios
1533 3692 1791 3761 rCl‘iplalll
1820 3689 1906 3747 hic
1937 3690 2274 3762 subjicimns.

561 3781 764 3836 Auctor
783 3779 947 3854 hujus
979 3783 1100 3837 libri
1127 3781 1510 3854 Berengandus
1536 3783 1863 3855 appellatur,
1888 3785 1932 3840 si
1958 3777 2268 3857 diligenter,
2292 3777 2568 3856 quomodo
2604 3783 2996 3840 inveniendum
3024 3799 3223 3839 noincn
3243 3799 3400 3840 suum
3439 3785 3552 3856 ipse
3577 3783 3757 3850 «iaceat,

487 3875 818 3932 attendatur.
853 3875 1051 3932 Prinne
1093 3879 1234 3932 enim
1287 3877 1484 3933 littera:
1527 3877 1938 3948 Expositionum
1977 3879 2030 3933 in
2067 3879 2334 3948 capitibus
2373 3891 2581 3949 septem
2620 3877 2920 3942 Visionum,
2958 3893 3091 3946 quas
3123 3875 3408 3933 attendere
3447 3877 3630 3948 jubet,
3661 3877 3753 3932 ista

490 3978 637 4034 sunt,
672 3969 733 4024 Β.
769 3969 834 4025 Β.
871 3969 932 4024 Ν.
959 3969 1022 4026 G.
1043 3969 1108 4025 V.
1133 3969 1196 4023 li.
1232 3969 1290 4026 S.
1317 3969 1748 4037 Quatuorautem
1774 3971 1980 4026 Graeca:
2007 3971 2386 4038 Voc:ilcs,qn:e
2415 3969 2498 4024 his
2528 3969 2883 4038 adjungendn
2913 3977 3060 4032 sunt,
3091 3969 3473 4037 exprimentes
3503 3979 3758 4023 numerant

489 4077 673 4124 ωειχι,
707 4063 824 4116 ista:
847 4057 975 4116 sunt
1008 4080 1022 4117 :
1059 4063 1098 4116 E
1131 4064 1332 4126 brevis,
1365 4063 1425 4128 5;
1459 4061 1586 4118 item
1616 4061 1654 4116 E
1688 4061 1888 4128 brevis,
1926 4061 1994 4128 5;
2023 4059 2092 4126 Α,
2126 4062 2184 4128 i;
2211 4059 2346 4129 etO,
2371 4059 2458 4114 70.
2495 4059 2669 4133 Jungc
2693 4077 2824 4129 ergo
2854 4059 3012 4115 simul
3047 4077 3359 4128 timueram,
3389 4077 3547 4132 quem
3573 4057 3758 4131 singulae

490 4154 709 4208 vocales
737 4155 854 4208 istm
879 4155 1179 4222 continent,
1205 4165 1258 4210 et
1282 4155 1504 4211 habebis
1526 4156 1644 4211 sine
1669 4155 1833 4210 dubio
1855 4171 2037 4222 vaxt,
2067 4155 2171 4210 nisi
2198 4171 2347 4219 vero,
2381 4155 2442 4221 Ε,
2471 4165 2524 4210 ut
2553 4163 2914 4226 przcnomtum
2935 4163 3043 4222 est,
3080 4155 3162 4210 bis
3195 4153 3646 4224 assumpseris,in
3665 4153 3760 4208 aliis

487 4245 709 4300 omnino
732 4245 960 4301 diversis
989 4248 1263 4303 vocalibus
1291 4263 1548 4304 numerus
1568 4249 1668 4305 iste
1692 4249 1786 4304 tibi
1815 4265 1922 4304 non
1949 4247 2433 4306 occurret.Confer
2465 4247 2648 4320 itaque
2675 4247 2774 4303 bas
2797 4259 3028 4320 quatuor
3047 4249 3265 4303 vocales
3281 4249 3647 4320 superioribus
3663 4261 3762 4318 sep-

492 4352 598 4397 tem
637 4343 1082 4412 consultantibus,
1113 4353 1168 4399 et
1195 4345 1433 4418 syllabas
1463 4363 1530 4403 ex
1569 4347 1649 4403 his
1688 4363 1957 4418 compone
1991 4353 2092 4405 hoc
2117 4347 2275 4404 modo
2299 4347 2690 4422 Berengaudos.
2723 4347 2904 4406 Habes
2939 4351 3100 4419 igitur
3125 4349 3522 4422 Berengaudos.
3549 4349 3648 4409 Sed
3667 4351 3758 4406 haec

491 4433 678 4491 Grmca
714 4436 1024 4491 terminatio
1047 4447 1164 4493 est:
1194 4437 1378 4494 Latina
1408 4450 1588 4497 autem
1618 4441 1933 4497 terminatio
1953 4455 2035 4500 cst
2055 4441 2442 4516 Berengaudus.
2468 4445 2620 4516 Quod
2646 4447 2789 4501 enim
2821 4445 2962 4518 apud
2993 4445 3216 4502 Grmcos
3239 4448 3290 4501 in
3313 4465 3391 4513 os,
3415 4445 3554 4520 apud
3575 4447 3760 4503 Latinos

493 4529 817 4585 terminatur
864 4532 916 4584 in
965 4549 1043 4600 us,
1078 4543 1137 4588 ut
1169 4531 1354 4591 Petros
1380 4535 1588 4604 Petrus,
1620 4533 1822 4593 Paulos
1851 4535 2070 4592 Paulus.
2105 4536 2258 4606 Quod
2288 4539 2331 4593 si
2369 4539 2618 4594 ordinem
2659 4538 3037 4610 prmdictarum
3067 4539 3362 4606 vocalium,
3395 4539 3449 4594 in
3473 4535 3759 4594 inveniendo

487 4627 590 4682 hoc
618 4627 834 4684 nomine
860 4638 1043 4686 tenere
1067 4631 1320 4686 malueris
1346 4673 1360 4699 ,
1404 4643 1457 4687 et
1503 4634 1652 4704 prius
1703 4631 1960 4704 ponendo
1991 4621 2058 4700 Α,
2088 4642 2318 4688 (λειω-ες
2350 4649 2443 4702 per
2475 4645 2839 4688 eonsonantes
2878 4632 2948 4685 iti
2982 4633 3302 4703 disponere,
3335 4639 3394 4687 ut
3419 4631 3567 4688 dicas
3599 4629 3760 4686 Barea-

485 4719 678 4791 gaedos
711 4761 724 4784 ,
770 4735 874 4776 non
911 4722 1006 4776 tibi
1035 4724 1248 4794 quidem
1279 4727 1329 4780 in
1366 4712 1470 4781 hoc
1497 4727 1806 4798 praescripta
1848 4727 2119 4783 vocalium
2157 4729 2296 4782 ratio
2327 4728 2682 4784 adversatur:
2712 4727 2804 4782 sed
2845 4727 3132 4784 barbarum
3177 4727 3364 4793 nimis,
3398 4739 3452 4785 et
3483 4723 3759 4783 omnimodo

486 4815 798 4870 inusitatum
833 4815 1066 4873 hominis
1098 4836 1292 4875 nomen
1317 4821 1442 4877 inde
1463 4819 1746 4877 ftll‘il'lalllr.
1781 4821 1967 4878 Melius
1992 4839 2120 4894 ergo
2147 4832 2252 4891 est,
2283 4833 2338 4879 et
2367 4823 2537 4879 inulto
2577 4825 2778 4878 rectius
2811 4832 2871 4878 ut
2897 4865 2910 4890 ,
2945 4825 3084 4878 sicut
3113 4825 3501 4894 prmscriptum
3537 4833 3612 4879 est
3633 4864 3646 4887 ,
3677 4815 3772 4875 Bc?

487 4910 801 4980 rengaudus,
833 4926 940 4964 non
967 4909 1336 4984 Bzzi-eiiguedus
1367 4927 1612 4983 vocetur,
1638 4918 1760 4988 quia
1789 4917 1888 4972 hoc
1921 4915 2180 4974 usitatum
2210 4929 2260 4972 et
2291 4919 2461 4989 magis
2491 4918 2749 4990 elegans;
2785 4917 2916 4973 illud
2962 4934 3092 4974 vero
3122 4930 3174 4973 et
3213 4919 3535 4975 inusitatum
3563 4929 3614 4974 et
3632 4915 3760 4972 mini-

490 5019 575 5060 me
604 5003 826 5077 elegans
859 5006 1092 5062 hominis
1125 5025 1321 5064 nomen
1351 5011 1584 5068 videtur.

560 5097 678 5154 Jam
711 5117 844 5156 vero
875 5102 919 5156 si
946 5101 1066 5173 quis
1093 5115 1246 5158 aveat
1278 5105 1419 5161 scire
1445 5107 1718 5178 quodnam
1745 5105 1908 5164 fuerit
1928 5108 2163 5164 auctoris
2185 5107 2426 5178 ejusdem
2458 5109 2758 5163 institutum
2792 5122 2854 5163 ac
2885 5107 3006 5162 vita:
3042 5122 3235 5178 genus,
3273 5108 3494 5163 tametsi
3523 5107 3648 5162 nihil
3668 5119 3760 5161 on“.-

490 5195 615 5250 nino
642 5197 982 5267 exploratum
1014 5197 1080 5253 de
1111 5199 1213 5254 hoc
1237 5183 1508 5271 suppetat,
1542 5217 1666 5258 eum
1705 5212 1882 5258 tamen
1910 5207 2267 5260 monasticam
2301 5203 2672 5258 Benedictinae
2701 5201 2918 5256 familia:
2961 5201 3362 5256 institutionem
3393 5212 3634 5257 secutum
3665 5211 3764 5255 esse

489 5287 614 5344 hinc
641 5291 982 5359 conjicimns,
1014 5291 1154 5362 quod
1183 5291 1250 5347 de
1279 5291 1420 5348 vitiis
1444 5310 1562 5364 quae
1586 5295 1685 5348 sibi
1717 5295 1987 5350 aditumin
2017 5295 2341 5350 monasteria
2384 5305 2494 5348 tum
2526 5295 2786 5363 te'uporis
2813 5291 3048 5347 fecerant
3076 5289 3230 5364 (Cap.
3254 5289 3290 5347 9
3322 5303 3370 5345 et
3395 5293 3493 5360 2|)
3521 5301 3756 5361 tamquam

487 5382 722 5440 ocularis
751 5389 901 5440 testis
933 5385 1164 5442 subinde
1191 5388 1424 5444 disserat
1453 5388 1600 5462 (Cap.
1645 5389 1704 5444 18
1732 5399 1777 5443 et
1800 5389 1893 5462 21)
1919 5432 1933 5455 ,
1968 5400 2022 5446 et
2053 5389 2202 5446 locos
2235 5389 2413 5460 plures
2467 5387 2666 5458 passim
2695 5387 2899 5440 inserat
2933 5401 2963 5442 e
3001 5385 3208 5454 Regula
3237 5385 3383 5440 beati
3421 5384 3684 5441 Benedicti
3711 5379 3764 5438 ad

491 5475 710 5528 verbum
743 5492 1052 5546 expressos.
1079 5481 1212 5546 Qua:
1241 5487 1422 5534 tamen
1454 5483 1592 5536 ratio
1624 5479 1669 5535 si
1693 5495 1799 5534 non
1831 5481 2108 5550 probetur,
2141 5482 2325 5554 negari
2353 5481 2543 5535 saltem
2571 5479 2788 5534 minimc
2817 5478 3014 5549 poterit
3038 5477 3133 5532 viri
3169 5475 3556 5532 Ecciesiasticis
3591 5475 3764 5542 litteris,

491 5576 548 5620 ιιι
579 5565 776 5635 Regius
797 5569 964 5625 codex
998 5571 1050 5625 in
1081 5573 1197 5640 ipso
1227 5575 1405 5642 capite
1435 5576 1808 5644 prmscriptum
1837 5575 2019 5641 habet,
2041 5579 2230 5647 optime
2251 5577 2435 5631 eruditi
2470 5575 2570 5629 hoc
2594 5573 2742 5642 Opus
2771 5589 2914 5628 esse.
2937 5571 3048 5626 Non
3075 5569 3508 5642 aliudjudicium
3527 5573 3632 5643 jam
3657 5569 3762 5626 oiitn

493 5656 560 5716 de
593 5658 685 5714 illo
717 5661 906 5715 tulerat
945 5661 1232 5734 Dionysius
1259 5667 1668 5732 Chartusianus,
1693 5676 1748 5722 et
1779 5668 1984 5724 recenti
2019 5669 2278 5724 memoria
2314 5669 2364 5724 id
2395 5669 2572 5739 ipsum
2603 5667 2774 5722 sensit
2817 5663 3218 5722 eruditi-simus
3239 5705 3255 5732 ,
3303 5679 3368 5720 ac
3411 5665 3482 5720 de
3531 5665 3764 5722 catholica

494 5757 754 5831 religione
779 5755 984 5826 optime
1009 5757 1230 5820 meritus
1255 5759 1505 5820 dominus
1534 5763 1806 5841 Beuignus
1837 5765 2063 5824 Bassuet
2093 5765 2442 5825 Meldensium
2494 5765 2716 5840 praesul,
2764 5763 2921 5834 cujus
2955 5761 3214 5840 sum-agit!
3267 5764 3358 5820 hic
3389 5779 3504 5822 non
3536 5759 3764 5822 assentiri

498 5851 648 5910 nefas
672 5847 939 5907 ducimus.
1379 5849 1382 5855 '
