3944 6310
213 403 218 408 -
247 401 256 410 λ
281 399 294 406 ο
425 397 504 414 ’θνντ
535 395 636 428 uri".
683 397 692 408 ο
721 394 726 398 ⁵
787 393 836 425 cl
981 393 1010 406 τι
1041 395 1086 404 υ-ι-
1131 403 1134 406 .
1161 397 1168 402 -
1273 391 1282 400 ν
1307 391 1356 419 Ι.
1459 391 1646 416 ..πή-ἡν
1659 391 1847 414 ᾲι
1795 385 1808 394 ⁵
1859 397 1864 411 Ι
1941 391 2004 412 --
2021 389 2074 412 ...π
2117 395 2122 411 Ι
2191 390 2204 412 ε
2227 390 2232 394 -
2297 393 2300 395 .
2347 390 2356 412 ε
2413 391 2418 396 .
2569 387 2582 396 ιι.
2729 390 2738 414 i
2881 385 2884 386 ν
3020 392 3024 396 _
3149 385 3152 390 .
3211 385 3219 410 Ι

175 297 237 349 ns
838 283 904 340 IN
942 265 1418 342 APOCALYPSIN
1460 259 1846 332 EXPOSITID.
1897 272 1982 328 oe
2026 261 2292 330 VtsmNs
2331 267 2567 331 Pili-MA.

3325 269 3434 327 766

1237 523 2316 676 EXPOSITIO

342 763 726 850 SUPER
800 754 1253 842 SEPTEM
1327 744 1868 836 VISIONES
1947 743 2258 828 LIBRI
2331 740 3143 828 APOCALYPSIS.

1633 909 1943 926 ﬂ

498 1057 662 1132 599
698 1054 786 1112 ne
823 1051 1034 1109 puum
1075 1046 1368 1106 VlSlONE.

202 1229 226 1257 τι
269 1221 494 1278 Beatum
510 1217 773 1274 Joannem
792 1211 1096 1284 apostolum
1115 1218 1171 1267 et
1186 1208 1572 1280 evangelistam
1592 1206 1735 1260 hunc

131 1317 328 1373 librum
359 1309 719 1382 Apocalypsin
751 1307 988 1363 edidisse
1010 1313 1261 1369 constat;
1291 1300 1538 1374 quamvis
1568 1298 1734 1356 exsti-

133 1412 298 1464 terint
326 1404 515 1477 aliqui,
542 1403 631 1473 qui
664 1417 772 1456 non
795 1399 865 1455 ab
883 1413 974 1464 eo,
992 1398 1085 1454 sed
1100 1396 1288 1452 abalio
1310 1395 1546 1450 dixerint
1570 1391 1734 1448 luiSse

133 1501 497 1572 compositum
524 1515 536 1550 :
563 1494 658 1551 sed
687 1495 810 1566 ejus
847 1494 1014 1548 fuisse
1041 1489 1324 1561 sequentia
1363 1487 1731 1542 manifestam.

200 1593 431 1650 CAPUT
461 1586 749 1646 PRIMUM.
772 1616 843 1626 —
874 1584 1056 1659 (Vers.
1102 1582 1180 1655 i.)
1219 1580 1562 1654 Apocalypsis
1605 1576 1734 1630 Iesu

134 1687 342 1752 Christi,
365 1699 514 1756 quam
532 1680 672 1736 dedit
690 1679 768 1733 illi
787 1677 944 1732 Deus.
973 1679 1008 1731 Λ
1021 1675 1347 1747 pocalypsis,
1367 1671 1632 1728 revelatio
1650 1667 1735 1724 vel

135 1779 494 1839 titanifestatio
528 1779 938 1846 interpretatur.
970 1769 1126 1838 Quod
1148 1766 1504 1824 revelationis
1531 1768 1732 1820 donum

134 1887 182 1932 ct
199 1876 361 1930 Pater
379 1870 520 1927 Filio
538 1867 711 1934 dedit,
726 1863 1023 1922 secundum
1043 1860 1186 1933 quod
1208 1859 1372 1914 homo
1390 1869 1530 1924 erat,
1543 1869 1600 1913 et
1619 1857 1734 1926 ipse

135 1971 268 2024 Illius
289 1962 641 2032 sibintetipsi,
685 1959 947 2015 divinitas
975 1957 1189 2012 scilicet
1210 1954 1442 2017 homini,
1470 1965 1633 2022 quem
1657 1965 1737 2004 as-

134 2063 382 2132 sumpsit.
413 2061 596 2115 Palam
619 2059 788 2131 [arere
808 2057 968 2112 servis
991 2055 1098 2109 suis
1117 2068 1232 2124 qua:
1253 2059 1450 2124 oportet
1473 2049 1590 2120 fieri
1611 2050 1732 2102 cito.

132 2160 262 2213 Cum
286 2156 377 2211 hic
409 2153 549 2210 liber
591 2168 698 2209 non
726 2152 906 2209 solum
931 2150 1133 2215 futura,
1163 2146 1259 2202 sed
1281 2155 1336 2201 et
1362 2143 1650 2215 prresentia
1679 2148 1736 2198 et

138 2250 414 2323 praterita
455 2259 666 2314 narret;
697 2263 795 2301 cur
825 2246 912 2301 hic
942 2244 1058 2299 sola
1099 2242 1277 2298 futura
1316 2239 1604 2295 Dominum
1632 2253 1731 2290 no-

137 2359 302 2404 strum
333 2343 520 2403 lesum
542 2344 820 2402 Christum
843 2341 1018 2397 servis
1045 2339 1160 2394 suis
1183 2336 1540 2392 manifestare
1565 2330 1737 2388 dixit?

1757 1046 1810 1105 Α
1832 1049 1965 1110 gtmt
2003 1040 2088 1096 vel
2143 1039 2386 1095 audiunt.
2433 1039 2580 1095 Multi
2623 1054 2856 1110 namque
2881 1046 3028 1103 sunt,
3062 1040 3152 1110 qui
3183 1037 3438 1094 mandata

1841 1137 1933 1192 Dei
1960 1147 2054 1191 aut
2081 1138 2421 1191 audiuntaut
2447 1137 2630 1207 legunt
2659 1153 2674 1192 :
2708 1135 2801 1191 sed
2836 1135 2966 1190 nihil
2997 1149 3093 1190 eos
3115 1137 3288 1205 juvat,
3313 1134 3438 1204 quia

1835 1247 1958 1287 cum
1987 1245 2214 1303 corpore
2239 1241 2537 1303 przrsentes
2564 1231 2669 1285 sint
2698 1271 2711 1294 ,
2755 1240 2940 1284 mente
2983 1239 3108 1283 sunt
3138 1230 3391 1285 absentes
3419 1243 3435 1294 ;

1837 1334 1928 1378 ant
1956 1325 2098 1380 enim
2147 1326 2200 1380 in
2229 1324 2572 1392 acquirendis
2618 1323 2780 1378 rebus
2825 1336 2980 1377 mens
3021 1333 3210 1377 eorum
3253 1321 3437 1377 dedita

1836 1424 1939 1483 est,
1971 1425 2062 1472 aut
2097 1417 2319 1472 libidine
2343 1417 2670 1489 exagitator,
2697 1424 2786 1470 aut
2817 1417 3122 1486 proximum
3152 1415 3437 1486 diiudicat,

1835 1519 1928 1565 aut
1958 1517 2150 1565 contra
2186 1509 2470 1577 praelatum
2513 1509 2778 1577 nperbit,
2821 1515 2915 1563 aut
2960 1508 3113 1578 tingit
3151 1522 3210 1562 se
3245 1515 3445 1578 poten-

1836 1611 1944 1656 tem
1976 1600 2238 1666 futurum,
2269 1609 2364 1654 aut
2391 1599 2606 1656 caeteris
2630 1600 2942 1655 Vanlssimis
2971 1599 3136 1654 rebus
3173 1598 3444 1653 distendi-

1837 1701 1941 1747 tur.
1991 1691 2183 1747 Potest
2213 1693 2417 1748 talibus
2462 1691 2760 1748 convenire
2783 1732 2797 1754 ,
2849 1687 2993 1762 quod
3024 1691 3102 1746 ait
3133 1691 3395 1761 propheta
3427 1699 3440 1745 ε

1837 1787 1974 1843 Aure
2002 1787 2224 1842 audietis
2244 1821 2260 1854 ,
2288 1798 2336 1841 et
2368 1801 2469 1842 non
2493 1786 2792 1857 intelligetis
2817 1801 2835 1849 ,°
2862 1795 2906 1840 et
2936 1785 3163 1840 videntes
3183 1784 3439 1854 videbitis,

1836 1889 1884 1934 et
1912 1897 2014 1934 non
2043 1879 2366 1953 perspisietis
2393 1879 2555 1950 (Esa.
2584 1893 2658 1946 vt,
2689 1882 2782 1948 9).
2809 1877 3066 1934 Nonnulli
3097 1893 3225 1932 vero
3251 1883 3382 1932 sunt
3417 1917 3434 1946 ,

1837 1977 1926 2045 qui
1958 1975 2172 2031 divinas
2211 1973 2538 2044 Scripturas
2584 1974 2772 2045 legunt
2814 1981 2871 2028 et
2913 1972 3179 2036 audiunt;
3233 1969 3282 2025 id
3315 1977 3440 2036 est,

1838 2077 2075 2124 mentem
2108 2067 2172 2121 ad
2207 2083 2388 2122 rarum
2413 2066 2827 2138 intelligentiam
2863 2062 3314 2120 accommodant:
3346 2061 3442 2117 sed

1838 2164 1961 2220 ideo
1991 2163 2203 2218 divinas
2235 2161 2546 2230 Scrlpturas
2567 2160 2806 2224 discunt,
2833 2169 2887 2213 ut
2912 2160 3189 2228 sapientes
3216 2167 3445 2226 etegre-

1836 2258 1910 2330 gii
1939 2257 2082 2327 apud
2107 2257 2356 2310 homines
2387 2254 2717 2320 habeantur,
2744 2263 2798 2309 et
2821 2251 2876 2306 in
2903 2251 3084 2307 smculi
3113 2253 3444 2320 prOSperita-

1825 2352 1984 2407 ‘tibus
2004 2349 2258 2415 floreant,
2292 2363 2396 2402 non
2428 2358 2486 2402 ut
2505 2347 2672 2401 vitam
2698 2347 2988 2413 reprobam
3012 2337 3438 2411 corrigant.Sed

136 2445 268 2513 Quia
301 2442 556 2498 videlicet
590 2439 879 2511 praesentia
903 2438 1044 2503 visu,
1067 2431 1545 2507 praeteritaauditu
1574 2429 1732 2484 facile

1841 2445 1980 2502 beati
2010 2459 2116 2500 non
2146 2453 2294 2509 sunt,
2345 2443 2472 2514 quia
2522 2442 2866 2511 Scripturam
2913 2436 3152 2492 divinam
3195 2449 3300 2490 non
3343 2445 3443 2502 pro

136 2543 540 2610 cognoscuntur
573 2553 585 2589 :
637 2536 816 2590 futura
846 2539 1052 2598 autem,
1085 2543 1191 2584 non
1221 2528 1321 2582 nisi
1352 2535 1443 2580 aut
1474 2539 1574 2596 per
1599 2522 1731 2578 doc-

137 2633 327 2688 trinam
346 2630 654 2686 divinat-um
671 2630 1096 2698 Scripturarum,
1112 2632 1204 2678 aut
1228 2638 1323 2693 per
1337 2621 1730 2677 revelationem

136 2726 350 2796 agnOSei
382 2726 609 2796 queunt.
660 2719 728 2776 Et
760 2721 1096 2794 significavit,
1131 2719 1332 2770 mittens
1372 2729 1463 2788 per
1491 2711 1734 2783 angelum

137 2837 279 2875 suum
305 2836 452 2874 servo
479 2835 572 2873 suo
602 2815 819 2871 Jouuni.
851 2816 906 2870 in
939 2815 1040 2869 hoc
1074 2814 1194 2868 loco
1227 2811 1353 2867 talis
1382 2808 1512 2864 mihi
1539 2822 1734 2864 sensus

139 2929 254 2968 esse
283 2913 501 2968 videtur
530 2933 541 2967 :
567 2911 831 2966 lii-minus
873 2912 1030 2966 Jesus
1056 2907 1319 2977 Angelum
1351 2920 1506 2959 smnn
1554 2903 1732 2969 misit,

139 3017 188 3064 el
216 3021 310 3079 per
332 3007 586 3063 eumdem
609 3009 858 3077 angelum
887 3015 1048 3060 serto
1069 3018 1169 3058 suo
1202 3002 1395 3058 Joanni
1424 2999 1734 3054 manifesta—

139 3106 227 3164 vit,
254 3111 373 3173 quas
407 3109 625 3172 oportet
653 3100 768 3156 fieri
799 3101 929 3155 cito.

206 3197 383 3273 (Vers.
434 3198 516 3268 2.)
558 3195 658 3264 Qui
705 3195 1052 3249 testimoniuttt
1111 3192 1368 3260 perhibuit
1414 3191 1580 3245 Verbo
1614 3189 1732 3247 Dei.

144 3288 234 3344 llic
265 3290 417 3344 locus
450 3297 639 3358 aperte
660 3287 998 3342 demonstrat
1028 3295 1134 3341 non
1161 3285 1229 3340 ab
1251 3284 1357 3339 alio
1379 3282 1611 3348 Joanne,
1641 3283 1734 3338 sed

140 3381 324 3436 abillo
371 3382 464 3451 qui
511 3381 856 3451 Evangeliunt
903 3379 1142 3449 scripsit,
1195 3378 1338 3432 hunc
1389 3379 1583 3432 libtutn
1615 3391 1738 3430 esse

140 3478 524 3543 compositum.
571 3475 674 3542 Qui
723 3481 778 3529 et
825 3473 876 3528 in
900 3487 1052 3529 creua
1097 3483 1258 3541 supra
1296 3481 1478 3541 pectus
1526 3471 1734 3526 Dontini

141 3567 314 3640 (Joau.
348 3582 467 3634 xm,
497 3567 611 3638 25),
641 3568 690 3621 in
725 3582 832 3638 quo
862 3576 1018 3622 erant
1041 3579 1231 3622 omnes
1259 3563 1497 3620 thesauri
1523 3567 1740 3635 sapien-

143 3663 225 3716 tiae
257 3673 309 3717 et
341 3664 592 3718 scientias
625 3661 928 3717 absconditi
959 3658 1181 3731 (Coloss.
1208 3674 1245 3714 ιι
1272 3702 1285 3724 ,
1311 3660 1365 3729 3)
1396 3701 1409 3724 ,
1441 3658 1688 3714 recubuit
1720 3699 1733 3720 ,

140 3754 202 3809 de
230 3769 339 3825 quo
368 3756 696 3810 immensum
726 3755 928 3809 fontem
951 3754 1234 3824 sapientia:
1269 3752 1487 3807 haurire
1517 3753 1736 3807 tnernit.

1835 2555 2024 2596 amore
2048 2540 2165 2606 Dei,
2200 2537 2295 2594 sed
2327 2553 2423 2606 pro
2454 2551 2642 2591 amore
2667 2533 2854 2590 saeculi
2893 2532 3224 2588 didicerunt.
3257 2528 3335 2584 De
3367 2535 3442 2582 ta-

1836 2634 1977 2689 libus
2014 2634 2149 2689 dicit
2173 2627 2470 2704 propheta:
2504 2629 2780 2699 Sapientes
2805 2636 2859 2681 ιιι
2883 2626 3079 2698 faciant
3117 2624 3292 2690 ntala,
3323 2622 3451 2677 bene

1836 2741 2004 2786 autem
2034 2734 2206 2802 facere
2244 2727 2536 2781 nescierunt
2575 2724 2790 2795 (λεί-ειη.
2823 2737 2897 2786 tv,
2932 2719 3048 2791 ‘22).
3084 2720 3149 2775 Et
3179 2718 3443 2773 Dominus

1838 2825 1889 2878 in
1907 2821 2208 2892 Evangelio
2233 2821 2284 2874 in
2309 2817 2564 2889 parabola
2581 2815 2907 2871 seminantis
2928 2813 3191 2882 loquitur,
3216 2810 3438 2864 dicens:

1840 2916 1992 2982 Quod
2014 2925 2183 2969 autem
2214 2916 2266 2967 in
2290 2914 2453 2982 spinis
2471 2909 2685 2977 cecidit,
2719 2911 2756 2963 ii
2775 2918 2891 2962 sunt
2917 2909 3002 2978 qui
3027 2907 3323 2970 audierunt,
3348 2913 3394 2958 el
3411 2917 3444 2958 ιι

1837 3007 2273 3066 sollicitudinibus
2298 3016 2344 3060 et
2380 3003 2733 3077 uoluptatibus
2759 3003 2875 3056 vitae
2896 3007 3072 3054 euntes
3095 2995 3443 3064 sulfocantur,

1837 3113 1883 3158 et
1921 3119 2022 3158 non
2042 3105 2275 3173 referunt
2303 3103 2528 3170 fructum
2560 3097 2577 3169 (
2608 3094 2739 3149 Luc.
2766 3109 2882 3157 vtn,
2914 3092 3045 3162 i5).
3075 3090 3155 3145 Illi
3179 3104 3312 3159 ergo
3336 3087 3442 3144 soli

1839 3201 1980 3256 beati
2021 3203 2184 3264 sunt,
2216 3197 2306 3266 qui
2331 3194 2457 3249 ideo
2485 3190 2734 3247 niandata
2767 3190 2856 3244 Dei
2883 3186 3103 3243 Student
3125 3185 3362 3248 discere,
3388 3189 3446 3238 ut

1839 3295 2081 3359 audiant,
2118 3292 2168 3347 id
2201 3300 2312 3356 est,
2351 3291 2401 3342 in
2439 3299 2622 3343 mente
2655 3284 2951 3341 recondant
2984 3300 2996 3336 :
3027 3281 3150 3336 ideo
3181 3283 3234 3334 in
3262 3278 3446 3333 mento

1844 3387 2167 3451 Tl'Cftﬂdlllil,
2205 3391 2258 3436 ut
2289 3397 2454 3452 opere
2501 3380 2759 3449 impleant
2792 3395 2804 3430 :
2839 3377 2961 3431 idco
2993 3388 3160 3444 opere
3191 3370 3440 3441 implent,

1843 3492 1899 3535 ut
1925 3489 2186 3535 mternam
2218 3476 2606 3531 beatitudinem
2639 3479 3020 3543 assequamur.
3060 3468 3283 3540 Tempus
3306 3467 3443 3521 enim

1842 3588 1998 3645 prope
2038 3582 2134 3627 est.
2180 3570 2417 3639 Tempus
2457 3567 2713 3622 videlicet
2742 3566 2926 3634 judicii
2958 3582 2971 3629 ;
2999 3577 3120 3618 nam
3153 3562 3196 3616 si
3228 3573 3442 3630 tempus

1841 3671 1911 3723 ab
1953 3667 2188 3722 adventu
2241 3663 2449 3718 Domini
2505 3675 2675 3732 usque
2728 3661 2794 3713 ad
2855 3659 3016 3712 linem
3067 3655 3250 3710 mundi
3317 3659 3444 3708 ante

1843 3765 2030 3819 oculos
2050 3775 2239 3833 ponas,
2273 3762 2489 3829 longum
2521 3758 2768 3813 invenies
2796 3774 2806 3811 :
2833 3755 2926 3810 sed
2955 3755 3006 3808 in
3030 3749 3440 3820 comparatione

142 3847 424 3902 i‘erhibuit
450 3861 584 3918 ergo
612 3849 983 3902 testiinonium
1008 3847 1188 3902 Verbo
1204 3847 1317 3910 Dei,
1337 3846 1552 3916 quando
1569 3845 1733 3900 dixit:
1763 3845 1808 3909 Ο
1844 3858 2080 3930 primum
2107 3862 2440 3925 “nmmum,
2474 3853 2641 3907 breve
2673 3859 2778 3906 εει,

145 3939 204 3994 lu
228 3942 490 4014 principio
518 3951 626 3995 erat
667 3939 904 4004 Verbum,
925 3953 974 3995 et
1001 3939 1224 3994 Verbum
1245 3949 1354 3995 erat
1385 3941 1526 4013 apud
1543 3939 1732 4007 Deum,

142 4044 186 4088 et
218 4034 356 4088 Deus
387 4046 498 4088 erat
533 4033 757 4088 Verbum
778 4033 961 4102 (Joau.
984 4051 1022 4101 ι,
1047 4035 1121 4105 l).
1156 4034 1263 4090 Sed
1294 4043 1350 4090 et
1380 4036 1432 4089 in
1461 4036 1564 4090 hoc
1592 4034 1735 4105 quod

144 4127 401 4197 sequitur,
428 4127 664 4196 qumstio
692 4128 894 4181 oritur:
922 4127 988 4181 Et
1019 4128 1365 4182 testimonium
1391 4127 1520 4184 Jesu
1543 4128 1738 4184 Christi

143 4235 474 4288 quiscumque
501 4220 646 4274 vidit.
675 4219 960 4287 Quomodo
987 4233 1116 4292 ergo
1151 4221 1517 4278 testiinonium
1555 4223 1737 4292 perhi-

144 4310 250 4367 buit
279 4313 413 4369 lesu
440 4312 646 4369 Christi
671 4355 686 4382 ,
716 4327 1072 4385 quaecumque
1102 4316 1256 4380 vidit,
1290 4331 1413 4371 cum
1453 4317 1569 4386 ipse
1595 4316 1740 4373 dicat

147 4407 196 4462 in
223 4409 417 4466 eodem
452 4409 742 4480 Evangelio
769 4427 782 4462 :
819 4407 986 4464 Multa
1002 4411 1206 4481 quidem
1231 4421 1278 4464 et
1307 4412 1413 4466 alia
1443 4412 1590 4483 signa
1621 4412 1739 4480 fecit

145 4503 294 4558 Iesus
325 4507 380 4560 in
410 4514 685 4575 conspectu
707 4505 1080 4574 discipulorum
1101 4515 1336 4572 suorum,
1362 4520 1474 4576 qua:
1497 4521 1599 4560 non
1619 4516 1740 4560 sunt

147 4597 332 4667 scripta
363 4599 418 4651 in
451 4597 582 4652 libro
608 4598 703 4652 hoc
725 4597 908 4669 (Joan.
936 4615 1026 4662 xx,
1069 4599 1188 4670 50)?
1226 4598 1333 4655 Sed
1364 4602 1738 4656 testimonium

148 4687 425 4760 perhibuit
446 4690 574 4747 Jesu
605 4691 846 4760 Christo,
871 4703 1226 4764 quzrcumque
1255 4693 1412 4758 vidit,
1441 4693 1742 4764 prmdican—

149 4784 216 4840 do
235 4785 490 4842 videlicet
517 4787 771 4857 gentibus
801 4788 985 4844 omnia
1006 4803 1126 4859 qua:
1153 4803 1180 4842 a
1205 4788 1424 4844 Christo
1452 4787 1738 4856 didicerat,

149 4889 201 4935 et
230 4882 489 4938 miracula
519 4897 640 4954 qua:
669 4883 878 4939 viderat
918 4884 1219 4948 narrando,
1253 4898 1315 4939 ea
1368 4883 1742 4939 tantummodo

151 4975 394 5032 scribens
437 4992 555 5048 qua:
589 4977 817 5048 posteris
847 4978 1078 5049 amplius
1119 4977 1399 5048 profutura
1441 4992 1564 5034 esse
1599 4991 1740 5046 praes

154 5069 380 5126 viderat.

221 5165 401 5238 (Vers.
430 5167 512 5239 '5.)
541 5165 689 5221 Beati
729 5166 818 5236 qui
848 5166 1066 5238 legunt,
1120 5176 1168 5220 et
1211 5167 1302 5238 qui
1344 5167 1564 5221 audiunt
1592 5166 1742 5222 verba

1912 3957 1930 4029 (
1955 3955 2111 4011 Vrrs.
2146 3954 2226 4026 4.)
2274 3941 2505 4008 Joannes
2546 3963 2737 4022 septem
2780 3948 3028 4004 Erclesiis
3053 3991 3065 4014 ,
3095 3955 3210 4018 qua!
3243 3953 3360 4000 sunt
3391 3947 3446 4000 in

1841 4049 1982 4103 Asia.
2039 4047 2217 4103 Gratia
2267 4047 2407 4101 vobis
2444 4056 2488 4099 et
2538 4053 2643 4115 pars
2681 4043 2743 4098 ab
2773 4060 2856 4108 eo,
2886 4043 2972 4113 qui
3003 4049 3096 4105 est,
3126 4040 3212 4110 qui
3242 4044 3371 4104 erat,
3401 4047 3450 4093 et

1841 4145 1926 4213 qui
1956 4153 2199 4198 uenturus
2231 4151 2323 4196 est.
2353 4141 2459 4196 Per
2484 4148 2691 4210 septem
2727 4137 3026 4201 Ecclesias,
3059 4150 3160 4189 una
3197 4131 3445 4188 Et'clesia

1841 4235 2108 4292 catholica
2142 4233 2463 4305 designatur
2492 4240 2753 4302 ;propter
2779 4237 2991 4300 septem
3023 4225 3276 4281 videlicet
3305 4223 3445 4279 dona

1842 4330 2078 4399 Spiritus
2099 4327 2295 4394 sancti,
2326 4327 2522 4398 quibus
2555 4325 2827 4381 illustrata
2869 4323 2920 4376 in
2961 4319 3162 4375 mundo
3191 4317 3444 4388 refulget.

1842 4422 1968 4478 Asia
1995 4423 2135 4478 elata
2182 4421 2602 4491 interpretatur;
2635 4415 2758 4490 quia
2792 4417 2934 4472 inter
2959 4414 3134 4470 elatos
3159 4411 3318 4481 hujus
3344 4423 3448 4465 sa:-

1843 4515 1947 4570 culi
1974 4514 2227 4570 Christus
2261 4511 2667 4567 multitudinem
2712 4508 2951 4564 fidelium
2983 4507 3210 4570 invenit,
3237 4516 3303 4559 ex
3330 4503 3451 4573 qui-

1845 4611 1943 4666 bus
1975 4607 2274 4665 Ecclesiaih
2308 4611 2459 4663 Suam
2485 4604 2790 4661 fabricavit.
2824 4601 2892 4672 Et
2921 4599 3196 4672 perpende
3215 4598 3338 4669 quia
3367 4603 3454 4652 tu-

1845 4709 1930 4759 tus
1954 4703 2041 4759 hic
2081 4701 2219 4760 liber
2258 4704 2308 4757 in
2358 4701 2670 4772 septenario
2730 4701 2956 4754 numero
2984 4695 3258 4758 consistit,
3310 4691 3455 4747 sicut

1845 4807 1970 4852 sunt
1996 4807 2202 4867 septem
2238 4795 2517 4859 Ecclesiae,
2553 4793 2618 4849 ad
2658 4807 2792 4862 quas
2830 4792 2947 4847 haec
2974 4791 3180 4858 scripta
3205 4786 3453 4856 dirigun-

1847 4901 1952 4954 tur,
1987 4889 2130 4945 sicut
2162 4887 2288 4944 snnt
2331 4898 2540 4958 septem
2589 4885 2954 4949 candelabra,
2997 4889 3205 4954 septem
3251 4877 3450 4942 stellae,

1843 4995 2050 5053 septem
2071 4981 2368 5051 lampades,
2391 4991 2599 5050 septem
2629 4995 2835 5035 enrnua
2867 4977 3013 5048 agni,
3046 4981 3252 5044 septem
3277 4969 3444 5035 oculi,

1847 5085 2053 5147 septem
2078 5074 2254 5146 sigilla
2291 5116 2304 5141 ,
2350 5081 2560 5142 septum
2593 5071 2770 5142 angeli
2801 5069 2945 5124 tubis
2976 5073 3234 5119 canentes
3261 5103 3275 5126 ,
3323 5073 3445 5129 sep-

1848 5179 1957 5225 tem
1992 5168 2254 5232 tonitrua,
2289 5178 2496 5239 septem
2533 5166 2721 5221 itidem
2753 5163 2932 5235 angeli
2991 5159 3198 5230 phialas
3242 5154 3454 5210 haben-

152 5259 430 5329 prophetite
459 5261 636 5333 hujus,
670 5267 713 5313 et
740 5267 942 5314 seruant
974 5276 1050 5324 ea,
1079 5271 1194 5328 qua:
1221 5261 1272 5314 in
1297 5275 1355 5314 ea
1377 5261 1570 5330 scriptu
1598 5269 1736 5314 sunt.
1767 5249 1822 5310 Ῑ)
1849 5271 1951 5318 tes.
1986 5261 2118 5317 Nam
2144 5269 2198 5316 et
2229 5261 2393 5316 draco
2422 5260 2512 5331 qui
2545 5259 2821 5314 diabolum
2847 5299 2858 5319 ,
2894 5265 2946 5309 et
2980 5253 3152 5306 bestia
3182 5263 3304 5319 qum
3337 5246 3449 5301 An-

153 5351 284 5407 Tres
312 5353 525 5424 species
553 5351 903 5410 beatitudinis
925 5353 1135 5424 posuit:
1165 5352 1258 5408 sed
1284 5353 1403 5407 dure
1429 5353 1560 5406 nihil
1587 5365 1737 5418 sunt,

153 5443 196 5497 si
244 5443 403 5499 tertia
452 5444 713 5511 defuerit;
765 5461 886 5500 nam
925 5444 1057 5500 nihil
1084 5444 1293 5515 proficit
1323 5446 1402 5500 eis
1436 5446 1524 5516 qni
1559 5446 1741 5516 legunt

157 5547 244 5590 aut
269 5537 488 5592 audiunt
512 5537 760 5593 mandata
792 5538 908 5605 Dei,
943 5538 987 5594 si
1012 5554 1115 5595 non
1145 5548 1368 5595 servant
1399 5555 1482 5604 ea,
1513 5555 1634 5611 quae
1661 5539 1740 5595 le-

1851 5355 2160 5410 tichristmn
2185 5353 2453 5423 designat,
2486 5362 2717 5421 uterque
2744 5357 2952 5418 septem
2983 5345 3156 5412 capita
3192 5339 3449 5394 habuisse

1848 5448 1998 5504 visus
2047 5457 2128 5503 est
2166 5464 2178 5500 :
2222 5447 2474 5501 similiter
2518 5455 2572 5500 et
2603 5443 2810 5508 bestia,
2862 5449 3216 5509 superquam
3253 5431 3452 5488 mulier

1848 5541 2108 5597 meretrix
2138 5539 2300 5613 500
2328 5538 2535 5594 sedisse
2566 5538 2678 5591 visa
2703 5543 2825 5600 est;
2868 5544 2921 5589 et
2950 5531 2994 5586 si
3026 5531 3321 5602 diligenter
3347 5527 3451 5583 ad-

161 5769 172 5784 .
225 5705 248 5734 a
520 5696 776 5784 19mm?
801 5703 976 5772 usque
1005 5699 1073 5755 ad
1095 5702 1352 5784 “(neglig
1374 5701 1737 5784 ηιαηξίςδιαηξ,
1769 5699 2091 5784 ﬂor-nupti“,
2122 5698 2480 5784 jugulat-ﬁrm,
2508 5705 2630 5784 C'tlm
2660 5706 2842 5784 tamen"
2865 5695 2967 5752 hoc
3000 5693 3382 5784 fragmentum‘
3403 5690 3457 5784 ἐξ

158 5769 209 5854 in
233 5770 361 5854 edit.
381 5770 504 5854 Gil}.
521 5781 574 5854 et
594 5771 844 5854 omnibus
874 5761 1004 5832 mss.
1031 5761 1368 5854 repel-tatur:
1400 5775 1484 5834 cui
1504 5761 1665 5834 etiam
1698 5761 1754 5834 in
1775 5772 1898 5834 cod.
1924 5771 2078 5833 Gem.
2106 5761 2506 5847 praemittuntur
2522 5770 2628 5830 duo
2645 5771 2805 5854 primi
2833 5783 3025 5831 versus
3041 5761 3282 5846 eiusdem
3326 5761 3449 5825 libri

159 5843 522 5935 Apocalvpsis,
552 5845 606 5904 in
635 5843 770 5922 Reg.
799 5854 980 5905 autem
1007 5847 1214 5940 primus
1243 5862 1451 5928 versus,
