3944 6310
514 254 623 314 767

1554 259 1647 317 AD
1684 257 1912 316 OPERA
1955 258 2013 317 ε.
2056 257 2385 316 AMBROSII
2425 257 2791 317 APPENDIX.
3677 257 3758 319 768

511 383 719 443 vertas,
745 383 893 433 totus
917 376 1004 433 hic
1034 377 1242 434 liberin
1280 383 1491 446 septem
1537 374 1776 433 visiones
1820 375 2109 432 distinctus
2135 379 2188 440 Α
2212 376 2412 432 summi
2433 375 2767 444 Sacerdotis,
2787 374 2856 432 de
2873 390 2983 448 quo
2997 373 3287 432 Psalmista
3311 373 3562 446 loquitur,
3583 375 3756 436 dicens:

511 475 618 525 est.
652 468 834 526 Prima
863 478 970 536 est,
997 485 1116 543 qua:
1146 479 1356 543 septem
1381 469 1642 542 epistolas
1674 470 1742 525 ad
1775 482 1983 541 septem
2009 471 2114 527 Ee-

511 560 715 618 clesias
742 561 1043 620 destinatas
1079 564 1353 630 continet,
1383 573 1438 621 et
1463 574 1660 620 caetera
1691 579 1813 634 quae
1841 564 1912 620 ibi
1942 565 2118 620 conti-

513 662 716 713 nentur
748 675 760 711 :
792 657 1028 714 secunda
1060 666 1178 722 est,
1206 657 1258 712 in
1288 673 1392 729 qua
1416 657 1599 713 sedem
1642 659 1692 712 in
1727 657 1894 728 ﬁgura
1923 657 2116 714 Eccle-

512 752 611 809 size
641 752 697 809 in
729 753 874 811 caelo
906 754 1137 824 positam
1161 752 1320 821 vidit,
1351 763 1406 810 et
1435 768 1600 825 supra
1629 751 1813 809 sedem
1840 753 2116 808 Christum

513 845 798 902 sedentem
831 865 844 901 :
871 848 924 903 in
956 848 1113 904 tertia
1137 846 1324 920 Agnus
1355 847 1550 904 librum
1577 856 1634 903 et
1659 847 1829 919 sigilla
1853 849 2117 918 ejusape-

513 939 629 995 ruit
657 956 671 991 :
701 937 756 994 in
786 949 978 1012 quarta
1011 951 1221 1012 septem
1254 941 1431 1010 angeli
1463 951 1591 996 sunt
1615 943 1715 995 visi
1747 941 1892 996 tubis
1922 956 2123 997 canen-

511 1039 600 1088 tes
629 1050 642 1086 :
667 1033 720 1088 in
751 1033 941 1104 quinti
969 1044 1184 1102 septem
1219 1035 1416 1090 iterum
1435 1034 1614 1104 angeli
1640 1033 1738 1089 visi
1762 1044 1889 1088 sunt
1911 1034 2121 1106 phialas

517 1121 786 1181 habentes
819 1142 833 1180 :
873 1127 925 1181 iit
955 1135 1108 1182 sexta
1141 1130 1475 1182 resurrectio
1510 1127 1882 1183 describitur:
1917 1129 1969 1182 in
1998 1141 2121 1198 sep-

515 1217 647 1273 tima
673 1218 846 1289 gloria
887 1227 1200 1276 sanctorum
1235 1221 1286 1276 in
1323 1220 1489 1292 ﬁgura
1524 1220 1760 1278 civitatis
1786 1221 2121 1278 Hierusalem

516 1309 588 1367 de
628 1312 766 1367 caelo
797 1313 1186 1370 descendentis
1213 1314 1640 1371 demonstratur.

566 1402 751 1475 (Vers.
773 1403 1072 1477 5.)“Gratia
1090 1407 1229 1462 vobis
1245 1418 1291 1462 et
1312 1422 1415 1479 pax
1435 1406 1590 1472 abeo,
1611 1407 1838 1478 quierat,
1859 1419 1905 1464 et
1927 1410 2012 1480 qui
2028 1418 2121 1477 est,

513 1507 562 1552 et
592 1499 683 1567 qui
711 1509 953 1556 venturus
985 1511 1060 1557 est
1078 1544 1092 1567 ,
1121 1512 1168 1556 et
1196 1520 1229 1558 a
1248 1513 1440 1574 septem
1476 1505 1742 1572 spiritibus
1763 1547 1778 1572 ,
1807 1506 1895 1576 qui
1925 1505 1978 1559 in
2001 1521 2128 1560 con-

513 1600 691 1661 spectu
704 1590 877 1647 throni
894 1597 1006 1668 ejus
1021 1606 1163 1662 sunt;
1175 1607 1222 1651 et
1235 1613 1265 1650 a
1278 1594 1314 1650 J
1317 1613 1404 1651 esu
1421 1596 1645 1661 Christo,
1661 1600 1747 1670 qui
1762 1609 1833 1652 est
1846 1600 1986 1654 testis
1999 1601 2130 1670 ﬁde-

517 1682 607 1738 lis.
639 1682 736 1740 llic
759 1694 868 1742 tota
896 1686 1137 1744 Trinitas
1165 1689 1593 1757 demonstratur;
1623 1707 1719 1762 per
1745 1707 1868 1746 eum
1894 1707 2127 1764 namque

2223 466 2303 523 Tu
2325 485 2377 524 es
2393 469 2633 525 sacerdos
2659 470 2714 524 iu
2745 479 2991 524 (sternunt
3021 469 3307 523 secundum
3335 467 3560 523 ordinem
3587 466 3760 525 Melchi-

2217 562 2402 618 sedech
2423 561 2600 633 (Psal.
2629 577 2740 630 etx,
2773 562 2855 634 ι).
2886 561 3121 617 Possunt
3150 569 3206 615 et
3234 560 3392 615 aliter
3422 559 3575 615 electi
3597 561 3677 617 Dei
3695 578 3760 618 sa.

2219 655 2474 711 cerdoles
2506 655 2601 711 Dei
2632 655 2740 711 dici
2765 671 2780 721 ;
2809 670 2875 711 eo
2897 654 3038 726 quod
3087 655 3418 724 semetipsos
3446 655 3666 726 quotidie
3689 672 3759 725 per

2221 747 2700 818 compunctionem
2725 746 2906 804 cordis
2927 758 2982 804 et
3013 750 3320 813 orationes,
3344 759 3634 815 ceteraque
3658 749 3761 806 bona

2223 855 2388 911 opera
2416 839 2648 896 offerant
2672 840 2804 908 Deo,
2825 841 2964 896 sicut
2987 840 3116 896 dicit
3141 839 3458 896 Psalmista:
3490 840 3762 911 Sacriﬁciw

2226 933 2332 988 Deo
2363 935 2572 1005 spiritus
2601 934 2978 989 contribulatus
3006 933 3185 1006 (Psal.
3219 951 3272 999 L,
3313 932 3427 1005 19).
3461 932 3551 989 Est
3570 943 3619 989 et
3638 938 3766 992 sacri-

2225 1025 2406 1080 licium
2423 1025 2622 1090 laudis,
2649 1025 2794 1097 quod
2818 1025 3064 1096 quotidie
3081 1023 3284 1080 offerre
3301 1025 3411 1081 Deo
3434 1035 3612 1080 sancta
3626 1024 3767 1081 Eccle-

2225 1120 2302 1175 sia
2327 1120 2636 1183 consuevit,
2653 1118 2723 1175 de
2751 1135 2860 1190 quo
2878 1119 3021 1175 idem
3044 1117 3312 1189 propheta
3327 1117 3568 1188 loquitur
3593 1118 3763 1174 dicens:

2226 1211 2452 1269 Immola
2469 1211 2581 1268 Deo
2602 1214 2924 1283 sacriﬁcium
2947 1213 3120 1268 laudis
3145 1211 3486 1282 (Psal.x1.tx,
3506 1211 3610 1280 14).
3630 1212 3681 1266 Et
3698 1212 3766 1267 ite-

2227 1323 2344 1363 rum
2381 1327 2393 1364 :
2430 1309 2764 1379 Sacriﬁcium
2787 1309 2960 1363 laudis
2992 1307 3359 1377 ho’noriﬁcabit
3390 1303 3764 1377 me(lbid.€3).

2299 1401 2477 1474 (Vers.
2513 1400 2593 1472 7.)
2620 1400 2753 1456 Ecce
2773 1401 2908 1456 venit
2947 1417 3064 1455 cum
3095 1400 3337 1465 nubibus,
3389 1408 3438 1454 et
3484 1398 3656 1454 videbit
3689 1416 3768 1454 eam

2227 1495 2395 1549 omnis
2424 1496 2624 1562 oculus,
2658 1504 2705 1551 et
2745 1495 2836 1564 qui
2872 1511 2989 1549 eum
3034 1501 3385 1566 pupugerunt.
3430 1491 3610 1548 Veniet
3638 1494 3689 1547 ad
3707 1493 3768 1564 ju-

2228 1585 2434 1642 diciutn
2461 1602 2584 1642 eum
2627 1586 2888 1654 nubibus,
2930 1588 3071 1643 sicut
3108 1586 3244 1642 dicit
3267 1586 3463 1656 ipsein
3490 1585 3767 1656 Evangelia:

2233 1677 2298 1734 Et
2328 1688 2452 1733 tunc
2475 1679 2720 1734 videbunt
2742 1679 2940 1734 Filium
2975 1680 3203 1734 hominis
3225 1681 3514 1734 venientem
3534 1679 3584 1733 in
3605 1681 3771 1736 nubibus

515 1780 610 1849 qui
643 1789 779 1844 erat,
805 1789 862 1836 et
878 1782 1088 1853 quiest,
1109 1793 1164 1839 et
1181 1785 1271 1856 qui
1291 1797 1552 1842 venimus
1567 1799 1672 1855 es"
1699 1788 1858 1843 pater
1874 1788 2127 1859 designa-
2158 1792 2202 1852 Β
2233 1789 2350 1827 cum
2395 1782 2645 1844 potestate
2686 1790 2875 1845 magna
2902 1781 2951 1828 et
2987 1776 3261 1847 majestate
3283 1770 3508 1844 (Matth.
3535 1787 3664 1837 xm,
3688 1771 3768 1842 30).

519 1880 632 1927 tur.
657 1872 789 1929 Erat
812 1891 1044 1947 namque
1057 1888 1182 1934 ante
1203 1879 1646 1936 constitutionem
1667 1880 1852 1936 mundi
1873 1881 1991 1936 sine
2015 1882 2126 1937 ullo

519 1961 710 2031 initio;
743 1975 826 2022 est
848 1967 1008 2024 modo
1040 1979 1158 2040 post
1199 1973 1644 2029 constitutionem
1689 1973 1897 2037 mundi,
1930 1989 2126 2044 regens

522 2060 704 2114 omnia
733 2076 852 2132 qua:
877 2066 1081 2118 creavit
1105 2075 1156 2120 et
1177 2065 1485 2136 gubernans
1534 2083 1548 2120 :
1600 2078 1857 2122 venturus
1890 2075 1974 2122 est
1991 2067 2128 2139 {post

523 2151 686 2210 linem
727 2157 908 2212 mundi
939 2173 1059 2214 eum
1084 2159 1224 2216 Filio
1262 2173 1317 2216 et
1351 2162 1552 2233 Spiritu
1573 2173 1792 2230 saneto;
1835 2172 1894 2220 ut
1939 2173 2130 2236 regnet

523 2261 646 2302 cunt
675 2251 880 2306 sanctis
928 2254 1044 2309 suis
1094 2254 1149 2310 in
1181 2255 1380 2311 smeula
1412 2256 1760 2313 saeculorum.
1792 2257 1894 2314 Per
1915 2269 2124 2329 septem

527 2349 710 2397 autem
742 2344 965 2414 spiritus
992 2355 1214 2402 sanctus
1264 2349 1496 2418 Spiritus
1526 2365 1638 2416 ,,eo
1675 2350 1818 2420 quod
1855 2351 1927 2406 sit
1961 2353 2126 2423 septi-

523 2429 740 2500 formis,
769 2435 1107 2508 intelligitur.
1146 2439 1216 2494 Et
1240 2442 1304 2495 ab
1332 2440 1460 2498 Iesu
1493 2443 1722 2511 Christo,
1753 2446 1840 2514 qui
1870 2456 1944 2500 est
1981 2449 2129 2502 testis

526 2524 718 2594 ﬁdelis.
769 2527 866 2584 Ille
907 2531 1175 2587 veraciter
1224 2536 1378 2590 testis
1415 2534 1591 2592 ﬁdelis
1630 2537 1737 2592 dici
1788 2548 2002 2608 potest,
2035 2543 2127 2611 qui

523 2619 702 2673 nescit
731 2620 954 2677 mentiri
984 2639 996 2676 :
1038 2625 1129 2694 qui
1171 2625 1314 2695 quod
1337 2627 1533 2683 electis
1562 2627 1674 2684 suis
1697 2628 2131 2688 misericorditer

521 2710 840 2780 repromisit
869 2714 989 2770 sine
1007 2714 1170 2770 duhio
1199 2718 1445 2788 implebit
1473 2736 1487 2774 :
1513 2719 1607 2791 qui
1633 2736 1733 2776 nec
1754 2737 1900 2784 eum.
1925 2726 2012 2793 qui
2040 2740 2131 2780 ea-

527 2797 691 2857 licem
724 2817 878 2873 aqua:
902 2804 1115 2876 frigida:
1137 2810 1314 2879 egenti
1339 2809 1573 2878 dederit,
1589 2827 1616 2864 a
1633 2813 1884 2870 mercede
1899 2830 2128 2870 Vacuum

526 2891 863 2967 derelinquit
894 2899 913 2969 (
947 2897 1139 2958 Matth.
1183 2918 1248 2969 x,
1295 2901 1413 2975 ιη)
1451 2923 1465 2960 :
1509 2906 1664 2975 cujus
1703 2907 1866 2963 verba
1905 2909 1978 2964 ita
2027 2909 2130 2964 lixa

525 2998 874 3057 permanent,
906 3002 961 3046 ut
991 2991 1206 3048 facilius
1235 2994 1305 3049 sit
1339 2997 1538 3052 etelum
1577 3009 1634 3053 et
1672 3009 1871 3055 terrain
1904 3003 1956 3056 in
1989 3002 2132 3056 nihi-

523 3077 637 3134 lum
673 3081 868 3152 redigi,
893 3099 1054 3154 quam
1084 3086 1290 3156 aliquid
1321 3089 1593 3144 immutari
1617 3107 1680 3146 ex
1709 3093 1988 3162 omnibus,
2009 3111 2131 3165 quae

2233 1865 2340 1922 Sed
2370 1865 2646 1937 quomodo
2671 1880 2794 1922 eum
2819 1866 2997 1920 omnis
3024 1865 3217 1920 oculus
3243 1863 3481 1931 videbit,
3511 1879 3624 1918 cum
3644 1863 3771 1933 Scrip-

2232 1969 2348 2015 tura
2392 1960 2538 2016 dicat
2571 1977 2584 2014 :
2626 1959 2670 2015 Τ
2675 1961 2871 2016 ollatur
2904 1961 3128 2031 impius,
3169 1976 3234 2014 ne
3269 1960 3447 2013 videat
3487 1959 3680 2030 gloriam
3709 1959 3771 2015 Dei

2232 2053 2386 2126 (Esa.
2416 2070 2564 2122 xxvi,
2596 2055 2708 2127 10).
2738 2054 3008 2110 Videbunt
3038 2070 3161 2110 ettm
3193 2054 3345 2125 impii
3375 2055 3450 2110 ad
3482 2055 3716 2110 sinistram
3735 2056 3768 2110 in

2227 2148 2430 2219 judicio
2455 2148 2738 2205 constituti
2764 2149 2818 2204 in
2848 2164 2909 2204 ea
2935 2147 3133 2214 forma,
3164 2164 3271 2221 qua
3298 2149 3353 2204 in
3397 2147 3601 2204 mundo
3624 2153 3772 2204 consti-

2234 2252 2383 2298 tutus
2409 2244 2478 2298 ab
2497 2243 2809 2299 hominibus
2838 2243 3008 2300 videri
3043 2244 3218 2314 potuit
3241 2261 3254 2309 ;
3277 2243 3376 2299 sed
3410 2257 3520 2298 non
3539 2242 3590 2298 in
3614 2258 3770 2314 ea.qm

2234 2335 2377 2393 Deus
2398 2347 2482 2392 est
2507 2335 2672 2408 :justi
2694 2346 2874 2392 autem
2907 2337 2963 2392 in
2991 2352 3052 2392 ea
3084 2335 3337 2392 claritate
3371 2351 3506 2392 eum
3536 2336 3769 2402 videbunt,

2232 2446 2338 2503 qua
2361 2431 2521 2488 modo
2552 2432 2605 2487 in
2637 2431 2952 2488 caelestibus
2981 2430 3138 2499 positi
3170 2445 3293 2486 eum
3334 2429 3563 2495 vident,
3583 2439 3631 2487 et
3647 2431 3768 2485 visuri

2233 2531 2359 2578 sunt
2389 2533 2508 2594 post
2539 2524 2703 2579 linem
2736 2523 2921 2578 mundi
2944 2522 2999 2577 in
3032 2532 3383 2592 perpetuum.
3413 2522 3524 2580 Sed
3547 2532 3598 2578 et
3615 2522 3769 2593 ipsiqtti

2234 2632 2356 2674 eum
2378 2627 2742 2689 pupugerunt,
2769 2618 2957 2686 velint,
2975 2617 3170 2677 nolint.
3188 2617 3380 2674 videre
3400 2617 3767 2689 compensatur:

2235 2711 2388 2782 impii
2407 2711 2659 2766 videlicet
2679 2710 2877 2778 Judzei,
2897 2711 2986 2782 qui
3001 2726 3124 2768 eum
3138 2710 3560 2776 cruciﬁxerunt;
3582 2719 3632 2765 ut
3650 2711 3771 2764 sciant

2234 2822 2395 2876 qttem
2428 2807 2738 2872 irriserunt,
2769 2805 2910 2862 sicut
2939 2807 3202 2877 scriptum
3248 2815 3333 2862 est
3384 2807 3443 2861 in
3497 2803 3769 2876 Evangelia:

2247 2897 2507 2956 Videbunt
2530 2899 2581 2952 in
2603 2916 2753 2971 quem
2778 2899 3149 2970 transfixerunt
3178 2898 3359 2972 (Joan.
3397 2915 3519 2966 ιιι,
3548 2897 3649 2969 37).

2309 2991 2374 3046 Et
2418 2992 2659 3064 plangant
2713 3008 2768 3046 se
2827 3008 2987 3060 super
3049 3008 3164 3048 eum
3224 3008 3402 3047 omnes
3455 2992 3608 3047 tribus
3650 3001 3769 3045 terra.

2236 3085 2336 3143 Per
2382 3103 2572 3144 omnes
2626 3089 2799 3145 tribus
2830 3098 2990 3146 terra:
3021 3089 3122 3146 soli
3169 3090 3386 3160 reprobi
3439 3088 3769 3158 intelliguntur.

528 3185 591 3226 se
621 3170 892 3230 facturum
924 3190 1049 3232 esse
1076 3179 1756 3255 prmdixitgPrimogenitus
1785 3198 2126 3254 mortuorum,
2161 3204 2207 3268 ρ
2243 3177 2511 3250 Ριθηεεηι
2541 3189 2723 3238 amem
2754 3197 2845 3249 se,
2877 3197 2975 3238 ουτ
3023 3193 3291 3254 βτῖεεθρίίι
3342 3182 3440 3238 θεῖ
3489 3191 3770 3250 comem95"”

527 3275 578 3321 et
609 3267 848 3339 princeps
868 3287 1048 3341 regum
1074 3281 1242 3328 terraz.
1270 3276 1555 3342 Quomodo
1582 3279 1834 3335 Christus
1859 3282 2133 3354 primoge-

530 3360 680 3418 nitus
711 3372 1052 3421 mortuorum
1085 3366 1307 3438 dicitur,
1337 3387 1460 3427 eum
1490 3373 1673 3443 ipsein
1695 3374 1803 3429 line
1826 3385 2131 3446 temporum

529 3453 604 3511 sit
631 3465 813 3520 natus.
845 3457 1247 3532 adventumque
1269 3463 1388 3533 ejus
1406 3465 1824 3524 innumerabilis
1841 3471 2134 3527 multitudo

532 3545 818 3606 hominum
853 3556 1247 3623 praecesserit?
1270 3554 1298 3593 δ
1333 3555 1438 3614 Sed
1473 3557 1873 3630 primogenitus
1905 3579 2001 3632 pro
2027 3563 2135 3634 pri-

529 3659 621 3700 mo
655 3645 900 3714 ponitur,
930 3649 1073 3705 sicut
1105 3650 1312 3718 primos
1351 3652 1406 3708 in
1450 3655 1653 3724 pepnlo
1691 3671 1788 3711 eos
1827 3673 2086 3712 vocamus
2117 3701 2131 3724 ,

525 3737 617 3808 qui
645 3754 756 3795 non
785 3752 970 3807 astate,
997 3743 1091 3799 sed
1122 3745 1331 3801 honore
1353 3757 1410 3802 et
1441 3747 1704 3819 dignitate
1727 3759 1959 3806 caeteros
1980 3763 2135 3807 ante-

527 3829 757 3893 cellunt.
790 3834 990 3890 Mortui
1015 3846 1194 3892 autem
1229 3838 1329 3910 ipsi
1351 3850 1498 3904 sunt,
1522 3840 1590 3897 de
1615 3841 1811 3912 quibus
1836 3842 2135 3915 Apostolus

528 3926 799 3998 loquitur,
828 3929 1052 3987 dicens:
1083 3931 1281 3987 Μονιηὶ
1299 3935 1435 3988 cnim
1453 3937 1594 4002 estis,
1624 3947 1673 3992 et
1697 3939 1800 3992 vita
1820 3950 1989 3994 vestra
2012 3939 2131 3994 abs-

528 4019 744 4076 condita
769 4032 845 4076 est
869 4039 990 4077 eum
1010 4023 1217 4080 Christo
1242 4027 1296 4080 in
1318 4025 1432 4082 Deo
1464 4027 1686 4100 (Coloss.
1716 4032 1894 4100 "1.5).
1924 4030 2134 4086 Primo-

527 4112 745 4183 genitus
789 4130 926 4188 ergo
972 4127 1312 4175 mortuorum
1338 4119 1592 4178 Chrisms
1621 4133 1727 4188 est,
1752 4126 1877 4195 quia
1909 4124 2027 4196 ipse
2050 4136 2133 4180 est

529 4205 764 4275 primus,
793 4217 848 4264 et
867 4219 1032 4280 caput
1058 4213 1304 4267 omnium
1347 4214 1647 4271 electorum
1691 4231 1938 4272 suorum.
1972 4217 2134 4272 Priu-

529 4315 650 4370 ceps
680 4317 859 4372 regum
883 4312 1054 4359 terrm.
1089 4305 1206 4362 ltex
1232 4323 1263 4362 a
1283 4308 1534 4378 regendo
1572 4310 1768 4367 dicitur
1802 4329 1816 4366 :
1846 4327 1944 4383 per
1975 4327 2132 4382 reges

528 4407 660 4463 ergo
685 4395 920 4465 apostoli
947 4408 996 4453 et
1027 4400 1208 4454 caeteri
1241 4403 1416 4457 sancti
1443 4401 1820 4474 designantur,
1847 4407 1939 4474 qui
1965 4414 2020 4459 et
2047 4420 2134 4460 se-

531 4488 794 4559 metipsos
821 4501 878 4546 et
917 4491 1053 4547 alios
1080 4509 1272 4565 regere
1289 4507 1587 4552 noverunt:
1614 4513 1709 4568 per
1722 4506 1922 4553 terram
1948 4508 2127 4554 autem

2236 3283 2383 3339 runt,
2413 3289 2511 3329 cur
2539 3285 2762 3346 propter
2813 3275 2980 3334 breve
3025 3276 3283 3348 gaudium
3333 3285 3646 3346 perpetuam
3687 3272 3773 3328 tris.

2238 3366 2410 3421 tiliam
2464 3369 2853 3439 aequisierunt.
2910 3369 3086 3426 Aliter
3119 3388 3133 3424 :
3166 3368 3299 3424 Ecce
3345 3371 3486 3424 venit
3538 3386 3641 3422 cum
3672 3367 3773 3420 iisii-

2235 3459 2350 3527 bus,
2381 3472 2606 3530 possunt
2635 3478 2732 3534 per
2747 3462 2919 3519 nubes
2941 3463 3169 3534 apostoli
3192 3465 3493 3534 exterique
3517 3461 3774 3534 praedicata

2235 3568 2323 3608 res
2355 3553 2605 3625 intelligi.
2641 3555 2798 3612 Venit
2827 3565 3007 3611 autem
3041 3571 3165 3612 eum
3195 3554 3458 3626 nubibus,
3491 3553 3685 3627 quando
3706 3566 3771 3606 no-

2237 3663 2358 3704 men
2393 3649 2512 3720 ejus
2543 3666 2638 3720 per
2674 3664 2894 3707 sanctos
2934 3652 3322 3722 pra-dicatores
3364 3653 3630 3709 universis
3649 3650 3772 3722 genti-

2235 3740 2336 3798 bus
2381 3745 2632 3799 innotuit.
2668 3744 2732 3799 Et
2761 3745 2948 3801 uidebit
2972 3763 3087 3801 eum
3117 3747 3284 3801 omnis
3305 3748 3495 3802 oculus
3521 3764 3540 3812 ;
3565 3747 3673 3818 quia
3695 3758 3772 3798 om-

2237 3848 2333 3888 nes
2360 3836 2449 3904 qni
2482 3837 2673 3893 oculos
2701 3837 3034 3904 habuerunt,
3065 3855 3188 3895 eum
3219 3839 3499 3906 viderunt,
3531 3853 3620 3895 eos
3638 3836 3773 3892 videli-

2235 3936 2325 3982 cet
2349 3930 2534 3984 oculos
2559 3930 2627 3986 de
2649 3932 2845 4002 quibus
2871 3934 2998 3989 dicit
3027 3933 3142 4004 ipse
3162 3935 3428 4005 apostolis
3457 3955 3470 3990 :
3504 3933 3644 3990 Beati
3663 3932 3773 3993 oculi.

2235 4021 2324 4090 qui
2350 4023 2540 4088 uident,
2572 4041 2688 4094 qua:
2709 4042 2795 4081 vos
2825 4027 3009 4081 ridetis
3033 4026 3184 4096 (Luc.
3209 4044 3266 4093 ι,
3291 4027 3412 4100 25).
3437 4027 3773 4084 [labebantur-

2237 4123 2346 4170 tem
2374 4116 2521 4186 impii
2543 4116 2714 4172 Judzui
2735 4119 3058 4187 oeulos,sed
3073 4136 3170 4176 eos
3197 4121 3390 4176 oculos
3413 4137 3522 4176 non
3535 4120 3768 4182 habebant.

2238 4208 2440 4278 quibus
2467 4211 2608 4266 Deus
2640 4212 2800 4286 501
2824 4213 3063 4271 videtur.
3094 4213 3164 4269 Et
3193 4217 3280 4287 qui
3314 4233 3429 4270 eum
3464 4225 3774 4288 pupugmut:

2235 4301 2288 4356 id
2319 4315 2402 4357 εει
2433 4304 2522 4375 qni
2551 4320 2674 4360 eum
2717 4311 2987 4378 persecuti
3034 4319 3182 4375 sunt,
3222 4317 3276 4364 et
3312 4312 3558 4366 membra
3585 4301 3774 4378 ejus,“

2236 4395 2396 4453 iidem
2424 4398 2566 4456 illius
2595 4401 2831 4457 maxima
2862 4418 2926 4458 ex
2958 4413 3109 4474 parte
3129 4405 3386 4460 conversi
3413 4415 3542 4460 sunt
3563 4446 3580 4470 ,
3611 4418 3669 4458 ex
3691 4399 3774 4471 qui-

2237 4491 2340 4547 bus
2366 4493 2466 4549 l'uit
2498 4496 2783 4564 apostolus
2811 4497 3032 4554 Paulus.
3074 4498 3142 4554 Et
3169 4501 3417 4572 plangent
3455 4517 3508 4555 se
3538 4514 3676 4568 super
3695 4509 3775 4548 eam

529 4578 1125 4653 Ecclesiadesignatur.
1155 4585 1456 4653 Quidilexit
1485 4604 1598 4657 nos,
1623 4599 1672 4644 et
1699 4590 1822 4644 lavit
1847 4607 1986 4645 nosa
2015 4607 2131 4662 pec-
2158 4596 2214 4656 Ι)
2238 4603 2413 4642 omnes
2443 4588 2605 4644 tribus
2645 4600 2817 4647 terras.
2857 4591 2962 4648 Per
2993 4607 3184 4650 omnes
3227 4594 3402 4649 tribus
3454 4603 3608 4649 terra:
3647 4586 3776 4644 oraui!

531 4673 660 4727 catis
675 4675 869 4729 nostris
890 4677 944 4730 in
967 4678 1221 4749 sanguine
1233 4682 1497 4753 suo.Ergo
1513 4683 1638 4754 quia
1656 4682 1875 4747 dilexit,
1897 4683 2028 4738 lavit
2047 4702 2061 4738 :
2078 4694 2134 4740 et

534 4766 662 4839 quid
679 4768 776 4822 ista
792 4768 990 4824 lavatio
1009 4771 1168 4826 nobis
1180 4775 1434 4842 contulit,
1450 4776 1735 4847 sequentia
1755 4776 2128 4833 manifestam.

609 4859 793 4932 (Vers.
821 4860 901 4934 6.)
928 4861 997 4916 Et
1018 4865 1138 4932 fecit
1167 4883 1261 4921 nos
1283 4885 1496 4939 regnum
1533 4880 1580 4924 et
1611 4871 1904 4926 sacerdotes
1938 4870 2044 4925 Deo
2085 4883 2132 4926 et

537 4951 711 5009 Patri.
745 4954 990 5023 Regnum
1018 4959 1109 5014 Dei
1142 4960 1382 5018 Ecclesia
1407 4964 1502 5020 Dei
1527 4964 1726 5020 dicitur
1751 4984 1763 5019 :
1795 4981 2018 5037 regnum
2046 4981 2135 5022 er-

533 5064 602 5118 go
628 5047 724 5105 Dei
756 5065 820 5105 ex
852 5050 1164 5108 hominibus
1189 5055 1440 5111 Christus
1473 5059 1611 5115 Deus
1634 5059 1779 5127 fecit,
1799 5061 2017 5130 quando
2037 5075 2133 5116 eos

538 5141 675 5198 tales
701 5144 1008 5213 constituit,
1042 5147 1094 5202 in
1126 5149 1327 5218 quibus
1357 5151 1472 5221 ipse
1510 5167 1630 5206 eunt
1655 5152 1820 5209 Patre
1847 5163 1902 5208 et
1927 5152 2132 5225 Spiritu

534 5247 724 5292 saneto
753 5238 1057 5297 inhabitare
1085 5253 1139 5298 et
1163 5258 1394 5314 regnare
1412 5245 1745 5316 dignaretur.
1772 5248 1903 5303 Nam
1921 5251 2009 5320 qui
2035 5249 2132 5305 de-

533 5327 820 5400 signantur
846 5349 941 5402 per
969 5349 1219 5406 regnum,
1247 5337 1346 5407 ipsi
1375 5347 1431 5393 et
1460 5354 1556 5408 per
1576 5340 1892 5397 sacerdotes
1917 5358 1929 5396 :
1951 5356 2138 5397 sacer-

533 5418 690 5477 dotes
720 5437 852 5495 ergo
875 5425 970 5483 Dei
999 5428 1165 5485 electi
1194 5428 1452 5487 dicuntur
1475 5446 1572 5499 ;eo
1593 5434 1736 5506 quod
1759 5435 2003 5491 membra
2025 5436 2136 5492 sint

613 5599 824 5686 a‘Rom.
860 5605 992 5661 edit.
1026 5607 1153 5686 hinc
1174 5622 1540 5680 expunxerat,
1573 5611 1759 5686 Gratia
1789 5614 2022 5672 vobis....
2047 5616 2135 5686 qui

537 5681 784 5745 venturus
799 5687 872 5730 est
900 5693 918 5731 :
943 5679 1086 5745 quod
1112 5695 1213 5735 nos
1239 5679 1305 5737 ex
1339 5699 1472 5740 mss.
1517 5699 1580 5739 ac
1609 5685 1733 5742 Gill.
1765 5679 2124 5742 restitutionis.

538 5741 674 5826 guto
704 5741 1019 5826 autemJton
1052 5750 1424 5826 infrequenter
1449 5756 1647 5826 similia
1678 5741 1784 5814 sibi
1819 5741 2130 5826 permiserit

541 5815 595 5871 iii
624 5817 858 5874 testibus
885 5815 1424 5890 Scripturm,'eadem
1462 5837 1492 5880 tt
1524 5822 1676 5883 nobis
1703 5829 1766 5884 ad
1800 5815 1959 5886 tidem
1993 5815 2123 5887 mss.

2237 4679 2528 4736 multitudo
2556 4683 2799 4753 gentium
2833 4694 3012 4755 potest
3028 4685 3276 4757 intelligi,
3309 4701 3433 4756 qua:
3462 4687 3528 4740 ad
3554 4682 3775 4740 Christum

2235 4788 2500 4830 conversa
2533 4788 2616 4830 est
2647 4795 2658 4830 :
2701 4793 2824 4847 quae
2856 4779 3100 4849 quotidie
3144 4779 3196 4834 iit
3238 4779 3479 4835 Ecclesia
3523 4777 3612 4832 Dei
3649 4771 3776 4846 posin

2236 4867 2440 4938 plangit
2465 4878 2687 4938 peccata
2720 4885 2839 4938 sua,
2888 4881 2948 4926 ut
2978 4871 3190 4927 veniam
3221 4886 3250 4925 a
3285 4871 3398 4927 Deo
3426 4866 3668 4936 consequi
3693 4876 3776 4917 me-

2235 4971 2440 5017 reatur.
2473 4961 2646 5016 Etiam
2672 4975 2834 5035 atque
2860 4980 3029 5030 amen,
3056 4963 3406 5020 conﬁrmatio
3434 4959 3684 5019 sermonis
3700 4964 3773 5011 est.

2312 5054 2493 5127 (Vers.
2524 5056 2602 5128 8.)
2626 5055 2742 5129 Ego
2763 5075 2874 5113 sum
2895 5103 2909 5125 ,
2940 5069 2980 5116 Α
3003 5069 3048 5114 et
3075 5071 3135 5113 Ω.
3159 5058 3297 5128 Quid
3319 5060 3391 5113 sit
3410 5056 3570 5127 alpha
3599 5063 3648 5110 et
3668 5061 3777 5106 ome-

2237 5161 2326 5217 ga,
2359 5151 2644 5218 sequentia
2675 5151 3053 5207 manifestam:
3082 5151 3131 5207 id
3147 5160 3248 5218 est,
3267 5150 3579 5221 principium
3606 5156 3648 5201 ct
3672 5143 3774 5213 ﬁuit-

2238 5241 2394 5299 Sieut
2417 5245 2532 5313 ipse
2549 5243 2686 5299 dixit
2706 5243 2912 5301 ludatis
2943 5265 2954 5300 :
2981 5245 3091 5318 Ego
3119 5246 3454 5317 principium,
3475 5243 3563 5314 qui
3582 5252 3625 5296 et
3643 5239 3777 5305 loquor

2238 5342 2378 5397 vobis
2430 5337 2610 5414 (Joatt.
2641 5355 2759 5408 vm,
2785 5339 2901 5410 25).
2935 5339 3118 5394 Potest
3167 5340 3330 5393 etiam
3356 5338 3600 5394 Salvator
3641 5339 3777 5386 nOSlef

2240 5435 2565 5508 principium
2592 5435 2716 5491 ideo
2745 5433 2876 5503 dici,
2903 5449 2969 5489 eo
2998 5431 3140 5505 quod
3164 5431 3279 5502 ipse
3309 5430 3383 5487 sit
3409 5427 3724 5502 principium,
3743 5417 3778 5472 id

2243 5616 2460 5688 etgedit.
2492 5616 2621 5673 Gill.
2655 5616 3035 5674 restituentur.
3190 5687 3195 5688 ί
3324 5685 3345 5688 Α
3410 5686 3418 5688 _
3520 5684 3531 5688 _
3702 5677 3712 5688 ο

2307 5686 2335 5726 ³ο
2362 5688 2438 5773 Ita
2462 5703 2620 5773 mss.;
2647 5702 2704 5744 at
2739 5690 2872 5745 edit.
2896 5687 3237 5773 econtrario
3266 5703 3280 5743 :
3309 5685 3419 5743 Sed
3451 5684 3776 5757 primogenita

2237 5769 2441 5832 proprie
2466 5769 2784 5815 mortuorum
2808 5769 3036 5832 ponitur.
