3944 6310
124 295 229 352 769

919 290 988 349 IN
1026 285 1502 350 APOCALYPSIN
1543 283 1916 348 EXPOSITIO
1958 289 2046 346 DE
2088 287 2361 349 VISIONE
2399 291 2638 350 PRIMA.

3326 295 3432 354 770

123 419 236 474 est,
271 415 498 466 creator
522 407 733 479 generis
760 407 1010 475 humani,
1039 419 1095 466 et
1116 419 1309 465 auctor
1337 408 1532 464 salutis
1561 425 1574 462 :
1609 406 1731 463 linis
1759 407 1806 468 Α
1837 404 1976 471 lunt,
2007 420 2232 462 necesse
2252 415 2411 462 estut
2426 407 2642 463 Domini
2667 407 3095 466 misericordiam
3122 411 3438 484 implorent,

121 509 345 566 autem,
380 501 508 572 quia
532 501 646 571 ipse
670 511 752 556 est
779 500 900 555 linis
927 500 1062 572 legis
1082 541 1097 566 ,
1128 500 1250 556 linis
1277 502 1491 565 mortis,
1523 500 1732 555 omnis-

119 608 228 664 que
251 593 741 663 prmvnricationis.
770 593 870 662 Qui
896 602 991 660 est,
1024 603 1068 648 et
1094 594 1182 665 qui
1209 605 1350 660 erat,
1382 605 1429 649 et
1449 594 1536 666 qui
1557 601 1737 648 ventu-

122 702 214 742 rus
243 696 321 742 est
375 687 715 760 omnipotens.
764 686 861 742 Est
885 685 1048 742 modo
1073 687 1126 743 in
1166 687 1370 742 mundo
1425 685 1733 743 Ecclesiam

121 791 281 835 suam
304 794 540 852 regens,
572 789 690 836 erat
717 788 845 836 ante
873 779 1319 836 constitutionem
1357 780 1546 836 mundi
1575 789 1737 836 aeter-

122 875 331 933 naliter
353 890 480 932 cum
511 874 671 932 Patre
694 889 1055 946 permanens;
1087 887 1353 932 venturus
1391 882 1476 931 est
1499 873 1567 931 ad
1590 873 1736 946 judi-

122 970 273 1027 cium
295 1012 311 1036 ,
345 979 407 1026 ut
427 970 634 1042 judicet
660 969 921 1026 mundum
954 971 1008 1026 in
1040 969 1314 1042 aequitate.

193 1066 388 1138 (Vers.
434 1066 516 1140 9.)
563 1067 672 1139 Ego
711 1065 943 1122 Joannes
971 1066 1131 1137 frater
1172 1075 1354 1132 vester,
1381 1077 1429 1121 et
1475 1066 1646 1122 socius
1681 1066 1734 1122 in

123 1162 496 1231 tribulatione,
529 1173 575 1217 et
605 1179 794 1236 regno,
822 1170 871 1217 et
903 1161 1150 1233 patientia
1177 1160 1232 1215 in
1247 1158 1392 1216 Iesu.
1430 1160 1735 1231 Discipulos

123 1266 287 1314 vocat
317 1255 541 1323 fratres,
561 1256 688 1328 quia
717 1255 1040 1312 unoChristi
1067 1255 1334 1327 sanguine
1365 1254 1654 1325 redempti,
1680 1262 1737 1311 et

122 1367 231 1410 una
259 1360 438 1409 matre
465 1350 713 1408 Ecclesia
737 1348 982 1420 generati
1013 1359 1188 1405 erant.
1214 1347 1433 1405 Socium
1462 1362 1520 1404 se
1546 1363 1734 1404 eorum

119 1444 178 1503 in
213 1443 600 1517 persecutione
643 1443 808 1500 etiam
846 1443 1008 1508 dicit,
1053 1442 1182 1514 quia
1231 1457 1422 1499 omnes
1462 1440 1737 1498 Ecclesiae

120 1538 427 1598 Domitiani
454 1538 764 1611 persecutio
806 1537 1122 1594 turbaverat
1153 1553 1168 1590 :
1200 1535 1407 1593 socium
1441 1535 1493 1590 in
1545 1549 1736 1606 regno,

119 1633 252 1706 quia
281 1644 337 1690 et
365 1648 425 1689 se
472 1631 775 1690 membrum
817 1630 1078 1688 Ecclesia:
1100 1673 1114 1697 ,
1161 1629 1303 1687 sicut
1326 1639 1381 1686 et
1411 1628 1514 1700 ipsi
1543 1637 1738 1696 erant,

119 1741 266 1797 quos
299 1726 415 1782 Deo
445 1724 806 1794 acquisierat,
839 1723 1149 1780 fatebatur:
1197 1722 1406 1779 socium
1437 1736 1496 1778 se
1542 1737 1735 1778 eorum

1835 510 1893 553 ut
1926 501 2191 569 perlicere
2217 503 2452 572 possint,
2500 503 2644 574 quod
2676 503 3021 569 desiderant;
3052 505 3280 581 Smyrna
3317 507 3442 564 lmic

1833 592 2192 664 supponitur,
2223 609 2342 664 quae
2369 595 2640 651 canticum
2677 611 2866 653 eorum
2899 599 3311 670 interpretatur.
3345 600 3444 658 Ille

1833 683 1980 740 enim
2013 685 2152 742 bene
2179 694 2402 754 cantat,
2434 688 2524 758 qui
2558 688 2989 748 misericordiam
3027 693 3328 751 conditoris
3357 692 3442 752 sui

1833 779 2000 836 corde
2026 781 2262 836 contrito
2283 821 2297 847 ,
2329 791 2383 836 et
2425 780 2714 840 humiliato
2753 785 2945 855 spiritu
2971 786 3300 858 deprecatur
3328 805 3343 844 :
3373 787 3444 846 de

1833 887 1942 945 quo
1956 883 2116 930 cantu
2135 874 2433 944 Apostolus
2455 875 2697 948 loquitur
2707 879 2892 936 dicens
2908 897 2921 936 :
2942 878 3224 939 Cantantes
3236 894 3282 940 et
3294 883 3442 956 psal-

1835 967 1994 1022 lentes
2021 967 2074 1022 in
2103 967 2348 1023 cordibus
2375 970 2556 1025 vestris
2581 968 2808 1028 Domino
2833 973 3053 1046 (Epltes.
3088 993 3199 1044 Lttt,
3231 977 3344 1050 15).
3376 977 3446 1035 Et

1833 1060 1959 1131 quia
1988 1061 2078 1132 qui
2105 1076 2134 1115 a
2165 1061 2275 1118 Deo
2305 1061 2549 1118 exaudiri
2576 1065 2720 1135 vult,
2748 1083 2975 1126 necesse
2999 1080 3083 1127 est
3113 1081 3170 1128 ut
3194 1072 3322 1129 vitia
3347 1071 3447 1130 de-

1835 1152 2136 1224 relinquat,
2169 1163 2224 1210 et
2245 1155 2310 1210 ad
2339 1154 2480 1211 bona
2509 1171 2675 1228 opera
2705 1161 2936 1231 agenda,
2959 1162 3012 1218 in
3043 1173 3303 1231 quantum
3335 1166 3447 1222 vir-

1837 1255 1924 1302 tus
1984 1249 2225 1319 suppetit
2268 1252 2621 1321 semetipsum
2672 1267 2986 1324 convertat;
3033 1259 3330 1334 Pergamus
3392 1263 3446 1321 in

1836 1339 2027 1396 ordine
2048 1342 2300 1413 sequitur
2321 1385 2336 1409 ,
2369 1359 2488 1415 quze
2511 1344 2709 1402 divisio
2730 1363 2996 1406 cornuum
3030 1351 3446 1424 interpretatur.

1837 1432 1953 1489 Duo
1983 1448 2185 1490 cornua
2215 1434 2269 1490 in
2295 1435 2396 1492 hoc
2426 1437 2547 1494 loco
2577 1438 2779 1496 malum
2807 1451 2867 1498 et
2899 1442 3099 1500 bonum
3122 1445 3450 1518 significant.

1837 1524 2056 1582 Cornua
2097 1528 2425 1597 dividimus,
2456 1532 2673 1602 quando
2711 1534 2853 1592 inter
2897 1535 3101 1593 bonum
3140 1549 3195 1595 et
3243 1541 3448 1599 malum

1837 1617 2246 1689 discernentes,
2277 1622 2480 1678 malum
2509 1639 2542 1680 a
2571 1624 2731 1681 nobis
2777 1627 3127 1699 repellimus,
3160 1640 3216 1687 et
3242 1632 3447 1692 bonum

1837 1713 2242 1784 amplectimur.
2278 1714 2345 1770 Et
2369 1715 2494 1787 quia
2525 1718 2785 1790 quamdiu
2816 1719 2870 1776 in
2903 1723 3145 1792 peccatis
3173 1726 3452 1796 iacemus,

121 1819 294 1875 etiam
325 1817 382 1874 ίη
412 1816 675 1889 patientia
716 1825 948 1873 testatus
971 1826 1086 1882 est;
1117 1815 1240 1887 quia
1268 1823 1327 1872 ει
1364 1815 1466 1886 ipsi
1498 1813 1736 1884 aequam-
1765 1823 1814 1884 Β
1840 1807 1894 1863 in
1941 1808 2178 1866 tenebris
2204 1825 2432 1880 sumus;
2459 1827 2582 1868 eum
2614 1823 2796 1871 autem
2828 1816 2967 1872 mala
2997 1832 3027 1873 a
3070 1817 3230 1875 nobis
3270 1819 3452 1892 rejici-

121 1911 294 1968 miter
315 1913 546 1968 adversa
568 1910 894 1976 tolerabant,
917 1911 1059 1965 sicut
1085 1918 1141 1966 et
1166 1908 1283 1980 ipse
1312 1908 1403 1980 qui
1425 1924 1522 1979 pro
1551 1923 1740 1965 amore

121 2005 339 2062 Christi
373 2006 425 2061 in
449 2005 706 2060 Patbmos
737 2004 912 2060 insula
935 2004 1204 2075 relegatus
1232 2003 1539 2060 tenebatur.

198 2096 389 2169 (Vere.
425 2099 541 2168 £0.)
572 2097 675 2152 Fui
695 2108 864 2153 autem
893 2098 949 2152 in
969 2097 1156 2168 spiritu
1179 2098 1233 2150 in
1253 2095 1528 2151 Dominica
1550 2095 1651 2150 die.
1681 2093 1736 2151 ln

121 2192 329 2265 Spiritu
356 2207 417 2250 se
448 2191 618 2248 fuisse
647 2191 813 2260 dicit,
844 2192 967 2263 quia
998 2199 1146 2247 tanta
1177 2190 1436 2263 mysteria
1460 2231 1474 2256 ,
1498 2205 1620 2261 qua:
1649 2204 1738 2246 se-

122 2294 400 2358 quuntur,
432 2299 540 2341 non
562 2285 910 2348 carnalibus,
957 2283 1054 2340 sed
1093 2283 1433 2356 spiritalibus
1451 2283 1625 2340 oculis
1661 2284 1743 2339 vi-

123 2378 249 2434 deri
283 2387 534 2448 poterant
567 2395 582 2431 :
613 2378 867 2432 Animalia
894 2379 1031 2433 enim
1071 2378 1222 2433 homo
1253 2394 1355 2432 non
1399 2377 1618 2449 percipit
1646 2393 1738 2442 ea,

121 2486 249 2541 que
278 2481 402 2525 sunt
428 2471 643 2541 spiritus
672 2469 769 2526 Dei
798 2469 842 2542 (l
869 2468 988 2525 Cor.
1011 2486 1072 2536 ιι,
1101 2469 1214 2542 14).
1250 2470 1531 2526 Dominica
1559 2479 1740 2526 autem

122 2561 254 2618 dies
306 2571 520 2634 tempus
566 2562 847 2634 Evangelii
895 2562 1182 2634 designat;
1240 2561 1308 2619 de
1345 2577 1455 2634 quo
1495 2571 1743 2633 tempore

122 2655 438 2726 Apostolus
463 2656 705 2728 loquitur
733 2655 926 2712 dicens
958 2672 971 2709 :
1004 2654 1140 2711 Ecce
1168 2672 1306 2710 nunc
1331 2665 1529 2728 tempus
1557 2672 1741 2728 accep.

123 2748 324 2815 labile,
373 2764 487 2804 ecce
525 2765 658 2803 nunc
695 2749 805 2804 dies
850 2748 1031 2804 salutis
1063 2747 1132 2818 (ll
1159 2747 1279 2804 Cor.
1323 2763 1395 2815 vt,
1427 2746 1506 2818 2).
1551 2747 1608 2803 In
1637 2762 1744 2819 quo

125 2848 387 2908 tempore
406 2839 682 2910 propheta:
702 2840 960 2912 mysteria
989 2840 1169 2895 divina
1195 2839 1448 2910 gentibus
1469 2853 1592 2896 esse
1614 2854 1747 2911 pan-

125 2931 319 2989 denda
349 2930 740 3000 praedixerunt.
765 2931 832 2986 Et
850 2930 1026 2987 audivi
1051 2940 1166 3003 post
1190 2947 1268 2987 me
1296 2947 1465 2986 vocem
1488 2941 1747 3004 tamquam

125 3026 275 3082 tuba:
319 3025 561 3080 dicentis.
588 3024 755 3094 Quasi
803 3033 925 3096 post
953 3039 1052 3080 nos
1100 3033 1212 3091 est,
1241 3023 1385 3095 quod
1411 3024 1744 3096 ignoramus.

127 3125 158 3156 ⁸
187 3119 373 3176 Aliter
405 3135 420 3173 :
461 3116 578 3174 Vox
609 3119 824 3175 Domini
853 3129 975 3190 post
1007 3133 1105 3174 nos
1134 3126 1250 3188 est,
1284 3117 1415 3190 quia
1452 3132 1553 3174 nos
1593 3115 1746 3188 quasi

1841 1919 1961 1959 mus
1980 1945 1995 1967 ,
2025 1914 2079 1960 et
2109 1903 2248 1960 bona
2275 1907 2490 1976 operari
2521 1908 2812 1980 incipimus
2831 1952 2846 1978 ,
2873 1912 3024 1984 quasi
3053 1926 3085 1967 a
3111 1913 3353 1970 tenebris
3383 1914 3454 1973 ad

1842 1995 2015 2052 lucem
2045 1997 2463 2068 progredimur”;
2495 2015 2600 2056 non
2634 2002 3084 2061 inconvenienter
3107 2016 3230 2076 post
3256 2007 3459 2080 Perga-

1843 2105 1988 2144 mum
2012 2088 2272 2161 Thyatira
2302 2091 2550 2163 sequitur
2575 2133 2591 2160 ,
2622 2109 2742 2165 quae
2778 2096 3080 2153 illuminata
3124 2099 3455 2173 interpreta-

1844 2193 1951 2240 tur.
1978 2185 2046 2240 Et
2073 2187 2195 2255 quia
2225 2201 2293 2242 ex
2319 2187 2640 2256 Operatione
2669 2191 3047 2248 mandatorum
3082 2193 3174 2250 Dei
3207 2195 3456 2265 pulchri-

1844 2279 1972 2335 tudo
2007 2279 2204 2335 animae
2233 2282 2536 2351 accrescit,
2566 2292 2620 2339 et
2651 2296 2856 2356 quanto
2882 2287 3007 2358 quis
3051 2287 3107 2342 in
3136 2290 3457 2361 operatione

1843 2371 2222 2429 mandatorum
2260 2374 2354 2430 Dei
2387 2375 2507 2446 plus
2533 2378 2763 2446 crescit,
2794 2391 2946 2436 tanto
2977 2381 3297 2453 ampliorem
3331 2384 3456 2454 pul-

1844 2464 2213 2524 chritudinem
2276 2470 2473 2524 anima:
2527 2484 2640 2527 suae
2686 2474 2934 2541 confert;
2990 2491 3098 2532 non
3155 2477 3456 2550 incongrue

1845 2569 1967 2627 pOSt
2014 2557 2368 2629 Thyatiram,
2418 2559 2605 2618 Sardis
2650 2564 2922 2635 sequitur,
2960 2581 3083 2636 qua:
3129 2569 3455 2640 principium

1848 2650 2265 2721 pulchritudinis
2317 2655 2726 2727 interpretatur.
2776 2658 3107 2733 Principium
3151 2664 3459 2734 pulchritu-

1847 2741 1989 2799 dinis
2021 2743 2144 2802 ideo
2172 2745 2394 2813 dicitur,
2419 2748 2543 2819 quia
2566 2757 2880 2807 sanctorum
2905 2753 3250 2823 pulchritudo
3277 2756 3330 2813 in
3354 2756 3457 2816 hac

1851 2837 1958 2892 vita
1987 2839 2294 2909 inchoatur,
2339 2849 2396 2898 et
2439 2841 2493 2896 in
2525 2849 2727 2900 aeterna
2777 2845 3112 2904 beatitudine
3153 2849 3455 2920 perﬁcitur.

1847 2929 2112 3002 Sequitur
2138 2933 2537 3005 Philadelphia,
2567 2952 2690 3008 quae
2716 2938 2934 2996 salvans
2961 2940 3334 3001 hareditatem
3367 2946 3463 3005 Dei

1849 3024 2070 3081 dicitur.
2105 3026 2244 3094 Quid
2273 3036 2358 3084 est
2395 3039 2576 3086 autem
2629 3029 2924 3089 barreditas
2975 3033 3104 3104 Dei,
3138 3037 3241 3094 nisi
3283 3037 3466 3097 omnis

1851 3121 2142 3179 multitudo
2170 3123 2495 3192 electorum,
2521 3126 2664 3182 sicut
2693 3127 2826 3183 dicit
2847 3129 3108 3188 Dominus
3129 3133 3195 3189 ad
3227 3134 3465 3206 prophe-

125 3213 285 3270 servi
318 3211 527 3284 fugitivi
570 3225 759 3268 sumus
788 3229 801 3267 :
852 3211 1114 3268 Dominus
1159 3221 1338 3268 alitem
1386 3220 1508 3281 pOSt
1539 3219 1747 3282 tergum
1777 3231 1824 3296 ρ
1857 3226 1963 3273 tam
1993 3236 2006 3273 :
2040 3215 2334 3274 ereditas
2361 3230 2541 3274 autem
2565 3237 2680 3276 mea
2708 3222 2878 3280 Israel
2900 3223 3073 3293 (Esai.
3108 3242 3222 3296 ιιι,
3253 3227 3374 3301 25)?
3400 3229 3470 3288 Et

124 3314 388 3363 nostrum
413 3306 654 3373 clamat,
683 3313 743 3361 ut
770 3319 870 3360 nos
895 3315 1140 3361 revocet.
1173 3303 1304 3361 Post
1329 3319 1389 3362 se
1411 3319 1542 3377 ergo
1576 3303 1744 3360 Joan-

126 3415 239 3457 nes
262 3414 455 3456 vocem
487 3397 724 3466 audivit;
756 3398 881 3470 quia
917 3399 1172 3470 mysteria
1198 3411 1323 3469 quae
1352 3405 1476 3453 tunc
1506 3397 1556 3454 ei
1590 3411 1749 3454 reve-

124 3491 250 3548 lata
274 3500 443 3557 sunt,
467 3489 708 3547 nondum
741 3489 977 3560 perfecte
1000 3498 1356 3560 cognoverat.
1381 3488 1512 3556 Quae
1542 3505 1646 3544 vox
1675 3488 1750 3543 si-

126 3585 287 3642 milis
321 3584 465 3640 ωδε
501 3583 701 3640 dicitur
737 3581 936 3651 fuisse;
967 3581 1034 3638 de
1062 3581 1162 3637 hac
1191 3581 1318 3637 tuba
1367 3581 1626 3652 prOpheta
1671 3582 1752 3638 lo-

128 3679 332 3753 quitur
371 3677 598 3734 dicens:
631 3677 811 3733 Clama
836 3717 851 3742 ,
902 3693 966 3731 ne
995 3692 1190 3744 cesses,
1233 3681 1383 3745 quasi
1431 3676 1551 3731 tuba
1579 3677 1751 3731 exalto

127 3787 320 3827 vocem
347 3780 489 3825 tuam
509 3812 522 3838 ,
548 3780 594 3825 et
619 3769 873 3825 annuntio
899 3769 1092 3840 papula
1123 3784 1235 3824 meo
1261 3767 1459 3824 scelera
1487 3784 1682 3836 eorum,
1705 3777 1756 3824 et

131 3865 326 3922 domui
346 3863 512 3920 Iacob
539 3875 753 3936 peccata
779 3880 961 3920 eorum
988 3862 1154 3935 (Esa.
1185 3879 1333 3931 Lvut,
1369 3863 1456 3937 l).
1494 3863 1646 3920 Tuba
1685 3862 1754 3920 ad

132 3959 500 4033 pugnandum
524 3959 726 4015 milites
755 3972 1054 4030 provocare
1080 3957 1222 4014 solet
1246 3999 1262 4026 ,
1285 3958 1541 4014 similiter
1570 3967 1628 4015 et
1656 3973 1758 4016 nos

134 4068 337 4112 sermo
393 4053 490 4109 Dei
539 4053 608 4110 ad
656 4053 1002 4126 pugnandum
1032 4061 1228 4109 contra
1273 4051 1550 4110 diabolum
1596 4062 1760 4124 atque

136 4145 481 4204 vincendum
512 4147 739 4203 incitare
761 4161 866 4203 non
897 4145 1120 4204 desinit.

223 4241 412 4316 (Vers.
438 4242 551 4316 ll.)
585 4244 738 4310 Quod
758 4243 925 4313 vides,
954 4243 1120 4300 scribe
1135 4244 1190 4299 in
1210 4243 1375 4312 libro,
1406 4253 1452 4298 et
1474 4243 1616 4299 mitte
1639 4258 1760 4315 sep-

141 4348 255 4395 tem
280 4337 557 4405 Ecclesiis,
609 4337 874 4410 Ephesum
904 4347 951 4394 et
995 4339 1312 4411 Smyrnam,
1354 4337 1670 4409 Pergamum
1715 4348 1763 4395 et

148 4427 484 4503 Thyatiram,
544 4429 732 4488 Sardis
768 4441 817 4487 et
857 4430 1287 4502 Philadelphiam
1332 4441 1382 4488 et
1424 4415 1760 4488 Laodiceam.

146 4525 264 4582 Per
290 4523 389 4580 has
408 4533 617 4595 septem
641 4523 918 4581 Ecclesias
944 4540 1046 4580 una
1065 4523 1314 4582 Ecclesia
1337 4524 1628 4594 catholica,
1659 4526 1766 4584 sic-

1853 3311 1907 3366 in
1937 3327 2046 3383 quo
2086 3312 2234 3368 salus
2255 3313 2556 3370 electorum
2603 3316 2889 3381 consisut,
2931 3319 3033 3374 nisi
3065 3319 3119 3375 in
3147 3322 3467 3392 operatione

1854 3403 2233 3460 mandatorum
2267 3405 2363 3460 Dei
2394 3404 2545 3478 (Luc.
2578 3422 2693 3475 χιχ,
2727 3408 2861 3480 10)?
2893 3408 3026 3466 Nam
3057 3411 3152 3469 ille
3193 3415 3286 3486 qui
3317 3417 3468 3473 venit

1853 3513 2103 3568 quaerere
2125 3508 2180 3554 et
2225 3499 2439 3555 salvare
2463 3501 2608 3571 quod
2637 3503 2909 3571 perierat,
2941 3502 3048 3560 illis
3091 3506 3320 3563 salutem
3349 3510 3469 3565 ani-

1855 3603 2068 3644 marum
2096 3589 2346 3660 largitur,
2377 3591 2468 3660 qui
2502 3591 2754 3647 mandata
2784 3594 2904 3663 ejus
2931 3595 3132 3668 singuli
3165 3599 3466 3659 secundum

1859 3682 2132 3753 propriam
2166 3683 2420 3739 virtutem
2452 3685 2785 3741 custodiunt.
2814 3685 3080 3744 Laodicea
3107 3691 3340 3760 septima
3374 3708 3473 3764 po-

1859 3773 2026 3840 nitur,
2081 3775 2206 3846 quia
2255 3776 2428 3832 tribus
2476 3775 2728 3832 amabilis
2780 3778 3009 3834 Domino
3054 3780 3470 3853 interpretatur.

1861 3869 2058 3926 Tribus
2088 3880 2268 3927 autem
2300 3872 2548 3928 amabilis
2578 3872 2809 3930 Domino
2839 3885 2922 3932 est
2961 3878 3139 3934 omnis
3182 3880 3472 3938 multitudo

1860 3963 2156 4021 electorum
2181 4006 2192 4028 ,
2221 3981 2343 4036 qua:
2393 3974 2474 4022 est
2521 3966 2762 4024 Ecclesia
2788 4009 2803 4036 ,
2827 3984 2948 4041 qua:
2978 3986 3075 4042 per
3120 3970 3478 4030 abrenuntia-

1862 4055 2068 4112 tionem
2109 4055 2395 4123 vitiorum,
2428 4065 2485 4114 et
2531 4073 2627 4127 per
2672 4060 2932 4116 virtutum
2979 4065 3353 4134 operationem
3401 4067 3469 4126 ad

1864 4148 1969 4206 hoc
1993 4153 2278 4222 pervenit,
2311 4162 2370 4207 ut
2397 4151 2570 4208 tribus
2597 4152 2847 4211 amabilis
2875 4156 3104 4215 Domino
3131 4172 3374 4218 vocetur.

1941 4244 2119 4317 (Vers.
2147 4244 2260 4314 12.)
2286 4244 2352 4300 Et
2373 4261 2648 4302 conversus
2667 4265 2804 4318 sum,
2825 4260 2876 4304 ut
2898 4251 3122 4308 uiderem
3140 4271 3332 4325 rorem,
3354 4275 3472 4330 qua:

1869 4338 2174 4410 loquebatur
2191 4357 2406 4396 mecum.
2431 4341 2542 4398 Cur
2563 4342 2767 4399 tamdiu
2789 4358 3013 4403 aversus
3034 4351 3221 4406 stetit?
3240 4349 3348 4408 Cur
3367 4369 3477 4412 non

1869 4432 1934 4488 ad
1963 4434 2190 4504 primum
2239 4435 2405 4491 ictum
2437 4438 2713 4494 sermonis
2743 4455 2904 4497 aures
2950 4442 3068 4512 ejtts
3099 4446 3477 4516 percutientis,

1870 4527 1938 4582 ad
1967 4544 2092 4584 cum
2122 4543 2420 4586 conversus
2448 4540 2563 4600 est,
2608 4531 2702 4603 qui
2728 4549 2758 4588 a
2789 4542 2942 4606 tergo
2967 4535 3336 4608 loquebatur?
3365 4541 3474 4600 Sed

150 4624 220 4673 ut
257 4617 638 4687 interpretatio
665 4615 948 4672 nominum
979 4615 1175 4685 docet,
1205 4617 1540 4689 designatur.
1583 4617 1764 4690 Ephe—
1793 4632 1848 4694 Β
1872 4619 2029 4677 nobis
2051 4622 2362 4692 exemplum
2393 4622 2578 4690 dedit;
2611 4640 2735 4680 nam
2771 4625 2838 4682 ad
2867 4626 3152 4686 Dominum
3178 4632 3268 4705 qui
3295 4649 3479 4692 secum

153 4727 256 4769 sus
286 4725 522 4783 namque
549 4710 832 4779 voluntas,
870 4711 986 4766 sive
1014 4710 1302 4767 consilium
1332 4712 1765 4782 interpretatur;

153 4805 395 4879 Smyrna
463 4804 734 4862 canticum
784 4820 1008 4873 eorum;
1062 4805 1359 4878 Pergamus
1395 4806 1593 4863 divisio
1639 4822 1763 4864 cor-

157 4915 361 4967 nuum;
388 4897 644 4971 Thyatira
676 4899 1020 4967 illuminata;
1059 4898 1245 4956 Sardis
1284 4900 1607 4971 principium
1646 4903 1766 4975 pul-

159 4993 534 5060 chritudinis;
567 4993 943 5065 Philadelphia
984 4993 1202 5050 salvans
1233 4994 1606 5053 hasreditatem
1641 4997 1766 5065 Dei;

160 5089 434 5146 Laodicea
463 5089 636 5146 tribus
685 5088 936 5145 amabilis
979 5089 1234 5146 Domino.
1281 5089 1528 5159 Ephesus
1581 5091 1766 5162 igitur,

163 5198 290 5256 quae
318 5183 490 5254 prima
522 5184 758 5250 ponitur,
791 5183 1007 5240 initium
1031 5183 1406 5240 conversionis
1428 5184 1771 5257 uniuscujus-

162 5295 277 5352 que
299 5279 672 5346 demonstrat;
697 5280 1088 5350 interpretatur
1109 5295 1342 5351 namque
1361 5280 1635 5348 voluntas,
1659 5280 1776 5338 sive

166 5373 484 5430 consilium.
517 5373 670 5443 Qund
700 5375 845 5432 enim
893 5376 1088 5431 melius
1130 5375 1449 5440 consilium,
1478 5393 1638 5448 quam
1680 5391 1776 5433 vo-

168 5466 351 5523 luntas
397 5467 569 5534 bona,
615 5484 735 5537 qua:
767 5467 968 5523 homini
1014 5467 1209 5523 suadet
1248 5469 1636 5525 abrenuntiare
1662 5468 1780 5524 dia-

172 5558 336 5628 bolo,
365 5568 423 5615 et
446 5560 598 5630 sequi
626 5557 934 5627 Christum,
970 5560 1278 5632 relinquere
1308 5559 1463 5626 vitia,
1497 5569 1556 5616 et
1583 5575 1780 5631 appre-

1871 4714 2192 4785 loquebatur
2215 4755 2232 4784 ,
2262 4731 2369 4771 non
2395 4716 2547 4789 prius
2581 4731 2883 4775 conversus
2909 4731 2994 4778 est
3019 4765 3033 4788 ,
3065 4740 3225 4796 quam
3259 4729 3482 4785 nomina

1876 4807 2243 4865 Ecclesiarum
2265 4850 2282 4878 ,
2309 4809 2375 4865 ad
2405 4826 2540 4882 quas
2567 4811 2812 4869 scribere
2837 4816 3258 4888 pracipiebatur
3280 4862 3296 4886 ,
3324 4822 3484 4878 audi-

1875 4915 1978 4962 ret.
2027 4905 2097 4961 Et
2124 4906 2378 4976 superius
2409 4906 2648 4964 breviter
2677 4908 2919 4965 diximus
2949 4927 3050 4983 per
3081 4913 3485 4986 interpretatio-

1877 5014 1978 5056 nes
2027 5003 2305 5056 nominum
2359 5013 2570 5074 septem
2624 5003 2989 5062 Ecclesiarum
3041 5009 3182 5063 viam
3232 5009 3488 5066 demons-

1876 5096 2010 5153 trari
2031 5139 2045 5164 ,
2075 5113 2194 5168 qua:
2224 5096 2377 5154 ducit
2417 5097 2484 5154 ad
2511 5099 2700 5156 vitam.
2742 5101 2998 5173 Quisquis
3025 5100 3190 5173 igitur
3219 5118 3316 5174 per
3345 5102 3488 5161 hanc

1879 5191 2021 5246 viam
2044 5190 2124 5246 ire
2149 5191 2214 5247 ad
2240 5191 2408 5248 Deum
2433 5193 2728 5262 desiderat,
2751 5205 2844 5251 aut
2864 5196 3092 5266 legendo
3117 5239 3131 5263 ,
3164 5204 3258 5251 aut
3279 5197 3348 5255 ab
3364 5197 3489 5257 aliis

1878 5285 2174 5354 audiendo,
2198 5288 2434 5358 qualiter
2453 5303 2554 5360 per
2577 5292 2716 5344 hane
2743 5289 2884 5343 viam
2908 5289 3060 5358 gradi
3087 5291 3249 5364 502
3271 5291 3488 5364 debeat,

1881 5379 2211 5451 investigare
2241 5379 2432 5447 debet;
2462 5379 2586 5450 quia
2619 5379 2820 5435 stultus
2842 5380 3016 5435 viator
3046 5391 3159 5449 est,
3191 5384 3281 5454 qui
3310 5383 3378 5440 ad
3412 5385 3493 5442 lo-

1880 5489 2004 5530 cum
2043 5483 2286 5543 optatum
2318 5473 2397 5529 ire
2439 5471 2748 5540 desiderat,
2788 5481 2843 5529 et
2885 5472 3024 5527 viam
3067 5476 3237 5531 nescit
3267 5493 3282 5543 ;
3309 5476 3357 5534 si
3385 5494 3495 5537 non

1883 5567 2036 5638 prius
2059 5565 2275 5622 discere
2319 5564 2620 5628 studuerit,
2650 5579 2775 5636 qua:
2805 5564 2875 5621 sit
2903 5567 3184 5639 longitudo
3209 5569 3343 5637 viae,
3375 5589 3497 5644 quae

177 5651 423 5710 hendere
447 5652 713 5710 virtutes?
735 5653 801 5710 Et
829 5653 955 5726 quia
987 5652 1080 5725 qui
1113 5653 1181 5710 ad
1210 5651 1380 5710 Deum
1412 5652 1657 5711 converti
1687 5667 1783 5711 vo-
1885 5659 2177 5730 asperitas,
2205 5658 2300 5731 qui
2335 5655 2613 5714 anfractus
2639 5695 2656 5726 ,
2686 5672 2809 5730 quae
2837 5659 3128 5733 paericula;
3162 5673 3222 5722 ut
3242 5680 3364 5723 cum
3393 5665 3500 5727 iter

263 5862 290 5896 ⁸
321 5865 486 5924 Deest
510 5866 566 5925 in
595 5867 714 5927 cod.
748 5867 882 5940 Reg.
918 5876 971 5926 et
999 5865 1183 5936 Gem.,
1213 5864 1423 5922 Aliter:
1465 5859 1912 5938 Vox_Domini....
1946 5872 1998 5918 ut
2030 5880 2123 5921 nos
2152 5871 2366 5919 revocet.
