3944 6310
525 275 628 330 771
1569 259 1662 317 AD
1701 255 1936 314 UPERA
1973 255 2032 311 S.
2076 250 2400 312 AMBROSII
2443 253 2816 311 APPENDIX.
3694 261 3774 318 πὶ

507 385 774 452 scandere
795 378 1299 454 cmperit,perir:u|a
1332 375 1660 449 praecognita
1693 370 1906 427 facilius
1940 381 2116 426 trans-
2141 372 2195 436 Α
2220 370 2368 426 vium
2411 370 2670 440 fuerunt,
2711 370 2982 443 designat.
3036 371 3171 442 Qua:
3221 371 3379 443 cujus
3409 372 3599 429 coloris
3627 373 3771 440 fuerit,

506 491 618 537 eat.
665 480 860 534 Multos
903 476 1045 534 enim
1091 473 1324 529 vidimus
1373 469 1630 526 smculum
1680 464 2003 536 reliquisse,
2057 474 2116 518 ut
2221 476 2326 517 non
2356 462 2589 530 dicitur;
2623 478 2690 519 eo
2715 463 2858 534 quod
2880 464 3086 521 nullam
3115 466 3281 521 aliam
3307 466 3630 536 legem,uisi
3652 479 3774 524 natu-

504 588 604 643 per
649 568 1126 640 conteu‘tplatiunis
1167 566 1306 621 viam
1362 563 1529 618 vitam
1561 569 1824 616 teternam
1871 557 2116 626 acquire-
2214 555 2384 616 ralem
2405 595 2420 621 .
2449 555 2762 616 habuerim.
2791 555 3066 612 Naturalis
3092 567 3270 626 autem
3301 559 3387 612 lex
3417 569 3498 613 est
3521 569 3771 618 creatorem

506 675 667 731 rent;
716 661 814 718 sed
852 663 977 732 quia
1011 659 1322 716 nescierunt
1353 658 1703 726 asperitatem
1754 651 1856 706 vim
1878 691 1892 714 ,
1934 648 2115 704 subito
2211 663 2368 708 suum
2389 648 2615 720 diligere
2635 691 2649 714 ,
2681 657 2738 705 et
2763 649 2907 720 quod
2927 649 3029 706 sibi
3055 651 3176 721 quis
3211 666 3320 706 non
3351 651 3465 706 vult
3487 651 3620 719 ﬁeri,
3645 653 3770 710 alteri

503 758 789 814 cecidisse.
834 753 941 810 Sed
972 761 1150 824 potest
1191 750 1306 805 ﬁeri
1332 791 1345 814 ,
1378 759 1435 804 ut
1480 757 1671 802 contra
1721 743 1835 808 hinc
1871 741 2118 798 tes:inno.—
2215 757 2322 796 non
2354 740 2556 798 facere.
2585 740 2733 800 Hanc
2757 743 2935 815 legem
2965 744 3184 812 nullus,
3215 746 3308 816 qui
3344 747 3548 802 ratione
3569 747 3771 804 suﬂuluu

504 850 656 908 nium
689 850 840 906 vobis
861 847 930 904 de
959 848 1140 903 divina
1173 844 1455 916 Scriptura
1479 841 1676 912 aliquis
1705 839 1929 908 objiciat
1950 880 1964 902 ,
1995 853 2114 906 qua:
2209 845 2315 901 est,
2335 837 2588 907 ignorare
2608 837 3076 908 perniittitur.Per
3097 851 3487 895 zonamautem
3502 841 3771 912 patriarcha

499 943 634 1001 dicit
669 962 682 998 :
733 940 817 997 Nc
843 941 1017 996 tardes
1049 939 1275 995 converti
1313 936 1381 992 ad
1420 933 1588 988 Deum
1618 930 1787 1004 (Eccl.
1817 946 1881 997 ν,
1905 929 1982 1000 8).
2031 926 2111 992 Ad

499 1041 617 1095 inec
647 1051 749 1108 ego
779 1034 1090 1106 respondeo
1114 1075 1130 1102 ,
1177 1032 1303 1104 quia
1328 1031 1436 1100 jam
1465 1027 1532 1082 ad
1574 1026 1748 1082 Deum
1779 1035 2068 1080 convertor
2095 1063 2110 1088 ,

496 1145 620 1188 cum
651 1131 790 1186 viam
816 1145 936 1201 quae
959 1130 1024 1190 ad
1054 1143 1179 1184 eum
1211 1124 1392 1190 ducit,
1422 1123 1749 1192 investigare
1768 1137 1872 1176 non
1895 1118 2108 1174 desino.

497 1225 568 1282 Et
597 1223 726 1295 quid
751 1232 874 1290 est,
905 1221 1053 1293 quod
1082 1220 1216 1276 dicit
1247 1235 1260 1274 :
1293 1216 1362 1274 Et
1404 1231 1679 1274 conversus
1707 1231 1820 1270 sum
1839 1256 1851 1278 ,
1885 1220 1939 1267 ut
1965 1211 2108 1266 cide-

492 1333 605 1373 rem
634 1333 805 1373 vocem
823 1333 842 1382 ;
865 1330 989 1370 cum
1034 1330 1137 1378 vox
1165 1329 1274 1370 non
1317 1311 1522 1376 oculis,
1555 1308 1648 1366 sed
1683 1306 1905 1368 auribus
1930 1305 2108 1376 percic

491 1411 718 1485 piatur?
743 1409 851 1468 Sed
897 1408 1137 1468 Joannes
1167 1407 1219 1462 in
1246 1405 1441 1476 spiritu
1475 1405 1688 1476 positus
1719 1444 1732 1469 ,
1773 1398 2113 1473 spiritalibus

489 1504 668 1562 oculis
699 1519 761 1559 ea
795 1519 916 1574 qua:
963 1510 1292 1572 sequuntur,
1342 1498 1526 1554 videre
1575 1495 1894 1566 promeruit.
1929 1493 2115 1563 Neque

488 1612 629 1670 Opus
659 1607 782 1654 erat
811 1597 882 1652 ibi
911 1611 1073 1651 voces
1106 1594 1394 1658 verborum
1429 1601 1777 1663 perstrepcre
1803 1632 1817 1655 ,
1845 1589 1937 1644 ubi
1965 1589 2113 1646 intus

490 1700 614 1749 erat
667 1691 809 1748 Deus
837 1732 850 1756 ,
895 1689 984 1759 qui
1019 1687 1270 1744 docebat.
1326 1687 1543 1742 Aliter:
1597 1683 1686 1740 ille
1735 1689 2112 1752 competenter

2213 938 2268 984 et
2297 930 2483 986 caeteri
2507 930 2638 1002 justi
2662 973 2677 998 ,
2702 933 2792 1003 qui
2823 944 2949 990 ante
2968 934 3144 1005 legem
3164 934 3421 1000 fuerunt,
3449 935 3767 1006 designantur.

2212 1021 2344 1092 Quae
2363 1038 2529 1086 aurea
2564 1023 2793 1093 dicitur,
2825 1028 2950 1096 quia
2981 1027 3168 1086 multis
3189 1028 3642 1096 tribulationibus,
3665 1033 3772 1086 sicut

2213 1133 2404 1186 aurum
2459 1119 2514 1174 in
2573 1117 2795 1182 fornace
2847 1119 3057 1190 probati
3115 1137 3239 1180 esse
3293 1138 3616 1178 noscuntur:
3663 1127 3770 1180 sicut

2213 1212 2490 1280 Abraham
2512 1254 2528 1279 ,
2558 1215 2648 1284 qui
2672 1214 2740 1271 de
2766 1217 2888 1287 igne
2909 1214 3295 1274 Chaldaeorum
3321 1227 3512 1274 erutus
3529 1229 3608 1274 est
3633 1236 3644 1270 :
3665 1221 3770 1276 sicut

2215 1303 2376 1372 Loth,
2405 1321 2564 1376 quem
2593 1306 2897 1366 Sodomita:
2942 1307 3260 1366 afﬂixerunt
3291 1329 3305 1363 :
3334 1312 3478 1366 sicut
3513 1311 3646 1370 Laac
3666 1354 3678 1378 ,
3701 1319 3768 1383 qui

2213 1398 2513 1456 caecitatem
2568 1400 2792 1470 pertulit
2827 1420 2840 1453 :
2883 1403 3026 1458 sicut
3077 1401 3279 1470 lat-ob,
3311 1408 3402 1474 qui
3446 1416 3769 1474 persecutione

2216 1488 2399 1550 fratris
2429 1501 2592 1562 atquc
2619 1492 2796 1556 soceri
2833 1503 2916 1550 est
2941 1491 3177 1556 amictus
3209 1512 3224 1548 :
3257 1495 3405 1556 sicut
3446 1495 3634 1567 «Ioseph
3656 1540 3668 1562 ,
3700 1502 3766 1570 uti

2215 1585 2584 1655 Captivitatem
2638 1597 2691 1642 et
2718 1602 3000 1650 carcerem
3043 1587 3349 1650 suatinuit:
3379 1589 3522 1648 sicut
3560 1589 3768 1662 Μ).ςηὶ

2215 1679 2567 1744 amissionem
2615 1697 2834 1747 rerum,
2882 1680 3172 1752 diramque
3221 1683 3534 1753 passionem
3577 1686 3767 1754 pertulit

487 1787 656 1845 verba
684 1785 777 1842 Dei
810 1783 961 1840 audit
999 1783 1088 1852 qui
1119 1781 1263 1852 quod
1291 1778 1559 1843 audierit,
1591 1777 1766 1834 oculis
1793 1776 1995 1834 mentis
2026 1774 2109 1832 in-
2139 1784 2187 1856 β
2216 1772 2419 1836 Eodem
2453 1774 2614 1832 modo
2652 1783 2708 1832 et
2736 1774 2806 1832 de
2851 1775 3069 1835 cmteris
3097 1817 3112 1840 ,
3144 1775 3173 1806 ⁸
3219 1791 3364 1846 quos
3393 1776 3654 1848 Scriptura
3687 1795 3765 1835 nos

493 1880 634 1936 tueri
665 1894 770 1940 non
800 1877 1002 1934 desiuit
1028 1918 1042 1942 ,
1076 1885 1132 1930 ut
1160 1892 1221 1929 ea
1250 1887 1419 1944 opere
1451 1872 1694 1942 impleat.

567 1973 752 2042 (Vers.
783 1972 894 2042 l5.)
921 1969 989 2024 Et
1018 1985 1316 2033 conversus,
1337 1968 1442 2028 vidi
1465 1975 1659 2034 septem
1682 1962 1994 2024 candelabra
2016 1979 2113 2016 au-

494 2083 586 2122 rea
610 2108 623 2132 ,
653 2076 698 2119 et
720 2066 775 2124 in
797 2064 964 2119 medio
996 2072 1186 2131 septem
1211 2060 1642 2116 candelabt'orum
1668 2074 1942 2117 aureorum
1966 2057 2114 2112 sinti-

495 2160 600 2220 tem
647 2158 792 2214 Filio
817 2158 1065 2213 hominis.
1098 2158 1323 2226 Septem
1352 2153 1685 2210 candelabra
1708 2167 1870 2208 aurea
1902 2160 2110 2222 septem

495 2252 772 2327 ECCleSiJS
805 2252 1123 2324 designant,
1156 2250 1295 2306 sicut
1341 2250 1458 2321 ipse
1487 2247 1738 2318 exposuit
1766 2263 1778 2300 :
1820 2256 1870 2303 et
1901 2253 2111 2314 septem

493 2349 753 2408 Ecclesia
781 2364 943 2410 unam
980 2346 1284 2404 Ecclesium
1321 2343 1652 2406 catholicam
1697 2341 1949 2413 figurant.
1979 2339 2111 2409 Ομω

494 2444 824 2510 candelabra
853 2457 1016 2499 aurea
1057 2441 1340 2504 dicuntur,
1371 2438 1487 2494 sive
1527 2446 1752 2508 propter
1779 2437 2112 2506 persecutio-

494 2555 594 2597 nes
625 2553 761 2610 quas
791 2535 967 2598 sancti
996 2537 1047 2592 in
1071 2533 1268 2596 saecula
1301 2532 1608 2602 perierunt,
1635 2531 1752 2588 sive
1781 2538 2005 2600 propter
2023 2545 2111 2584 sa-

492 2633 757 2702 pientiam
801 2646 908 2701 qua
955 2627 1357 2695 illuminantur.
1389 2623 1444 2680 In
1465 2639 1704 2696 quorum
1737 2621 1918 2679 medio
1949 2622 2111 2679 Chri-

492 2737 613 2785 stus
659 2736 807 2782 stare
837 2727 987 2780 visus
1028 2734 1148 2789 est,
1181 2724 1326 2783 sicut
1359 2723 1480 2792 ipse
1524 2721 1659 2776 dicit
1688 2720 1738 2775 in
1771 2719 2106 2789 Evangelia:

492 2818 630 2882 Ecce
657 2835 754 2890 ego
777 2818 1038 2872 uobiscum
1067 2832 1181 2872 sum
1219 2814 1454 2874 omnibus
1485 2813 1666 2867 diebus
1695 2829 1854 2882 usque
1890 2812 1958 2866 ad
1989 2828 2111 2866 con-

491 2915 889 2984 summationem
909 2911 1091 2972 διεσαιὶ
1125 2909 1346 2981 (Matth.
1376 2924 1568 2976 xxvm,
1601 2907 1719 2980 9.0).

567 3008 754 3081 (Vers.
784 3008 875 3075 M,
908 3007 1022 3074 15.)
1043 3006 1304 3076 Sequitur
1335 3022 1349 3058 :
1389 3002 1636 3058 Vestitum
1655 3003 1876 3075 patiere,
1902 3012 1950 3056 et
1969 3017 2104 3074 pra:-

493 3104 722 3158 cinctum
747 3101 814 3155 ad
860 3101 1123 3155 mamillae
1169 3116 1304 3156 zona
1350 3114 1508 3154 aurea
1537 3113 1556 3152 .°
1584 3105 1739 3168 caput
1776 3113 1892 3152 vero
1920 3097 2033 3168 ejus
2060 3104 2109 3150 et

2211 1880 2611 1926 conuucmerat
2638 1911 2652 1934 ,
2697 1869 2962 1927 debemus
2999 1869 3332 1939 intelligere.
3367 1871 3498 1938 Quae
3523 1887 3644 1928 zona
3682 1889 3768 1927 ua-

2215 1963 2392 2016 ruillas
2437 1964 2833 2022 constrinxisse
2878 1965 3107 2036 legitur;
3141 1981 3241 2036 per
3271 1968 3543 2022 mamillas
3590 1983 3768 2040 namque

2212 2058 2321 2116 duo
2364 2071 2638 2131 praecepta
2681 2061 2966 2119 cliaritatis
2997 2062 3396 2134 designantur,
3437 2079 3770 2136 perquam.

2211 2168 2331 2210 ctos
2351 2167 2538 2227 patres
2568 2155 2681 2214 Deo
2709 2157 2984 2229 placuisse
3008 2171 3224 2215 certum
3253 2167 3362 2215 est.

2283 2247 2455 2321 Caput
2484 2267 2602 2306 vero
2644 2254 2759 2324 ejus
2801 2262 2851 2307 et
2882 2253 3061 2324 capilli
3104 2263 3252 2307 erant
3304 2251 3520 2307 candidi
3563 2263 3770 2322 tamquam

2212 2344 2335 2401 lana
2360 2345 2480 2400 alba
2508 2357 2556 2404 et
2584 2356 2848 2416 tamquam
2878 2348 2989 2402 nix.
3017 2347 3125 2403 Per
3155 2360 3316 2419 caput
3353 2347 3471 2402 Lex
3493 2389 3506 2408 ,
3535 2363 3628 2418 per
3647 2348 3772 2418 capil-

2213 2438 2296 2495 los
2325 2455 2454 2497 vero
2481 2440 2571 2509 qui
2595 2455 2660 2495 es
2681 2440 2861 2510 capite
2887 2451 3207 2505 nascuntur,
3242 2441 3618 2496 multitudines
3630 2456 3770 2496 eum

2211 2532 2592 2603 designantur,
2622 2533 2714 2603 qui
2747 2549 2844 2604 per
2873 2533 3074 2605 Legem
3101 2534 3237 2590 salvi
3271 2535 3403 2588 facti
3437 2546 3583 2590 sunt.
3607 2533 3691 2601 Qui
3713 2548 3774 2586 ca-

2215 2626 2327 2696 pilli
2374 2635 2648 2696 tamquam
2695 2627 2813 2682 lana
2861 2629 3019 2696 alba,
3053 2638 3106 2683 et
3157 2640 3441 2700 tamquam
3491 2630 3580 2684 nix
3609 2627 3773 2684 candidi

2211 2734 2338 2786 esse
2366 2719 2655 2787 dicuntur;
2680 2721 2805 2792 quia
2851 2721 3108 2777 videlicet
3138 2721 3233 2778 ille
3253 2723 3495 2793 populus
3536 2739 3561 2775 a
3589 2722 3774 2778 tenebris

2210 2811 2468 2868 vitiorum
2501 2828 2597 2882 per
2617 2812 2814 2884 Legem
2845 2825 2931 2870 est
2957 2814 3306 2872 emendatus.
3331 2814 3494 2870 Oculi
3521 2826 3672 2870 autem
3695 2815 3774 2882 ejus

2210 2909 2348 2964 velut
2382 2910 2593 2979 ﬂamma
2619 2909 2776 2980 ignis.
2813 2909 2968 2966 Oculi
2997 2920 3192 2965 cuneta
3224 2927 3348 2981 qum
3393 2912 3539 2965 circa
3567 2925 3622 2965 se
3657 2919 3772 2970 sunt.

2213 3002 2371 3074 longe
2392 3002 2612 3075 lateque
2637 3005 3002 3075 perspiciunt:
3029 3019 3125 3074 per
3141 3003 3345 3061 oculos
3361 3005 3530 3075 igitur
3552 3003 3774 3074 propheta

2212 3095 2589 3167 designantur,
2621 3098 2713 3168 qui
2745 3112 2808 3152 ea
2859 3114 2978 3169 qua:
3010 3109 3238 3154 ventura
3279 3108 3438 3154 erant
3461 3141 3476 3159 ,
3510 3098 3652 3168 longe
3680 3107 3774 3150 ante

497 3195 684 3264 capilli
723 3202 867 3248 erant
893 3191 1108 3258 candidi
1154 3201 1416 3261 tamquam
1440 3190 1563 3246 lana
1585 3189 1734 3256 alba,
1775 3199 1824 3244 et
1851 3199 2110 3258 tamquam
2138 3181 2184 3246 C
2217 3190 2518 3261 praevidere
2564 3199 2904 3247 meruerunt.
2949 3193 3050 3260 Qui
3083 3191 3230 3247 sicut
3272 3192 3496 3247 ﬂamma
3538 3193 3773 3263 ignisessc

499 3288 596 3342 nia:
624 3303 642 3340 :
683 3296 730 3340 et
762 3284 899 3340 oculi
940 3286 1050 3356 ejus
1096 3294 1354 3356 tamquam
1403 3285 1615 3354 ﬂamma
1655 3283 1790 3356 ignis
1821 3299 1840 3336 :
1869 3291 1916 3336 et
1955 3281 2110 3350 pedes

499 3385 617 3456 ejus
643 3381 836 3436 similes
857 3380 1159 3442 aurichalco
1179 3422 1193 3444 ,
1210 3379 1343 3436 sicut
1370 3379 1421 3431 in
1443 3378 1648 3436 camino
1669 3376 1872 3431 ardenti
1901 3392 1918 3429 :
1948 3387 2113 3431 eruca:

502 3478 621 3548 ejus
645 3475 780 3541 sicut
809 3489 906 3529 vox
925 3489 1178 3544 aquarum
1219 3471 1519 3526 multarum.
1553 3468 1622 3523 Et
1650 3467 1867 3526 habebat
1896 3469 1951 3523 in
1985 3469 2112 3522 dex-

502 3579 612 3626 tero
635 3586 732 3624 sua
757 3577 952 3638 septem
971 3565 1149 3622 stellas
1181 3574 1276 3620 :‘et
1305 3564 1366 3617 de
1398 3580 1484 3618 ore
1505 3566 1618 3637 ejus
1649 3561 1850 3632 gladius
1873 3577 1936 3618 ex
1970 3573 2112 3615 utra-

497 3680 598 3734 que
625 3672 772 3734 parte
798 3672 977 3716 acutus
1006 3659 1175 3716 exibat
1199 3673 1218 3713 :
1254 3668 1300 3717 et
1332 3659 1490 3730 facies
1512 3660 1655 3730 ejus,
1683 3657 1816 3710 sicut
1859 3654 1940 3710 sol
1974 3655 2112 3709 lucet

497 3757 552 3824 in
577 3757 756 3812 virtute
778 3772 894 3810 sua.
920 3754 976 3811 Si
1005 3763 1214 3822 septem
1247 3749 1576 3806 candelabra
1602 3756 1656 3803 ct
1682 3759 1891 3818 septem
1921 3747 2112 3804 szellas

500 3866 601 3922 pro
630 3849 844 3904 duobus
870 3845 1213 3910 ornamentis
1243 3843 1493 3914 accipere
1516 3841 1776 3906 volucris,
1806 3840 1993 3896 decem
2023 3855 2113 3895 or-

501 3953 759 3999 namenta
793 3939 1073 4008 invenies,
1106 3952 1174 3993 ex
1202 3936 1398 4007 quibus
1444 3934 1659 3991 Domini
1697 3948 1900 4004 corpus
1941 3931 2110 3989 deco-

501 4047 678 4094 ratum
725 4033 894 4089 fuissc
933 4031 1106 4088 visum
1136 4043 1246 4086 est.
1280 4029 1385 4085 Sed
1418 4029 1547 4099 quid
1593 4027 1700 4084 duo
1744 4036 2068 4084 ornamenta
2094 4067 2108 4091 ,

503 4130 556 4184 id
582 4137 700 4194 est,
731 4136 941 4196 septem
972 4124 1330 4189 candelabra,
1362 4130 1420 4178 ct
1448 4132 1655 4192 septem
1699 4121 1870 4177 stella:
1901 4119 2110 4194 signiti-

505 4231 700 4277 carent
720 4261 736 4288 ,
767 4220 885 4288 ipse
914 4233 1008 4288 per
1053 4218 1407 4286 semetipsum
1437 4216 1694 4287 exposuit
1719 4231 1732 4269 :
1766 4215 1894 4286 quid
1926 4225 2109 4270 autem

504 4322 629 4370 octo
658 4328 781 4384 quae
808 4320 1017 4366 restant
1042 4352 1058 4378 ,
1093 4309 1404 4380 significent
1426 4352 1440 4375 ,
1474 4309 1926 4380 pcrscrutandum
1954 4310 2112 4364 nobis

504 4417 608 4465 cst.
643 4407 898 4464 Sanctam
932 4421 1165 4475 namque
1205 4404 1480 4466 civitatem
1513 4403 1640 4468 Dei,
1681 4417 1801 4472 quae
1830 4415 1898 4458 ex
1929 4403 2110 4458 omni-

506 4503 607 4559 bus
648 4501 835 4557 electis
868 4507 1110 4563 constat,
1137 4511 1258 4568 quae
1301 4497 1372 4552 ab
1428 4495 1584 4562 initio
1625 4509 1797 4566 usque
1845 4494 1914 4552 ad
1951 4496 2109 4552 finem

2212 3282 2492 3347 dicuntur,
2525 3283 2650 3354 quia
2682 3284 2888 3354 Spiritu
2910 3294 3101 3341 sancto
3123 3286 3417 3342 illuminati
3438 3287 3674 3358 mysteria
3694 3301 3773 3341 rte-

2211 3377 2366 3431 lestia
2400 3377 2756 3448 contemplati
2790 3387 2936 3434 sunt.

2289 3469 2356 3524 Et
2382 3471 2536 3542 pedes
2557 3474 2670 3544 ejus
2695 3472 2890 3528 similes
2917 3473 3220 3529 aurichalco
3240 3515 3256 3541 ,
3289 3474 3424 3529 sicut
3451 3477 3505 3530 in
3525 3477 3701 3530 camino
3713 3491 3774 3528 ar-

2212 3563 2375 3620 denti.
2423 3564 2525 3621 Per
2557 3565 2760 3636 pedes,
2813 3566 3048 3637 apostoli
3099 3567 3496 3639 designantur,
3541 3578 3593 3626 et
3632 3566 3770 3624 ceteri

2211 3662 2302 3730 qui
2329 3674 2394 3714 ex
2413 3657 2620 3714 iudicis
2641 3659 3010 3716 crediderunt.
3037 3661 3115 3716 De
3154 3661 3281 3717 istis
3305 3663 3530 3734 pedibus
3559 3661 3771 3735 propheta

2212 3752 2453 3823 loquitur
2479 3751 2716 3810 dicens:
2764 3754 2932 3821 Quam
2983 3754 3190 3825 pulchri
3225 3773 3387 3828 super
3432 3767 3619 3811 montes
3657 3756 3772 3828 pedes

2212 3845 2611 3918 evttngelizantis
2631 3862 2810 3916 parem
2833 3888 2846 3910 ,
2873 3847 3229 3902 aununtiantis
3251 3847 3462 3915 bonum,
3495 3847 3774 3919 praedicanti:

2211 3940 2465 4005 salutem,
2508 3939 2728 3995 dicentis
2761 3955 2780 3994 :
2827 3939 2996 4005 Sion,
3045 3941 3280 4010 regnabit
3313 3941 3454 3997 Deus
3501 3954 3613 3997 tuus
3640 3939 3770 4012 (Eni.

2213 4047 2307 4100 ιιι,
2340 4032 2416 4101 7).
2448 4032 2549 4100 Qui
2579 4033 2792 4089 similes
2820 4033 3140 4089 aurichalco
3168 4035 3460 4101 dicuntur;
3493 4053 3563 4091 res
3589 4047 3774 4103 namque

2213 4126 2273 4180 in
2299 4125 2519 4181 fornace
2551 4126 2878 4196 quibusdam
2911 4127 3370 4184 medicaminibus
3395 4129 3641 4184 admixtis
3669 4141 3774 4181 tam-

2212 4217 2304 4274 diu
2333 4218 2622 4284 conflatur,
2668 4234 2839 4292 usque
2865 4219 2991 4275 dum
3031 4219 3276 4276 colorem
3317 4221 3440 4277 auri
3470 4222 3704 4291 accipiat,
3735 4229 3775 4272 ct

2213 4311 2417 4369 dicitur
2447 4313 2844 4370 aurichalcum.
2893 4313 2998 4369 Per
3024 4329 3103 4370 aes
3148 4313 3336 4385 igitur,
3372 4316 3518 4387 quod
3562 4327 3773 4370 sonorum

2209 4416 2328 4472 est,
2359 4416 2412 4460 et
2439 4404 2584 4476 quod
2611 4407 2665 4461 in
2693 4405 3034 4478 nigredinem
3063 4406 3175 4462 cito
3203 4408 3455 4476 vertitur,
3484 4407 3643 4465 Judaei
3665 4404 3776 4462 desi-

2211 4507 2466 4570 gnantur,
2501 4500 2595 4570 qui
2632 4499 2830 4570 Legem
2863 4501 3082 4570 quidem
3121 4501 3426 4558 secundum
3461 4503 3676 4558 litteram
3709 4514 3776 4555 so-

510 4594 710 4660 teudit,
743 4593 791 4648 si
821 4592 1114 4663 diligenter
1137 4589 1436 4662 perspicias
1457 4629 1473 4657 ,
1499 4588 1557 4654 in
1580 4596 1788 4658 septem
1819 4597 2000 4658 partes
2027 4587 2108 4643 di-
2132 4579 2183 4638 Ι)
2212 4608 2342 4648 nare
2371 4591 2694 4649 videbanwr
2723 4611 2737 4658 ;
2762 4593 2859 4650 sed
2887 4595 3163 4651 velamine
3189 4596 3496 4666 nigredinis
3522 4607 3684 4652 mente
3705 4593 3778 4648 ob-

510 4689 684 4744 visam
705 4686 973 4743 invenies.
996 4684 1353 4756 Primaigitur
1375 4698 1503 4755 pars
1525 4682 1644 4764 ejus
1663 4690 1794 4744 sunt
1813 4681 1994 4748 electi,
2018 4680 2111 4752 qui

509 4781 576 4838 ab
605 4781 762 4848 initio
814 4794 988 4852 usque
1033 4779 1100 4846 ad
1143 4779 1404 4836 diluvium
1433 4777 1656 4841 fuerunt
1688 4793 1700 4829 :
1749 4777 1987 4834 secunda
2019 4791 2110 4848 pa-

509 4875 760 4934 triarcha:
793 4884 848 4948 et
873 4874 1060 4946 centeri
1077 4873 1210 4944 justi
1240 4888 1409 4943 usque
1431 4872 1498 4932 ad
1527 4872 1728 4942 Legem
1752 4871 1940 4936 datam
1963 4889 1976 4925 :
1999 4879 2113 4934 ter-

508 4971 578 5026 tia
615 4972 701 5038 lii,
753 4969 844 5041 qui
900 4968 1003 5025 sub
1038 4965 1185 5038 Lege
1233 4965 1495 5034 fuerunt:
1546 4976 1736 5036 quarta
1779 4965 2109 5036 prophetat:

503 5067 689 5137 quinta
717 5063 984 5135 apostoli,
1010 5071 1066 5124 et
1097 5063 1186 5134 qui
1215 5075 1280 5116 ex
1302 5059 1506 5131 indicis
1526 5059 1880 5116 crediderunt
1909 5075 1921 5112 :
1954 5067 2111 5114 sexta

504 5174 638 5215 vero
671 5173 795 5230 pars
825 5170 904 5213 est
943 5155 1182 5228 gentium
1213 5153 1535 5224 multitudo,
1568 5169 1688 5224 qua:
1719 5153 1787 5220 ad
1823 5153 1985 5219 ﬁdem
2018 5167 2112 5209 ve-

509 5251 620 5308 nit:
651 5251 878 5322 septima
903 5248 1084 5314 electi,
1235 5247 1288 5323 in
1315 5247 1424 5314 liae
1451 5247 1640 5317 mundi
1671 5245 2106 5314 nasciturisunt,

504 5353 559 5400 et
580 5354 770 5398 contra
803 5338 1192 5414 Anticliristum
1219 5341 1524 5412 pugnaturi.
1547 5340 1658 5408 Per
1681 5340 1776 5396 bas
1799 5341 1961 5411 igitur
1987 5355 2110 5411 sep-

510 5444 614 5498 tem
647 5445 857 5506 partes,
901 5437 1042 5507 quod
1071 5436 1335 5512 Dominus
1379 5435 1624 5505 dederit,
1655 5434 1887 5500 dicendo
1917 5436 2108 5494 redea-

507 5547 665 5586 tuus:
711 5530 778 5586 de
815 5539 1033 5596 octava,
1082 5533 1136 5587 in
1186 5532 1542 5602 sequentibus
1579 5530 1849 5594 dicemus.
1884 5532 2106 5592 Podcris

509 5623 699 5694 igitur,
729 5636 851 5691 qua:
895 5632 976 5678 est
1001 5623 1191 5686 talaris
1233 5623 1416 5682 tunica
1437 5665 1450 5690 ,
1474 5625 1654 5695 justus
1680 5623 1775 5693 qui
1805 5631 1934 5688 ante
1962 5624 2103 5680 dilu-

580 5765 609 5795 ι
634 5757 784 5813 Edit.
828 5758 953 5812 Gill.
987 5774 1049 5812 ac
1082 5759 1239 5814 Rom.
1265 5801 1278 5824 ,
1307 5779 1432 5827 quos
1482 5760 1756 5832 Scriptura
1787 5777 2094 5818 commemo-

510 5841 624 5898 rat;
651 5843 786 5886 "15$.
809 5843 940 5884 VCI'O
963 5869 978 5898 ,
1009 5845 1111 5886 non
1141 5844 1519 5887 commemorat.

2209 4685 2342 4742 tecti
2368 4727 2382 4751 ,
2413 4686 2722 4757 spiritalem
2761 4687 3214 4760 intelligentiam,
3241 4705 3367 4762 quae
3409 4691 3464 4747 in
3489 4707 3549 4747 ea
3589 4689 3775 4750 latebat.

2213 4776 2525 4848 intelligere
2567 4777 2953 4849 nequiverunt.
3004 4778 3104 4835 Es
3135 4779 3301 4851 igitur
3345 4782 3400 4836 in
3449 4781 3776 4839 aurichalcum

2211 4877 2296 4925 est
2343 4883 2713 4939 conversum,
2763 4872 2987 4943 quando
3035 4888 3103 4930 ex
3144 4872 3352 4930 Judmis
3401 4877 3628 4946 apostoli
3675 4883 3777 4930 sat

2211 4964 2394 5021 electi.
2422 4965 2525 5021 Per
2545 4965 2826 5022 fornacem
2849 4977 3034 5025 autem
3060 4968 3181 5025 sive
3208 4971 3479 5037 mundus,
3507 4970 3561 5027 in
3587 4985 3682 5042 quo
3699 4967 3778 5023 aii-

2212 5069 2472 5131 quantum
2503 5059 2754 5116 Christus
2779 5073 3134 5119 cmversatus
3155 5074 3266 5127 est,
3299 5064 3418 5122 sive
3445 5065 3778 5122 tribtdatioues

2211 5168 2347 5223 quas
2390 5154 2687 5222 sustinuit,
2730 5166 2956 5224 possunt.
3001 5157 3296 5229 designari.
3327 5157 3355 5199 δ
3395 5159 3460 5216 In
3509 5161 3607 5215 bac
3643 5158 3776 5213 etiam

2208 5251 2437 5308 fornace
2474 5253 2712 5324 apostoli
2739 5255 2788 5310 ei
2821 5255 3098 5326 conjuncti
3125 5266 3256 5313 sunt
3276 5297 3292 5322 ,
3323 5259 3467 5312 sicut
3501 5257 3615 5328 ipse
3635 5255 3777 5310 dicit:

2228 5344 2324 5402 Vos
2353 5347 2475 5402 estis
2505 5349 2660 5416 enim,
2693 5349 2784 5422 qui
2814 5352 3168 5420 permansistis
3211 5369 3413 5408 mecum
3435 5355 3490 5409 in
3525 5351 3780 5410 Mutationi-

2214 5437 2307 5494 bus
2355 5440 2481 5494 meis
2511 5439 2667 5513 (Luc.
2709 5458 2856 5510 χχιι,
2883 5443 3000 5517 28).
3033 5444 3094 5500 in
3137 5444 3237 5501 hac
3277 5461 3414 5518 ergo
3453 5447 3661 5504 fornace
3703 5459 3782 5517 per

2211 5531 2512 5590 doctrinam
2545 5535 2822 5608 Evangelii
2862 5537 3209 5610 splendorem
3251 5529 3374 5597 auri
3416 5543 3653 5612 accipere
3687 5523 3785 5594 meo

2214 5637 2460 5685 ruerunt.
2495 5627 2562 5684 Et
2592 5645 2692 5686 vos:
2719 5634 2868 5706 ejus,
2917 5634 3049 5688 sicut
3094 5649 3192 5690 vos:
3217 5651 3472 5702 aquarum
3517 5636 3780 5690 multm.

2274 5761 2302 5802 ι)
2352 5763 2420 5819 In
2465 5766 2561 5838 hac
2598 5766 2758 5838 etiam
2803 5768 3102 5838 famam...
3154 5771 3208 5825 in
3248 5773 3611 5828 tentationibus
3649 5774 3783 5834 iacis,

2207 5833 2436 5894 aberam
2455 5836 2525 5893 ab
2546 5837 2702 5905 edit.;
2719 5833 2838 5911 qua:
2855 5855 2951 5898 nos
2976 5857 3006 5898 e
3025 5856 3154 5898 mss.
3175 5842 3431 5904 omnibus
3451 5833 3783 5917 reposuimus.
