  <div class='ocr_page' id='page_1' title='image "/cluster/home/n/w/nwhite01/storage/ocr_20150623/17/hvd.32044015471329/392.png"; bbox 0 0 3944 6310; ppageno 0'>
   <div class='ocr_carea' id='block_1_1' title="bbox 143 223 252 280">
    <p class='ocr_par' dir='ltr' id='par_1_1' title="bbox 143 223 252 280">
     <span class='ocr_line' id='line_1_1' title="bbox 143 223 252 280; baseline 0 0"><span class='ocrx_word' id='word_1_1' title='bbox 143 223 252 280; x_wconf 81' lang='grc'><strong>775</strong></span> 
     </span>
    </p>
   </div>
   <div class='ocr_carea' id='block_1_2' title="bbox 923 201 2671 288">
    <p class='ocr_par' dir='ltr' id='par_1_2' title="bbox 923 201 2671 288">
     <span class='ocr_line' id='line_1_2' title="bbox 923 201 2671 288; baseline 0.005 -11"><span class='ocrx_word' id='word_1_2' title='bbox 923 223 990 278; x_wconf 84' lang='lat' dir='ltr'><strong>IN</strong></span> <span class='ocrx_word' id='word_1_3' title='bbox 1032 220 1510 280; x_wconf 74' lang='lat' dir='ltr'><strong>APOCALYPSIN</strong></span> <span class='ocrx_word' id='word_1_4' title='bbox 1559 201 1949 280; x_wconf 73' lang='lat' dir='ltr'><strong>l~LXl’OSlTlO.</strong></span> <span class='ocrx_word' id='word_1_5' title='bbox 1998 221 2084 278; x_wconf 77' lang='lat' dir='ltr'><strong>ne</strong></span> <span class='ocrx_word' id='word_1_6' title='bbox 2125 223 2397 288; x_wconf 81' lang='lat' dir='ltr'><strong>VISIONE</strong></span> <span class='ocrx_word' id='word_1_7' title='bbox 2437 221 2671 286; x_wconf 81' lang='lat' dir='ltr'><strong>PRIMA.</strong></span> 
     </span>
    </p>
   </div>
   <div class='ocr_carea' id='block_1_3' title="bbox 3343 235 3447 294">
    <p class='ocr_par' dir='ltr' id='par_1_3' title="bbox 3343 235 3447 294">
     <span class='ocr_line' id='line_1_3' title="bbox 3343 235 3447 294; baseline 0.01 -1"><span class='ocrx_word' id='word_1_8' title='bbox 3343 235 3447 294; x_wconf 60' lang='lat' dir='ltr'><strong>77d</strong></span> 
     </span>
    </p>
   </div>
   <div class='ocr_carea' id='block_1_4' title="bbox 141 336 3450 411">
    <p class='ocr_par' dir='ltr' id='par_1_4' title="bbox 141 336 3450 411">
     <span class='ocr_line' id='line_1_4' title="bbox 141 336 3450 411; baseline 0.002 -12"><span class='ocrx_word' id='word_1_9' title='bbox 141 343 247 399; x_wconf 85' lang='lat' dir='ltr'><strong>l’er</strong></span> <span class='ocrx_word' id='word_1_10' title='bbox 293 355 482 397; x_wconf 84' lang='lat' dir='ltr'><strong>vocem</strong></span> <span class='ocrx_word' id='word_1_11' title='bbox 508 355 763 411; x_wconf 87' lang='lat' dir='ltr'><strong>aquarum</strong></span> <span class='ocrx_word' id='word_1_12' title='bbox 811 339 1101 395; x_wconf 90' lang='lat' dir='ltr'><strong>multarum</strong></span> <span class='ocrx_word' id='word_1_13' title='bbox 1151 337 1436 398; x_wconf 71' lang='lat' dir='ltr'><strong>multitudo</strong></span> <span class='ocrx_word' id='word_1_14' title='bbox 1461 338 1727 411; x_wconf 85' lang='lat' dir='ltr'><strong>gentium,</strong></span> <span class='ocrx_word' id='word_1_15' title='bbox 1755 336 1978 399; x_wconf 77' lang='lat' dir='ltr'><strong>Atibus</strong></span> <span class='ocrx_word' id='word_1_16' title='bbox 2030 337 2384 398; x_wconf 74' lang='lat' dir='ltr'><strong>abstinemus.</strong></span> <span class='ocrx_word' id='word_1_17' title='bbox 2421 343 2496 400; x_wconf 88' lang='lat' dir='ltr'><strong>De</strong></span> <span class='ocrx_word' id='word_1_18' title='bbox 2527 346 2626 402; x_wconf 85' lang='lat' dir='ltr'><strong>hac</strong></span> <span class='ocrx_word' id='word_1_19' title='bbox 2676 346 2997 404; x_wconf 72' lang='lat' dir='ltr'><strong>circuitione</strong></span> <span class='ocrx_word' id='word_1_20' title='bbox 3049 349 3180 406; x_wconf 86' lang='lat' dir='ltr'><strong>mihi</strong></span> <span class='ocrx_word' id='word_1_21' title='bbox 3233 352 3450 409; x_wconf 73' lang='lat' dir='ltr'><strong>videtur</strong></span> 
     </span>
    </p>
   </div>
   <div class='ocr_carea' id='block_1_5' title="bbox 138 431 1426 507">
    <p class='ocr_par' dir='ltr' id='par_1_5' title="bbox 138 431 1426 507">
     <span class='ocr_line' id='line_1_5' title="bbox 138 431 1426 507; baseline -0.002 -19"><span class='ocrx_word' id='word_1_22' title='bbox 138 450 259 507; x_wconf 76' lang='lat' dir='ltr'><strong>quae</strong></span> <span class='ocrx_word' id='word_1_23' title='bbox 291 434 357 488; x_wconf 91' lang='lat' dir='ltr'><strong>ad</strong></span> <span class='ocrx_word' id='word_1_24' title='bbox 386 433 546 489; x_wconf 84' lang='lat' dir='ltr'><strong>fidem</strong></span> <span class='ocrx_word' id='word_1_25' title='bbox 568 432 769 488; x_wconf 74' lang='lat' dir='ltr'><strong>Christi</strong></span> <span class='ocrx_word' id='word_1_26' title='bbox 801 433 1059 498; x_wconf 74' lang='lat' dir='ltr'><strong>cucurrit,</strong></span> <span class='ocrx_word' id='word_1_27' title='bbox 1087 431 1426 503; x_wconf 73' lang='lat' dir='ltr'><strong>designatur.</strong></span> 
     </span>
    </p>
   </div>
   <div class='ocr_carea' id='block_1_6' title="bbox 209 525 1738 597">
    <p class='ocr_par' dir='ltr' id='par_1_6' title="bbox 209 525 1738 597">
     <span class='ocr_line' id='line_1_6' title="bbox 209 525 1738 597; baseline 0 -15"><span class='ocrx_word' id='word_1_28' title='bbox 209 528 279 583; x_wconf 84' lang='lat' dir='ltr'><strong>Et</strong></span> <span class='ocrx_word' id='word_1_29' title='bbox 310 528 528 583; x_wconf 78' lang='lat' dir='ltr'><strong>habebat</strong></span> <span class='ocrx_word' id='word_1_30' title='bbox 558 529 610 582; x_wconf 86' lang='lat' dir='ltr'><strong>iu</strong></span> <span class='ocrx_word' id='word_1_31' title='bbox 652 529 862 584; x_wconf 71' lang='lat' dir='ltr'><strong>dextera</strong></span> <span class='ocrx_word' id='word_1_32' title='bbox 890 544 988 583; x_wconf 79' lang='lat' dir='ltr'><strong>sua</strong></span> <span class='ocrx_word' id='word_1_33' title='bbox 1025 525 1200 584; x_wconf 73' lang='lat' dir='ltr'><strong>stellas</strong></span> <span class='ocrx_word' id='word_1_34' title='bbox 1225 537 1436 597; x_wconf 79' lang='lat' dir='ltr'><strong>septem.</strong></span> <span class='ocrx_word' id='word_1_35' title='bbox 1468 526 1605 594; x_wconf 84' lang='lat' dir='ltr'><strong>Quid</strong></span> <span class='ocrx_word' id='word_1_36' title='bbox 1636 525 1738 582; x_wconf 89' lang='lat' dir='ltr'><strong>hoc</strong></span> 
     </span>
    </p>
   </div>
   <div class='ocr_carea' id='block_1_7' title="bbox 136 618 1736 695">
    <p class='ocr_par' dir='ltr' id='par_1_7' title="bbox 136 618 1736 695">
     <span class='ocr_line' id='line_1_7' title="bbox 136 618 1736 695; baseline -0.003 -16"><span class='ocrx_word' id='word_1_37' title='bbox 136 623 440 695; x_wconf 81' lang='lat' dir='ltr'><strong>significet,</strong></span> <span class='ocrx_word' id='word_1_38' title='bbox 476 623 589 694; x_wconf 81' lang='lat' dir='ltr'><strong>ipse</strong></span> <span class='ocrx_word' id='word_1_39' title='bbox 611 623 662 678; x_wconf 87' lang='lat' dir='ltr'><strong>in</strong></span> <span class='ocrx_word' id='word_1_40' title='bbox 687 623 1041 691; x_wconf 80' lang='lat' dir='ltr'><strong>sequentibus</strong></span> <span class='ocrx_word' id='word_1_41' title='bbox 1064 621 1308 690; x_wconf 79' lang='lat' dir='ltr'><strong>exponit.</strong></span> <span class='ocrx_word' id='word_1_42' title='bbox 1329 618 1397 674; x_wconf 87' lang='lat' dir='ltr'><strong>Et</strong></span> <span class='ocrx_word' id='word_1_43' title='bbox 1420 621 1484 676; x_wconf 82' lang='lat' dir='ltr'><strong>de</strong></span> <span class='ocrx_word' id='word_1_44' title='bbox 1510 637 1596 674; x_wconf 83' lang='lat' dir='ltr'><strong>ore</strong></span> <span class='ocrx_word' id='word_1_45' title='bbox 1624 624 1736 694; x_wconf 76' lang='lat' dir='ltr'><strong>ejus</strong></span> 
     </span>
    </p>
   </div>
   <div class='ocr_carea' id='block_1_8' title="bbox 133 712 1735 788">
    <p class='ocr_par' dir='ltr' id='par_1_8' title="bbox 133 712 1735 788">
     <span class='ocr_line' id='line_1_8' title="bbox 133 712 1735 788; baseline 0 -20"><span class='ocrx_word' id='word_1_46' title='bbox 133 716 345 788; x_wconf 74' lang='lat' dir='ltr'><strong>gladius</strong></span> <span class='ocrx_word' id='word_1_47' title='bbox 387 731 452 770; x_wconf 74' lang='lat' dir='ltr'><strong>ea:</strong></span> <span class='ocrx_word' id='word_1_48' title='bbox 497 727 712 786; x_wconf 79' lang='lat' dir='ltr'><strong>utraque</strong></span> <span class='ocrx_word' id='word_1_49' title='bbox 756 726 900 785; x_wconf 85' lang='lat' dir='ltr'><strong>parte</strong></span> <span class='ocrx_word' id='word_1_50' title='bbox 952 713 1113 786; x_wconf 79' lang='lat'><strong>503</strong></span> <span class='ocrx_word' id='word_1_51' title='bbox 1160 725 1341 768; x_wconf 81' lang='lat' dir='ltr'><strong>acutus</strong></span> <span class='ocrx_word' id='word_1_52' title='bbox 1389 712 1581 772; x_wconf 70' lang='lat' dir='ltr'><strong>exibat.</strong></span> <span class='ocrx_word' id='word_1_53' title='bbox 1633 714 1735 771; x_wconf 87' lang='lat' dir='ltr'><strong>Per</strong></span> 
     </span>
    </p>
   </div>
   <div class='ocr_carea' id='block_1_9' title="bbox 135 809 1726 883">
    <p class='ocr_par' dir='ltr' id='par_1_9' title="bbox 135 809 1726 883">
     <span class='ocr_line' id='line_1_9' title="bbox 135 809 1726 883; baseline -0.001 -17"><span class='ocrx_word' id='word_1_54' title='bbox 135 811 373 882; x_wconf 83' lang='lat' dir='ltr'><strong>gladium</strong></span> <span class='ocrx_word' id='word_1_55' title='bbox 403 813 561 868; x_wconf 83' lang='lat' dir='ltr'><strong>electi</strong></span> <span class='ocrx_word' id='word_1_56' title='bbox 592 813 682 883; x_wconf 91' lang='lat' dir='ltr'><strong>qui</strong></span> <span class='ocrx_word' id='word_1_57' title='bbox 724 811 776 867; x_wconf 90' lang='lat' dir='ltr'><strong>in</strong></span> <span class='ocrx_word' id='word_1_58' title='bbox 826 814 932 865; x_wconf 89' lang='lat' dir='ltr'><strong>line</strong></span> <span class='ocrx_word' id='word_1_59' title='bbox 962 809 1144 865; x_wconf 87' lang='lat' dir='ltr'><strong>mundi</strong></span> <span class='ocrx_word' id='word_1_60' title='bbox 1177 810 1430 865; x_wconf 86' lang='lat' dir='ltr'><strong>nascituri</strong></span> <span class='ocrx_word' id='word_1_61' title='bbox 1462 821 1616 874; x_wconf 89' lang='lat' dir='ltr'><strong>sunt,</strong></span> <span class='ocrx_word' id='word_1_62' title='bbox 1649 819 1726 866; x_wconf 80' lang='lat' dir='ltr'><strong>at-</strong></span> 
     </span>
    </p>
   </div>
   <div class='ocr_carea' id='block_1_10' title="bbox 132 901 1732 975">
    <p class='ocr_par' dir='ltr' id='par_1_10' title="bbox 132 901 1732 975">
     <span class='ocr_line' id='line_1_10' title="bbox 132 901 1732 975; baseline -0.001 -20"><span class='ocrx_word' id='word_1_63' title='bbox 132 919 237 975; x_wconf 89' lang='lat' dir='ltr'><strong>que</strong></span> <span class='ocrx_word' id='word_1_64' title='bbox 262 914 452 960; x_wconf 86' lang='lat' dir='ltr'><strong>contra</strong></span> <span class='ocrx_word' id='word_1_65' title='bbox 482 904 875 959; x_wconf 80' lang='lat' dir='ltr'><strong>Attticbristum</strong></span> <span class='ocrx_word' id='word_1_66' title='bbox 903 903 1222 974; x_wconf 88' lang='lat' dir='ltr'><strong>pugnaturi,</strong></span> <span class='ocrx_word' id='word_1_67' title='bbox 1258 903 1628 971; x_wconf 71' lang='lat' dir='ltr'><strong>designantur.</strong></span> <span class='ocrx_word' id='word_1_68' title='bbox 1665 901 1732 956; x_wconf 76' lang='lat' dir='ltr'><strong>Et</strong></span> 
     </span>
    </p>
   </div>
   <div class='ocr_carea' id='block_1_11' title="bbox 131 993 1730 1066">
    <p class='ocr_par' dir='ltr' id='par_1_11' title="bbox 131 993 1730 1066">
     <span class='ocr_line' id='line_1_11' title="bbox 131 993 1730 1066; baseline -0.001 -16"><span class='ocrx_word' id='word_1_69' title='bbox 131 996 258 1066; x_wconf 87' lang='lat' dir='ltr'><strong>quia</strong></span> <span class='ocrx_word' id='word_1_70' title='bbox 305 998 536 1052; x_wconf 68' lang='lat' dir='ltr'><strong>maxima</strong></span> <span class='ocrx_word' id='word_1_71' title='bbox 591 995 881 1052; x_wconf 87' lang='lat' dir='ltr'><strong>multitudo</strong></span> <span class='ocrx_word' id='word_1_72' title='bbox 923 997 1168 1066; x_wconf 87' lang='lat' dir='ltr'><strong>gentium</strong></span> <span class='ocrx_word' id='word_1_73' title='bbox 1215 995 1482 1051; x_wconf 81' lang='lat' dir='ltr'><strong>culturam</strong></span> <span class='ocrx_word' id='word_1_74' title='bbox 1531 993 1730 1050; x_wconf 84' lang='lat' dir='ltr'><strong>Chriin</strong></span> 
     </span>
    </p>
   </div>
   <div class='ocr_carea' id='block_1_12' title="bbox 131 1089 1726 1162">
    <p class='ocr_par' dir='ltr' id='par_1_12' title="bbox 131 1089 1726 1162">
     <span class='ocr_line' id='line_1_12' title="bbox 131 1089 1726 1162; baseline -0.001 -16"><span class='ocrx_word' id='word_1_75' title='bbox 131 1089 520 1162; x_wconf 81' lang='lat' dir='ltr'><strong>derelinquens</strong></span> <span class='ocrx_word' id='word_1_76' title='bbox 547 1133 560 1156; x_wconf 89' lang='lat'><strong>,</strong></span> <span class='ocrx_word' id='word_1_77' title='bbox 595 1092 991 1148; x_wconf 81' lang='lat' dir='ltr'><strong>Antichristutn</strong></span> <span class='ocrx_word' id='word_1_78' title='bbox 1030 1092 1304 1147; x_wconf 83' lang='lat' dir='ltr'><strong>hominem</strong></span> <span class='ocrx_word' id='word_1_79' title='bbox 1349 1091 1726 1161; x_wconf 78' lang='lat' dir='ltr'><strong>impiissimum</strong></span> 
     </span>
    </p>
   </div>
   <div class='ocr_carea' id='block_1_13' title="bbox 129 1182 1732 1256">
    <p class='ocr_par' dir='ltr' id='par_1_13' title="bbox 129 1182 1732 1256">
     <span class='ocr_line' id='line_1_13' title="bbox 129 1182 1732 1256; baseline 0 -18"><span class='ocrx_word' id='word_1_80' title='bbox 129 1198 228 1254; x_wconf 90' lang='lat' dir='ltr'><strong>pro</strong></span> <span class='ocrx_word' id='word_1_81' title='bbox 253 1183 368 1238; x_wconf 88' lang='lat' dir='ltr'><strong>Deo</strong></span> <span class='ocrx_word' id='word_1_82' title='bbox 413 1185 717 1239; x_wconf 84' lang='lat' dir='ltr'><strong>adorabunt</strong></span> <span class='ocrx_word' id='word_1_83' title='bbox 742 1226 756 1250; x_wconf 96' lang='lat'><strong>,</strong></span> <span class='ocrx_word' id='word_1_84' title='bbox 789 1199 894 1240; x_wconf 86' lang='lat' dir='ltr'><strong>non</strong></span> <span class='ocrx_word' id='word_1_85' title='bbox 924 1185 1220 1256; x_wconf 80' lang='lat' dir='ltr'><strong>incongrue</strong></span> <span class='ocrx_word' id='word_1_86' title='bbox 1249 1183 1324 1239; x_wconf 90' lang='lat' dir='ltr'><strong>illi</strong></span> <span class='ocrx_word' id='word_1_87' title='bbox 1353 1183 1444 1253; x_wconf 93' lang='lat' dir='ltr'><strong>qui</strong></span> <span class='ocrx_word' id='word_1_88' title='bbox 1480 1182 1546 1238; x_wconf 84' lang='lat' dir='ltr'><strong>ad</strong></span> <span class='ocrx_word' id='word_1_89' title='bbox 1577 1199 1732 1240; x_wconf 80' lang='lat' dir='ltr'><strong>erro-</strong></span> 
     </span>
    </p>
   </div>
   <div class='ocr_carea' id='block_1_14' title="bbox 129 1264 1728 1351">
    <p class='ocr_par' dir='ltr' id='par_1_14' title="bbox 129 1264 1728 1351">
     <span class='ocr_line' id='line_1_14' title="bbox 129 1264 1728 1351; baseline -0.002 -18"><span class='ocrx_word' id='word_1_90' title='bbox 129 1294 217 1333; x_wconf 85' lang='lat' dir='ltr'><strong>res</strong></span> <span class='ocrx_word' id='word_1_91' title='bbox 242 1293 432 1334; x_wconf 88' lang='lat' dir='ltr'><strong>eornm</strong></span> <span class='ocrx_word' id='word_1_92' title='bbox 481 1279 853 1334; x_wconf 88' lang='lat' dir='ltr'><strong>concidcndos</strong></span> <span class='ocrx_word' id='word_1_93' title='bbox 901 1279 1243 1351; x_wconf 79' lang='lat' dir='ltr'><strong>progressuri</strong></span> <span class='ocrx_word' id='word_1_94' title='bbox 1283 1289 1405 1334; x_wconf 80' lang='lat' dir='ltr'><strong>sunt</strong></span> <span class='ocrx_word' id='word_1_95' title='bbox 1434 1320 1448 1344; x_wconf 92' lang='lat'><strong>,</strong></span> <span class='ocrx_word' id='word_1_96' title='bbox 1479 1264 1590 1348; x_wconf 76' lang='lat' dir='ltr'><strong>per</strong></span> <span class='ocrx_word' id='word_1_97' title='bbox 1615 1278 1728 1348; x_wconf 88' lang='lat' dir='ltr'><strong>gla-</strong></span> 
     </span>
    </p>
   </div>
   <div class='ocr_carea' id='block_1_15' title="bbox 127 1371 1728 1444">
    <p class='ocr_par' dir='ltr' id='par_1_15' title="bbox 127 1371 1728 1444">
     <span class='ocr_line' id='line_1_15' title="bbox 127 1371 1728 1444; baseline 0 -16"><span class='ocrx_word' id='word_1_98' title='bbox 127 1373 275 1428; x_wconf 89' lang='lat' dir='ltr'><strong>dium</strong></span> <span class='ocrx_word' id='word_1_99' title='bbox 333 1373 708 1444; x_wconf 75' lang='lat' dir='ltr'><strong>designantur.</strong></span> <span class='ocrx_word' id='word_1_100' title='bbox 740 1372 842 1441; x_wconf 84' lang='lat' dir='ltr'><strong>Qui</strong></span> <span class='ocrx_word' id='word_1_101' title='bbox 891 1373 998 1428; x_wconf 82' lang='lat' dir='ltr'><strong>duo</strong></span> <span class='ocrx_word' id='word_1_102' title='bbox 1024 1373 1271 1428; x_wconf 88' lang='lat' dir='ltr'><strong>acumina</strong></span> <span class='ocrx_word' id='word_1_103' title='bbox 1325 1371 1524 1428; x_wconf 87' lang='lat' dir='ltr'><strong>habere</strong></span> <span class='ocrx_word' id='word_1_104' title='bbox 1583 1372 1728 1428; x_wconf 83' lang='lat' dir='ltr'><strong>visus</strong></span> 
     </span>
    </p>
   </div>
   <div class='ocr_carea' id='block_1_16' title="bbox 126 1464 1723 1536">
    <p class='ocr_par' dir='ltr' id='par_1_16' title="bbox 126 1464 1723 1536">
     <span class='ocr_line' id='line_1_16' title="bbox 126 1464 1723 1536; baseline -0.002 -15"><span class='ocrx_word' id='word_1_105' title='bbox 126 1474 242 1530; x_wconf 88' lang='lat' dir='ltr'><strong>est;</strong></span> <span class='ocrx_word' id='word_1_106' title='bbox 299 1467 426 1536; x_wconf 83' lang='lat' dir='ltr'><strong>quia</strong></span> <span class='ocrx_word' id='word_1_107' title='bbox 477 1466 580 1535; x_wconf 92' lang='lat' dir='ltr'><strong>ipsi</strong></span> <span class='ocrx_word' id='word_1_108' title='bbox 631 1465 914 1531; x_wconf 88' lang='lat' dir='ltr'><strong>doctores,</strong></span> <span class='ocrx_word' id='word_1_109' title='bbox 970 1467 1199 1520; x_wconf 89' lang='lat' dir='ltr'><strong>duorum</strong></span> <span class='ocrx_word' id='word_1_110' title='bbox 1251 1464 1723 1521; x_wconf 86' lang='lat' dir='ltr'><strong>Tcstamentorum</strong></span> 
     </span>
    </p>
   </div>
   <div class='ocr_carea' id='block_1_17' title="bbox 125 1558 1721 1631">
    <p class='ocr_par' dir='ltr' id='par_1_17' title="bbox 125 1558 1721 1631">
     <span class='ocr_line' id='line_1_17' title="bbox 125 1558 1721 1631; baseline 0 -17"><span class='ocrx_word' id='word_1_111' title='bbox 125 1559 391 1616; x_wconf 85' lang='lat' dir='ltr'><strong>doctrinis</strong></span> <span class='ocrx_word' id='word_1_112' title='bbox 420 1560 642 1627; x_wconf 87' lang='lat' dir='ltr'><strong>eruditi,</strong></span> <span class='ocrx_word' id='word_1_113' title='bbox 675 1559 836 1616; x_wconf 78' lang='lat' dir='ltr'><strong>facile</strong></span> <span class='ocrx_word' id='word_1_114' title='bbox 865 1560 1047 1614; x_wconf 82' lang='lat' dir='ltr'><strong>hostes</strong></span> <span class='ocrx_word' id='word_1_115' title='bbox 1084 1560 1389 1615; x_wconf 87' lang='lat' dir='ltr'><strong>devinccnt.</strong></span> <span class='ocrx_word' id='word_1_116' title='bbox 1419 1558 1550 1616; x_wconf 80' lang='lat' dir='ltr'><strong>Nam</strong></span> <span class='ocrx_word' id='word_1_117' title='bbox 1579 1558 1721 1631; x_wconf 86' lang='lat' dir='ltr'><strong>quod</strong></span> 
     </span>
    </p>
   </div>
   <div class='ocr_carea' id='block_1_18' title="bbox 1838 425 3450 501">
    <p class='ocr_par' dir='ltr' id='par_1_18' title="bbox 1838 425 3450 501">
     <span class='ocr_line' id='line_1_18' title="bbox 1838 425 3450 501; baseline 0.012 -19"><span class='ocrx_word' id='word_1_118' title='bbox 1838 425 2043 483; x_wconf 80' lang='lat' dir='ltr'><strong>dixisse</strong></span> <span class='ocrx_word' id='word_1_119' title='bbox 2073 428 2354 487; x_wconf 84' lang='lat' dir='ltr'><strong>Psalmisla</strong></span> <span class='ocrx_word' id='word_1_120' title='bbox 2378 451 2391 486; x_wconf 94' lang='lat'><strong>:</strong></span> <span class='ocrx_word' id='word_1_121' title='bbox 2415 435 2640 492; x_wconf 71' lang='lat' dir='ltr'><strong>Circuiri</strong></span> <span class='ocrx_word' id='word_1_122' title='bbox 2671 449 2719 493; x_wconf 75' lang='lat' dir='ltr'><strong>et</strong></span> <span class='ocrx_word' id='word_1_123' title='bbox 2743 441 3005 496; x_wconf 81' lang='lat' dir='ltr'><strong>immo/oui</strong></span> <span class='ocrx_word' id='word_1_124' title='bbox 3027 443 3079 496; x_wconf 87' lang='lat' dir='ltr'><strong>iu</strong></span> <span class='ocrx_word' id='word_1_125' title='bbox 3118 447 3450 501; x_wconf 69' lang='lat' dir='ltr'><strong>tabernaculo</strong></span> 
     </span>
    </p>
   </div>
   <div class='ocr_carea' id='block_1_19' title="bbox 1839 519 3448 604">
    <p class='ocr_par' dir='ltr' id='par_1_19' title="bbox 1839 519 3448 604">
     <span class='ocr_line' id='line_1_19' title="bbox 1839 519 3448 604; baseline 0.014 -34"><span class='ocrx_word' id='word_1_126' title='bbox 1839 519 1948 588; x_wconf 83' lang='lat' dir='ltr'><strong>ejus</strong></span> <span class='ocrx_word' id='word_1_127' title='bbox 1967 519 2520 590; x_wconf 74' lang='lat' dir='ltr'><strong>hostiamjubitatiouis</strong></span> <span class='ocrx_word' id='word_1_128' title='bbox 2549 528 2723 598; x_wconf 79' lang='lat' dir='ltr'><strong>(l’sat.</strong></span> <span class='ocrx_word' id='word_1_129' title='bbox 2751 548 2897 598; x_wconf 79' lang='lat' dir='ltr'><strong>xxvi,</strong></span> <span class='ocrx_word' id='word_1_130' title='bbox 2925 532 3277 604; x_wconf 75' lang='lat' dir='ltr'><strong>6).Circuirit</strong></span> <span class='ocrx_word' id='word_1_131' title='bbox 3296 556 3448 594; x_wconf 76' lang='lat' dir='ltr'><strong>nztm-</strong></span> 
     </span>
    </p>
   </div>
   <div class='ocr_carea' id='block_1_20' title="bbox 1837 617 3451 697">
    <p class='ocr_par' dir='ltr' id='par_1_20' title="bbox 1837 617 3451 697">
     <span class='ocr_line' id='line_1_20' title="bbox 1837 617 3451 697; baseline 0.014 -33"><span class='ocrx_word' id='word_1_132' title='bbox 1837 626 1962 680; x_wconf 89' lang='lat' dir='ltr'><strong>que,</strong></span> <span class='ocrx_word' id='word_1_133' title='bbox 1989 621 2040 666; x_wconf 90' lang='lat' dir='ltr'><strong>et</strong></span> <span class='ocrx_word' id='word_1_134' title='bbox 2062 621 2246 682; x_wconf 77' lang='lat' dir='ltr'><strong>pOstca</strong></span> <span class='ocrx_word' id='word_1_135' title='bbox 2277 617 2597 684; x_wconf 81' lang='lat' dir='ltr'><strong>itmuolavit;</strong></span> <span class='ocrx_word' id='word_1_136' title='bbox 2615 624 2739 691; x_wconf 89' lang='lat' dir='ltr'><strong>quia</strong></span> <span class='ocrx_word' id='word_1_137' title='bbox 2757 624 2894 680; x_wconf 85' lang='lat' dir='ltr'><strong>facta</strong></span> <span class='ocrx_word' id='word_1_138' title='bbox 2915 630 3274 696; x_wconf 86' lang='lat' dir='ltr'><strong>reprohorum</strong></span> <span class='ocrx_word' id='word_1_139' title='bbox 3302 633 3451 697; x_wconf 82' lang='lat' dir='ltr'><strong>prius</strong></span> 
     </span>
    </p>
   </div>
   <div class='ocr_carea' id='block_1_21' title="bbox 1835 705 3450 794">
    <p class='ocr_par' dir='ltr' id='par_1_21' title="bbox 1835 705 3450 794">
     <span class='ocr_line' id='line_1_21' title="bbox 1835 705 3450 794; baseline 0.012 -37"><span class='ocrx_word' id='word_1_140' title='bbox 1835 705 2076 773; x_wconf 78' lang='lat' dir='ltr'><strong>sprevit,</strong></span> <span class='ocrx_word' id='word_1_141' title='bbox 2123 716 2179 760; x_wconf 92' lang='lat' dir='ltr'><strong>ut</strong></span> <span class='ocrx_word' id='word_1_142' title='bbox 2229 705 2770 779; x_wconf 82' lang='lat' dir='ltr'><strong>ltostiajubilationis</strong></span> <span class='ocrx_word' id='word_1_143' title='bbox 2802 716 2920 785; x_wconf 82' lang='lat' dir='ltr'><strong>ejus</strong></span> <span class='ocrx_word' id='word_1_144' title='bbox 2959 721 3305 794; x_wconf 85' lang='lat' dir='ltr'><strong>acceptabilis</strong></span> <span class='ocrx_word' id='word_1_145' title='bbox 3337 722 3450 777; x_wconf 83' lang='lat' dir='ltr'><strong>Dco</strong></span> 
     </span>
    </p>
   </div>
   <div class='ocr_carea' id='block_1_22' title="bbox 1835 798 3445 877">
    <p class='ocr_par' dir='ltr' id='par_1_22' title="bbox 1835 798 3445 877">
     <span class='ocr_line' id='line_1_22' title="bbox 1835 798 3445 877; baseline 0.014 -25"><span class='ocrx_word' id='word_1_146' title='bbox 1835 798 2008 853; x_wconf 83' lang='lat' dir='ltr'><strong>lieret.</strong></span> <span class='ocrx_word' id='word_1_147' title='bbox 2042 799 2194 866; x_wconf 80' lang='lat' dir='ltr'><strong>Multi</strong></span> <span class='ocrx_word' id='word_1_148' title='bbox 2227 801 2372 860; x_wconf 85' lang='lat' dir='ltr'><strong>enim</strong></span> <span class='ocrx_word' id='word_1_149' title='bbox 2403 816 2562 872; x_wconf 84' lang='lat' dir='ltr'><strong>sunt,</strong></span> <span class='ocrx_word' id='word_1_150' title='bbox 2605 811 2694 877; x_wconf 88' lang='lat' dir='ltr'><strong>qui</strong></span> <span class='ocrx_word' id='word_1_151' title='bbox 2737 811 2958 870; x_wconf 78' lang='lat' dir='ltr'><strong>assidue</strong></span> <span class='ocrx_word' id='word_1_152' title='bbox 2984 814 3205 874; x_wconf 85' lang='lat' dir='ltr'><strong>laudant</strong></span> <span class='ocrx_word' id='word_1_153' title='bbox 3232 817 3401 872; x_wconf 76' lang='lat' dir='ltr'><strong>Deum</strong></span> <span class='ocrx_word' id='word_1_154' title='bbox 3430 839 3445 875; x_wconf 87' lang='lat'><strong><em>:</em></strong></span> 
     </span>
    </p>
   </div>
   <div class='ocr_carea' id='block_1_23' title="bbox 1834 890 3448 972">
    <p class='ocr_par' dir='ltr' id='par_1_23' title="bbox 1834 890 3448 972">
     <span class='ocr_line' id='line_1_23' title="bbox 1834 890 3448 972; baseline 0.012 -29"><span class='ocrx_word' id='word_1_155' title='bbox 1834 890 1928 944; x_wconf 86' lang='lat' dir='ltr'><strong>sed</strong></span> <span class='ocrx_word' id='word_1_156' title='bbox 1958 893 2082 962; x_wconf 90' lang='lat' dir='ltr'><strong>quia</strong></span> <span class='ocrx_word' id='word_1_157' title='bbox 2108 893 2235 958; x_wconf 82' lang='lat' dir='ltr'><strong>vitia</strong></span> <span class='ocrx_word' id='word_1_158' title='bbox 2271 910 2298 952; x_wconf 85' lang='lat' dir='ltr'><strong>a</strong></span> <span class='ocrx_word' id='word_1_159' title='bbox 2325 911 2385 952; x_wconf 89' lang='lat' dir='ltr'><strong>se</strong></span> <span class='ocrx_word' id='word_1_160' title='bbox 2417 900 2688 967; x_wconf 89' lang='lat' dir='ltr'><strong>repellere</strong></span> <span class='ocrx_word' id='word_1_161' title='bbox 2716 905 2930 972; x_wconf 91' lang='lat' dir='ltr'><strong>nolunt,</strong></span> <span class='ocrx_word' id='word_1_162' title='bbox 2965 922 3153 964; x_wconf 87' lang='lat' dir='ltr'><strong>eorum</strong></span> <span class='ocrx_word' id='word_1_163' title='bbox 3184 911 3448 968; x_wconf 84' lang='lat' dir='ltr'><strong>laudatio-</strong></span> 
     </span>
    </p>
   </div>
   <div class='ocr_carea' id='block_1_24' title="bbox 1833 982 3446 1072">
    <p class='ocr_par' dir='ltr' id='par_1_24' title="bbox 1833 982 3446 1072">
     <span class='ocr_line' id='line_1_24' title="bbox 1833 982 3446 1072; baseline 0.014 -36"><span class='ocrx_word' id='word_1_164' title='bbox 1833 982 1916 1044; x_wconf 65' lang='lat' dir='ltr'><strong>nis</strong></span> <span class='ocrx_word' id='word_1_165' title='bbox 1950 984 2126 1040; x_wconf 81' lang='lat' dir='ltr'><strong>hostia</strong></span> <span class='ocrx_word' id='word_1_166' title='bbox 2147 1003 2250 1042; x_wconf 90' lang='lat' dir='ltr'><strong>non</strong></span> <span class='ocrx_word' id='word_1_167' title='bbox 2280 992 2732 1062; x_wconf 86' lang='lat' dir='ltr'><strong>estacceptabilis</strong></span> <span class='ocrx_word' id='word_1_168' title='bbox 2763 997 2895 1052; x_wconf 90' lang='lat' dir='ltr'><strong>Deo.</strong></span> <span class='ocrx_word' id='word_1_169' title='bbox 2925 999 3102 1056; x_wconf 85' lang='lat' dir='ltr'><strong>Prima</strong></span> <span class='ocrx_word' id='word_1_170' title='bbox 3131 1002 3295 1072; x_wconf 83' lang='lat' dir='ltr'><strong>igitur</strong></span> <span class='ocrx_word' id='word_1_171' title='bbox 3336 1005 3446 1058; x_wconf 86' lang='lat' dir='ltr'><strong>cir-</strong></span> 
     </span>
    </p>
   </div>
   <div class='ocr_carea' id='block_1_25' title="bbox 1830 1079 3450 1165">
    <p class='ocr_par' dir='ltr' id='par_1_25' title="bbox 1830 1079 3450 1165">
     <span class='ocr_line' id='line_1_25' title="bbox 1830 1079 3450 1165; baseline 0.016 -34"><span class='ocrx_word' id='word_1_172' title='bbox 1830 1079 1996 1145; x_wconf 82' lang='lat' dir='ltr'><strong>cuitio</strong></span> <span class='ocrx_word' id='word_1_173' title='bbox 2024 1080 2089 1134; x_wconf 88' lang='lat' dir='ltr'><strong>ad</strong></span> <span class='ocrx_word' id='word_1_174' title='bbox 2115 1096 2208 1136; x_wconf 88' lang='lat' dir='ltr'><strong>eos</strong></span> <span class='ocrx_word' id='word_1_175' title='bbox 2233 1083 2435 1150; x_wconf 86' lang='lat' dir='ltr'><strong>justus,</strong></span> <span class='ocrx_word' id='word_1_176' title='bbox 2461 1086 2549 1154; x_wconf 88' lang='lat' dir='ltr'><strong>qui</strong></span> <span class='ocrx_word' id='word_1_177' title='bbox 2582 1097 2708 1152; x_wconf 82' lang='lat' dir='ltr'><strong>ante</strong></span> <span class='ocrx_word' id='word_1_178' title='bbox 2737 1089 2995 1150; x_wconf 82' lang='lat' dir='ltr'><strong>diluvium</strong></span> <span class='ocrx_word' id='word_1_179' title='bbox 3019 1094 3253 1163; x_wconf 78' lang='lat' dir='ltr'><strong>luerunt,</strong></span> <span class='ocrx_word' id='word_1_180' title='bbox 3284 1114 3366 1165; x_wconf 72' lang='grc' dir='ltr'><strong>1»ιί</strong></span> <span class='ocrx_word' id='word_1_181' title='bbox 3385 1097 3450 1152; x_wconf 82' lang='lat' dir='ltr'><strong>ti—</strong></span> 
     </span>
    </p>
   </div>
   <div class='ocr_carea' id='block_1_26' title="bbox 1829 1175 3450 1255">
    <p class='ocr_par' dir='ltr' id='par_1_26' title="bbox 1829 1175 3450 1255">
     <span class='ocr_line' id='line_1_26' title="bbox 1829 1175 3450 1255; baseline 0.01 -27"><span class='ocrx_word' id='word_1_182' title='bbox 1829 1182 1946 1239; x_wconf 89' lang='lat' dir='ltr'><strong>net,</strong></span> <span class='ocrx_word' id='word_1_183' title='bbox 1975 1175 2065 1244; x_wconf 88' lang='lat' dir='ltr'><strong>qui</strong></span> <span class='ocrx_word' id='word_1_184' title='bbox 2096 1175 2193 1241; x_wconf 84' lang='lat' dir='ltr'><strong>filii</strong></span> <span class='ocrx_word' id='word_1_185' title='bbox 2224 1176 2314 1231; x_wconf 86' lang='lat' dir='ltr'><strong>Dei</strong></span> <span class='ocrx_word' id='word_1_186' title='bbox 2347 1177 2477 1242; x_wconf 80' lang='lat' dir='ltr'><strong>dicti</strong></span> <span class='ocrx_word' id='word_1_187' title='bbox 2509 1190 2656 1236; x_wconf 89' lang='lat' dir='ltr'><strong>sunt.</strong></span> <span class='ocrx_word' id='word_1_188' title='bbox 2694 1183 2976 1246; x_wconf 71' lang='lat' dir='ltr'><strong>Civitatem</strong></span> <span class='ocrx_word' id='word_1_189' title='bbox 3023 1187 3190 1255; x_wconf 67' lang='lat' dir='ltr'><strong>igitur</strong></span> <span class='ocrx_word' id='word_1_190' title='bbox 3225 1189 3306 1246; x_wconf 61' lang='grc' dir='ltr'>λιιι</span> <span class='ocrx_word' id='word_1_191' title='bbox 3327 1192 3450 1244; x_wconf 83' lang='lat' dir='ltr'><strong>ieho</strong></span> 
     </span>
    </p>
   </div>
   <div class='ocr_carea' id='block_1_27' title="bbox 1831 1267 3446 1354">
    <p class='ocr_par' dir='ltr' id='par_1_27' title="bbox 1831 1267 3446 1354">
     <span class='ocr_line' id='line_1_27' title="bbox 1831 1267 3446 1354; baseline 0.014 -35"><span class='ocrx_word' id='word_1_192' title='bbox 1831 1267 2034 1326; x_wconf 80' lang='lat' dir='ltr'><strong>tamdiu</strong></span> <span class='ocrx_word' id='word_1_193' title='bbox 2064 1269 2428 1339; x_wconf 75' lang='lat' dir='ltr'><strong>circuicrnnt,</strong></span> <span class='ocrx_word' id='word_1_194' title='bbox 2450 1275 2709 1344; x_wconf 82' lang='lat' dir='ltr'><strong>quamdiu</strong></span> <span class='ocrx_word' id='word_1_195' title='bbox 2741 1293 2768 1330; x_wconf 85' lang='lat' dir='ltr'><strong>a</strong></span> <span class='ocrx_word' id='word_1_196' title='bbox 2799 1281 3059 1336; x_wconf 77' lang='lat' dir='ltr'><strong>Societate</strong></span> <span class='ocrx_word' id='word_1_197' title='bbox 3090 1285 3446 1354; x_wconf 83' lang='lat' dir='ltr'><strong>reprobornm</strong></span> 
     </span>
    </p>
   </div>
   <div class='ocr_carea' id='block_1_28' title="bbox 1828 1367 3450 1444">
    <p class='ocr_par' dir='ltr' id='par_1_28' title="bbox 1828 1367 3450 1444">
     <span class='ocr_line' id='line_1_28' title="bbox 1828 1367 3450 1444; baseline 0.01 -29"><span class='ocrx_word' id='word_1_198' title='bbox 1828 1373 1887 1426; x_wconf 70' lang='lat' dir='ltr'><strong>se</strong></span> <span class='ocrx_word' id='word_1_199' title='bbox 1936 1371 2443 1433; x_wconf 81' lang='lat' dir='ltr'><strong>sequestraverunt.</strong></span> <span class='ocrx_word' id='word_1_200' title='bbox 2495 1367 2788 1438; x_wconf 84' lang='lat' dir='ltr'><strong>Postquam</strong></span> <span class='ocrx_word' id='word_1_201' title='bbox 2839 1371 3001 1441; x_wconf 86' lang='lat' dir='ltr'><strong>igitur</strong></span> <span class='ocrx_word' id='word_1_202' title='bbox 3045 1389 3168 1428; x_wconf 85' lang='lat' dir='ltr'><strong>arca</strong></span> <span class='ocrx_word' id='word_1_203' title='bbox 3230 1377 3320 1432; x_wconf 87' lang='lat' dir='ltr'><strong>Dei</strong></span> <span class='ocrx_word' id='word_1_204' title='bbox 3349 1421 3362 1444; x_wconf 94' lang='lat'><strong>,</strong></span> <span class='ocrx_word' id='word_1_205' title='bbox 3396 1389 3450 1434; x_wconf 88' lang='lat' dir='ltr'><strong>et</strong></span> 
     </span>
    </p>
   </div>
   <div class='ocr_carea' id='block_1_29' title="bbox 1823 1456 3447 1539">
    <p class='ocr_par' dir='ltr' id='par_1_29' title="bbox 1823 1456 3447 1539">
     <span class='ocr_line' id='line_1_29' title="bbox 1823 1456 3447 1539; baseline 0.01 -30"><span class='ocrx_word' id='word_1_206' title='bbox 1823 1456 2062 1539; x_wconf 76' lang='lat' dir='ltr'><strong>populus</strong></span> <span class='ocrx_word' id='word_1_207' title='bbox 2125 1458 2349 1522; x_wconf 83' lang='lat' dir='ltr'><strong>Jcricho</strong></span> <span class='ocrx_word' id='word_1_208' title='bbox 2403 1463 2676 1520; x_wconf 86' lang='lat' dir='ltr'><strong>civitatem</strong></span> <span class='ocrx_word' id='word_1_209' title='bbox 2723 1465 3092 1531; x_wconf 86' lang='lat' dir='ltr'><strong>circuicrunt.</strong></span> <span class='ocrx_word' id='word_1_210' title='bbox 3161 1472 3224 1526; x_wconf 89' lang='lat' dir='ltr'><strong>ad</strong></span> <span class='ocrx_word' id='word_1_211' title='bbox 3272 1484 3447 1531; x_wconf 65' lang='lat' dir='ltr'><strong>castra</strong></span> 
     </span>
    </p>
   </div>
   <div class='ocr_carea' id='block_1_30' title="bbox 1828 1551 3448 1630">
    <p class='ocr_par' dir='ltr' id='par_1_30' title="bbox 1828 1551 3448 1630">
     <span class='ocr_line' id='line_1_30' title="bbox 1828 1551 3448 1630; baseline 0.012 -27"><span class='ocrx_word' id='word_1_212' title='bbox 1828 1551 2139 1620; x_wconf 84' lang='lat' dir='ltr'><strong>redierunt;</strong></span> <span class='ocrx_word' id='word_1_213' title='bbox 2175 1555 2300 1624; x_wconf 88' lang='lat' dir='ltr'><strong>quia</strong></span> <span class='ocrx_word' id='word_1_214' title='bbox 2345 1557 2720 1629; x_wconf 85' lang='lat' dir='ltr'><strong>unusquisque</strong></span> <span class='ocrx_word' id='word_1_215' title='bbox 2753 1558 2932 1630; x_wconf 88' lang='lat' dir='ltr'><strong>justus</strong></span> <span class='ocrx_word' id='word_1_216' title='bbox 2961 1561 3300 1622; x_wconf 86' lang='lat' dir='ltr'><strong>circuitionis</strong></span> <span class='ocrx_word' id='word_1_217' title='bbox 3334 1580 3448 1622; x_wconf 71' lang='lat' dir='ltr'><strong>suac</strong></span> 
     </span>
    </p>
   </div>
   <div class='ocr_carea' id='block_1_31' title="bbox 125 1649 3448 1726">
    <p class='ocr_par' dir='ltr' id='par_1_31' title="bbox 125 1649 3448 1726">
     <span class='ocr_line' id='line_1_31' title="bbox 125 1649 3448 1726; baseline 0.001 -16"><span class='ocrx_word' id='word_1_218' title='bbox 125 1652 192 1710; x_wconf 89' lang='lat' dir='ltr'><strong>de</strong></span> <span class='ocrx_word' id='word_1_219' title='bbox 220 1670 316 1709; x_wconf 88' lang='lat' dir='ltr'><strong>ore</strong></span> <span class='ocrx_word' id='word_1_220' title='bbox 341 1654 556 1710; x_wconf 87' lang='lat' dir='ltr'><strong>Domini</strong></span> <span class='ocrx_word' id='word_1_221' title='bbox 587 1655 701 1723; x_wconf 87' lang='lat' dir='ltr'><strong>ipse</strong></span> <span class='ocrx_word' id='word_1_222' title='bbox 723 1653 934 1725; x_wconf 76' lang='lat' dir='ltr'><strong>gladius</strong></span> <span class='ocrx_word' id='word_1_223' title='bbox 963 1654 1256 1726; x_wconf 85' lang='lat' dir='ltr'><strong>procedere</strong></span> <span class='ocrx_word' id='word_1_224' title='bbox 1282 1655 1429 1709; x_wconf 85' lang='lat' dir='ltr'><strong>visus</strong></span> <span class='ocrx_word' id='word_1_225' title='bbox 1456 1663 1562 1719; x_wconf 88' lang='lat' dir='ltr'><strong>est,</strong></span> <span class='ocrx_word' id='word_1_226' title='bbox 1591 1654 1722 1710; x_wconf 90' lang='lat' dir='ltr'><strong>illud</strong></span> <span class='ocrx_word' id='word_1_227' title='bbox 1827 1652 2073 1717; x_wconf 68' lang='lat' dir='ltr'><strong>tempore</strong></span> <span class='ocrx_word' id='word_1_228' title='bbox 2101 1649 2358 1720; x_wconf 71' lang='lat' dir='ltr'><strong>expleto,</strong></span> <span class='ocrx_word' id='word_1_229' title='bbox 2391 1662 2514 1720; x_wconf 87' lang='lat' dir='ltr'><strong>post</strong></span> <span class='ocrx_word' id='word_1_230' title='bbox 2535 1663 2770 1710; x_wconf 85' lang='lat' dir='ltr'><strong>mortem</strong></span> <span class='ocrx_word' id='word_1_231' title='bbox 2801 1657 2866 1712; x_wconf 86' lang='lat' dir='ltr'><strong>ad</strong></span> <span class='ocrx_word' id='word_1_232' title='bbox 2890 1657 3212 1716; x_wconf 83' lang='lat' dir='ltr'><strong>societatem</strong></span> <span class='ocrx_word' id='word_1_233' title='bbox 3245 1659 3448 1716; x_wconf 82' lang='lat' dir='ltr'><strong>electo-</strong></span> 
     </span>
    </p>
   </div>
   <div class='ocr_carea' id='block_1_32' title="bbox 122 1737 3448 1819">
    <p class='ocr_par' dir='ltr' id='par_1_32' title="bbox 122 1737 3448 1819">
     <span class='ocr_line' id='line_1_32' title="bbox 122 1737 3448 1819; baseline 0.002 -17"><span class='ocrx_word' id='word_1_234' title='bbox 122 1746 428 1816; x_wconf 82' lang='lat' dir='ltr'><strong>signiﬁcat,</strong></span> <span class='ocrx_word' id='word_1_235' title='bbox 461 1747 604 1816; x_wconf 88' lang='lat' dir='ltr'><strong>quod</strong></span> <span class='ocrx_word' id='word_1_236' title='bbox 635 1747 751 1818; x_wconf 89' lang='lat' dir='ltr'><strong>ipse</strong></span> <span class='ocrx_word' id='word_1_237' title='bbox 779 1747 918 1804; x_wconf 71' lang='lat' dir='ltr'><strong>dixit</strong></span> <span class='ocrx_word' id='word_1_238' title='bbox 965 1749 1017 1802; x_wconf 91' lang='lat' dir='ltr'><strong>in</strong></span> <span class='ocrx_word' id='word_1_239' title='bbox 1057 1749 1351 1819; x_wconf 85' lang='lat' dir='ltr'><strong>Evangelio</strong></span> <span class='ocrx_word' id='word_1_240' title='bbox 1389 1767 1399 1802; x_wconf 92' lang='lat'><strong>:</strong></span> <span class='ocrx_word' id='word_1_241' title='bbox 1435 1747 1559 1803; x_wconf 84' lang='lat' dir='ltr'><strong>Non</strong></span> <span class='ocrx_word' id='word_1_242' title='bbox 1590 1749 1722 1804; x_wconf 80' lang='lat' dir='ltr'><strong>enim</strong></span> <span class='ocrx_word' id='word_1_243' title='bbox 1753 1737 1802 1805; x_wconf 78' lang='grc' dir='ltr'>Β</span> <span class='ocrx_word' id='word_1_244' title='bbox 1827 1755 1946 1798; x_wconf 78' lang='lat' dir='ltr'><strong>rum</strong></span> <span class='ocrx_word' id='word_1_245' title='bbox 1973 1784 1986 1809; x_wconf 90' lang='lat'><strong>,</strong></span> <span class='ocrx_word' id='word_1_246' title='bbox 2023 1758 2142 1812; x_wconf 67' lang='lat' dir='ltr'><strong>qua:</strong></span> <span class='ocrx_word' id='word_1_247' title='bbox 2167 1755 2296 1802; x_wconf 71' lang='lat' dir='ltr'><strong>sent</strong></span> <span class='ocrx_word' id='word_1_248' title='bbox 2319 1755 2499 1804; x_wconf 79' lang='lat' dir='ltr'><strong>castra</strong></span> <span class='ocrx_word' id='word_1_249' title='bbox 2523 1759 2874 1816; x_wconf 72' lang='lat' dir='ltr'><strong>sanctorum,</strong></span> <span class='ocrx_word' id='word_1_250' title='bbox 2906 1748 3144 1813; x_wconf 82' lang='lat' dir='ltr'><strong>ducitur.</strong></span> <span class='ocrx_word' id='word_1_251' title='bbox 3179 1750 3448 1812; x_wconf 66' lang='lat' dir='ltr'><strong>Secunda!</strong></span> 
     </span>
    </p>
   </div>
   <div class='ocr_carea' id='block_1_33' title="bbox 122 1832 3446 1913">
    <p class='ocr_par' dir='ltr' id='par_1_33' title="bbox 122 1832 3446 1913">
     <span class='ocr_line' id='line_1_33' title="bbox 122 1832 3446 1913; baseline 0.002 -20"><span class='ocrx_word' id='word_1_252' title='bbox 122 1855 207 1894; x_wconf 75' lang='lat' dir='ltr'><strong>vos</strong></span> <span class='ocrx_word' id='word_1_253' title='bbox 236 1841 362 1898; x_wconf 72' lang='lat' dir='ltr'><strong>estis</strong></span> <span class='ocrx_word' id='word_1_254' title='bbox 390 1842 479 1911; x_wconf 86' lang='lat' dir='ltr'><strong>qui</strong></span> <span class='ocrx_word' id='word_1_255' title='bbox 508 1840 814 1905; x_wconf 80' lang='lat' dir='ltr'><strong>loquimini,</strong></span> <span class='ocrx_word' id='word_1_256' title='bbox 843 1841 932 1896; x_wconf 72' lang='lat' dir='ltr'><strong>sed</strong></span> <span class='ocrx_word' id='word_1_257' title='bbox 961 1841 1196 1911; x_wconf 72' lang='lat' dir='ltr'><strong>Spiritus</strong></span> <span class='ocrx_word' id='word_1_258' title='bbox 1228 1840 1405 1896; x_wconf 81' lang='lat' dir='ltr'><strong>Patris</strong></span> <span class='ocrx_word' id='word_1_259' title='bbox 1435 1842 1611 1909; x_wconf 79' lang='lat' dir='ltr'><strong>uestri,</strong></span> <span class='ocrx_word' id='word_1_260' title='bbox 1638 1843 1727 1913; x_wconf 81' lang='lat' dir='ltr'><strong>qui</strong></span> <span class='ocrx_word' id='word_1_261' title='bbox 1825 1832 1935 1896; x_wconf 80' lang='lat' dir='ltr'><strong>diui</strong></span> <span class='ocrx_word' id='word_1_262' title='bbox 1993 1833 2256 1896; x_wconf 81' lang='lat' dir='ltr'><strong>circuitus</strong></span> <span class='ocrx_word' id='word_1_263' title='bbox 2303 1837 2369 1894; x_wconf 85' lang='lat' dir='ltr'><strong>ad</strong></span> <span class='ocrx_word' id='word_1_264' title='bbox 2413 1855 2543 1906; x_wconf 76' lang='lat' dir='ltr'><strong>eos,</strong></span> <span class='ocrx_word' id='word_1_265' title='bbox 2573 1841 2666 1911; x_wconf 86' lang='lat' dir='ltr'><strong>qui</strong></span> <span class='ocrx_word' id='word_1_266' title='bbox 2711 1852 2830 1910; x_wconf 82' lang='lat' dir='ltr'><strong>post</strong></span> <span class='ocrx_word' id='word_1_267' title='bbox 2862 1842 3124 1903; x_wconf 86' lang='lat' dir='ltr'><strong>diluvium</strong></span> <span class='ocrx_word' id='word_1_268' title='bbox 3179 1859 3349 1913; x_wconf 87' lang='lat' dir='ltr'><strong>nsque</strong></span> <span class='ocrx_word' id='word_1_269' title='bbox 3381 1844 3446 1900; x_wconf 85' lang='lat' dir='ltr'><strong>:d</strong></span> 
     </span>
    </p>
   </div>
   <div class='ocr_carea' id='block_1_34' title="bbox 123 1932 1724 2006">
    <p class='ocr_par' dir='ltr' id='par_1_34' title="bbox 123 1932 1724 2006">
     <span class='ocr_line' id='line_1_34' title="bbox 123 1932 1724 2006; baseline 0.003 -20"><span class='ocrx_word' id='word_1_270' title='bbox 123 1933 352 2003; x_wconf 80' lang='lat' dir='ltr'><strong>loquitur</strong></span> <span class='ocrx_word' id='word_1_271' title='bbox 390 1934 445 1988; x_wconf 84' lang='lat' dir='ltr'><strong>in</strong></span> <span class='ocrx_word' id='word_1_272' title='bbox 490 1935 630 1990; x_wconf 74' lang='lat' dir='ltr'><strong>uobis</strong></span> <span class='ocrx_word' id='word_1_273' title='bbox 658 1932 879 2005; x_wconf 75' lang='lat' dir='ltr'><strong>(Matth.</strong></span> <span class='ocrx_word' id='word_1_274' title='bbox 915 1949 970 1999; x_wconf 77' lang='grc' dir='ltr'><strong>ι,</strong></span> <span class='ocrx_word' id='word_1_275' title='bbox 1003 1934 1114 2005; x_wconf 69' lang='grc'><strong>20).</strong></span> <span class='ocrx_word' id='word_1_276' title='bbox 1149 1934 1206 1990; x_wconf 89' lang='lat' dir='ltr'><strong>In</strong></span> <span class='ocrx_word' id='word_1_277' title='bbox 1251 1933 1316 1990; x_wconf 84' lang='lat' dir='ltr'><strong>iis</strong></span> <span class='ocrx_word' id='word_1_278' title='bbox 1352 1951 1483 2006; x_wconf 81' lang='lat' dir='ltr'><strong>ergo</strong></span> <span class='ocrx_word' id='word_1_279' title='bbox 1514 1945 1724 2006; x_wconf 85' lang='lat' dir='ltr'><strong>septem</strong></span> 
     </span>
    </p>
   </div>
   <div class='ocr_carea' id='block_1_35' title="bbox 122 2029 1728 2101">
    <p class='ocr_par' dir='ltr' id='par_1_35' title="bbox 122 2029 1728 2101">
     <span class='ocr_line' id='line_1_35' title="bbox 122 2029 1728 2101; baseline 0.001 -19"><span class='ocrx_word' id='word_1_280' title='bbox 122 2029 464 2084; x_wconf 86' lang='lat' dir='ltr'><strong>ornamentis</strong></span> <span class='ocrx_word' id='word_1_281' title='bbox 493 2030 670 2088; x_wconf 89' lang='lat' dir='ltr'><strong>omnis</strong></span> <span class='ocrx_word' id='word_1_282' title='bbox 699 2029 994 2084; x_wconf 89' lang='lat' dir='ltr'><strong>electorum</strong></span> <span class='ocrx_word' id='word_1_283' title='bbox 1043 2030 1282 2086; x_wconf 86' lang='lat' dir='ltr'><strong>Ecclesia</strong></span> <span class='ocrx_word' id='word_1_284' title='bbox 1305 2073 1319 2097; x_wconf 95' lang='lat'><strong>,</strong></span> <span class='ocrx_word' id='word_1_285' title='bbox 1347 2045 1468 2101; x_wconf 76' lang='lat' dir='ltr'><strong>qua:</strong></span> <span class='ocrx_word' id='word_1_286' title='bbox 1500 2049 1526 2090; x_wconf 68' lang='grc' dir='ltr'><strong>ιι</strong></span> <span class='ocrx_word' id='word_1_287' title='bbox 1569 2031 1728 2086; x_wconf 78' lang='lat' dir='ltr'><strong>nobis</strong></span> 
     </span>
    </p>
   </div>
   <div class='ocr_carea' id='block_1_36' title="bbox 124 2121 1727 2194">
    <p class='ocr_par' dir='ltr' id='par_1_36' title="bbox 124 2121 1727 2194">
     <span class='ocr_line' id='line_1_36' title="bbox 124 2121 1727 2194; baseline 0.002 -18"><span class='ocrx_word' id='word_1_288' title='bbox 124 2122 174 2177; x_wconf 91' lang='lat' dir='ltr'><strong>in</strong></span> <span class='ocrx_word' id='word_1_289' title='bbox 203 2134 420 2192; x_wconf 88' lang='lat' dir='ltr'><strong>septem</strong></span> <span class='ocrx_word' id='word_1_290' title='bbox 453 2133 632 2194; x_wconf 79' lang='lat' dir='ltr'><strong>partes</strong></span> <span class='ocrx_word' id='word_1_291' title='bbox 657 2121 936 2189; x_wconf 80' lang='lat' dir='ltr'><strong>dividitur,</strong></span> <span class='ocrx_word' id='word_1_292' title='bbox 961 2123 1459 2194; x_wconf 86' lang='lat' dir='ltr'><strong>comprehenditur.</strong></span> <span class='ocrx_word' id='word_1_293' title='bbox 1503 2123 1633 2180; x_wconf 87' lang='lat' dir='ltr'><strong>Sine</strong></span> <span class='ocrx_word' id='word_1_294' title='bbox 1659 2123 1727 2179; x_wconf 88' lang='lat' dir='ltr'><strong>iis</strong></span> 
     </span>
    </p>
   </div>
   <div class='ocr_carea' id='block_1_37' title="bbox 122 2215 1723 2288">
    <p class='ocr_par' dir='ltr' id='par_1_37' title="bbox 122 2215 1723 2288">
     <span class='ocr_line' id='line_1_37' title="bbox 122 2215 1723 2288; baseline 0.001 -16"><span class='ocrx_word' id='word_1_295' title='bbox 122 2231 251 2288; x_wconf 83' lang='lat' dir='ltr'><strong>ergo</strong></span> <span class='ocrx_word' id='word_1_296' title='bbox 279 2227 493 2287; x_wconf 79' lang='lat' dir='ltr'><strong>septem</strong></span> <span class='ocrx_word' id='word_1_297' title='bbox 527 2220 768 2287; x_wconf 87' lang='lat' dir='ltr'><strong>partibus</strong></span> <span class='ocrx_word' id='word_1_298' title='bbox 799 2233 906 2273; x_wconf 91' lang='lat' dir='ltr'><strong>nou</strong></span> <span class='ocrx_word' id='word_1_299' title='bbox 939 2217 1070 2272; x_wconf 86' lang='lat' dir='ltr'><strong>mihi</strong></span> <span class='ocrx_word' id='word_1_300' title='bbox 1102 2217 1317 2273; x_wconf 90' lang='lat' dir='ltr'><strong>videtur</strong></span> <span class='ocrx_word' id='word_1_301' title='bbox 1353 2215 1498 2273; x_wconf 86' lang='lat' dir='ltr'><strong>hunc</strong></span> <span class='ocrx_word' id='word_1_302' title='bbox 1527 2218 1723 2273; x_wconf 84' lang='lat' dir='ltr'><strong>librum</strong></span> 
     </span>
    </p>
   </div>
   <div class='ocr_carea' id='block_1_38' title="bbox 123 2309 1727 2381">
    <p class='ocr_par' dir='ltr' id='par_1_38' title="bbox 123 2309 1727 2381">
     <span class='ocr_line' id='line_1_38' title="bbox 123 2309 1727 2381; baseline 0.001 -19"><span class='ocrx_word' id='word_1_303' title='bbox 123 2324 452 2380; x_wconf 85' lang='lat' dir='ltr'><strong>quemquam</strong></span> <span class='ocrx_word' id='word_1_304' title='bbox 477 2311 727 2370; x_wconf 78' lang='lat' dir='ltr'><strong>ordinate</strong></span> <span class='ocrx_word' id='word_1_305' title='bbox 748 2325 908 2381; x_wconf 79' lang='lat' dir='ltr'><strong>posse</strong></span> <span class='ocrx_word' id='word_1_306' title='bbox 936 2309 1238 2380; x_wconf 83' lang='lat' dir='ltr'><strong>intelligere</strong></span> <span class='ocrx_word' id='word_1_307' title='bbox 1267 2327 1278 2361; x_wconf 95' lang='lat'>:</span> <span class='ocrx_word' id='word_1_308' title='bbox 1308 2309 1375 2366; x_wconf 89' lang='lat' dir='ltr'><strong>de</strong></span> <span class='ocrx_word' id='word_1_309' title='bbox 1399 2319 1523 2370; x_wconf 80' lang='lat' dir='ltr'><strong>octo</strong></span> <span class='ocrx_word' id='word_1_310' title='bbox 1536 2325 1600 2364; x_wconf 83' lang='lat' dir='ltr'><strong>va</strong></span> <span class='ocrx_word' id='word_1_311' title='bbox 1631 2325 1727 2378; x_wconf 80' lang='lat' dir='ltr'><strong>att-</strong></span> 
     </span>
    </p>
   </div>
   <div class='ocr_carea' id='block_1_39' title="bbox 126 2405 1302 2476">
    <p class='ocr_par' dir='ltr' id='par_1_39' title="bbox 126 2405 1302 2476">
     <span class='ocr_line' id='line_1_39' title="bbox 126 2405 1302 2476; baseline -0.001 -18"><span class='ocrx_word' id='word_1_312' title='bbox 126 2413 229 2459; x_wconf 90' lang='lat' dir='ltr'><strong>tem</strong></span> <span class='ocrx_word' id='word_1_313' title='bbox 251 2419 380 2476; x_wconf 84' lang='lat' dir='ltr'><strong>quae</strong></span> <span class='ocrx_word' id='word_1_314' title='bbox 411 2416 579 2461; x_wconf 77' lang='lat' dir='ltr'><strong>reSIat</strong></span> <span class='ocrx_word' id='word_1_315' title='bbox 603 2447 618 2474; x_wconf 88' lang='lat'><strong>,</strong></span> <span class='ocrx_word' id='word_1_316' title='bbox 652 2406 854 2476; x_wconf 89' lang='lat' dir='ltr'><strong>aliquid</strong></span> <span class='ocrx_word' id='word_1_317' title='bbox 883 2405 1170 2461; x_wconf 85' lang='lat' dir='ltr'><strong>dicendum</strong></span> <span class='ocrx_word' id='word_1_318' title='bbox 1201 2415 1302 2460; x_wconf 87' lang='lat' dir='ltr'><strong>est.</strong></span> 
     </span>
    </p>
   </div>
   <div class='ocr_carea' id='block_1_40' title="bbox 193 2496 1728 2573">
    <p class='ocr_par' dir='ltr' id='par_1_40' title="bbox 193 2496 1728 2573">
     <span class='ocr_line' id='line_1_40' title="bbox 193 2496 1728 2573; baseline 0.001 -21"><span class='ocrx_word' id='word_1_319' title='bbox 193 2496 262 2553; x_wconf 84' lang='lat' dir='ltr'><strong>Et</strong></span> <span class='ocrx_word' id='word_1_320' title='bbox 301 2499 471 2567; x_wconf 72' lang='lat' dir='ltr'><strong>[acies</strong></span> <span class='ocrx_word' id='word_1_321' title='bbox 497 2502 608 2573; x_wconf 79' lang='lat' dir='ltr'><strong>ejus</strong></span> <span class='ocrx_word' id='word_1_322' title='bbox 631 2542 644 2566; x_wconf 93' lang='lat'><strong>,</strong></span> <span class='ocrx_word' id='word_1_323' title='bbox 677 2501 909 2555; x_wconf 72' lang='grc' dir='ltr'><strong>εἱειειεοι</strong></span> <span class='ocrx_word' id='word_1_324' title='bbox 933 2499 1071 2554; x_wconf 80' lang='lat' dir='ltr'><strong>lucet</strong></span> <span class='ocrx_word' id='word_1_325' title='bbox 1092 2540 1108 2566; x_wconf 94' lang='lat'><strong>,</strong></span> <span class='ocrx_word' id='word_1_326' title='bbox 1141 2501 1194 2553; x_wconf 86' lang='lat' dir='ltr'><strong>iu</strong></span> <span class='ocrx_word' id='word_1_327' title='bbox 1225 2500 1416 2555; x_wconf 79' lang='lat' dir='ltr'><strong>uirtute</strong></span> <span class='ocrx_word' id='word_1_328' title='bbox 1459 2515 1576 2554; x_wconf 72' lang='lat' dir='ltr'><strong>sua.</strong></span> <span class='ocrx_word' id='word_1_329' title='bbox 1623 2498 1728 2555; x_wconf 87' lang='lat' dir='ltr'><strong>Per</strong></span> 
     </span>
    </p>
   </div>
   <div class='ocr_carea' id='block_1_41' title="bbox 124 2592 1725 2663">
    <p class='ocr_par' dir='ltr' id='par_1_41' title="bbox 124 2592 1725 2663">
     <span class='ocr_line' id='line_1_41' title="bbox 124 2592 1725 2663; baseline 0 -16"><span class='ocrx_word' id='word_1_330' title='bbox 124 2592 313 2648; x_wconf 81' lang='lat' dir='ltr'><strong>faciem</strong></span> <span class='ocrx_word' id='word_1_331' title='bbox 367 2592 652 2654; x_wconf 86' lang='lat' dir='ltr'><strong>Ecclesia.</strong></span> <span class='ocrx_word' id='word_1_332' title='bbox 702 2595 840 2648; x_wconf 90' lang='lat' dir='ltr'><strong>sicut</strong></span> <span class='ocrx_word' id='word_1_333' title='bbox 887 2603 1011 2663; x_wconf 89' lang='lat' dir='ltr'><strong>post</strong></span> <span class='ocrx_word' id='word_1_334' title='bbox 1052 2594 1506 2649; x_wconf 73' lang='lat' dir='ltr'><strong>resurrectionem</strong></span> <span class='ocrx_word' id='word_1_335' title='bbox 1547 2593 1725 2647; x_wconf 88' lang='lat' dir='ltr'><strong>futura</strong></span> 
     </span>
    </p>
   </div>
   <div class='ocr_carea' id='block_1_42' title="bbox 124 2685 1723 2759">
    <p class='ocr_par' dir='ltr' id='par_1_42' title="bbox 124 2685 1723 2759">
     <span class='ocr_line' id='line_1_42' title="bbox 124 2685 1723 2759; baseline -0.001 -17"><span class='ocrx_word' id='word_1_336' title='bbox 124 2696 226 2756; x_wconf 90' lang='lat' dir='ltr'><strong>est,</strong></span> <span class='ocrx_word' id='word_1_337' title='bbox 257 2688 603 2759; x_wconf 84' lang='lat' dir='ltr'><strong>designatur;</strong></span> <span class='ocrx_word' id='word_1_338' title='bbox 631 2697 684 2744; x_wconf 90' lang='lat' dir='ltr'><strong>et</strong></span> <span class='ocrx_word' id='word_1_339' title='bbox 713 2688 838 2746; x_wconf 87' lang='lat' dir='ltr'><strong>ideo</strong></span> <span class='ocrx_word' id='word_1_340' title='bbox 863 2703 957 2757; x_wconf 88' lang='lat' dir='ltr'><strong>per</strong></span> <span class='ocrx_word' id='word_1_341' title='bbox 983 2687 1209 2750; x_wconf 83' lang='lat' dir='ltr'><strong>faciem,</strong></span> <span class='ocrx_word' id='word_1_342' title='bbox 1233 2687 1358 2758; x_wconf 79' lang='lat' dir='ltr'><strong>quia</strong></span> <span class='ocrx_word' id='word_1_343' title='bbox 1383 2695 1509 2742; x_wconf 89' lang='lat' dir='ltr'><strong>tunc</strong></span> <span class='ocrx_word' id='word_1_344' title='bbox 1532 2685 1723 2750; x_wconf 88' lang='lat' dir='ltr'><strong>Deum,</strong></span> 
     </span>
    </p>
   </div>
   <div class='ocr_carea' id='block_1_43' title="bbox 124 2778 1724 2853">
    <p class='ocr_par' dir='ltr' id='par_1_43' title="bbox 124 2778 1724 2853">
     <span class='ocr_line' id='line_1_43' title="bbox 124 2778 1724 2853; baseline -0.002 -18"><span class='ocrx_word' id='word_1_345' title='bbox 124 2780 260 2835; x_wconf 89' lang='lat' dir='ltr'><strong>sicut</strong></span> <span class='ocrx_word' id='word_1_346' title='bbox 287 2779 428 2836; x_wconf 89' lang='lat' dir='ltr'><strong>dicit</strong></span> <span class='ocrx_word' id='word_1_347' title='bbox 453 2781 748 2849; x_wconf 82' lang='lat' dir='ltr'><strong>Apostolus</strong></span> <span class='ocrx_word' id='word_1_348' title='bbox 779 2779 835 2853; x_wconf 86' lang='grc' dir='ltr'><strong>(Ι</strong></span> <span class='ocrx_word' id='word_1_349' title='bbox 869 2779 988 2836; x_wconf 85' lang='lat' dir='ltr'><strong>Cor.</strong></span> <span class='ocrx_word' id='word_1_350' title='bbox 1024 2796 1141 2845; x_wconf 80' lang='lat' dir='ltr'><strong>tun,</strong></span> <span class='ocrx_word' id='word_1_351' title='bbox 1180 2779 1305 2850; x_wconf 67' lang='grc' dir='ltr'><strong>η),</strong></span> <span class='ocrx_word' id='word_1_352' title='bbox 1327 2778 1463 2850; x_wconf 88' lang='lat' dir='ltr'><strong>justi</strong></span> <span class='ocrx_word' id='word_1_353' title='bbox 1491 2779 1627 2838; x_wconf 78' lang='lat' dir='ltr'><strong>facie</strong></span> <span class='ocrx_word' id='word_1_354' title='bbox 1658 2779 1724 2838; x_wconf 83' lang='lat' dir='ltr'><strong>ad</strong></span> 
     </span>
    </p>
   </div>
   <div class='ocr_carea' id='block_1_44' title="bbox 125 2872 1724 2942">
    <p class='ocr_par' dir='ltr' id='par_1_44' title="bbox 125 2872 1724 2942">
     <span class='ocr_line' id='line_1_44' title="bbox 125 2872 1724 2942; baseline -0.001 -14"><span class='ocrx_word' id='word_1_355' title='bbox 125 2872 313 2934; x_wconf 86' lang='lat' dir='ltr'><strong>faciem</strong></span> <span class='ocrx_word' id='word_1_356' title='bbox 349 2873 636 2928; x_wconf 88' lang='lat' dir='ltr'><strong>videbunt.</strong></span> <span class='ocrx_word' id='word_1_357' title='bbox 666 2873 793 2940; x_wconf 63' lang='lat' dir='ltr'><strong>Quae</strong></span> <span class='ocrx_word' id='word_1_358' title='bbox 827 2873 966 2929; x_wconf 87' lang='lat' dir='ltr'><strong>sicut</strong></span> <span class='ocrx_word' id='word_1_359' title='bbox 1001 2873 1080 2928; x_wconf 85' lang='lat' dir='ltr'><strong>sol</strong></span> <span class='ocrx_word' id='word_1_360' title='bbox 1111 2873 1293 2928; x_wconf 88' lang='lat' dir='ltr'><strong>lucere</strong></span> <span class='ocrx_word' id='word_1_361' title='bbox 1314 2874 1426 2928; x_wconf 85' lang='lat' dir='ltr'><strong>visa</strong></span> <span class='ocrx_word' id='word_1_362' title='bbox 1457 2882 1571 2940; x_wconf 90' lang='lat' dir='ltr'><strong>est,</strong></span> <span class='ocrx_word' id='word_1_363' title='bbox 1603 2872 1724 2942; x_wconf 84' lang='lat' dir='ltr'><strong>quia</strong></span> 
     </span>
    </p>
   </div>
   <div class='ocr_carea' id='block_1_45' title="bbox 122 2963 1726 3036">
    <p class='ocr_par' dir='ltr' id='par_1_45' title="bbox 122 2963 1726 3036">
     <span class='ocr_line' id='line_1_45' title="bbox 122 2963 1726 3036; baseline -0.002 -15"><span class='ocrx_word' id='word_1_364' title='bbox 122 2967 259 3021; x_wconf 84' lang='lat' dir='ltr'><strong>sicut</strong></span> <span class='ocrx_word' id='word_1_365' title='bbox 288 2964 430 3021; x_wconf 82' lang='lat' dir='ltr'><strong>dicit</strong></span> <span class='ocrx_word' id='word_1_366' title='bbox 465 2965 723 3020; x_wconf 83' lang='lat' dir='ltr'><strong>Dominus</strong></span> <span class='ocrx_word' id='word_1_367' title='bbox 756 2983 768 3018; x_wconf 89' lang='lat'><strong>:</strong></span> <span class='ocrx_word' id='word_1_368' title='bbox 799 2964 938 3019; x_wconf 84' lang='lat' dir='ltr'><strong>Tum:</strong></span> <span class='ocrx_word' id='word_1_369' title='bbox 967 2965 1100 3036; x_wconf 70' lang='lat' dir='ltr'><strong>justi</strong></span> <span class='ocrx_word' id='word_1_370' title='bbox 1126 2966 1393 3036; x_wconf 78' lang='lat' dir='ltr'><strong>fulgebunt</strong></span> <span class='ocrx_word' id='word_1_371' title='bbox 1415 2964 1544 3018; x_wconf 80' lang='lat' dir='ltr'><strong>sicut</strong></span> <span class='ocrx_word' id='word_1_372' title='bbox 1569 2963 1648 3018; x_wconf 75' lang='lat' dir='ltr'><strong>sol</strong></span> <span class='ocrx_word' id='word_1_373' title='bbox 1675 2963 1726 3017; x_wconf 85' lang='lat' dir='ltr'><strong>in</strong></span> 
     </span>
    </p>
   </div>
   <div class='ocr_carea' id='block_1_46' title="bbox 125 3054 1724 3130">
    <p class='ocr_par' dir='ltr' id='par_1_46' title="bbox 125 3054 1724 3130">
     <span class='ocr_line' id='line_1_46' title="bbox 125 3054 1724 3130; baseline -0.002 -20"><span class='ocrx_word' id='word_1_374' title='bbox 125 3074 280 3130; x_wconf 73' lang='lat' dir='ltr'><strong>regno</strong></span> <span class='ocrx_word' id='word_1_375' title='bbox 328 3056 510 3114; x_wconf 71' lang='lat' dir='ltr'><strong>Patria</strong></span> <span class='ocrx_word' id='word_1_376' title='bbox 561 3058 642 3113; x_wconf 83' lang='lat' dir='ltr'><strong>sui</strong></span> <span class='ocrx_word' id='word_1_377' title='bbox 690 3056 906 3129; x_wconf 81' lang='lat' dir='ltr'><strong>(Matth.</strong></span> <span class='ocrx_word' id='word_1_378' title='bbox 954 3072 1070 3122; x_wconf 78' lang='lat' dir='ltr'><strong>xm,</strong></span> <span class='ocrx_word' id='word_1_379' title='bbox 1112 3055 1228 3127; x_wconf 73' lang='grc'><strong>45).</strong></span> <span class='ocrx_word' id='word_1_380' title='bbox 1270 3055 1624 3111; x_wconf 82' lang='lat' dir='ltr'><strong>Inveniuntur</strong></span> <span class='ocrx_word' id='word_1_381' title='bbox 1673 3054 1724 3108; x_wconf 91' lang='lat' dir='ltr'><strong>in</strong></span> 
     </span>
    </p>
   </div>
   <div class='ocr_carea' id='block_1_47' title="bbox 1830 1930 3446 2006">
    <p class='ocr_par' dir='ltr' id='par_1_47' title="bbox 1830 1930 3446 2006">
     <span class='ocr_line' id='line_1_47' title="bbox 1830 1930 3446 2006; baseline 0.007 -22"><span class='ocrx_word' id='word_1_382' title='bbox 1830 1930 2051 2000; x_wconf 70' lang='lat' dir='ltr'><strong>Moysen</strong></span> <span class='ocrx_word' id='word_1_383' title='bbox 2083 1931 2327 2001; x_wconf 83' lang='lat' dir='ltr'><strong>fuerunt,</strong></span> <span class='ocrx_word' id='word_1_384' title='bbox 2361 1935 2597 2004; x_wconf 79' lang='lat' dir='ltr'><strong>pertinet</strong></span> <span class='ocrx_word' id='word_1_385' title='bbox 2623 1954 2636 1987; x_wconf 83' lang='lat'><strong>:</strong></span> <span class='ocrx_word' id='word_1_386' title='bbox 2668 1937 2757 2005; x_wconf 90' lang='lat' dir='ltr'><strong>qui</strong></span> <span class='ocrx_word' id='word_1_387' title='bbox 2787 1945 2842 1991; x_wconf 91' lang='lat' dir='ltr'><strong>ct</strong></span> <span class='ocrx_word' id='word_1_388' title='bbox 2871 1936 2972 2006; x_wconf 86' lang='lat' dir='ltr'><strong>ipsi</strong></span> <span class='ocrx_word' id='word_1_389' title='bbox 2997 1937 3273 1996; x_wconf 79' lang='lat' dir='ltr'><strong>civitatem</strong></span> <span class='ocrx_word' id='word_1_390' title='bbox 3305 1938 3446 1996; x_wconf 69' lang='lat' dir='ltr'><strong>lcri-</strong></span> 
     </span>
    </p>
   </div>
   <div class='ocr_carea' id='block_1_48' title="bbox 1828 2021 3445 2102">
    <p class='ocr_par' dir='ltr' id='par_1_48' title="bbox 1828 2021 3445 2102">
     <span class='ocr_line' id='line_1_48' title="bbox 1828 2021 3445 2102; baseline 0.01 -26"><span class='ocrx_word' id='word_1_391' title='bbox 1828 2021 1932 2078; x_wconf 92' lang='lat' dir='ltr'><strong>cho</strong></span> <span class='ocrx_word' id='word_1_392' title='bbox 1969 2025 2335 2093; x_wconf 82' lang='lat' dir='ltr'><strong>eircuicrunt;</strong></span> <span class='ocrx_word' id='word_1_393' title='bbox 2391 2029 2517 2098; x_wconf 68' lang='lat' dir='ltr'><strong>mnia</strong></span> <span class='ocrx_word' id='word_1_394' title='bbox 2549 2028 2620 2086; x_wconf 85' lang='lat' dir='ltr'><strong>ab</strong></span> <span class='ocrx_word' id='word_1_395' title='bbox 2652 2029 3028 2101; x_wconf 84' lang='lat' dir='ltr'><strong>iniquitatibus</strong></span> <span class='ocrx_word' id='word_1_396' title='bbox 3081 2033 3445 2102; x_wconf 83' lang='lat' dir='ltr'><strong>rcproborum</strong></span> 
     </span>
    </p>
   </div>
   <div class='ocr_carea' id='block_1_49' title="bbox 1829 2121 3448 2196">
    <p class='ocr_par' dir='ltr' id='par_1_49' title="bbox 1829 2121 3448 2196">
     <span class='ocr_line' id='line_1_49' title="bbox 1829 2121 3448 2196; baseline 0.006 -24"><span class='ocrx_word' id='word_1_397' title='bbox 1829 2130 1887 2174; x_wconf 88' lang='lat' dir='ltr'><strong>se</strong></span> <span class='ocrx_word' id='word_1_398' title='bbox 1931 2131 2343 2188; x_wconf 76' lang='lat' dir='ltr'><strong>separaverunt.</strong></span> <span class='ocrx_word' id='word_1_399' title='bbox 2387 2121 2519 2178; x_wconf 87' lang='lat' dir='ltr'><strong>Nam</strong></span> <span class='ocrx_word' id='word_1_400' title='bbox 2551 2134 2604 2180; x_wconf 88' lang='lat' dir='ltr'><strong>et</strong></span> <span class='ocrx_word' id='word_1_401' title='bbox 2644 2123 2952 2193; x_wconf 83' lang='lat' dir='ltr'><strong>Abraham,</strong></span> <span class='ocrx_word' id='word_1_402' title='bbox 3009 2127 3260 2196; x_wconf 79' lang='lat' dir='ltr'><strong>quamvis</strong></span> <span class='ocrx_word' id='word_1_403' title='bbox 3303 2127 3448 2184; x_wconf 90' lang='lat' dir='ltr'><strong>inter</strong></span> 
     </span>
    </p>
   </div>
   <div class='ocr_carea' id='block_1_50' title="bbox 1831 2213 3441 2286">
    <p class='ocr_par' dir='ltr' id='par_1_50' title="bbox 1831 2213 3441 2286">
     <span class='ocr_line' id='line_1_50' title="bbox 1831 2213 3441 2286; baseline 0.006 -20"><span class='ocrx_word' id='word_1_404' title='bbox 1831 2213 2185 2272; x_wconf 59' lang='lat' dir='ltr'><strong>Amorrhavos</strong></span> <span class='ocrx_word' id='word_1_405' title='bbox 2235 2214 2536 2283; x_wconf 80' lang='lat' dir='ltr'><strong>habitaret,</strong></span> <span class='ocrx_word' id='word_1_406' title='bbox 2588 2233 2693 2272; x_wconf 88' lang='lat' dir='ltr'><strong>non</strong></span> <span class='ocrx_word' id='word_1_407' title='bbox 2721 2218 2895 2278; x_wconf 86' lang='lat' dir='ltr'><strong>solum</strong></span> <span class='ocrx_word' id='word_1_408' title='bbox 2940 2219 3103 2281; x_wconf 84' lang='lat' dir='ltr'><strong>vitia,</strong></span> <span class='ocrx_word' id='word_1_409' title='bbox 3137 2221 3230 2278; x_wconf 87' lang='lat' dir='ltr'><strong>sed</strong></span> <span class='ocrx_word' id='word_1_410' title='bbox 3277 2222 3441 2286; x_wconf 70' lang='lat' dir='ltr'><strong>etiam</strong></span> 
     </span>
    </p>
   </div>
   <div class='ocr_carea' id='block_1_51' title="bbox 1829 2310 3445 2376">
    <p class='ocr_par' dir='ltr' id='par_1_51' title="bbox 1829 2310 3445 2376">
     <span class='ocr_line' id='line_1_51' title="bbox 1829 2310 3445 2376; baseline 0.005 -18"><span class='ocrx_word' id='word_1_411' title='bbox 1829 2320 2120 2372; x_wconf 84' lang='lat' dir='ltr'><strong>corporum</strong></span> <span class='ocrx_word' id='word_1_412' title='bbox 2148 2310 2464 2368; x_wconf 80' lang='lat' dir='ltr'><strong>societatem</strong></span> <span class='ocrx_word' id='word_1_413' title='bbox 2493 2310 2546 2364; x_wconf 89' lang='lat' dir='ltr'><strong>in</strong></span> <span class='ocrx_word' id='word_1_414' title='bbox 2575 2317 2783 2371; x_wconf 82' lang='lat' dir='ltr'><strong>tantum</strong></span> <span class='ocrx_word' id='word_1_415' title='bbox 2817 2310 3058 2376; x_wconf 81' lang='lat' dir='ltr'><strong>horruit,</strong></span> <span class='ocrx_word' id='word_1_416' title='bbox 3093 2321 3147 2370; x_wconf 91' lang='lat' dir='ltr'><strong>ut</strong></span> <span class='ocrx_word' id='word_1_417' title='bbox 3193 2311 3304 2368; x_wconf 79' lang='lat' dir='ltr'><strong>lilio</strong></span> <span class='ocrx_word' id='word_1_418' title='bbox 3341 2329 3445 2368; x_wconf 67' lang='lat' dir='ltr'><strong>suo</strong></span> 
     </span>
    </p>
   </div>
   <div class='ocr_carea' id='block_1_52' title="bbox 1830 2401 3448 2474">
    <p class='ocr_par' dir='ltr' id='par_1_52' title="bbox 1830 2401 3448 2474">
     <span class='ocr_line' id='line_1_52' title="bbox 1830 2401 3448 2474; baseline 0.003 -18"><span class='ocrx_word' id='word_1_419' title='bbox 1830 2415 1898 2456; x_wconf 81' lang='lat' dir='ltr'><strong>ex</strong></span> <span class='ocrx_word' id='word_1_420' title='bbox 1944 2401 2160 2458; x_wconf 82' lang='lat' dir='ltr'><strong>ﬁliabus</strong></span> <span class='ocrx_word' id='word_1_421' title='bbox 2215 2418 2406 2460; x_wconf 87' lang='lat' dir='ltr'><strong>eorum</strong></span> <span class='ocrx_word' id='word_1_422' title='bbox 2461 2403 2628 2462; x_wconf 84' lang='lat' dir='ltr'><strong>nollet</strong></span> <span class='ocrx_word' id='word_1_423' title='bbox 2673 2405 2927 2474; x_wconf 75' lang='lat' dir='ltr'><strong>accipere</strong></span> <span class='ocrx_word' id='word_1_424' title='bbox 2977 2420 3220 2462; x_wconf 76' lang='lat' dir='ltr'><strong>uxorem.</strong></span> <span class='ocrx_word' id='word_1_425' title='bbox 3259 2405 3322 2462; x_wconf 89' lang='lat' dir='ltr'><strong>Et</strong></span> <span class='ocrx_word' id='word_1_426' title='bbox 3380 2405 3448 2464; x_wconf 85' lang='lat' dir='ltr'><strong>de</strong></span> 
     </span>
    </p>
   </div>
   <div class='ocr_carea' id='block_1_53' title="bbox 1829 2492 3448 2568">
    <p class='ocr_par' dir='ltr' id='par_1_53' title="bbox 1829 2492 3448 2568">
     <span class='ocr_line' id='line_1_53' title="bbox 1829 2492 3448 2568; baseline 0.004 -20"><span class='ocrx_word' id='word_1_427' title='bbox 1829 2492 1992 2560; x_wconf 82' lang='lat' dir='ltr'><strong>Loth,</strong></span> <span class='ocrx_word' id='word_1_428' title='bbox 2030 2496 2118 2566; x_wconf 89' lang='lat' dir='ltr'><strong>qui</strong></span> <span class='ocrx_word' id='word_1_429' title='bbox 2147 2496 2287 2564; x_wconf 83' lang='lat' dir='ltr'><strong>apud</strong></span> <span class='ocrx_word' id='word_1_430' title='bbox 2310 2495 2622 2554; x_wconf 84' lang='lat' dir='ltr'><strong>Sodomitas</strong></span> <span class='ocrx_word' id='word_1_431' title='bbox 2647 2497 2952 2563; x_wconf 81' lang='lat' dir='ltr'><strong>habitabat,</strong></span> <span class='ocrx_word' id='word_1_432' title='bbox 2984 2497 3222 2568; x_wconf 79' lang='lat' dir='ltr'><strong>loquitur</strong></span> <span class='ocrx_word' id='word_1_433' title='bbox 3254 2498 3448 2562; x_wconf 81' lang='lat' dir='ltr'><strong>beatus</strong></span> 
     </span>
    </p>
   </div>
   <div class='ocr_carea' id='block_1_54' title="bbox 1829 2583 3444 2660">
    <p class='ocr_par' dir='ltr' id='par_1_54' title="bbox 1829 2583 3444 2660">
     <span class='ocr_line' id='line_1_54' title="bbox 1829 2583 3444 2660; baseline 0.002 -19"><span class='ocrx_word' id='word_1_434' title='bbox 1829 2583 2025 2642; x_wconf 87' lang='lat' dir='ltr'><strong>Petrus</strong></span> <span class='ocrx_word' id='word_1_435' title='bbox 2051 2585 2124 2655; x_wconf 87' lang='lat' dir='ltr'><strong>(ll</strong></span> <span class='ocrx_word' id='word_1_436' title='bbox 2158 2585 2304 2642; x_wconf 84' lang='lat' dir='ltr'><strong>Petr.</strong></span> <span class='ocrx_word' id='word_1_437' title='bbox 2333 2603 2392 2654; x_wconf 83' lang='grc' dir='ltr'><strong>ιι,</strong></span> <span class='ocrx_word' id='word_1_438' title='bbox 2434 2588 2516 2657; x_wconf 85' lang='grc'><strong>7),</strong></span> <span class='ocrx_word' id='word_1_439' title='bbox 2540 2589 2629 2657; x_wconf 86' lang='lat' dir='ltr'><strong>qui</strong></span> <span class='ocrx_word' id='word_1_440' title='bbox 2653 2588 2840 2646; x_wconf 84' lang='lat' dir='ltr'><strong>auditu</strong></span> <span class='ocrx_word' id='word_1_441' title='bbox 2861 2596 2919 2650; x_wconf 86' lang='lat' dir='ltr'><strong>et</strong></span> <span class='ocrx_word' id='word_1_442' title='bbox 2948 2589 3063 2644; x_wconf 85' lang='lat' dir='ltr'><strong>visu</strong></span> <span class='ocrx_word' id='word_1_443' title='bbox 3091 2589 3273 2660; x_wconf 85' lang='lat' dir='ltr'><strong>justus</strong></span> <span class='ocrx_word' id='word_1_444' title='bbox 3304 2599 3444 2657; x_wconf 75' lang='lat' dir='ltr'><strong>erat,</strong></span> 
     </span>
    </p>
   </div>
   <div class='ocr_carea' id='block_1_55' title="bbox 1831 2679 3449 2754">
    <p class='ocr_par' dir='ltr' id='par_1_55' title="bbox 1831 2679 3449 2754">
     <span class='ocr_line' id='line_1_55' title="bbox 1831 2679 3449 2754; baseline 0.003 -20"><span class='ocrx_word' id='word_1_445' title='bbox 1831 2679 2084 2737; x_wconf 81' lang='lat' dir='ltr'><strong>habitans</strong></span> <span class='ocrx_word' id='word_1_446' title='bbox 2109 2679 2253 2751; x_wconf 84' lang='lat' dir='ltr'><strong>apud</strong></span> <span class='ocrx_word' id='word_1_447' title='bbox 2287 2695 2382 2737; x_wconf 88' lang='lat' dir='ltr'><strong>eos</strong></span> <span class='ocrx_word' id='word_1_448' title='bbox 2403 2721 2416 2745; x_wconf 94' lang='lat'><strong>,</strong></span> <span class='ocrx_word' id='word_1_449' title='bbox 2452 2681 2545 2751; x_wconf 84' lang='lat' dir='ltr'><strong>qui</strong></span> <span class='ocrx_word' id='word_1_450' title='bbox 2592 2682 2659 2737; x_wconf 89' lang='lat' dir='ltr'><strong>de</strong></span> <span class='ocrx_word' id='word_1_451' title='bbox 2682 2681 2774 2742; x_wconf 86' lang='lat' dir='ltr'><strong>die</strong></span> <span class='ocrx_word' id='word_1_452' title='bbox 2816 2683 2868 2737; x_wconf 90' lang='lat' dir='ltr'><strong>in</strong></span> <span class='ocrx_word' id='word_1_453' title='bbox 2898 2683 3038 2747; x_wconf 72' lang='lat' dir='ltr'><strong>diem</strong></span> <span class='ocrx_word' id='word_1_454' title='bbox 3068 2683 3304 2742; x_wconf 85' lang='lat' dir='ltr'><strong>animam</strong></span> <span class='ocrx_word' id='word_1_455' title='bbox 3333 2684 3449 2754; x_wconf 82' lang='lat' dir='ltr'><strong>jns-</strong></span> 
     </span>
    </p>
   </div>
   <div class='ocr_carea' id='block_1_56' title="bbox 1832 2774 3449 2846">
    <p class='ocr_par' dir='ltr' id='par_1_56' title="bbox 1832 2774 3449 2846">
     <span class='ocr_line' id='line_1_56' title="bbox 1832 2774 3449 2846; baseline 0.001 -17"><span class='ocrx_word' id='word_1_456' title='bbox 1832 2783 1939 2832; x_wconf 80' lang='lat' dir='ltr'><strong>tam</strong></span> <span class='ocrx_word' id='word_1_457' title='bbox 1970 2774 2172 2842; x_wconf 88' lang='lat' dir='ltr'><strong>iniquis</strong></span> <span class='ocrx_word' id='word_1_458' title='bbox 2186 2775 2447 2846; x_wconf 88' lang='lat' dir='ltr'><strong>operibus</strong></span> <span class='ocrx_word' id='word_1_459' title='bbox 2465 2776 2806 2840; x_wconf 79' lang='lat' dir='ltr'><strong>cruciabam.</strong></span> <span class='ocrx_word' id='word_1_460' title='bbox 2836 2775 3042 2842; x_wconf 87' lang='lat' dir='ltr'><strong>Eodem</strong></span> <span class='ocrx_word' id='word_1_461' title='bbox 3071 2775 3233 2840; x_wconf 88' lang='lat' dir='ltr'><strong>modo</strong></span> <span class='ocrx_word' id='word_1_462' title='bbox 3256 2787 3308 2831; x_wconf 86' lang='lat' dir='ltr'><strong>ct</strong></span> <span class='ocrx_word' id='word_1_463' title='bbox 3339 2793 3449 2832; x_wconf 60' lang='lat' dir='ltr'><strong>ca!-</strong></span> 
     </span>
    </p>
   </div>
   <div class='ocr_carea' id='block_1_57' title="bbox 1832 2867 3470 2948">
    <p class='ocr_par' dir='ltr' id='par_1_57' title="bbox 1832 2867 3470 2948">
     <span class='ocr_line' id='line_1_57' title="bbox 1832 2867 3470 2948; baseline 0.002 -26"><span class='ocrx_word' id='word_1_464' title='bbox 1832 2868 1954 2924; x_wconf 84' lang='lat' dir='ltr'><strong>teri.</strong></span> <span class='ocrx_word' id='word_1_465' title='bbox 1988 2867 2208 2925; x_wconf 81' lang='lat' dir='ltr'><strong>Tertius</strong></span> <span class='ocrx_word' id='word_1_466' title='bbox 2241 2883 2369 2924; x_wconf 87' lang='lat' dir='ltr'><strong>vero</strong></span> <span class='ocrx_word' id='word_1_467' title='bbox 2389 2868 2651 2930; x_wconf 79' lang='lat' dir='ltr'><strong>circuitus</strong></span> <span class='ocrx_word' id='word_1_468' title='bbox 2681 2869 2748 2922; x_wconf 85' lang='lat' dir='ltr'><strong>ad</strong></span> <span class='ocrx_word' id='word_1_469' title='bbox 2781 2885 2875 2924; x_wconf 89' lang='lat' dir='ltr'><strong>cos</strong></span> <span class='ocrx_word' id='word_1_470' title='bbox 2903 2869 2993 2939; x_wconf 86' lang='lat' dir='ltr'><strong>qui</strong></span> <span class='ocrx_word' id='word_1_471' title='bbox 3026 2869 3127 2932; x_wconf 81' lang='lat' dir='ltr'><strong>sub</strong></span> <span class='ocrx_word' id='word_1_472' title='bbox 3158 2868 3299 2939; x_wconf 65' lang='lat' dir='ltr'><strong>Lege</strong></span> <span class='ocrx_word' id='word_1_473' title='bbox 3331 2868 3470 2948; x_wconf 64' lang='lat' dir='ltr'><strong>fuc-~</strong></span> 
     </span>
    </p>
   </div>
   <div class='ocr_carea' id='block_1_58' title="bbox 1832 2963 3448 3036">
    <p class='ocr_par' dir='ltr' id='par_1_58' title="bbox 1832 2963 3448 3036">
     <span class='ocr_line' id='line_1_58' title="bbox 1832 2963 3448 3036; baseline 0.001 -18"><span class='ocrx_word' id='word_1_474' title='bbox 1832 2971 1997 3027; x_wconf 88' lang='lat' dir='ltr'><strong>runt,</strong></span> <span class='ocrx_word' id='word_1_475' title='bbox 2031 2965 2266 3033; x_wconf 80' lang='lat' dir='ltr'><strong>pertinet</strong></span> <span class='ocrx_word' id='word_1_476' title='bbox 2303 2980 2316 3018; x_wconf 90' lang='lat'><strong>:</strong></span> <span class='ocrx_word' id='word_1_477' title='bbox 2347 2965 2437 3030; x_wconf 85' lang='lat' dir='ltr'><strong>qui</strong></span> <span class='ocrx_word' id='word_1_478' title='bbox 2485 2976 2683 3036; x_wconf 81' lang='lat' dir='ltr'><strong>quanta</strong></span> <span class='ocrx_word' id='word_1_479' title='bbox 2721 2963 3094 3030; x_wconf 81' lang='lat' dir='ltr'><strong>sollicitudine</strong></span> <span class='ocrx_word' id='word_1_480' title='bbox 3124 2978 3155 3020; x_wconf 86' lang='lat' dir='ltr'><strong>a</strong></span> <span class='ocrx_word' id='word_1_481' title='bbox 3184 2965 3448 3022; x_wconf 81' lang='lat' dir='ltr'><strong>societate</strong></span> 
     </span>
    </p>
   </div>
   <div class='ocr_carea' id='block_1_59' title="bbox 1832 3057 3446 3129">
    <p class='ocr_par' dir='ltr' id='par_1_59' title="bbox 1832 3057 3446 3129">
     <span class='ocr_line' id='line_1_59' title="bbox 1832 3057 3446 3129; baseline 0.001 -17"><span class='ocrx_word' id='word_1_482' title='bbox 1832 3059 2142 3129; x_wconf 80' lang='lat' dir='ltr'><strong>iniquorum</strong></span> <span class='ocrx_word' id='word_1_483' title='bbox 2187 3073 2246 3114; x_wconf 83' lang='lat' dir='ltr'><strong>se</strong></span> <span class='ocrx_word' id='word_1_484' title='bbox 2275 3073 2568 3117; x_wconf 83' lang='lat' dir='ltr'><strong>secernere</strong></span> <span class='ocrx_word' id='word_1_485' title='bbox 2604 3057 2902 3124; x_wconf 80' lang='lat' dir='ltr'><strong>deberent,</strong></span> <span class='ocrx_word' id='word_1_486' title='bbox 2951 3058 3070 3126; x_wconf 79' lang='lat' dir='ltr'><strong>ipsa</strong></span> <span class='ocrx_word' id='word_1_487' title='bbox 3119 3057 3230 3113; x_wconf 78' lang='lat' dir='ltr'><strong>Lt&#39;X</strong></span> <span class='ocrx_word' id='word_1_488' title='bbox 3273 3059 3446 3118; x_wconf 77' lang='lat' dir='ltr'><strong>nunti-</strong></span> 
     </span>
    </p>
   </div>
   <div class='ocr_carea' id='block_1_60' title="bbox 125 3126 3446 3226">
    <p class='ocr_par' dir='ltr' id='par_1_60' title="bbox 125 3126 3446 3226">
     <span class='ocr_line' id='line_1_60' title="bbox 125 3126 3446 3226; baseline 0.002 -21"><span class='ocrx_word' id='word_1_489' title='bbox 125 3126 424 3221; x_wconf 78' lang='lat' dir='ltr'><strong>Scripturis</strong></span> <span class='ocrx_word' id='word_1_490' title='bbox 444 3126 797 3221; x_wconf 78' lang='lat' dir='ltr'><strong>qnzedamhis</strong></span> <span class='ocrx_word' id='word_1_491' title='bbox 818 3157 1028 3220; x_wconf 86' lang='lat' dir='ltr'><strong>septem</strong></span> <span class='ocrx_word' id='word_1_492' title='bbox 1051 3126 1296 3220; x_wconf 82' lang='lat' dir='ltr'><strong>partibus</strong></span> <span class='ocrx_word' id='word_1_493' title='bbox 1323 3146 1718 3216; x_wconf 73' lang='lat' dir='ltr'><strong>convenientia,</strong></span> <span class='ocrx_word' id='word_1_494' title='bbox 1751 3126 1798 3200; x_wconf 66' lang='grc' dir='ltr'>β</span> <span class='ocrx_word' id='word_1_495' title='bbox 1831 3126 2012 3226; x_wconf 68' lang='lat' dir='ltr'><strong>festat.</strong></span> <span class='ocrx_word' id='word_1_496' title='bbox 2071 3152 2359 3220; x_wconf 66' lang='lat' dir='ltr'><strong>Prophetas</strong></span> <span class='ocrx_word' id='word_1_497' title='bbox 2407 3167 2574 3219; x_wconf 72' lang='lat' dir='ltr'><strong>vero,</strong></span> <span class='ocrx_word' id='word_1_498' title='bbox 2616 3153 2681 3210; x_wconf 87' lang='lat' dir='ltr'><strong>ad</strong></span> <span class='ocrx_word' id='word_1_499' title='bbox 2734 3170 2869 3224; x_wconf 85' lang='lat' dir='ltr'><strong>quos</strong></span> <span class='ocrx_word' id='word_1_500' title='bbox 2914 3162 3140 3224; x_wconf 64' lang='lat' dir='ltr'><strong>qunrtus</strong></span> <span class='ocrx_word' id='word_1_501' title='bbox 3185 3156 3446 3216; x_wconf 78' lang='lat' dir='ltr'><strong>circuitus</strong></span> 
     </span>
    </p>
   </div>
   <div class='ocr_carea' id='block_1_61' title="bbox 123 3239 1721 3313">
    <p class='ocr_par' dir='ltr' id='par_1_61' title="bbox 123 3239 1721 3313">
     <span class='ocr_line' id='line_1_61' title="bbox 123 3239 1721 3313; baseline -0.004 -15"><span class='ocrx_word' id='word_1_502' title='bbox 123 3253 182 3298; x_wconf 93' lang='lat' dir='ltr'><strong>ut</strong></span> <span class='ocrx_word' id='word_1_503' title='bbox 205 3253 290 3300; x_wconf 90' lang='lat' dir='ltr'><strong>est</strong></span> <span class='ocrx_word' id='word_1_504' title='bbox 313 3244 448 3297; x_wconf 87' lang='lat' dir='ltr'><strong>illud</strong></span> <span class='ocrx_word' id='word_1_505' title='bbox 475 3243 615 3311; x_wconf 90' lang='lat' dir='ltr'><strong>quod</strong></span> <span class='ocrx_word' id='word_1_506' title='bbox 641 3245 691 3296; x_wconf 91' lang='lat' dir='ltr'><strong>in</strong></span> <span class='ocrx_word' id='word_1_507' title='bbox 719 3242 883 3298; x_wconf 86' lang='lat' dir='ltr'><strong>Josue</strong></span> <span class='ocrx_word' id='word_1_508' title='bbox 905 3242 1098 3312; x_wconf 82' lang='lat' dir='ltr'><strong>legitur</strong></span> <span class='ocrx_word' id='word_1_509' title='bbox 1125 3239 1309 3313; x_wconf 81' lang='lat' dir='ltr'><strong>(Josue</strong></span> <span class='ocrx_word' id='word_1_510' title='bbox 1334 3257 1402 3308; x_wconf 56' lang='grc' dir='ltr'>ιιι,</span> <span class='ocrx_word' id='word_1_511' title='bbox 1437 3241 1469 3296; x_wconf 89' lang='grc'>6</span> <span class='ocrx_word' id='word_1_512' title='bbox 1491 3250 1538 3296; x_wconf 87' lang='lat' dir='ltr'><strong>et</strong></span> <span class='ocrx_word' id='word_1_513' title='bbox 1563 3239 1721 3310; x_wconf 68' lang='lat' dir='ltr'><strong>seq),</strong></span> 
     </span>
    </p>
   </div>
   <div class='ocr_carea' id='block_1_62' title="bbox 122 3333 1724 3408">
    <p class='ocr_par' dir='ltr' id='par_1_62' title="bbox 122 3333 1724 3408">
     <span class='ocr_line' id='line_1_62' title="bbox 122 3333 1724 3408; baseline -0.002 -17"><span class='ocrx_word' id='word_1_514' title='bbox 122 3336 211 3392; x_wconf 91' lang='lat' dir='ltr'><strong>ubi</strong></span> <span class='ocrx_word' id='word_1_515' title='bbox 242 3336 512 3408; x_wconf 62' lang='lat' dir='ltr'><strong>prmecpit</strong></span> <span class='ocrx_word' id='word_1_516' title='bbox 548 3335 835 3402; x_wconf 89' lang='lat' dir='ltr'><strong>Dominus,</strong></span> <span class='ocrx_word' id='word_1_517' title='bbox 873 3347 929 3389; x_wconf 89' lang='lat' dir='ltr'><strong>ttt</strong></span> <span class='ocrx_word' id='word_1_518' title='bbox 956 3335 1266 3400; x_wconf 87' lang='lat' dir='ltr'><strong>circumiret</strong></span> <span class='ocrx_word' id='word_1_519' title='bbox 1300 3350 1422 3390; x_wconf 88' lang='lat' dir='ltr'><strong>arca</strong></span> <span class='ocrx_word' id='word_1_520' title='bbox 1457 3333 1551 3398; x_wconf 89' lang='lat' dir='ltr'><strong>Dei</strong></span> <span class='ocrx_word' id='word_1_521' title='bbox 1593 3334 1724 3390; x_wconf 86' lang='lat' dir='ltr'><strong>civi-</strong></span> 
     </span>
    </p>
   </div>
   <div class='ocr_carea' id='block_1_63' title="bbox 124 3427 1726 3500">
    <p class='ocr_par' dir='ltr' id='par_1_63' title="bbox 124 3427 1726 3500">
     <span class='ocr_line' id='line_1_63' title="bbox 124 3427 1726 3500; baseline -0.004 -14"><span class='ocrx_word' id='word_1_522' title='bbox 124 3437 286 3486; x_wconf 87' lang='lat' dir='ltr'><strong>tatem</strong></span> <span class='ocrx_word' id='word_1_523' title='bbox 319 3429 544 3485; x_wconf 82' lang='lat' dir='ltr'><strong>Jericho</strong></span> <span class='ocrx_word' id='word_1_524' title='bbox 569 3442 664 3498; x_wconf 85' lang='lat' dir='ltr'><strong>per</strong></span> <span class='ocrx_word' id='word_1_525' title='bbox 685 3438 889 3500; x_wconf 90' lang='lat' dir='ltr'><strong>septem</strong></span> <span class='ocrx_word' id='word_1_526' title='bbox 918 3427 1036 3484; x_wconf 87' lang='lat' dir='ltr'><strong>dies</strong></span> <span class='ocrx_word' id='word_1_527' title='bbox 1067 3428 1231 3483; x_wconf 85' lang='lat' dir='ltr'><strong>semel</strong></span> <span class='ocrx_word' id='word_1_528' title='bbox 1259 3429 1310 3482; x_wconf 92' lang='lat' dir='ltr'><strong>in</strong></span> <span class='ocrx_word' id='word_1_529' title='bbox 1337 3428 1446 3492; x_wconf 89' lang='lat' dir='ltr'><strong>dic,</strong></span> <span class='ocrx_word' id='word_1_530' title='bbox 1467 3427 1726 3496; x_wconf 78' lang='lat' dir='ltr'><strong>sacerdo-</strong></span> 
     </span>
    </p>
   </div>
   <div class='ocr_carea' id='block_1_64' title="bbox 125 3521 1726 3593">
    <p class='ocr_par' dir='ltr' id='par_1_64' title="bbox 125 3521 1726 3593">
     <span class='ocr_line' id='line_1_64' title="bbox 125 3521 1726 3593; baseline -0.001 -15"><span class='ocrx_word' id='word_1_531' title='bbox 125 3524 266 3580; x_wconf 90' lang='lat' dir='ltr'><strong>tibus</strong></span> <span class='ocrx_word' id='word_1_532' title='bbox 296 3538 421 3579; x_wconf 86' lang='lat' dir='ltr'><strong>eam</strong></span> <span class='ocrx_word' id='word_1_533' title='bbox 453 3521 792 3593; x_wconf 84' lang='lat' dir='ltr'><strong>portantibus</strong></span> <span class='ocrx_word' id='word_1_534' title='bbox 818 3563 831 3585; x_wconf 92' lang='lat'><strong>,</strong></span> <span class='ocrx_word' id='word_1_535' title='bbox 870 3521 1123 3592; x_wconf 86' lang='lat' dir='ltr'><strong>tubisquc</strong></span> <span class='ocrx_word' id='word_1_536' title='bbox 1153 3521 1506 3586; x_wconf 83' lang='lat' dir='ltr'><strong>canentibus,</strong></span> <span class='ocrx_word' id='word_1_537' title='bbox 1540 3535 1603 3574; x_wconf 82' lang='lat' dir='ltr'><strong>ac</strong></span> <span class='ocrx_word' id='word_1_538' title='bbox 1631 3534 1726 3590; x_wconf 88' lang='lat' dir='ltr'><strong>po-</strong></span> 
     </span>
    </p>
   </div>
   <div class='ocr_carea' id='block_1_65' title="bbox 123 3615 1723 3690">
    <p class='ocr_par' dir='ltr' id='par_1_65' title="bbox 123 3615 1723 3690">
     <span class='ocr_line' id='line_1_65' title="bbox 123 3615 1723 3690; baseline -0.002 -16"><span class='ocrx_word' id='word_1_539' title='bbox 123 3617 262 3690; x_wconf 83' lang='lat' dir='ltr'><strong>pulis</strong></span> <span class='ocrx_word' id='word_1_540' title='bbox 288 3617 668 3688; x_wconf 84' lang='lat' dir='ltr'><strong>sequentibus.</strong></span> <span class='ocrx_word' id='word_1_541' title='bbox 697 3615 915 3672; x_wconf 81' lang='lat' dir='ltr'><strong>Jericlto</strong></span> <span class='ocrx_word' id='word_1_542' title='bbox 955 3632 1190 3686; x_wconf 87' lang='lat' dir='ltr'><strong>namque</strong></span> <span class='ocrx_word' id='word_1_543' title='bbox 1218 3631 1378 3682; x_wconf 85' lang='lat' dir='ltr'><strong>ontne</strong></span> <span class='ocrx_word' id='word_1_544' title='bbox 1409 3630 1608 3685; x_wconf 82' lang='lat' dir='ltr'><strong>corpus</strong></span> <span class='ocrx_word' id='word_1_545' title='bbox 1640 3631 1723 3671; x_wconf 86' lang='lat' dir='ltr'><strong>re—</strong></span> 
     </span>
    </p>
   </div>
   <div class='ocr_carea' id='block_1_66' title="bbox 124 3708 1726 3782">
    <p class='ocr_par' dir='ltr' id='par_1_66' title="bbox 124 3708 1726 3782">
     <span class='ocr_line' id='line_1_66' title="bbox 124 3708 1726 3782; baseline -0.003 -15"><span class='ocrx_word' id='word_1_546' title='bbox 124 3711 453 3782; x_wconf 79' lang='lat' dir='ltr'><strong>proborutn,</strong></span> <span class='ocrx_word' id='word_1_547' title='bbox 483 3709 622 3781; x_wconf 92' lang='lat' dir='ltr'><strong>quod</strong></span> <span class='ocrx_word' id='word_1_548' title='bbox 667 3721 751 3766; x_wconf 89' lang='lat' dir='ltr'><strong>cst</strong></span> <span class='ocrx_word' id='word_1_549' title='bbox 797 3711 987 3764; x_wconf 80' lang='lat' dir='ltr'><strong>civitas</strong></span> <span class='ocrx_word' id='word_1_550' title='bbox 1029 3708 1258 3774; x_wconf 88' lang='lat' dir='ltr'><strong>diaboli,</strong></span> <span class='ocrx_word' id='word_1_551' title='bbox 1301 3708 1548 3779; x_wconf 68' lang='lat' dir='ltr'><strong>designat</strong></span> <span class='ocrx_word' id='word_1_552' title='bbox 1583 3726 1595 3762; x_wconf 94' lang='lat'><strong>:</strong></span> <span class='ocrx_word' id='word_1_553' title='bbox 1629 3723 1726 3779; x_wconf 93' lang='lat' dir='ltr'><strong>per</strong></span> 
     </span>
    </p>
   </div>
   <div class='ocr_carea' id='block_1_67' title="bbox 124 3801 1725 3872">
    <p class='ocr_par' dir='ltr' id='par_1_67' title="bbox 124 3801 1725 3872">
     <span class='ocr_line' id='line_1_67' title="bbox 124 3801 1725 3872; baseline -0.001 -15"><span class='ocrx_word' id='word_1_554' title='bbox 124 3803 262 3861; x_wconf 77' lang='lat' dir='ltr'><strong>filios</strong></span> <span class='ocrx_word' id='word_1_555' title='bbox 291 3819 426 3858; x_wconf 87' lang='lat' dir='ltr'><strong>vero</strong></span> <span class='ocrx_word' id='word_1_556' title='bbox 451 3801 610 3857; x_wconf 85' lang='lat' dir='ltr'><strong>lsracl</strong></span> <span class='ocrx_word' id='word_1_557' title='bbox 629 3844 643 3868; x_wconf 92' lang='lat'><strong>,</strong></span> <span class='ocrx_word' id='word_1_558' title='bbox 675 3803 833 3858; x_wconf 77' lang='lat' dir='ltr'><strong>electi</strong></span> <span class='ocrx_word' id='word_1_559' title='bbox 863 3803 1216 3872; x_wconf 84' lang='lat' dir='ltr'><strong>designantur</strong></span> <span class='ocrx_word' id='word_1_560' title='bbox 1246 3821 1256 3855; x_wconf 88' lang='lat'>:</span> <span class='ocrx_word' id='word_1_561' title='bbox 1287 3818 1382 3871; x_wconf 88' lang='lat' dir='ltr'><strong>per</strong></span> <span class='ocrx_word' id='word_1_562' title='bbox 1416 3802 1725 3858; x_wconf 85' lang='lat' dir='ltr'><strong>sacerdotes</strong></span> 
     </span>
    </p>
   </div>
   <div class='ocr_carea' id='block_1_68' title="bbox 123 3895 1726 3968">
    <p class='ocr_par' dir='ltr' id='par_1_68' title="bbox 123 3895 1726 3968">
     <span class='ocr_line' id='line_1_68' title="bbox 123 3895 1726 3968; baseline 0 -18"><span class='ocrx_word' id='word_1_563' title='bbox 123 3897 547 3966; x_wconf 70' lang='lat' dir='ltr'><strong>praedicatores:</strong></span> <span class='ocrx_word' id='word_1_564' title='bbox 579 3911 674 3968; x_wconf 88' lang='lat' dir='ltr'><strong>per</strong></span> <span class='ocrx_word' id='word_1_565' title='bbox 703 3896 861 3952; x_wconf 88' lang='lat' dir='ltr'><strong>tubas</strong></span> <span class='ocrx_word' id='word_1_566' title='bbox 887 3896 1130 3962; x_wconf 83' lang='lat' dir='ltr'><strong>doctrina</strong></span> <span class='ocrx_word' id='word_1_567' title='bbox 1164 3895 1598 3966; x_wconf 50' lang='lat' dir='ltr'><strong>praedicationis:</strong></span> <span class='ocrx_word' id='word_1_568' title='bbox 1629 3913 1726 3966; x_wconf 82' lang='lat' dir='ltr'><strong>per</strong></span> 
     </span>
    </p>
   </div>
   <div class='ocr_carea' id='block_1_69' title="bbox 121 3990 1724 4065">
    <p class='ocr_par' dir='ltr' id='par_1_69' title="bbox 121 3990 1724 4065">
     <span class='ocr_line' id='line_1_69' title="bbox 121 3990 1724 4065; baseline -0.002 -18"><span class='ocrx_word' id='word_1_569' title='bbox 121 3995 384 4065; x_wconf 88' lang='lat' dir='ltr'><strong>populum</strong></span> <span class='ocrx_word' id='word_1_570' title='bbox 412 4007 543 4048; x_wconf 83' lang='lat' dir='ltr'><strong>vero</strong></span> <span class='ocrx_word' id='word_1_571' title='bbox 574 3992 663 4062; x_wconf 91' lang='lat' dir='ltr'><strong>qui</strong></span> <span class='ocrx_word' id='word_1_572' title='bbox 701 4007 796 4047; x_wconf 88' lang='lat' dir='ltr'><strong>cos</strong></span> <span class='ocrx_word' id='word_1_573' title='bbox 825 3991 1174 4062; x_wconf 80' lang='lat' dir='ltr'><strong>sequebatur,</strong></span> <span class='ocrx_word' id='word_1_574' title='bbox 1205 4007 1392 4047; x_wconf 87' lang='lat' dir='ltr'><strong>omnes</strong></span> <span class='ocrx_word' id='word_1_575' title='bbox 1420 3990 1556 4062; x_wconf 83' lang='lat' dir='ltr'><strong>justi</strong></span> <span class='ocrx_word' id='word_1_576' title='bbox 1583 3991 1724 4046; x_wconf 65' lang='lat' dir='ltr'><strong>desi-</strong></span> 
     </span>
    </p>
   </div>
   <div class='ocr_carea' id='block_1_70' title="bbox 122 4086 1723 4160">
    <p class='ocr_par' dir='ltr' id='par_1_70' title="bbox 122 4086 1723 4160">
     <span class='ocr_line' id='line_1_70' title="bbox 122 4086 1723 4160; baseline -0.001 -20"><span class='ocrx_word' id='word_1_577' title='bbox 122 4097 380 4160; x_wconf 86' lang='lat' dir='ltr'><strong>gnantnr,</strong></span> <span class='ocrx_word' id='word_1_578' title='bbox 404 4087 496 4157; x_wconf 91' lang='lat' dir='ltr'><strong>qui</strong></span> <span class='ocrx_word' id='word_1_579' title='bbox 524 4102 711 4141; x_wconf 86' lang='lat' dir='ltr'><strong>eorum</strong></span> <span class='ocrx_word' id='word_1_580' title='bbox 737 4086 1037 4142; x_wconf 83' lang='lat' dir='ltr'><strong>doctrinam</strong></span> <span class='ocrx_word' id='word_1_581' title='bbox 1066 4086 1455 4156; x_wconf 80' lang='lat' dir='ltr'><strong>sequebantur,</strong></span> <span class='ocrx_word' id='word_1_582' title='bbox 1485 4099 1542 4152; x_wconf 81' lang='lat' dir='ltr'><strong>et</strong></span> <span class='ocrx_word' id='word_1_583' title='bbox 1569 4095 1723 4140; x_wconf 90' lang='lat' dir='ltr'><strong>actus</strong></span> 
     </span>
    </p>
   </div>
   <div class='ocr_carea' id='block_1_71' title="bbox 123 4178 1725 4250">
    <p class='ocr_par' dir='ltr' id='par_1_71' title="bbox 123 4178 1725 4250">
     <span class='ocr_line' id='line_1_71' title="bbox 123 4178 1725 4250; baseline -0.002 -13"><span class='ocrx_word' id='word_1_584' title='bbox 123 4181 514 4242; x_wconf 84' lang='lat' dir='ltr'><strong>imitabantur:</strong></span> <span class='ocrx_word' id='word_1_585' title='bbox 537 4195 631 4250; x_wconf 86' lang='lat' dir='ltr'><strong>per</strong></span> <span class='ocrx_word' id='word_1_586' title='bbox 666 4195 847 4235; x_wconf 87' lang='lat' dir='ltr'><strong>arcam</strong></span> <span class='ocrx_word' id='word_1_587' title='bbox 873 4189 1052 4236; x_wconf 88' lang='lat' dir='ltr'><strong>autem</strong></span> <span class='ocrx_word' id='word_1_588' title='bbox 1077 4195 1238 4250; x_wconf 88' lang='lat' dir='ltr'><strong>quam</strong></span> <span class='ocrx_word' id='word_1_589' title='bbox 1275 4179 1541 4247; x_wconf 80' lang='lat' dir='ltr'><strong>ferebant,</strong></span> <span class='ocrx_word' id='word_1_590' title='bbox 1566 4178 1725 4234; x_wconf 84' lang='lat' dir='ltr'><strong>Citri-</strong></span> 
     </span>
    </p>
   </div>
   <div class='ocr_carea' id='block_1_72' title="bbox 122 4273 1723 4346">
    <p class='ocr_par' dir='ltr' id='par_1_72' title="bbox 122 4273 1723 4346">
     <span class='ocr_line' id='line_1_72' title="bbox 122 4273 1723 4346; baseline 0 -16"><span class='ocrx_word' id='word_1_591' title='bbox 122 4285 237 4330; x_wconf 89' lang='lat' dir='ltr'><strong>stns</strong></span> <span class='ocrx_word' id='word_1_592' title='bbox 269 4274 612 4345; x_wconf 80' lang='lat' dir='ltr'><strong>intelligitur,</strong></span> <span class='ocrx_word' id='word_1_593' title='bbox 644 4276 785 4346; x_wconf 87' lang='lat' dir='ltr'><strong>quia</strong></span> <span class='ocrx_word' id='word_1_594' title='bbox 814 4275 1015 4340; x_wconf 83' lang='lat' dir='ltr'><strong>sanctis</strong></span> <span class='ocrx_word' id='word_1_595' title='bbox 1046 4275 1098 4330; x_wconf 91' lang='lat' dir='ltr'><strong>in</strong></span> <span class='ocrx_word' id='word_1_596' title='bbox 1124 4275 1379 4342; x_wconf 82' lang='lat' dir='ltr'><strong>cordibus</strong></span> <span class='ocrx_word' id='word_1_597' title='bbox 1407 4291 1592 4334; x_wconf 87' lang='lat' dir='ltr'><strong>eorum</strong></span> <span class='ocrx_word' id='word_1_598' title='bbox 1625 4273 1723 4330; x_wconf 82' lang='lat' dir='ltr'><strong>ba-</strong></span> 
     </span>
    </p>
   </div>
   <div class='ocr_carea' id='block_1_73' title="bbox 123 4366 1724 4438">
    <p class='ocr_par' dir='ltr' id='par_1_73' title="bbox 123 4366 1724 4438">
     <span class='ocr_line' id='line_1_73' title="bbox 123 4366 1724 4438; baseline -0.001 -16"><span class='ocrx_word' id='word_1_599' title='bbox 123 4367 300 4422; x_wconf 85' lang='lat' dir='ltr'><strong>bitans</strong></span> <span class='ocrx_word' id='word_1_600' title='bbox 349 4376 614 4438; x_wconf 83' lang='lat' dir='ltr'><strong>portatur.</strong></span> <span class='ocrx_word' id='word_1_601' title='bbox 647 4366 726 4424; x_wconf 88' lang='lat' dir='ltr'><strong>De</strong></span> <span class='ocrx_word' id='word_1_602' title='bbox 765 4367 1210 4438; x_wconf 61' lang='lat' dir='ltr'><strong>prtcdicatoribus</strong></span> <span class='ocrx_word' id='word_1_603' title='bbox 1241 4376 1422 4432; x_wconf 76' lang='lat' dir='ltr'><strong>autem</strong></span> <span class='ocrx_word' id='word_1_604' title='bbox 1455 4369 1544 4437; x_wconf 88' lang='lat' dir='ltr'><strong>qui</strong></span> <span class='ocrx_word' id='word_1_605' title='bbox 1603 4380 1724 4437; x_wconf 80' lang='lat' dir='ltr'><strong>p05t</strong></span> 
     </span>
    </p>
   </div>
   <div class='ocr_carea' id='block_1_74' title="bbox 123 4459 1726 4532">
    <p class='ocr_par' dir='ltr' id='par_1_74' title="bbox 123 4459 1726 4532">
     <span class='ocr_line' id='line_1_74' title="bbox 123 4459 1726 4532; baseline 0 -19"><span class='ocrx_word' id='word_1_606' title='bbox 123 4460 328 4514; x_wconf 78' lang='lat' dir='ltr'><strong>Christi</strong></span> <span class='ocrx_word' id='word_1_607' title='bbox 361 4460 653 4514; x_wconf 82' lang='lat' dir='ltr'><strong>adventum</strong></span> <span class='ocrx_word' id='word_1_608' title='bbox 702 4460 954 4527; x_wconf 80' lang='lat' dir='ltr'><strong>fuerunt,</strong></span> <span class='ocrx_word' id='word_1_609' title='bbox 988 4460 1119 4514; x_wconf 91' lang='lat' dir='ltr'><strong>nulli</strong></span> <span class='ocrx_word' id='word_1_610' title='bbox 1144 4461 1365 4528; x_wconf 79' lang='lat' dir='ltr'><strong>dubium</strong></span> <span class='ocrx_word' id='word_1_611' title='bbox 1396 4461 1537 4532; x_wconf 83' lang='lat' dir='ltr'><strong>quod</strong></span> <span class='ocrx_word' id='word_1_612' title='bbox 1571 4459 1726 4516; x_wconf 86' lang='lat' dir='ltr'><strong>Citri-</strong></span> 
     </span>
    </p>
   </div>
   <div class='ocr_carea' id='block_1_75' title="bbox 122 4552 1756 4625">
    <p class='ocr_par' dir='ltr' id='par_1_75' title="bbox 122 4552 1756 4625">
     <span class='ocr_line' id='line_1_75' title="bbox 122 4552 1756 4625; baseline 0.001 -19"><span class='ocrx_word' id='word_1_613' title='bbox 122 4561 265 4607; x_wconf 91' lang='lat' dir='ltr'><strong>stum</strong></span> <span class='ocrx_word' id='word_1_614' title='bbox 287 4568 390 4608; x_wconf 89' lang='lat' dir='ltr'><strong>non</strong></span> <span class='ocrx_word' id='word_1_615' title='bbox 408 4552 584 4616; x_wconf 81' lang='lat' dir='ltr'><strong>solum</strong></span> <span class='ocrx_word' id='word_1_616' title='bbox 605 4553 781 4624; x_wconf 87' lang='lat' dir='ltr'><strong>lingua</strong></span> <span class='ocrx_word' id='word_1_617' title='bbox 797 4552 1164 4625; x_wconf 67' lang='lat' dir='ltr'><strong>praedicando,</strong></span> <span class='ocrx_word' id='word_1_618' title='bbox 1181 4570 1363 4610; x_wconf 77' lang='lat' dir='ltr'><strong>verum</strong></span> <span class='ocrx_word' id='word_1_619' title='bbox 1382 4557 1543 4624; x_wconf 70' lang='lat' dir='ltr'><strong>etiam</strong></span> <span class='ocrx_word' id='word_1_620' title='bbox 1561 4553 1726 4609; x_wconf 83' lang='lat' dir='ltr'><strong>corde</strong></span> <span class='ocrx_word' id='word_1_621' title='bbox 1745 4555 1756 4596; x_wconf 74' lang='grc' dir='ltr'><em>ἐ</em></span> 
     </span>
    </p>
   </div>
   <div class='ocr_carea' id='block_1_76' title="bbox 123 4645 1727 4718">
    <p class='ocr_par' dir='ltr' id='par_1_76' title="bbox 123 4645 1727 4718">
     <span class='ocr_line' id='line_1_76' title="bbox 123 4645 1727 4718; baseline -0.001 -17"><span class='ocrx_word' id='word_1_622' title='bbox 123 4645 398 4718; x_wconf 89' lang='lat' dir='ltr'><strong>diligendo</strong></span> <span class='ocrx_word' id='word_1_623' title='bbox 423 4657 792 4718; x_wconf 77' lang='lat' dir='ltr'><strong>portarernnt.</strong></span> <span class='ocrx_word' id='word_1_624' title='bbox 837 4647 917 4702; x_wconf 89' lang='lat' dir='ltr'><strong>llli</strong></span> <span class='ocrx_word' id='word_1_625' title='bbox 946 4655 1126 4702; x_wconf 85' lang='lat' dir='ltr'><strong>autem</strong></span> <span class='ocrx_word' id='word_1_626' title='bbox 1163 4648 1253 4718; x_wconf 85' lang='lat' dir='ltr'><strong>qui</strong></span> <span class='ocrx_word' id='word_1_627' title='bbox 1286 4647 1576 4704; x_wconf 82' lang='lat' dir='ltr'><strong>adventum</strong></span> <span class='ocrx_word' id='word_1_628' title='bbox 1609 4646 1727 4716; x_wconf 89' lang='lat' dir='ltr'><strong>ejus</strong></span> 
     </span>
    </p>
   </div>
   <div class='ocr_carea' id='block_1_77' title="bbox 126 4741 1725 4816">
    <p class='ocr_par' dir='ltr' id='par_1_77' title="bbox 126 4741 1725 4816">
     <span class='ocr_line' id='line_1_77' title="bbox 126 4741 1725 4816; baseline -0.001 -19"><span class='ocrx_word' id='word_1_629' title='bbox 126 4753 546 4811; x_wconf 58' lang='lat' dir='ltr'><strong>praecsserunt,</strong></span> <span class='ocrx_word' id='word_1_630' title='bbox 579 4741 852 4812; x_wconf 91' lang='lat' dir='ltr'><strong>quomodo</strong></span> <span class='ocrx_word' id='word_1_631' title='bbox 879 4741 1028 4796; x_wconf 82' lang='lat' dir='ltr'><strong>illum</strong></span> <span class='ocrx_word' id='word_1_632' title='bbox 1058 4741 1725 4816; x_wconf 62' lang='lat' dir='ltr'><strong>portaxcrunt?jPortave-</strong></span> 
     </span>
    </p>
   </div>
   <div class='ocr_carea' id='block_1_78' title="bbox 125 4833 1728 4907">
    <p class='ocr_par' dir='ltr' id='par_1_78' title="bbox 125 4833 1728 4907">
     <span class='ocr_line' id='line_1_78' title="bbox 125 4833 1728 4907; baseline 0 -18"><span class='ocrx_word' id='word_1_633' title='bbox 125 4846 252 4890; x_wconf 84' lang='lat' dir='ltr'><strong>runt</strong></span> <span class='ocrx_word' id='word_1_634' title='bbox 281 4833 470 4907; x_wconf 89' lang='lat' dir='ltr'><strong>utique</strong></span> <span class='ocrx_word' id='word_1_635' title='bbox 491 4844 546 4902; x_wconf 85' lang='lat' dir='ltr'><strong>et</strong></span> <span class='ocrx_word' id='word_1_636' title='bbox 566 4835 673 4901; x_wconf 89' lang='lat' dir='ltr'><strong>illi;</strong></span> <span class='ocrx_word' id='word_1_637' title='bbox 691 4851 813 4890; x_wconf 89' lang='lat' dir='ltr'><strong>nam</strong></span> <span class='ocrx_word' id='word_1_638' title='bbox 835 4834 999 4906; x_wconf 90' lang='lat' dir='ltr'><strong>aliqui</strong></span> <span class='ocrx_word' id='word_1_639' title='bbox 1029 4849 1216 4896; x_wconf 86' lang='lat' dir='ltr'><strong>corum</strong></span> <span class='ocrx_word' id='word_1_640' title='bbox 1239 4850 1363 4892; x_wconf 89' lang='lat' dir='ltr'><strong>cum</strong></span> <span class='ocrx_word' id='word_1_641' title='bbox 1389 4834 1566 4900; x_wconf 71' lang='lat' dir='ltr'><strong>verbis</strong></span> <span class='ocrx_word' id='word_1_642' title='bbox 1591 4849 1728 4904; x_wconf 67' lang='lat' dir='ltr'><strong>prae-</strong></span> 
     </span>
    </p>
   </div>
   <div class='ocr_carea' id='block_1_79' title="bbox 129 4928 1723 5006">
    <p class='ocr_par' dir='ltr' id='par_1_79' title="bbox 129 4928 1723 5006">
     <span class='ocr_line' id='line_1_79' title="bbox 129 4928 1723 5006; baseline -0.001 -20"><span class='ocrx_word' id='word_1_643' title='bbox 129 4929 414 4998; x_wconf 82' lang='lat' dir='ltr'><strong>dixerunt,</strong></span> <span class='ocrx_word' id='word_1_644' title='bbox 445 4931 610 5001; x_wconf 76' lang='lat' dir='ltr'><strong>aliqui</strong></span> <span class='ocrx_word' id='word_1_645' title='bbox 637 4930 792 4985; x_wconf 74' lang='lat' dir='ltr'><strong>fat-tis</strong></span> <span class='ocrx_word' id='word_1_646' title='bbox 835 4931 1314 5002; x_wconf 66' lang='lat' dir='ltr'><strong>praesignaveruut.</strong></span> <span class='ocrx_word' id='word_1_647' title='bbox 1362 4928 1723 5006; x_wconf 73' lang='lat' dir='ltr'><strong>Qua-rendnm</strong></span> 
     </span>
    </p>
   </div>
   <div class='ocr_carea' id='block_1_80' title="bbox 129 5020 1727 5093">
    <p class='ocr_par' dir='ltr' id='par_1_80' title="bbox 129 5020 1727 5093">
     <span class='ocr_line' id='line_1_80' title="bbox 129 5020 1727 5093; baseline -0.003 -13"><span class='ocrx_word' id='word_1_648' title='bbox 129 5041 255 5082; x_wconf 82' lang='lat' dir='ltr'><strong>vero</strong></span> <span class='ocrx_word' id='word_1_649' title='bbox 275 5026 430 5082; x_wconf 84' lang='lat' dir='ltr'><strong>nobis</strong></span> <span class='ocrx_word' id='word_1_650' title='bbox 454 5035 536 5080; x_wconf 88' lang='lat' dir='ltr'><strong>cst</strong></span> <span class='ocrx_word' id='word_1_651' title='bbox 559 5025 682 5092; x_wconf 74' lang='lat' dir='ltr'><strong>quid</strong></span> <span class='ocrx_word' id='word_1_652' title='bbox 708 5022 966 5080; x_wconf 81' lang='lat' dir='ltr'><strong>circuitus</strong></span> <span class='ocrx_word' id='word_1_653' title='bbox 995 5023 1228 5093; x_wconf 84' lang='lat' dir='ltr'><strong>ist.c,qui</strong></span> <span class='ocrx_word' id='word_1_654' title='bbox 1261 5037 1356 5093; x_wconf 91' lang='lat' dir='ltr'><strong>pcr</strong></span> <span class='ocrx_word' id='word_1_655' title='bbox 1384 5032 1590 5091; x_wconf 79' lang='lat' dir='ltr'><strong>septem</strong></span> <span class='ocrx_word' id='word_1_656' title='bbox 1611 5020 1727 5092; x_wconf 78' lang='lat' dir='ltr'><strong>dies</strong></span> 
     </span>
    </p>
   </div>
   <div class='ocr_carea' id='block_1_81' title="bbox 130 5112 1724 5190">
    <p class='ocr_par' dir='ltr' id='par_1_81' title="bbox 130 5112 1724 5190">
     <span class='ocr_line' id='line_1_81' title="bbox 130 5112 1724 5190; baseline -0.004 -16"><span class='ocrx_word' id='word_1_657' title='bbox 130 5120 304 5176; x_wconf 83' lang='lat' dir='ltr'><strong>factus</strong></span> <span class='ocrx_word' id='word_1_658' title='bbox 337 5130 440 5187; x_wconf 82' lang='lat' dir='ltr'><strong>c~t,</strong></span> <span class='ocrx_word' id='word_1_659' title='bbox 465 5119 730 5190; x_wconf 85' lang='lat' dir='ltr'><strong>designet.</strong></span> <span class='ocrx_word' id='word_1_660' title='bbox 761 5117 890 5172; x_wconf 79' lang='lat' dir='ltr'><strong>Loci</strong></span> <span class='ocrx_word' id='word_1_661' title='bbox 922 5132 1155 5185; x_wconf 88' lang='lat' dir='ltr'><strong>namque</strong></span> <span class='ocrx_word' id='word_1_662' title='bbox 1204 5131 1362 5186; x_wconf 85' lang='lat' dir='ltr'><strong>quem</strong></span> <span class='ocrx_word' id='word_1_663' title='bbox 1395 5112 1689 5170; x_wconf 81' lang='lat' dir='ltr'><strong>circuitnus</strong></span> <span class='ocrx_word' id='word_1_664' title='bbox 1711 5155 1724 5177; x_wconf 93' lang='lat'><strong>,</strong></span> 
     </span>
    </p>
   </div>
   <div class='ocr_carea' id='block_1_82' title="bbox 131 5208 1724 5285">
    <p class='ocr_par' dir='ltr' id='par_1_82' title="bbox 131 5208 1724 5285">
     <span class='ocr_line' id='line_1_82' title="bbox 131 5208 1724 5285; baseline -0.005 -17"><span class='ocrx_word' id='word_1_665' title='bbox 131 5213 434 5285; x_wconf 68' lang='lat' dir='ltr'><strong>ingressum</strong></span> <span class='ocrx_word' id='word_1_666' title='bbox 457 5213 760 5280; x_wconf 74' lang='lat' dir='ltr'><strong>deritatnus</strong></span> <span class='ocrx_word' id='word_1_667' title='bbox 782 5228 796 5277; x_wconf 91' lang='lat'><strong>;</strong></span> <span class='ocrx_word' id='word_1_668' title='bbox 822 5227 944 5268; x_wconf 89' lang='lat' dir='ltr'><strong>nam</strong></span> <span class='ocrx_word' id='word_1_669' title='bbox 976 5226 1097 5266; x_wconf 87' lang='lat' dir='ltr'><strong>cum</strong></span> <span class='ocrx_word' id='word_1_670' title='bbox 1130 5225 1228 5282; x_wconf 89' lang='lat' dir='ltr'><strong>per</strong></span> <span class='ocrx_word' id='word_1_671' title='bbox 1255 5210 1394 5264; x_wconf 74' lang='lat' dir='ltr'><strong>\‘iulll</strong></span> <span class='ocrx_word' id='word_1_672' title='bbox 1426 5208 1724 5278; x_wconf 83' lang='lat' dir='ltr'><strong>pergimus,</strong></span> 
     </span>
    </p>
   </div>
   <div class='ocr_carea' id='block_1_83' title="bbox 128 5301 1728 5378">
    <p class='ocr_par' dir='ltr' id='par_1_83' title="bbox 128 5301 1728 5378">
     <span class='ocr_line' id='line_1_83' title="bbox 128 5301 1728 5378; baseline -0.004 -18"><span class='ocrx_word' id='word_1_673' title='bbox 128 5307 172 5360; x_wconf 88' lang='lat' dir='ltr'><strong>si</strong></span> <span class='ocrx_word' id='word_1_674' title='bbox 204 5306 415 5361; x_wconf 76' lang='lat' dir='ltr'><strong>foveam</strong></span> <span class='ocrx_word' id='word_1_675' title='bbox 447 5316 539 5372; x_wconf 79' lang='lat' dir='ltr'><strong>aut</strong></span> <span class='ocrx_word' id='word_1_676' title='bbox 571 5309 757 5362; x_wconf 88' lang='lat' dir='ltr'><strong>limum</strong></span> <span class='ocrx_word' id='word_1_677' title='bbox 779 5304 1130 5378; x_wconf 78' lang='lat' dir='ltr'><strong>profundunt,</strong></span> <span class='ocrx_word' id='word_1_678' title='bbox 1166 5311 1258 5361; x_wconf 84' lang='lat' dir='ltr'><strong>:ut</strong></span> <span class='ocrx_word' id='word_1_679' title='bbox 1279 5301 1492 5372; x_wconf 85' lang='lat' dir='ltr'><strong>aliquod</strong></span> <span class='ocrx_word' id='word_1_680' title='bbox 1519 5302 1728 5372; x_wconf 79' lang='lat' dir='ltr'><strong>perien-</strong></span> 
     </span>
    </p>
   </div>
   <div class='ocr_carea' id='block_1_84' title="bbox 128 5395 1723 5466">
    <p class='ocr_par' dir='ltr' id='par_1_84' title="bbox 128 5395 1723 5466">
     <span class='ocr_line' id='line_1_84' title="bbox 128 5395 1723 5466; baseline -0.003 -13"><span class='ocrx_word' id='word_1_681' title='bbox 128 5399 235 5454; x_wconf 91' lang='lat' dir='ltr'><strong>lum</strong></span> <span class='ocrx_word' id='word_1_682' title='bbox 262 5400 588 5461; x_wconf 71' lang='lat' dir='ltr'><strong>invenimus,</strong></span> <span class='ocrx_word' id='word_1_683' title='bbox 611 5399 994 5456; x_wconf 79' lang='lat' dir='ltr'><strong>circumeundo</strong></span> <span class='ocrx_word' id='word_1_684' title='bbox 1021 5396 1063 5452; x_wconf 91' lang='lat' dir='ltr'><strong>si</strong></span> <span class='ocrx_word' id='word_1_685' title='bbox 1091 5411 1395 5466; x_wconf 79' lang='lat' dir='ltr'><strong>possumus,</strong></span> <span class='ocrx_word' id='word_1_686' title='bbox 1421 5395 1723 5466; x_wconf 71' lang='lat' dir='ltr'><strong>ingre&gt;snm</strong></span> 
     </span>
    </p>
   </div>
   <div class='ocr_carea' id='block_1_85' title="bbox 129 5488 1729 5564">
    <p class='ocr_par' dir='ltr' id='par_1_85' title="bbox 129 5488 1729 5564">
     <span class='ocr_line' id='line_1_85' title="bbox 129 5488 1729 5564; baseline -0.002 -20"><span class='ocrx_word' id='word_1_687' title='bbox 129 5490 585 5561; x_wconf 65' lang='lat' dir='ltr'><strong>eradtTVilﬂlltllS,</strong></span> <span class='ocrx_word' id='word_1_688' title='bbox 603 5504 656 5556; x_wconf 91' lang='lat' dir='ltr'><strong>ut</strong></span> <span class='ocrx_word' id='word_1_689' title='bbox 684 5493 810 5564; x_wconf 64' lang='lat' dir='ltr'><strong>perit</strong></span> <span class='ocrx_word' id='word_1_690' title='bbox 834 5493 978 5548; x_wconf 84' lang='lat' dir='ltr'><strong>nlutn</strong></span> <span class='ocrx_word' id='word_1_691' title='bbox 1001 5491 1313 5548; x_wconf 87' lang='lat' dir='ltr'><strong>evadamus.</strong></span> <span class='ocrx_word' id='word_1_692' title='bbox 1340 5488 1558 5552; x_wconf 82' lang='lat' dir='ltr'><strong>lcricho</strong></span> <span class='ocrx_word' id='word_1_693' title='bbox 1579 5503 1729 5544; x_wconf 88' lang='lat' dir='ltr'><strong>nam-</strong></span> 
     </span>
    </p>
   </div>
   <div class='ocr_carea' id='block_1_86' title="bbox 129 5583 1730 5660">
    <p class='ocr_par' dir='ltr' id='par_1_86' title="bbox 129 5583 1730 5660">
     <span class='ocr_line' id='line_1_86' title="bbox 129 5583 1730 5660; baseline 0.008 -21"><span class='ocrx_word' id='word_1_694' title='bbox 129 5600 233 5655; x_wconf 87' lang='lat' dir='ltr'><strong>que</strong></span> <span class='ocrx_word' id='word_1_695' title='bbox 275 5586 592 5652; x_wconf 70' lang='lat' dir='ltr'><strong>circttiutus,</strong></span> <span class='ocrx_word' id='word_1_696' title='bbox 621 5586 662 5640; x_wconf 63' lang='lat' dir='ltr'><strong>si</strong></span> <span class='ocrx_word' id='word_1_697' title='bbox 708 5588 811 5642; x_wconf 84' lang='lat' dir='ltr'><strong>i&#39;cr</strong></span> <span class='ocrx_word' id='word_1_698' title='bbox 841 5587 962 5644; x_wconf 70' lang='lat' dir='ltr'><strong>vita:</strong></span> <span class='ocrx_word' id='word_1_699' title='bbox 995 5588 1276 5660; x_wconf 81' lang='lat' dir='ltr'><strong>praesentis</strong></span> <span class='ocrx_word' id='word_1_700' title='bbox 1306 5583 1602 5650; x_wconf 63' lang='lat' dir='ltr'><strong>SCCUHJUW</strong></span> <span class='ocrx_word' id='word_1_701' title='bbox 1635 5600 1730 5639; x_wconf 71' lang='grc' dir='ltr'><strong>νο·-</strong></span> 
     </span>
    </p>
   </div>
   <div class='ocr_carea' id='block_1_87' title="bbox 131 5677 1730 5752">
    <p class='ocr_par' dir='ltr' id='par_1_87' title="bbox 131 5677 1730 5752">
     <span class='ocr_line' id='line_1_87' title="bbox 131 5677 1730 5752; baseline 0.001 -22"><span class='ocrx_word' id='word_1_702' title='bbox 131 5677 396 5734; x_wconf 83' lang='lat' dir='ltr'><strong>luntatem</strong></span> <span class='ocrx_word' id='word_1_703' title='bbox 427 5679 513 5733; x_wconf 81' lang='lat' dir='ltr'><strong>Dei</strong></span> <span class='ocrx_word' id='word_1_704' title='bbox 542 5681 853 5751; x_wconf 75' lang='lat' dir='ltr'><strong>perﬁciatus</strong></span> <span class='ocrx_word' id='word_1_705' title='bbox 877 5697 890 5747; x_wconf 90' lang='lat'><strong>;</strong></span> <span class='ocrx_word' id='word_1_706' title='bbox 913 5699 1033 5742; x_wconf 82' lang='lat' dir='ltr'><strong>nam</strong></span> <span class='ocrx_word' id='word_1_707' title='bbox 1059 5681 1306 5752; x_wconf 75' lang='lat' dir='ltr'><strong>quamvis</strong></span> <span class='ocrx_word' id='word_1_708' title='bbox 1335 5695 1455 5748; x_wconf 75' lang='lat' dir='ltr'><strong>cum</strong></span> <span class='ocrx_word' id='word_1_709' title='bbox 1484 5677 1730 5750; x_wconf 74' lang='lat' dir='ltr'><strong>rcptobis</strong></span> 
     </span>
    </p>
   </div>
   <div class='ocr_carea' id='block_1_88' title="bbox 135 5757 1728 5842">
    <p class='ocr_par' dir='ltr' id='par_1_88' title="bbox 135 5757 1728 5842">
     <span class='ocr_line' id='line_1_88' title="bbox 135 5757 1728 5842; baseline 0.001 -19"><span class='ocrx_word' id='word_1_710' title='bbox 135 5768 465 5840; x_wconf 83' lang='lat' dir='ltr'><strong>ltabitcmus,</strong></span> <span class='ocrx_word' id='word_1_711' title='bbox 497 5773 709 5830; x_wconf 80' lang='lat' dir='ltr'><strong>.lcriclto</strong></span> <span class='ocrx_word' id='word_1_712' title='bbox 740 5757 1136 5842; x_wconf 38' lang='lat' dir='ltr'><strong>circuimuspsi</strong></span> <span class='ocrx_word' id='word_1_713' title='bbox 1167 5773 1234 5834; x_wconf 79' lang='lat' dir='ltr'><strong>ab</strong></span> <span class='ocrx_word' id='word_1_714' title='bbox 1265 5787 1454 5838; x_wconf 81' lang='lat' dir='ltr'><strong>eorum</strong></span> <span class='ocrx_word' id='word_1_715' title='bbox 1495 5771 1728 5842; x_wconf 78' lang='lat' dir='ltr'><strong>pravita-</strong></span> 
     </span>
    </p>
   </div>
   <div class='ocr_carea' id='block_1_89' title="bbox 1832 3246 3448 3319">
    <p class='ocr_par' dir='ltr' id='par_1_89' title="bbox 1832 3246 3448 3319">
     <span class='ocr_line' id='line_1_89' title="bbox 1832 3246 3448 3319; baseline 0.004 -20"><span class='ocrx_word' id='word_1_716' title='bbox 1832 3246 2100 3316; x_wconf 89' lang='lat' dir='ltr'><strong>pertinet,</strong></span> <span class='ocrx_word' id='word_1_717' title='bbox 2129 3247 2184 3300; x_wconf 85' lang='lat' dir='ltr'><strong>in</strong></span> <span class='ocrx_word' id='word_1_718' title='bbox 2212 3252 2418 3302; x_wconf 84' lang='lat' dir='ltr'><strong>tantum</strong></span> <span class='ocrx_word' id='word_1_719' title='bbox 2453 3253 2670 3316; x_wconf 78' lang='lat' dir='ltr'><strong>peccata</strong></span> <span class='ocrx_word' id='word_1_720' title='bbox 2698 3246 3029 3316; x_wconf 83' lang='lat' dir='ltr'><strong>principum,</strong></span> <span class='ocrx_word' id='word_1_721' title='bbox 3056 3247 3448 3319; x_wconf 70' lang='lat' dir='ltr'><strong>hominumque</strong></span> 
     </span>
    </p>
   </div>
   <div class='ocr_carea' id='block_1_90' title="bbox 1830 3340 3445 3412">
    <p class='ocr_par' dir='ltr' id='par_1_90' title="bbox 1830 3340 3445 3412">
     <span class='ocr_line' id='line_1_90' title="bbox 1830 3340 3445 3412; baseline 0.002 -18"><span class='ocrx_word' id='word_1_722' title='bbox 1830 3340 2119 3412; x_wconf 85' lang='lat' dir='ltr'><strong>impiorum</strong></span> <span class='ocrx_word' id='word_1_723' title='bbox 2149 3351 2468 3412; x_wconf 76' lang='lat' dir='ltr'><strong>spreverunt</strong></span> <span class='ocrx_word' id='word_1_724' title='bbox 2515 3350 2677 3411; x_wconf 85' lang='lat' dir='ltr'><strong>atque</strong></span> <span class='ocrx_word' id='word_1_725' title='bbox 2713 3342 3222 3412; x_wconf 85' lang='lat' dir='ltr'><strong>reprehenderunt;</strong></span> <span class='ocrx_word' id='word_1_726' title='bbox 3258 3353 3314 3398; x_wconf 89' lang='lat' dir='ltr'><strong>nt</strong></span> <span class='ocrx_word' id='word_1_727' title='bbox 3345 3360 3445 3412; x_wconf 83' lang='lat' dir='ltr'><strong>pro</strong></span> 
     </span>
    </p>
   </div>
   <div class='ocr_carea' id='block_1_91' title="bbox 1832 3434 3440 3507">
    <p class='ocr_par' dir='ltr' id='par_1_91' title="bbox 1832 3434 3440 3507">
     <span class='ocr_line' id='line_1_91' title="bbox 1832 3434 3440 3507; baseline 0.002 -17"><span class='ocrx_word' id='word_1_728' title='bbox 1832 3435 1934 3490; x_wconf 92' lang='lat' dir='ltr'><strong>hoc</strong></span> <span class='ocrx_word' id='word_1_729' title='bbox 1977 3434 2198 3505; x_wconf 83' lang='lat' dir='ltr'><strong>quidam</strong></span> <span class='ocrx_word' id='word_1_730' title='bbox 2230 3450 2421 3491; x_wconf 84' lang='lat' dir='ltr'><strong>eorum</strong></span> <span class='ocrx_word' id='word_1_731' title='bbox 2453 3434 2675 3504; x_wconf 82' lang='lat' dir='ltr'><strong>lapidati</strong></span> <span class='ocrx_word' id='word_1_732' title='bbox 2706 3477 2720 3499; x_wconf 84' lang='lat'><strong>,</strong></span> <span class='ocrx_word' id='word_1_733' title='bbox 2762 3435 2982 3504; x_wconf 87' lang='lat' dir='ltr'><strong>quidam</strong></span> <span class='ocrx_word' id='word_1_734' title='bbox 3014 3437 3147 3500; x_wconf 86' lang='lat' dir='ltr'><strong>secti</strong></span> <span class='ocrx_word' id='word_1_735' title='bbox 3175 3479 3189 3504; x_wconf 95' lang='lat'><strong>,</strong></span> <span class='ocrx_word' id='word_1_736' title='bbox 3217 3437 3440 3507; x_wconf 80' lang='lat' dir='ltr'><strong>quidam</strong></span> 
     </span>
    </p>
   </div>
   <div class='ocr_carea' id='block_1_92' title="bbox 1829 3527 3443 3598">
    <p class='ocr_par' dir='ltr' id='par_1_92' title="bbox 1829 3527 3443 3598">
     <span class='ocr_line' id='line_1_92' title="bbox 1829 3527 3443 3598; baseline 0.002 -14"><span class='ocrx_word' id='word_1_737' title='bbox 1829 3545 1958 3584; x_wconf 85' lang='lat' dir='ltr'><strong>vero</strong></span> <span class='ocrx_word' id='word_1_738' title='bbox 1990 3528 2044 3584; x_wconf 88' lang='lat' dir='ltr'><strong>in</strong></span> <span class='ocrx_word' id='word_1_739' title='bbox 2093 3529 2371 3584; x_wconf 85' lang='lat' dir='ltr'><strong>occisione</strong></span> <span class='ocrx_word' id='word_1_740' title='bbox 2399 3528 2562 3597; x_wconf 88' lang='lat' dir='ltr'><strong>gladii</strong></span> <span class='ocrx_word' id='word_1_741' title='bbox 2593 3529 2790 3583; x_wconf 88' lang='lat' dir='ltr'><strong>mortui</strong></span> <span class='ocrx_word' id='word_1_742' title='bbox 2819 3527 2949 3584; x_wconf 89' lang='lat' dir='ltr'><strong>sint.</strong></span> <span class='ocrx_word' id='word_1_743' title='bbox 2987 3527 3231 3598; x_wconf 84' lang='lat' dir='ltr'><strong>Apostoli</strong></span> <span class='ocrx_word' id='word_1_744' title='bbox 3280 3547 3443 3596; x_wconf 67' lang='lat' dir='ltr'><strong>tero.</strong></span> 
     </span>
    </p>
   </div>
   <div class='ocr_carea' id='block_1_93' title="bbox 1827 3619 3446 3691">
    <p class='ocr_par' dir='ltr' id='par_1_93' title="bbox 1827 3619 3446 3691">
     <span class='ocr_line' id='line_1_93' title="bbox 1827 3619 3446 3691; baseline 0.002 -15"><span class='ocrx_word' id='word_1_745' title='bbox 1827 3631 1881 3676; x_wconf 89' lang='lat' dir='ltr'><strong>et</strong></span> <span class='ocrx_word' id='word_1_746' title='bbox 1909 3621 1961 3676; x_wconf 90' lang='lat' dir='ltr'><strong>hi</strong></span> <span class='ocrx_word' id='word_1_747' title='bbox 2007 3622 2099 3691; x_wconf 91' lang='lat' dir='ltr'><strong>qui</strong></span> <span class='ocrx_word' id='word_1_748' title='bbox 2143 3636 2208 3676; x_wconf 82' lang='lat' dir='ltr'><strong>ex</strong></span> <span class='ocrx_word' id='word_1_749' title='bbox 2251 3619 2454 3676; x_wconf 71' lang='lat' dir='ltr'><strong>Judmis</strong></span> <span class='ocrx_word' id='word_1_750' title='bbox 2495 3619 2884 3686; x_wconf 79' lang='lat' dir='ltr'><strong>crediderunt,</strong></span> <span class='ocrx_word' id='word_1_751' title='bbox 2918 3622 2983 3674; x_wconf 81' lang='lat' dir='ltr'><strong>atl</strong></span> <span class='ocrx_word' id='word_1_752' title='bbox 3034 3635 3173 3691; x_wconf 82' lang='lat' dir='ltr'><strong>quos</strong></span> <span class='ocrx_word' id='word_1_753' title='bbox 3221 3624 3446 3690; x_wconf 87' lang='lat' dir='ltr'><strong>quintus</strong></span> 
     </span>
    </p>
   </div>
   <div class='ocr_carea' id='block_1_94' title="bbox 1827 3713 3440 3786">
    <p class='ocr_par' dir='ltr' id='par_1_94' title="bbox 1827 3713 3440 3786">
     <span class='ocr_line' id='line_1_94' title="bbox 1827 3713 3440 3786; baseline 0 -18"><span class='ocrx_word' id='word_1_754' title='bbox 1827 3714 2089 3770; x_wconf 83' lang='lat' dir='ltr'><strong>circuitus</strong></span> <span class='ocrx_word' id='word_1_755' title='bbox 2131 3713 2404 3783; x_wconf 82' lang='lat' dir='ltr'><strong>pertinet,</strong></span> <span class='ocrx_word' id='word_1_756' title='bbox 2459 3723 2661 3780; x_wconf 85' lang='lat' dir='ltr'><strong>quanto</strong></span> <span class='ocrx_word' id='word_1_757' title='bbox 2691 3714 2876 3776; x_wconf 75' lang='lat' dir='ltr'><strong>studio</strong></span> <span class='ocrx_word' id='word_1_758' title='bbox 2928 3729 2987 3768; x_wconf 88' lang='lat' dir='ltr'><strong>se</strong></span> <span class='ocrx_word' id='word_1_759' title='bbox 3028 3713 3095 3768; x_wconf 81' lang='lat' dir='ltr'><strong>ab</strong></span> <span class='ocrx_word' id='word_1_760' title='bbox 3141 3715 3440 3786; x_wconf 75' lang='lat' dir='ltr'><strong>inﬁdelium</strong></span> 
     </span>
    </p>
   </div>
   <div class='ocr_carea' id='block_1_95' title="bbox 1827 3807 3444 3880">
    <p class='ocr_par' dir='ltr' id='par_1_95' title="bbox 1827 3807 3444 3880">
     <span class='ocr_line' id='line_1_95' title="bbox 1827 3807 3444 3880; baseline 0 -16"><span class='ocrx_word' id='word_1_761' title='bbox 1827 3808 2138 3865; x_wconf 62' lang='lat' dir='ltr'><strong>Judaeorum</strong></span> <span class='ocrx_word' id='word_1_762' title='bbox 2163 3807 2391 3864; x_wconf 88' lang='lat' dir='ltr'><strong>consilio</strong></span> <span class='ocrx_word' id='word_1_763' title='bbox 2414 3815 2576 3878; x_wconf 85' lang='lat' dir='ltr'><strong>atque</strong></span> <span class='ocrx_word' id='word_1_764' title='bbox 2599 3807 2855 3876; x_wconf 78' lang='lat' dir='ltr'><strong>operibus</strong></span> <span class='ocrx_word' id='word_1_765' title='bbox 2872 3808 3278 3878; x_wconf 74' lang='lat' dir='ltr'><strong>segt&#39;cgavcriut</strong></span> <span class='ocrx_word' id='word_1_766' title='bbox 3294 3850 3308 3874; x_wconf 94' lang='lat'><strong>,</strong></span> <span class='ocrx_word' id='word_1_767' title='bbox 3333 3807 3444 3880; x_wconf 80' lang='lat' dir='ltr'><strong>Lu-</strong></span> 
     </span>
    </p>
   </div>
   <div class='ocr_carea' id='block_1_96' title="bbox 1828 3901 3441 3971">
    <p class='ocr_par' dir='ltr' id='par_1_96' title="bbox 1828 3901 3441 3971">
     <span class='ocr_line' id='line_1_96' title="bbox 1828 3901 3441 3971; baseline 0 -13"><span class='ocrx_word' id='word_1_768' title='bbox 1828 3919 1921 3959; x_wconf 90' lang='lat' dir='ltr'><strong>cas</strong></span> <span class='ocrx_word' id='word_1_769' title='bbox 1963 3905 2015 3957; x_wconf 92' lang='lat' dir='ltr'><strong>in</strong></span> <span class='ocrx_word' id='word_1_770' title='bbox 2043 3901 2273 3958; x_wconf 78' lang='lat' dir='ltr'><strong>Actibus</strong></span> <span class='ocrx_word' id='word_1_771' title='bbox 2313 3901 2684 3971; x_wconf 74' lang='lat' dir='ltr'><strong>apostolorum</strong></span> <span class='ocrx_word' id='word_1_772' title='bbox 2722 3910 2925 3968; x_wconf 78' lang='lat' dir='ltr'><strong>narrat.</strong></span> <span class='ocrx_word' id='word_1_773' title='bbox 2966 3901 3169 3970; x_wconf 79' lang='lat' dir='ltr'><strong>Gentes</strong></span> <span class='ocrx_word' id='word_1_774' title='bbox 3202 3917 3330 3962; x_wconf 68' lang='lat' dir='ltr'><strong>vero</strong></span> <span class='ocrx_word' id='word_1_775' title='bbox 3372 3904 3441 3959; x_wconf 89' lang='lat' dir='ltr'><strong>ad</strong></span> 
     </span>
    </p>
   </div>
   <div class='ocr_carea' id='block_1_97' title="bbox 1823 3995 3443 4068">
    <p class='ocr_par' dir='ltr' id='par_1_97' title="bbox 1823 3995 3443 4068">
     <span class='ocr_line' id='line_1_97' title="bbox 1823 3995 3443 4068; baseline -0.001 -14"><span class='ocrx_word' id='word_1_776' title='bbox 1823 4012 1963 4068; x_wconf 76' lang='lat' dir='ltr'><strong>quas</strong></span> <span class='ocrx_word' id='word_1_777' title='bbox 1982 4007 2170 4056; x_wconf 84' lang='lat' dir='ltr'><strong>sextus</strong></span> <span class='ocrx_word' id='word_1_778' title='bbox 2199 3997 2455 4056; x_wconf 76' lang='lat' dir='ltr'><strong>circuitus</strong></span> <span class='ocrx_word' id='word_1_779' title='bbox 2483 3995 2742 4066; x_wconf 82' lang='lat' dir='ltr'><strong>pertinet,</strong></span> <span class='ocrx_word' id='word_1_780' title='bbox 2770 4005 2973 4067; x_wconf 78' lang='lat' dir='ltr'><strong>quanto</strong></span> <span class='ocrx_word' id='word_1_781' title='bbox 2999 3996 3197 4058; x_wconf 76' lang='lat' dir='ltr'><strong>ardore</strong></span> <span class='ocrx_word' id='word_1_782' title='bbox 3221 4012 3281 4061; x_wconf 73' lang='lat' dir='ltr'><strong>se</strong></span> <span class='ocrx_word' id='word_1_783' title='bbox 3303 4012 3330 4052; x_wconf 88' lang='lat' dir='ltr'><strong>a</strong></span> <span class='ocrx_word' id='word_1_784' title='bbox 3353 4013 3443 4052; x_wconf 85' lang='lat' dir='ltr'><strong>so-</strong></span> 
     </span>
    </p>
   </div>
   <div class='ocr_carea' id='block_1_98' title="bbox 1827 4092 3439 4164">
    <p class='ocr_par' dir='ltr' id='par_1_98' title="bbox 1827 4092 3439 4164">
     <span class='ocr_line' id='line_1_98' title="bbox 1827 4092 3439 4164; baseline 0.001 -15"><span class='ocrx_word' id='word_1_785' title='bbox 1827 4095 2025 4149; x_wconf 89' lang='lat' dir='ltr'><strong>cietate</strong></span> <span class='ocrx_word' id='word_1_786' title='bbox 2078 4093 2366 4164; x_wconf 83' lang='lat' dir='ltr'><strong>impiorum</strong></span> <span class='ocrx_word' id='word_1_787' title='bbox 2417 4092 2820 4162; x_wconf 69' lang='lat' dir='ltr'><strong>disiunxeriut,</strong></span> <span class='ocrx_word' id='word_1_788' title='bbox 2866 4102 3142 4164; x_wconf 77' lang='lat' dir='ltr'><strong>martyres</strong></span> <span class='ocrx_word' id='word_1_789' title='bbox 3191 4095 3439 4162; x_wconf 57' lang='lat' dir='ltr'><strong>requisiti</strong></span> 
     </span>
    </p>
   </div>
   <div class='ocr_carea' id='block_1_99' title="bbox 1827 4184 3438 4259">
    <p class='ocr_par' dir='ltr' id='par_1_99' title="bbox 1827 4184 3438 4259">
     <span class='ocr_line' id='line_1_99' title="bbox 1827 4184 3438 4259; baseline -0.001 -16"><span class='ocrx_word' id='word_1_790' title='bbox 1827 4186 2029 4243; x_wconf 90' lang='lat' dir='ltr'><strong>dicant.</strong></span> <span class='ocrx_word' id='word_1_791' title='bbox 2064 4185 2340 4256; x_wconf 76' lang='lat' dir='ltr'><strong>Septimus</strong></span> <span class='ocrx_word' id='word_1_792' title='bbox 2391 4200 2521 4241; x_wconf 83' lang='lat' dir='ltr'><strong>vero</strong></span> <span class='ocrx_word' id='word_1_793' title='bbox 2547 4184 2809 4240; x_wconf 88' lang='lat' dir='ltr'><strong>circuitus</strong></span> <span class='ocrx_word' id='word_1_794' title='bbox 2833 4184 2905 4252; x_wconf 64' lang='lat' dir='ltr'><strong>ad</strong></span> <span class='ocrx_word' id='word_1_795' title='bbox 2935 4201 3065 4253; x_wconf 82' lang='lat' dir='ltr'><strong>eos,</strong></span> <span class='ocrx_word' id='word_1_796' title='bbox 3110 4187 3199 4258; x_wconf 87' lang='lat' dir='ltr'><strong>qui</strong></span> <span class='ocrx_word' id='word_1_797' title='bbox 3233 4199 3438 4259; x_wconf 61' lang='lat' dir='ltr'><strong>tempoo</strong></span> 
     </span>
    </p>
   </div>
   <div class='ocr_carea' id='block_1_100' title="bbox 1828 4277 3438 4348">
    <p class='ocr_par' dir='ltr' id='par_1_100' title="bbox 1828 4277 3438 4348">
     <span class='ocr_line' id='line_1_100' title="bbox 1828 4277 3438 4348; baseline 0.002 -14"><span class='ocrx_word' id='word_1_798' title='bbox 1828 4281 1981 4334; x_wconf 86' lang='lat' dir='ltr'><strong>ribus</strong></span> <span class='ocrx_word' id='word_1_799' title='bbox 2020 4277 2331 4336; x_wconf 81' lang='lat' dir='ltr'><strong>antichristi</strong></span> <span class='ocrx_word' id='word_1_800' title='bbox 2381 4278 2550 4334; x_wconf 84' lang='lat' dir='ltr'><strong>futuri</strong></span> <span class='ocrx_word' id='word_1_801' title='bbox 2605 4289 2762 4344; x_wconf 74' lang='lat' dir='ltr'><strong>sunt,</strong></span> <span class='ocrx_word' id='word_1_802' title='bbox 2820 4280 3224 4348; x_wconf 9' lang='lat' dir='ltr'><strong>pertittetzgscd</strong></span> <span class='ocrx_word' id='word_1_803' title='bbox 3257 4293 3310 4348; x_wconf 83' lang='lat' dir='ltr'><strong>ct</strong></span> <span class='ocrx_word' id='word_1_804' title='bbox 3357 4282 3438 4337; x_wconf 91' lang='lat' dir='ltr'><strong>illi</strong></span> 
     </span>
    </p>
   </div>
   <div class='ocr_carea' id='block_1_101' title="bbox 1827 4370 3442 4448">
    <p class='ocr_par' dir='ltr' id='par_1_101' title="bbox 1827 4370 3442 4448">
     <span class='ocr_line' id='line_1_101' title="bbox 1827 4370 3442 4448; baseline 0.002 -20"><span class='ocrx_word' id='word_1_805' title='bbox 1827 4374 2101 4445; x_wconf 83' lang='lat' dir='ltr'><strong>quomodo</strong></span> <span class='ocrx_word' id='word_1_806' title='bbox 2140 4370 2484 4438; x_wconf 87' lang='lat' dir='ltr'><strong>antichristi,</strong></span> <span class='ocrx_word' id='word_1_807' title='bbox 2522 4372 3009 4440; x_wconf 78' lang='lat' dir='ltr'><strong>tuinistrornmque</strong></span> <span class='ocrx_word' id='word_1_808' title='bbox 3033 4373 3156 4448; x_wconf 74' lang='lat' dir='ltr'><strong>ejus</strong></span> <span class='ocrx_word' id='word_1_809' title='bbox 3198 4375 3442 4444; x_wconf 61' lang='lat' dir='ltr'><strong>devitant</strong></span> 
     </span>
    </p>
   </div>
   <div class='ocr_carea' id='block_1_102' title="bbox 1833 4465 3436 4541">
    <p class='ocr_par' dir='ltr' id='par_1_102' title="bbox 1833 4465 3436 4541">
     <span class='ocr_line' id='line_1_102' title="bbox 1833 4465 3436 4541; baseline 0.004 -22"><span class='ocrx_word' id='word_1_810' title='bbox 1833 4466 2144 4537; x_wconf 75' lang='lat' dir='ltr'><strong>perfidiam,</strong></span> <span class='ocrx_word' id='word_1_811' title='bbox 2199 4465 2285 4521; x_wconf 89' lang='lat' dir='ltr'><strong>hic</strong></span> <span class='ocrx_word' id='word_1_812' title='bbox 2334 4465 2472 4530; x_wconf 80' lang='lat' dir='ltr'><strong>liber</strong></span> <span class='ocrx_word' id='word_1_813' title='bbox 2526 4466 2858 4523; x_wconf 85' lang='lat' dir='ltr'><strong>manifestat.</strong></span> <span class='ocrx_word' id='word_1_814' title='bbox 2902 4466 3149 4538; x_wconf 86' lang='lat' dir='ltr'><strong>Septimo</strong></span> <span class='ocrx_word' id='word_1_815' title='bbox 3179 4485 3311 4541; x_wconf 87' lang='lat' dir='ltr'><strong>ergo</strong></span> <span class='ocrx_word' id='word_1_816' title='bbox 3349 4471 3436 4538; x_wconf 78' lang='lat' dir='ltr'><strong>die</strong></span> 
     </span>
    </p>
   </div>
   <div class='ocr_carea' id='block_1_103' title="bbox 1831 4558 3436 4633">
    <p class='ocr_par' dir='ltr' id='par_1_103' title="bbox 1831 4558 3436 4633">
     <span class='ocr_line' id='line_1_103' title="bbox 1831 4558 3436 4633; baseline 0.002 -18"><span class='ocrx_word' id='word_1_817' title='bbox 1831 4559 2289 4625; x_wconf 80' lang='lat' dir='ltr'><strong>circtuncuotibns</strong></span> <span class='ocrx_word' id='word_1_818' title='bbox 2309 4558 2686 4620; x_wconf 79' lang='lat' dir='ltr'><strong>sacerdotibus</strong></span> <span class='ocrx_word' id='word_1_819' title='bbox 2706 4573 2829 4616; x_wconf 90' lang='lat' dir='ltr'><strong>cum</strong></span> <span class='ocrx_word' id='word_1_820' title='bbox 2851 4574 2976 4620; x_wconf 81' lang='lat' dir='ltr'><strong>arca</strong></span> <span class='ocrx_word' id='word_1_821' title='bbox 2998 4559 3240 4629; x_wconf 74' lang='lat' dir='ltr'><strong>Jericho,</strong></span> <span class='ocrx_word' id='word_1_822' title='bbox 3275 4573 3436 4633; x_wconf 83' lang='lat' dir='ltr'><strong>atque</strong></span> 
     </span>
    </p>
   </div>
   <div class='ocr_carea' id='block_1_104' title="bbox 1833 4644 3436 4722">
    <p class='ocr_par' dir='ltr' id='par_1_104' title="bbox 1833 4644 3436 4722">
     <span class='ocr_line' id='line_1_104' title="bbox 1833 4644 3436 4722; baseline 0.003 -22"><span class='ocrx_word' id='word_1_823' title='bbox 1833 4645 2284 4716; x_wconf 63' lang='lat' dir='ltr'><strong>vociferantibus,</strong></span> <span class='ocrx_word' id='word_1_824' title='bbox 2319 4645 2458 4716; x_wconf 75' lang='lat' dir='ltr'><strong>muri</strong></span> <span class='ocrx_word' id='word_1_825' title='bbox 2501 4644 2720 4716; x_wconf 81' lang='lat' dir='ltr'><strong>Jericbo</strong></span> <span class='ocrx_word' id='word_1_826' title='bbox 2763 4644 3077 4722; x_wconf 77' lang='lat' dir='ltr'><strong>ceciderunt</strong></span> <span class='ocrx_word' id='word_1_827' title='bbox 3103 4689 3116 4712; x_wconf 91' lang='lat'><strong>,</strong></span> <span class='ocrx_word' id='word_1_828' title='bbox 3151 4649 3436 4720; x_wconf 76' lang='lat' dir='ltr'><strong>omnisth</strong></span> 
     </span>
    </p>
   </div>
   <div class='ocr_carea' id='block_1_105' title="bbox 1833 4737 3434 4816">
    <p class='ocr_par' dir='ltr' id='par_1_105' title="bbox 1833 4737 3434 4816">
     <span class='ocr_line' id='line_1_105' title="bbox 1833 4737 3434 4816; baseline 0.002 -23"><span class='ocrx_word' id='word_1_829' title='bbox 1833 4740 2063 4810; x_wconf 87' lang='lat' dir='ltr'><strong>populus</strong></span> <span class='ocrx_word' id='word_1_830' title='bbox 2083 4755 2204 4809; x_wconf 84' lang='lat' dir='ltr'><strong>cum</strong></span> <span class='ocrx_word' id='word_1_831' title='bbox 2231 4753 2361 4809; x_wconf 85' lang='lat' dir='ltr'><strong>rege</strong></span> <span class='ocrx_word' id='word_1_832' title='bbox 2389 4753 2487 4794; x_wconf 89' lang='lat' dir='ltr'><strong>suo</strong></span> <span class='ocrx_word' id='word_1_833' title='bbox 2503 4737 2824 4808; x_wconf 83' lang='lat' dir='ltr'><strong>interfectus</strong></span> <span class='ocrx_word' id='word_1_834' title='bbox 2846 4748 2958 4808; x_wconf 84' lang='lat' dir='ltr'><strong>est;</strong></span> <span class='ocrx_word' id='word_1_835' title='bbox 2983 4739 3104 4812; x_wconf 74' lang='lat' dir='ltr'><strong>quia</strong></span> <span class='ocrx_word' id='word_1_836' title='bbox 3125 4741 3434 4816; x_wconf 42' lang='lat' dir='ltr'><strong>pradican-</strong></span> 
     </span>
    </p>
   </div>
   <div class='ocr_carea' id='block_1_106' title="bbox 1832 4830 3436 4903">
    <p class='ocr_par' dir='ltr' id='par_1_106' title="bbox 1832 4830 3436 4903">
     <span class='ocr_line' id='line_1_106' title="bbox 1832 4830 3436 4903; baseline -0.001 -16"><span class='ocrx_word' id='word_1_837' title='bbox 1832 4833 1971 4903; x_wconf 82' lang='lat' dir='ltr'><strong>tibus</strong></span> <span class='ocrx_word' id='word_1_838' title='bbox 2005 4832 2056 4896; x_wconf 86' lang='lat' dir='ltr'><strong>in</strong></span> <span class='ocrx_word' id='word_1_839' title='bbox 2091 4831 2201 4900; x_wconf 75' lang='lat' dir='ltr'><strong>tiae</strong></span> <span class='ocrx_word' id='word_1_840' title='bbox 2227 4830 2412 4890; x_wconf 89' lang='lat' dir='ltr'><strong>mundi</strong></span> <span class='ocrx_word' id='word_1_841' title='bbox 2453 4830 2898 4902; x_wconf 72' lang='lat' dir='ltr'><strong>prtcdicatoribns</strong></span> <span class='ocrx_word' id='word_1_842' title='bbox 2928 4833 3173 4888; x_wconf 81' lang='lat' dir='ltr'><strong>veritatis</strong></span> <span class='ocrx_word' id='word_1_843' title='bbox 3198 4875 3212 4897; x_wconf 94' lang='lat'><strong>,</strong></span> <span class='ocrx_word' id='word_1_844' title='bbox 3243 4832 3436 4892; x_wconf 81' lang='lat' dir='ltr'><strong>finem-</strong></span> 
     </span>
    </p>
   </div>
   <div class='ocr_carea' id='block_1_107' title="bbox 1831 4909 3408 4998">
    <p class='ocr_par' dir='ltr' id='par_1_107' title="bbox 1831 4909 3408 4998">
     <span class='ocr_line' id='line_1_107' title="bbox 1831 4909 3408 4998; baseline -0.001 -14"><span class='ocrx_word' id='word_1_845' title='bbox 1831 4943 1938 4998; x_wconf 80' lang='lat' dir='ltr'><strong>que</strong></span> <span class='ocrx_word' id='word_1_846' title='bbox 1965 4926 2151 4984; x_wconf 89' lang='lat' dir='ltr'><strong>mundi</strong></span> <span class='ocrx_word' id='word_1_847' title='bbox 2184 4909 2659 4994; x_wconf 81' lang='lat' dir='ltr'><strong>annuntiantibus,</strong></span> <span class='ocrx_word' id='word_1_848' title='bbox 2689 4926 2871 4990; x_wconf 87' lang='lat' dir='ltr'><strong>subito</strong></span> <span class='ocrx_word' id='word_1_849' title='bbox 2900 4926 3021 4982; x_wconf 52' lang='lat' dir='ltr'><strong>linis</strong></span> <span class='ocrx_word' id='word_1_850' title='bbox 3051 4926 3239 4996; x_wconf 76' lang='lat' dir='ltr'><strong>nuindi</strong></span> <span class='ocrx_word' id='word_1_851' title='bbox 3271 4927 3408 4982; x_wconf 86' lang='lat' dir='ltr'><strong>adve</strong></span> 
     </span>
    </p>
   </div>
   <div class='ocr_carea' id='block_1_108' title="bbox 1832 5020 3438 5092">
    <p class='ocr_par' dir='ltr' id='par_1_108' title="bbox 1832 5020 3438 5092">
     <span class='ocr_line' id='line_1_108' title="bbox 1832 5020 3438 5092; baseline -0.001 -15"><span class='ocrx_word' id='word_1_852' title='bbox 1832 5022 1983 5091; x_wconf 84' lang='lat' dir='ltr'><strong>niet,</strong></span> <span class='ocrx_word' id='word_1_853' title='bbox 2041 5020 2328 5092; x_wconf 86' lang='lat' dir='ltr'><strong>omnisque</strong></span> <span class='ocrx_word' id='word_1_854' title='bbox 2376 5020 2568 5076; x_wconf 84' lang='lat' dir='ltr'><strong>civitas</strong></span> <span class='ocrx_word' id='word_1_855' title='bbox 2609 5020 2812 5086; x_wconf 84' lang='lat' dir='ltr'><strong>diaboli</strong></span> <span class='ocrx_word' id='word_1_856' title='bbox 2871 5021 3220 5092; x_wconf 72' lang='lat' dir='ltr'><strong>destruetur,</strong></span> <span class='ocrx_word' id='word_1_857' title='bbox 3276 5027 3438 5088; x_wconf 86' lang='lat' dir='ltr'><strong>atque</strong></span> 
     </span>
    </p>
   </div>
   <div class='ocr_carea' id='block_1_109' title="bbox 1831 5114 3438 5191">
    <p class='ocr_par' dir='ltr' id='par_1_109' title="bbox 1831 5114 3438 5191">
     <span class='ocr_line' id='line_1_109' title="bbox 1831 5114 3438 5191; baseline -0.002 -17"><span class='ocrx_word' id='word_1_858' title='bbox 1831 5133 1954 5174; x_wconf 91' lang='lat' dir='ltr'><strong>cum</strong></span> <span class='ocrx_word' id='word_1_859' title='bbox 1982 5118 2098 5191; x_wconf 86' lang='lat' dir='ltr'><strong>ipso</strong></span> <span class='ocrx_word' id='word_1_860' title='bbox 2126 5118 2300 5189; x_wconf 88' lang='lat' dir='ltr'><strong>capite</strong></span> <span class='ocrx_word' id='word_1_861' title='bbox 2331 5132 2432 5182; x_wconf 87' lang='lat' dir='ltr'><strong>suo</strong></span> <span class='ocrx_word' id='word_1_862' title='bbox 2471 5116 2688 5172; x_wconf 87' lang='lat' dir='ltr'><strong>diabolo</strong></span> <span class='ocrx_word' id='word_1_863' title='bbox 2718 5127 2975 5189; x_wconf 82' lang='lat' dir='ltr'><strong>perpetua</strong></span> <span class='ocrx_word' id='word_1_864' title='bbox 3001 5124 3180 5186; x_wconf 78' lang='lat' dir='ltr'><strong>morte</strong></span> <span class='ocrx_word' id='word_1_865' title='bbox 3212 5114 3438 5189; x_wconf 60' lang='lat' dir='ltr'><strong>damna-</strong></span> 
     </span>
    </p>
   </div>
   <div class='ocr_carea' id='block_1_110' title="bbox 1829 5209 1994 5267">
    <p class='ocr_par' dir='ltr' id='par_1_110' title="bbox 1829 5209 1994 5267">
     <span class='ocr_line' id='line_1_110' title="bbox 1829 5209 1994 5267; baseline -0.024 0"><span class='ocrx_word' id='word_1_866' title='bbox 1829 5209 1994 5267; x_wconf 85' lang='lat' dir='ltr'><strong>bitur.</strong></span> 
     </span>
    </p>
   </div>
   <div class='ocr_carea' id='block_1_111' title="bbox 1905 5299 3437 5374">
    <p class='ocr_par' dir='ltr' id='par_1_111' title="bbox 1905 5299 3437 5374">
     <span class='ocr_line' id='line_1_111' title="bbox 1905 5299 3437 5374; baseline 0 -16"><span class='ocrx_word' id='word_1_867' title='bbox 1905 5301 2157 5374; x_wconf 86' lang='lat' dir='ltr'><strong>Legimus</strong></span> <span class='ocrx_word' id='word_1_868' title='bbox 2195 5303 2358 5358; x_wconf 86' lang='lat' dir='ltr'><strong>etiarn</strong></span> <span class='ocrx_word' id='word_1_869' title='bbox 2391 5302 2445 5357; x_wconf 88' lang='lat' dir='ltr'><strong>in</strong></span> <span class='ocrx_word' id='word_1_870' title='bbox 2495 5302 2634 5358; x_wconf 76' lang='lat' dir='ltr'><strong>libro</strong></span> <span class='ocrx_word' id='word_1_871' title='bbox 2661 5300 2908 5359; x_wconf 88' lang='lat' dir='ltr'><strong>Judicum</strong></span> <span class='ocrx_word' id='word_1_872' title='bbox 2939 5299 3168 5368; x_wconf 83' lang='lat' dir='ltr'><strong>Samson</strong></span> <span class='ocrx_word' id='word_1_873' title='bbox 3203 5299 3437 5358; x_wconf 80' lang='lat' dir='ltr'><strong>fortissi-</strong></span> 
     </span>
    </p>
   </div>
   <div class='ocr_carea' id='block_1_112' title="bbox 1833 5392 3438 5470">
    <p class='ocr_par' dir='ltr' id='par_1_112' title="bbox 1833 5392 3438 5470">
     <span class='ocr_line' id='line_1_112' title="bbox 1833 5392 3438 5470; baseline 0.003 -24"><span class='ocrx_word' id='word_1_874' title='bbox 1833 5412 1980 5451; x_wconf 84' lang='lat' dir='ltr'><strong>mnm</strong></span> <span class='ocrx_word' id='word_1_875' title='bbox 2015 5395 2268 5464; x_wconf 46' lang='lat' dir='ltr'><strong>habuisse</strong></span> <span class='ocrx_word' id='word_1_876' title='bbox 2297 5406 2504 5466; x_wconf 90' lang='lat' dir='ltr'><strong>septem</strong></span> <span class='ocrx_word' id='word_1_877' title='bbox 2551 5395 2731 5450; x_wconf 82' lang='lat' dir='ltr'><strong>crines</strong></span> <span class='ocrx_word' id='word_1_878' title='bbox 2757 5392 2958 5463; x_wconf 82' lang='lat' dir='ltr'><strong>(Judic.</strong></span> <span class='ocrx_word' id='word_1_879' title='bbox 2990 5409 3099 5465; x_wconf 70' lang='lat' dir='ltr'><strong>xit,</strong></span> <span class='ocrx_word' id='word_1_880' title='bbox 3135 5393 3244 5468; x_wconf 78' lang='lat' dir='ltr'><strong>l5).</strong></span> <span class='ocrx_word' id='word_1_881' title='bbox 3278 5396 3438 5470; x_wconf 73' lang='lat' dir='ltr'><strong>Satu-</strong></span> 
     </span>
    </p>
   </div>
   <div class='ocr_carea' id='block_1_113' title="bbox 1830 5487 3436 5561">
    <p class='ocr_par' dir='ltr' id='par_1_113' title="bbox 1830 5487 3436 5561">
     <span class='ocr_line' id='line_1_113' title="bbox 1830 5487 3436 5561; baseline -0.001 -15"><span class='ocrx_word' id='word_1_882' title='bbox 1830 5505 1929 5546; x_wconf 89' lang='lat' dir='ltr'><strong>son</strong></span> <span class='ocrx_word' id='word_1_883' title='bbox 1977 5489 2249 5561; x_wconf 74' lang='lat' dir='ltr'><strong>Christum</strong></span> <span class='ocrx_word' id='word_1_884' title='bbox 2297 5489 2602 5561; x_wconf 79' lang='lat' dir='ltr'><strong>significat:</strong></span> <span class='ocrx_word' id='word_1_885' title='bbox 2655 5503 2753 5558; x_wconf 89' lang='lat' dir='ltr'><strong>per</strong></span> <span class='ocrx_word' id='word_1_886' title='bbox 2799 5487 3027 5555; x_wconf 78' lang='lat' dir='ltr'><strong>Capillos</strong></span> <span class='ocrx_word' id='word_1_887' title='bbox 3066 5504 3194 5556; x_wconf 75' lang='lat' dir='ltr'><strong>vero</strong></span> <span class='ocrx_word' id='word_1_888' title='bbox 3245 5506 3436 5560; x_wconf 65' lang='lat' dir='ltr'><strong>milites</strong></span> 
     </span>
    </p>
   </div>
   <div class='ocr_carea' id='block_1_114' title="bbox 1832 5577 3432 5656">
    <p class='ocr_par' dir='ltr' id='par_1_114' title="bbox 1832 5577 3432 5656">
     <span class='ocr_line' id='line_1_114' title="bbox 1832 5577 3432 5656; baseline -0.001 -17"><span class='ocrx_word' id='word_1_889' title='bbox 1832 5583 1989 5656; x_wconf 84' lang='lat' dir='ltr'><strong>electi</strong></span> <span class='ocrx_word' id='word_1_890' title='bbox 2021 5583 2397 5654; x_wconf 83' lang='lat' dir='ltr'><strong>designantur.</strong></span> <span class='ocrx_word' id='word_1_891' title='bbox 2431 5583 2496 5650; x_wconf 72' lang='lat' dir='ltr'><strong>Et</strong></span> <span class='ocrx_word' id='word_1_892' title='bbox 2522 5580 2662 5637; x_wconf 89' lang='lat' dir='ltr'><strong>sicut</strong></span> <span class='ocrx_word' id='word_1_893' title='bbox 2706 5577 2884 5653; x_wconf 80' lang='lat' dir='ltr'><strong>capilli</strong></span> <span class='ocrx_word' id='word_1_894' title='bbox 2925 5578 3206 5649; x_wconf 72' lang='lat' dir='ltr'><strong>adltmrcnt</strong></span> <span class='ocrx_word' id='word_1_895' title='bbox 3237 5585 3397 5652; x_wconf 81' lang='lat' dir='ltr'><strong>capiti</strong></span> <span class='ocrx_word' id='word_1_896' title='bbox 3419 5625 3432 5649; x_wconf 93' lang='lat'><strong>,</strong></span> 
     </span>
    </p>
   </div>
   <div class='ocr_carea' id='block_1_115' title="bbox 1834 5670 3434 5747">
    <p class='ocr_par' dir='ltr' id='par_1_115' title="bbox 1834 5670 3434 5747">
     <span class='ocr_line' id='line_1_115' title="bbox 1834 5670 3434 5747; baseline 0.001 -17"><span class='ocrx_word' id='word_1_897' title='bbox 1834 5676 1906 5731; x_wconf 88' lang='lat' dir='ltr'><strong>ita</strong></span> <span class='ocrx_word' id='word_1_898' title='bbox 1934 5686 1987 5730; x_wconf 88' lang='lat' dir='ltr'><strong>et</strong></span> <span class='ocrx_word' id='word_1_899' title='bbox 2011 5689 2206 5747; x_wconf 71' lang='lat' dir='ltr'><strong>omnes</strong></span> <span class='ocrx_word' id='word_1_900' title='bbox 2249 5674 2380 5747; x_wconf 78' lang='lat' dir='ltr'><strong>justi</strong></span> <span class='ocrx_word' id='word_1_901' title='bbox 2425 5672 2706 5745; x_wconf 67' lang='lat' dir='ltr'><strong>adltmrettt</strong></span> <span class='ocrx_word' id='word_1_902' title='bbox 2750 5670 3007 5744; x_wconf 57' lang='lat' dir='ltr'><strong>Chgistp,</strong></span> <span class='ocrx_word' id='word_1_903' title='bbox 3043 5674 3134 5746; x_wconf 63' lang='lat' dir='ltr'><strong>qui</strong></span> <span class='ocrx_word' id='word_1_904' title='bbox 3155 5687 3320 5746; x_wconf 60' lang='lat' dir='ltr'><strong>cupiit</strong></span> <span class='ocrx_word' id='word_1_905' title='bbox 3345 5688 3434 5747; x_wconf 59' lang='lat' dir='ltr'><strong>est</strong></span> 
     </span>
    </p>
   </div>
   <div class='ocr_carea' id='block_1_116' title="bbox 1834 5765 3430 5842">
    <p class='ocr_par' dir='ltr' id='par_1_116' title="bbox 1834 5765 3430 5842">
     <span class='ocr_line' id='line_1_116' title="bbox 1834 5765 3430 5842; baseline -0.002 -16"><span class='ocrx_word' id='word_1_906' title='bbox 1834 5769 2076 5826; x_wconf 86' lang='lat' dir='ltr'><strong>omnium</strong></span> <span class='ocrx_word' id='word_1_907' title='bbox 2099 5768 2394 5822; x_wconf 79' lang='lat' dir='ltr'><strong>electorum</strong></span> <span class='ocrx_word' id='word_1_908' title='bbox 2413 5779 2636 5834; x_wconf 84' lang='lat' dir='ltr'><strong>suorum</strong></span> <span class='ocrx_word' id='word_1_909' title='bbox 2656 5782 2666 5819; x_wconf 90' lang='lat'>:</span> <span class='ocrx_word' id='word_1_910' title='bbox 2687 5774 2741 5823; x_wconf 92' lang='lat' dir='ltr'><strong>et</strong></span> <span class='ocrx_word' id='word_1_911' title='bbox 2758 5765 2897 5838; x_wconf 87' lang='lat' dir='ltr'><strong>sicut</strong></span> <span class='ocrx_word' id='word_1_912' title='bbox 2919 5767 3098 5842; x_wconf 83' lang='lat' dir='ltr'><strong>capilli</strong></span> <span class='ocrx_word' id='word_1_913' title='bbox 3125 5768 3352 5836; x_wconf 80' lang='lat' dir='ltr'><strong>Sainsou</strong></span> <span class='ocrx_word' id='word_1_914' title='bbox 3377 5770 3430 5828; x_wconf 89' lang='lat' dir='ltr'><strong>in</strong></span> 
     </span>
    </p>
   </div>
  </div>
