3944 6310
557 248 661 308 715

1597 244 1692 306 AD
1728 246 1963 308 OPERA
2001 250 2059 308 S.
2103 248 2432 310 AMBROSII
2473 250 2841 311 APPENDIX.
3723 259 3797 316 776

546 373 755 433 septem
806 370 986 433 partes
1031 362 1190 420 divisi
1239 371 1367 420 sunt
1391 405 1405 430 ,
1437 364 1605 420 itaet
1643 368 1822 422 omnis
1851 367 2154 426 electorum
2185 375 2232 434 Α
2265 371 2350 426 tiae
2381 371 2642 428 Dominus
2666 375 2872 446 tetigit,
2895 375 3034 430 sicut
3066 375 3183 446 ipse
3211 375 3384 431 dicit:
3415 374 3485 430 Et
3512 375 3637 430 misit
3659 376 3799 432 Darii-

547 472 807 512 numerus
835 457 886 512 in
909 468 1118 528 septem
1145 467 1326 528 partes
1349 472 1449 529 pro
1472 469 1776 529 temporum
1803 462 2156 532 qualitatibus

544 549 712 606 dividi
746 561 955 622 potest,
986 550 1126 607 sicut
1146 554 1399 622 superius
1419 551 1937 611 demonstravimus.

617 641 723 700 Sed
753 651 809 698 et
852 642 957 699 hoc
997 642 1142 713 quod
1184 644 1236 698 in
1267 643 1562 701 Salomone
1592 647 1852 718 scriptum
1885 657 2004 702 est:
2055 648 2157 704 Sa-

543 736 738 808 pientia
765 735 1043 806 wdiﬁcavit
1072 735 1170 790 sibi
1209 735 1422 792 domum
1444 779 1459 806 ,
1501 738 1694 793 excidit
1728 740 1997 796 columnas
2041 757 2158 811 sep-

543 839 642 885 tem
673 827 857 901 (Prov.
885 845 961 896 ix,
999 827 1085 902 1);
1118 841 1299 902 potest
1328 829 1453 888 huic
1485 842 1674 888 nostro
1703 834 2002 890 intellectui
2026 850 2157 891 con-

538 922 746 979 venirc.
789 922 1068 992 Sapientia
1121 938 1356 996 namque
1399 923 1690 980 aediﬁcavit
1735 927 1836 982 sibi
1892 927 2152 996 domum,

537 1015 758 1087 quando
815 1014 1080 1071 Dominus
1131 1026 1320 1073 noster
1371 1016 1531 1074 Jesus
1579 1017 1826 1074 Christus
1875 1021 1944 1076 ab
1995 1021 2156 1078 initio

540 1108 726 1166 mundi
751 1124 925 1180 usque
949 1109 1015 1165 ad
1038 1108 1199 1167 linem
1215 1109 1334 1182 ejus
1356 1126 1422 1167 ex
1446 1111 1838 1170 numerositate
1855 1114 2152 1170 electorum

538 1203 844 1261 Ecclesiam
875 1205 980 1262 sibi
1013 1208 1324 1262 construxit
1365 1218 1422 1264 et
1461 1217 1784 1264 construct:
1822 1209 2026 1265 excidit
2064 1225 2154 1265 co-

533 1295 750 1354 lumnas
777 1310 986 1370 septem
1015 1340 1031 1367 ,
1060 1300 1280 1371 quando
1311 1300 1376 1356 iis
1398 1310 1606 1373 septem
1642 1303 1982 1374 temporibus
2013 1319 2154 1374 prie-

531 1390 834 1459 dicatores,
883 1394 974 1464 qui
1017 1393 1249 1465 singulis
1293 1396 1632 1464 temporibus
1659 1398 2054 1463 convenirent,
2099 1397 2150 1452 in

533 1484 784 1542 Ecclesia
812 1501 906 1542 sua
932 1485 1148 1556 statuit,
1174 1487 1266 1559 qui
1287 1497 1342 1543 et
1370 1488 1588 1543 monitis
1611 1489 1962 1555 salutaribus,
1989 1488 2154 1564 504

532 1589 589 1636 et
618 1580 888 1637 bonorum
913 1595 1138 1651 operum
1170 1582 1436 1652 exemplis
1461 1596 1583 1638 eam
1608 1592 2004 1638 sustentarent.

610 1676 976 1734 Possumuset
1005 1675 1108 1732 huc
1133 1677 1278 1747 quod
1323 1677 1464 1733 idem
1500 1676 1760 1734 Salomon
1791 1678 1843 1733 in
1888 1678 1996 1733 alio
2027 1678 2150 1736 loco

531 1769 724 1841 ponit,
775 1770 965 1827 dicens
997 1787 1008 1823 :

536 1861 709 1931 (Eccl.
745 1878 797 1917 xi
824 1902 840 1930 ,
863 1861 947 1934 2),
970 1862 1098 1918 huic
1126 1873 1328 1920 nostra:
1355 1863 1688 1932 expositioni
1718 1873 1998 1935 eoaptare.
2030 1863 2152 1920 Pri-

535 1972 684 2013 mum
713 1956 880 2029 igitur
904 1958 1266 2029 quaerendum
1290 1958 1452 2014 nobis
1466 1968 1569 2025 est,
1596 1959 1726 2030 quid
1755 1960 1828 2015 sit
1858 1959 2000 2015 unde
2029 1975 2155 2031 par-

535 2060 621 2107 tes
639 2050 820 2107 facere
845 2051 1218 2122 praecipimur.
1249 2052 1348 2108 Est
1371 2067 1604 2123 namque
1628 2053 1899 2124 quoddam
1923 2053 2150 2121 bonum,

533 2153 592 2203 et
635 2146 812 2217 ipsum
855 2155 942 2203 est
979 2162 1254 2202 summum
1303 2147 1543 2214 bonum,
1575 2146 1818 2202 cliaritas
1862 2147 2151 2215 videlicet,

532 2254 657 2310 qua:
689 2239 792 2294 nisi
823 2238 1113 2310 partiatur,
1148 2238 1454 2310 perfectum
1486 2239 1688 2294 bonum
1719 2255 1830 2294 non
1858 2240 1996 2306 erit;
2029 2255 2155 2311 par-

533 2331 669 2388 titur
696 2332 843 2387 enim
875 2334 927 2388 in
959 2331 1312 2389 dilectionem
1348 2332 1477 2398 Dei,
1506 2343 1562 2390 et
1585 2333 1937 2388 dilectionem
1971 2334 2155 2403 proxi-

535 2426 611 2483 mi
641 2442 656 2481 :
685 2442 808 2499 qua:
853 2442 977 2483 cum
1021 2442 1128 2482 una
1155 2427 1268 2494 sit,
1320 2425 1483 2483 habet
1521 2434 1703 2483 tamen
1749 2426 1859 2482 duo
1890 2426 2109 2482 brachia
2134 2469 2150 2496 ,

533 2537 656 2593 qua:
685 2522 1113 2592 circumquaque
1157 2520 1494 2585 extendens,
1527 2528 1583 2575 et
1611 2520 1780 2576 Deum
1811 2518 2148 2587 hominibus,

535 2624 594 2673 et
642 2617 892 2672 homines
923 2615 1038 2671 Deo
1079 2614 1386 2686 conjungit.
1417 2614 1557 2671 Sunt
1587 2622 1645 2670 et
1692 2613 1814 2669 dua:
1857 2612 1979 2668 vitae
2001 2655 2015 2678 ,
2046 2628 2150 2669 una

533 2726 660 2783 quae
690 2711 868 2767 activa
891 2752 905 2774 ,
951 2709 1123 2765 altera
1166 2725 1288 2780 qua:
1324 2708 1749 2778 contemplativa
1781 2714 2147 2773 nuncupatur.

534 2804 769 2862 Dilectio
797 2803 1035 2876 proximi
1063 2802 1131 2858 ad
1154 2801 1415 2870 activam,
1447 2801 1667 2858 dilectio
1697 2811 1877 2857 autem
1901 2801 1996 2858 Dei
2028 2817 2152 2872 pro-

531 2899 654 2971 prie
703 2898 772 2953 ad
796 2896 1280 2966 contemplativam
1329 2896 1591 2966 pertinet.
1645 2895 1943 2951 Possumus
1987 2896 2149 2967 igitur

535 3007 635 3063 per
676 2998 888 3061 septem
939 3003 1159 3045 omnem
1201 2989 1502 3044 electorum
1550 2987 1994 3056 multitudinem,
2053 3003 2150 3058 per

533 3091 662 3139 octo
681 3097 814 3139 vero
832 3082 1126 3137 Dominum
1152 3088 1401 3136 nostrum
1423 3080 1609 3136 Jesum
1631 3081 1908 3135 Christum
1935 3080 2144 3136 intelli-

2261 480 2355 518 nus
2386 481 2594 521 manum
2631 484 2777 522 suam
2796 507 2811 532 ,
2840 476 2888 522 et
2917 469 3083 542 tetigit
3109 485 3165 522 as
3205 484 3374 524 meum
3395 509 3412 532 ,
3438 479 3484 522 et
3526 470 3646 522 dixit
3671 471 3797 527 milii:

2262 556 2394 614 Ecce
2422 560 2543 614 dedi
2568 561 2718 616 verba
2744 577 2856 616 mea
2874 562 2928 616 in
2955 577 3045 616 ore
3075 573 3190 628 tuo,
3223 571 3280 618 et
3325 563 3528 632 reliqua
3559 561 3745 632 (Jerent.
3769 582 3797 634 t,

2257 651 2336 721 9).
2360 652 2624 709 Similiter
2649 665 2706 710 et
2725 655 2913 710 Daniel
2945 671 3106 710 mann
3125 655 3542 714 conlortationis
3557 655 3641 711 Dei
3666 667 3798 716 tactus

2255 752 2368 809 est,
2416 746 2634 817 quando
2679 758 2904 820 propter
2951 750 3215 804 visionem
3269 749 3570 820 angelicam
3610 752 3654 803 in
3690 761 3797 807 terra

2261 847 2567 906 prostratus
2593 839 2807 910 jacens.
2843 855 3066 896 manum
3096 841 3161 896 ad
3194 855 3255 898 se
3280 843 3506 898 missam
3538 843 3687 910 vidit,
3710 861 3798 914 qua

2257 944 2380 984 eum
2435 931 2806 1000 confortavit,
2839 935 2926 989 cui
2973 942 3029 989 et
3069 933 3256 990 dixit:
3301 933 3555 1006 Loquere,
3598 934 3796 1008 Domine,

2255 1025 2499 1092 quoniam
2542 1029 2850 1098 confortasti
2891 1045 2973 1082 me
3003 1027 3166 1101 (Dan.
3195 1046 3248 1096 x,
3287 1030 3401 1101 10).
3435 1031 3542 1086 llac
3567 1046 3681 1103 ergo
3703 1048 3798 1089 con-

2255 1114 2564 1174 fortationis
2592 1135 2754 1175 manu
2795 1120 2938 1178 idem
2966 1121 3210 1178 Joannes
3239 1130 3417 1179 tactus
3446 1135 3563 1190 est,
3588 1139 3691 1193 qua:
3709 1141 3798 1182 cum

2256 1225 2325 1265 ne
2351 1226 2411 1265 se
2445 1210 2585 1266 ultra
2617 1212 2838 1268 modum
2875 1214 3138 1285 dejiceret
3162 1215 3531 1271 confortando
3558 1219 3721 1273 erexit.

2327 1302 2514 1373 (Vers.
2550 1304 2666 1376 18.)
2692 1303 2808 1377 Ego
2829 1324 2944 1360 sum
2985 1309 3184 1377 primus
3215 1319 3266 1363 et
3298 1310 3620 1365 novissimus.
3655 1312 3699 1367 Si
3723 1317 3800 1382 pri-

2253 1413 2408 1464 mus,
2439 1415 2536 1454 cur
2565 1399 2704 1455 dixit
2742 1399 2901 1456 Arius
2935 1401 3129 1456 Filium
3173 1402 3274 1458 Dei
3325 1402 3538 1458 initium
3571 1405 3798 1461 habui-sc?

2252 1492 2307 1550 Si
2340 1495 2484 1549 enim
2519 1495 2730 1550 initium
2775 1495 2997 1560 habuit,
3029 1514 3136 1553 non
3183 1497 3302 1568 ipse
3334 1499 3539 1568 primus
3561 1542 3576 1566 ,
3602 1501 3684 1556 sed
3718 1504 3798 1573 ipse
3899 1501 3902 1504 ’

2250 1602 2280 1641 a
2303 1603 2412 1658 quo
2442 1589 2653 1644 initium
2681 1592 2945 1662 sumpsit,
2979 1592 3096 1647 iuit.
3131 1592 3350 1651 Primus
3377 1609 3511 1666 ergo
3549 1605 3600 1651 et
3626 1597 3798 1654 nov-issi

2252 1695 2373 1735 mus
2403 1679 2520 1750 ipse
2540 1693 2625 1738 est
2646 1724 2660 1744 .
2693 1685 2818 1754 quia
2852 1683 3012 1739 sicuti
3045 1689 3207 1741 linem
3241 1703 3350 1742 non
3379 1687 3624 1756 habebit,
3647 1693 3710 1747 sic
3730 1709 3798 1749 ne:

1064 1769 1146 1826 Da
1177 1780 1378 1842 partem
1427 1781 1657 1844 septem,
1705 1789 1903 1828 necnon
1943 1782 1991 1827 et
2039 1783 2151 1828 octo
2181 1767 2232 1830 B
2259 1775 2473 1831 initium
2509 1777 2719 1833 habuit.
2757 1778 2822 1833 Et
2851 1782 2932 1852 [ui
2963 1794 3219 1851 mortuus,
3251 1797 3301 1839 et
3328 1802 3445 1840 ecce
3473 1803 3586 1841 sunt
3610 1789 3743 1843 virens
3764 1790 3798 1842 ia

2253 1871 2450 1924 stecula
2491 1873 2823 1927 steculorum.
2878 1874 2989 1930 lloc
3039 1876 3392 1933 manifestum
3441 1889 3543 1936 est.
3584 1879 3645 1935 Et
3680 1881 3797 1936 balteo

2252 1963 2422 2017 claves
2449 1966 2630 2019 mortis
2673 1976 2723 2020 et
2764 1968 2974 2038 inferni.
3005 1968 3106 2038 Qui
3149 1972 3361 2028 clavem
3400 1973 3622 2044 alicujus
3657 1975 3797 2032 domus

2251 2054 2455 2123 habet,
2493 2073 2655 2129 quem
2685 2060 2835 2125 vult,
2865 2062 3219 2130 intromittit;
3250 2075 3305 2120 et
3336 2082 3502 2136 quem
3529 2069 3653 2134 vult,
3676 2071 3796 2125 abis-

2249 2163 2440 2220 gressu
2481 2150 2679 2207 domus
2734 2154 2976 2223 repellit.
3026 2155 3131 2211 Per
3193 2156 3404 2215 clavem
3449 2175 3578 2231 ergo
3616 2173 3794 2232 patcstzs

2253 2243 2378 2300 Filti
2411 2245 2504 2302 Dei
2545 2247 2889 2320 intelligitur.
2917 2248 3112 2306 Claves
3151 2251 3318 2322 igitur
3356 2255 3547 2310 mortis
3577 2262 3629 2310 et
3651 2256 3796 2316 interni

2255 2343 2370 2411 ipse
2393 2341 2637 2410 possidet
2661 2359 2675 2409 ;
2699 2345 2824 2413 quia
2854 2359 2993 2414 quos
3034 2347 3184 2413 vult,
3217 2365 3245 2401 a
3278 2347 3626 2408 damnatione
3657 2365 3797 2410 mortis

2252 2445 2531 2504 perpetua:
2577 2437 3008 2494 misericorditer
3061 2440 3290 2506 liberat;
3335 2452 3393 2499 et
3443 2459 3576 2512 quos
3624 2447 3795 2512 vult,ia

2251 2527 2444 2584 eodem
2473 2529 2841 2588 damnationis
2890 2532 3135 2603 periculo
3169 2537 3321 2607 justo
3345 2537 3552 2609 judicio
3575 2556 3795 2598 remanere

2252 2621 2404 2676 sinit.

2327 2714 2509 2788 (Vers.
2545 2717 2662 2791 19.)
2689 2720 2868 2775 Scribe
2891 2737 3019 2796 ergo
3044 2740 3160 2793 quia
3185 2725 3362 2780 vidisti
3381 2771 3397 2796 ,
3422 2712 3471 2783 et
3499 2745 3607 2796 qua:
3629 2739 3744 2796 sunt,
3766 2740 3799 2784 tt

2252 2828 2368 2885 qua:
2394 2825 2595 2886 oportet
2626 2817 2742 2885 ﬁeri
2772 2827 2886 2887 post
2912 2817 3043 2874 ha’c.
3077 2821 3176 2876 Hic
3201 2821 3546 2879 demonstrat
3575 2841 3666 2881 non
3684 2841 3732 2881 se
3751 2826 3799 2885 de

2254 2919 2484 2977 pra-sent
2497 2909 2614 2964 ibus
2628 2919 2682 2964 et
2697 2909 2893 2966 tuturis
2907 2915 3287 2972 tantummodo
3313 2934 3326 2971 :
3351 2920 3448 2973 sed
3475 2929 3528 2974 et
3546 2919 3606 2974 de
3627 2930 3797 2988 prater-

2251 2999 2343 3055 itis
2368 3003 2708 3072 prophetiam
2742 3006 3002 3063 texuisse.
3043 3010 3227 3064 Scribe
3261 3027 3390 3084 ergo
3426 3029 3541 3084 qua:
3571 3015 3737 3081 vidisti,
3761 3013 3798 3067 id

2249 3103 2332 3148 ρει
2356 3133 2372 3159 ,
2403 3110 2523 3164 quae
2553 3094 2621 3149 de
2648 3098 2940 3166 prieteritis
2971 3100 3064 3154 tibi
3096 3111 3315 3158 ostensa
3345 3105 3475 3160 sntit
3502 3123 3515 3159 :
3563 3123 3662 3173 qua:
3681 3115 3798 3170 sunt,

533 3191 705 3249 gere;
729 3189 797 3231 eo
824 3174 971 3246 quod
999 3183 1190 3230 octava
1223 3172 1312 3229 die
1334 3173 1717 3230 resurrexetit.
1749 3173 1936 3230 Sancti
1963 3177 2150 3245 itaque
2177 3165 2228 3232 Ο
2257 3197 2305 3242 ει
2332 3203 2448 3259 qua:
2489 3165 2689 3260 oportet
2719 3191 2834 3259 ﬁeri
2876 3202 2989 3264 post
3034 3193 3145 3250 lucc
3167 3238 3182 3262 ,
3234 3195 3288 3252 id
3320 3207 3438 3268 est,
3483 3165 3733 3269 presenti:
3761 3165 3798 3254 ei

539 3269 635 3326 Dei
667 3276 876 3339 partem
921 3267 1129 3324 amoris
1159 3266 1243 3322 sui
1272 3277 1480 3338 septem
1509 3267 1671 3333 dant,
1701 3283 1823 3323 cum
1856 3267 1912 3323 in
1943 3269 2154 3327 exerci-

533 3361 631 3420 tiis
661 3362 788 3418 vita:
833 3363 1027 3418 activae
1073 3371 1445 3433 occupantur;
1488 3362 1745 3419 videlicet
1788 3378 1912 3419 cum
1964 3379 2149 3420 curam

535 3457 788 3530 proximo
805 3472 912 3512 non
944 3457 1124 3514 solum
1149 3457 1424 3513 carnalem
1441 3499 1456 3525 ,
1485 3457 1581 3513 sed
1607 3468 1661 3513 et
1688 3457 2025 3529 spiritualetn
2053 3459 2153 3514 im-

538 3552 808 3626 pendunt.
847 3553 984 3609 Dant
1025 3554 1190 3609 etiam
1231 3561 1438 3624 partem
1488 3563 1650 3618 octo,
1703 3568 1824 3608 cum
1862 3568 1958 3609 eos
2000 3569 2154 3608 amor

539 3650 634 3707 Dei
653 3649 722 3706 ad
749 3648 1271 3720 contemplationem
1304 3647 1426 3718 ejus
1458 3649 1656 3703 iterum
1689 3657 1931 3704 revocat.
1953 3649 2147 3703 Aliter.

535 3741 754 3799 Partem
787 3751 996 3816 septem
1023 3742 1216 3798 damus
1241 3781 1257 3810 ,
1287 3755 1411 3797 cum
1442 3739 1648 3796 sanctis
1671 3739 1771 3796 Dei
1799 3741 2039 3798 debitam
2060 3755 2151 3796 ve-

534 3838 872 3894 nerationem
904 3837 1234 3894 exhibemus
1265 3853 1278 3890 :
1329 3845 1542 3906 partem
1587 3844 1710 3892 octo
1740 3835 1934 3890 damus
1955 3877 1970 3904 ,
2024 3850 2148 3891 cum

536 3931 649 3988 Deo
675 3935 907 3988 creatori
937 3941 1130 3988 nostro
1159 3930 1402 3986 debitum
1430 3929 1636 3986 cultum
1669 3930 2059 3999 impendimus.

613 4023 799 4096 (Vers.
834 4023 948 4098 17.)
976 4023 1238 4095 Sequitur
1264 4041 1278 4078 :
1308 4022 1377 4078 Et
1404 4040 1521 4078 cum
1550 4022 1791 4078 vidissem
1819 4039 1956 4090 eum,
1990 4024 2151 4079 cecidi

539 4117 609 4172 ad
638 4118 790 4188 pedes
819 4123 932 4188 ejus
973 4130 1237 4190 tamquam
1271 4130 1527 4174 mortuus.
1573 4118 1717 4175 Ecce
1746 4117 1985 4175 Joannes
2009 4161 2024 4186 ,
2056 4116 2150 4188 qui

538 4212 644 4269 sibi
676 4220 823 4268 stare
855 4211 1157 4280 videbatur,
1191 4213 1306 4269 viso
1333 4213 1566 4269 Domino
1589 4254 1602 4278 ,
1636 4211 1832 4269 cecidit
1871 4222 2146 4284 tamquam

537 4312 824 4369 mortuus;
856 4305 978 4376 quia
1007 4304 1380 4376 unusquisque
1419 4306 1505 4360 vir
1545 4314 1768 4360 sanctus
1796 4317 2056 4375 quantum
2089 4320 2149 4361 se

537 4397 608 4455 ad
634 4398 1108 4470 contemplandam
1147 4397 1491 4455 divinitatem
1520 4399 1615 4455 Dei
1664 4399 1830 4455 altius
1871 4399 2144 4467 erexerit,

540 4500 693 4547 tanto
720 4491 862 4562 apud
891 4507 950 4548 se
977 4492 1246 4548 introrsus
1274 4492 1506 4550 inferius
1543 4492 1720 4560 cadit;
1749 4494 1876 4565 quia
1906 4493 1959 4550 in
1995 4509 2146 4550 eom-

2255 3277 2454 3336 futura.

2269 3395 2294 3430 s
2327 3375 2510 3447 (Vers.
2539 3375 2658 3447 20.)
2689 3377 2996 3450 Mysterium
3026 3395 3222 3456 scptent
3251 3385 3522 3441 stellarum
3541 3405 3654 3460 quas
3670 3388 3799 3444 vidisti

2252 3469 2309 3522 in
2336 3468 2546 3525 dextera
2575 3489 2690 3526 mea
2713 3515 2728 3540 ,
2759 3484 2806 3528 et
2832 3487 3025 3544 septem
3051 3479 3370 3535 candelabra
3392 3498 3570 3538 aurea.
3593 3482 3800 3537 Subaudi-

2255 3572 2344 3618 tur
2363 3563 2491 3635 qnid
2507 3567 2836 3637 slgnilicent.
2863 3569 3002 3639 Quid
3026 3581 3206 3628 autem
3231 3575 3564 3645 signiﬁcent,
3578 3577 3799 3632 subdeodo

2255 3657 2570 3714 manifestat
2601 3677 2614 3714 :
2658 3659 2866 3732 Septem
2893 3704 2908 3726 ,
2942 3664 3155 3735 inquit,
3186 3667 3352 3722 stellte
3389 3671 3559 3741 angeli
3593 3680 3694 3724 sunt
3716 3686 3798 3737 sep-

2255 3759 2356 3805 tem
2401 3749 2790 3823 Ecclesiarum,
2815 3766 2862 3811 et
2901 3771 3094 3831 septem
3132 3761 3449 3818 candelabra
3492 3775 3800 3836 auream

2253 3840 2504 3900 Ecclesia:
2523 3857 2663 3903 sunt.
2690 3849 2908 3919 Septem
2953 3853 3116 3923 igitur
3134 3857 3358 3926 angelos
3383 3868 3616 3916 rectores
3639 3875 3796 3931 septem

2254 3934 2624 3995 Ecclesiarum
2666 3941 2926 3998 debemus
2970 3945 3310 4018 intelligere,
3341 3965 3410 4007 eo
3453 3953 3590 4023 quod
3625 3952 3798 4023 augclss

2256 4031 2476 4085 nuntius
2517 4033 2906 4103 interpretatur
2940 4053 2953 4090 :
2997 4049 3052 4093 et
3096 4040 3190 4110 qui
3243 4042 3470 4099 verbum
3504 4045 3594 4101 Dei
3636 4047 3800 4115 pupulis

2251 4125 2624 4194 annuntiant,
2682 4142 2790 4183 non
2857 4129 3306 4191 ineunvenienter
3363 4137 3573 4209 angeli,
3627 4139 3671 4195 id
3716 4148 3798 4203 est,

2253 4218 2425 4273 nuntii
2459 4230 2748 4278 vocantur.
2789 4223 2857 4279 Et
2886 4224 3025 4280 sicut
3057 4244 3152 4298 per
3180 4241 3394 4302 septem
3431 4233 3684 4290 Ecclesias
3725 4247 3802 4286 una

2251 4311 2502 4370 Ecclesia
2527 4318 2797 4375 catholica
2825 4361 2840 4387 ,
2873 4321 2946 4376 ita
2971 4331 3027 4377 et
3072 4339 3170 4392 per
3207 4337 3420 4398 septem
3452 4339 3675 4384 rectores
3713 4342 3806 4397 sep-

2252 4412 2360 4461 tem
2414 4407 2784 4467 Ecclesiarum
2829 4427 3023 4471 omnes
3063 4425 3310 4476 rectores
3353 4420 3610 4478 Ecclesia:
3655 4421 3806 4478 catho-

2249 4497 2365 4554 licaa
2389 4499 2763 4573 designantur.

539 4582 824 4655 paratione
853 4584 946 4639 Dei
972 4586 1092 4653 ejus
1123 4585 1440 4657 magnitudo
1467 4602 1628 4657 quam
1657 4602 1826 4657 parva
1847 4589 1952 4656 sit,
1982 4587 2142 4645 facile
2169 4572 2229 4637 Ῑ)
2322 4572 2551 4653 CAPUT
2575 4597 2640 4653 ll.
2673 4629 2745 4642 —-
2775 4599 2958 4667 (Vers.
2992 4605 3070 4675 1.)
3099 4603 3164 4660 Et
3181 4608 3369 4679 angelo
3391 4608 3632 4666 Ecclesia:
3653 4608 3806 4680 Ephesi

540 4675 827 4749 perspicit.
859 4675 1014 4735 Unde
1036 4689 1090 4735 et
1121 4688 1393 4751 tamquam
1419 4690 1667 4736 mortuus
1686 4681 1906 4749 cecidit,
1939 4683 2062 4753 quia
2089 4684 2140 4737 in

2243 4693 2409 4748 scribe
2435 4709 2455 4748 :
2501 4693 2628 4752 Htec
2668 4697 2792 4752 dicit
2832 4701 2923 4772 qui
2944 4711 3077 4756 tenet
3117 4715 3310 4777 septem
3349 4707 3527 4763 stellas
3549 4708 3603 4761 in
3637 4707 3808 4762 dexter:

537 4770 948 4844 comparatione
986 4772 1079 4829 Dei
1103 4787 1164 4830 se
1195 4773 1330 4828 nihil
1360 4788 1480 4830 esse
1508 4775 1806 4846 perspexit.
1849 4774 1931 4830 Ad
1977 4777 2142 4846 pedes
2244 4802 2366 4855 sua,
2426 4789 2517 4857 qui
2579 4791 2808 4848 ambulat
2846 4770 2906 4848 in
2955 4796 3127 4852 medio
3171 4770 3373 4870 septem
3432 4802 3809 4858 candelabrm

535 4866 772 4933 cecidit,
821 4865 947 4938 quia
993 4867 1385 4923 incarnationis
1431 4869 1552 4938 ejus
1599 4868 1951 4940 mysterium,
1993 4869 2142 4940 quod
2244 4895 2540 4936 aureorum.
2579 4881 2682 4938 Per
2702 4883 2982 4943 dexteram
3011 4889 3106 4945 Dei
3135 4865 3380 4960 potestas
3399 4894 3500 4950 Dei
3527 4897 3576 4951 in
3599 4894 3691 4950 bne
3720 4895 3810 4949 loco

535 4975 634 5032 per
662 4959 829 5032 pedes
854 4960 1140 5030 ﬁguratur,
1174 4975 1236 5016 se
1265 4960 1419 5016 nullo
1467 4961 1630 5017 modo
1676 4962 2143 5032 comprehendere

535 5067 701 5126 posse
734 5053 1033 5124 perspexit.
1067 5052 1135 5107 Et
1169 5054 1338 5123 posuit
1359 5069 1569 5109 manum
1602 5071 1748 5110 suam
1779 5072 1934 5126 super
1957 5074 2038 5112 me
2065 5058 2149 5111 di-

535 5161 653 5201 cens
684 5161 703 5201 :
734 5145 860 5200 Noli
901 5147 1096 5202 timere.
1141 5144 1294 5203 Sicut
1330 5162 1522 5204 manus
1563 5148 1616 5203 in
1645 5163 1884 5219 corpore
1915 5151 2146 5220 plurima

535 5235 704 5292 habet
730 5236 909 5293 oillcia
929 5278 944 5302 ,
976 5237 1053 5293 ita
1084 5247 1142 5294 et
1173 5253 1369 5294 manus
1403 5239 1495 5295 Dei
1542 5239 1596 5296 in
1628 5240 1828 5297 divinis
1849 5242 2147 5315 Scriptnris

536 5329 800 5398 plurimas
827 5331 1287 5402 signiﬁcationes;
1331 5331 1434 5389 Job
1474 5350 1710 5406 namque
1746 5336 2017 5406 ﬂagellum
2053 5338 2147 5394 Dei

537 5435 758 5477 manum
803 5423 902 5479 Dei
943 5435 1130 5494 vocat,
1171 5443 1296 5484 cum
1329 5427 1461 5484 dicit
1495 5445 1508 5483 :
1555 5427 1772 5484 Manum
1814 5441 1954 5484 tuam
1995 5432 2146 5506 longe

539 5515 625 5582 [ac
648 5529 680 5566 a
705 5529 803 5581 me,
823 5525 869 5568 et
897 5518 1120 5587 formido
1148 5529 1239 5575 tua
1266 5537 1368 5575 non
1393 5537 1475 5576 me
1497 5529 1682 5575 terreat
1713 5520 1856 5592 (Job.
1878 5509 1995 5589 xilt,
2026 5525 2087 5580 2i
2100 5535 2144 5597 ).

541 5601 612 5658 Et
642 5602 838 5660 iterum
868 5609 1059 5667 amicis
1085 5611 1219 5668 dicit
1245 5631 1259 5668 :
1320 5612 1646 5669 Miseremini
1672 5615 1802 5682 mei,
1841 5619 2151 5674 miseremini

537 5693 642 5749 mei
661 5733 678 5763 ,
707 5696 890 5750 saltem
912 5714 999 5755 uos
1026 5704 1180 5758 amici
1215 5705 1354 5770 mei;
1383 5706 1505 5776 quia
1535 5723 1719 5762 manus
1746 5705 1959 5764 Domini
1987 5713 2149 5785 tetigit

539 5803 620 5843 me
652 5785 796 5856 (Job.
837 5805 950 5862 xtx,
981 5793 1098 5865 21).
1124 5795 1258 5854 Nam
1285 5808 1342 5856 et
1374 5798 1702 5857 Hieremiam
1729 5818 1894 5858 manu
1934 5807 2151 5878 sapien-

2247 4982 2426 5041 potest
2469 4973 2778 5047 designari,
2826 4995 2925 5052 per
2973 4983 3162 5040 stellas
3214 4989 3388 5042 sancti
3448 4989 3809 5058 praedicatores.

2250 5065 2434 5123 Sancti
2468 5070 2630 5140 igitur
2655 5072 3043 5142 praedicatores
3069 5095 3232 5135 manu
3286 5083 3381 5138 Dei
3415 5093 3687 5150 tenentur;
3715 5083 3814 5155 qui:

2251 5159 2320 5213 ab
2345 5161 2464 5232 ipso
2491 5164 2866 5233 gubernantur
2895 5181 2949 5225 et
2994 5183 3279 5242 reguntur,
3306 5185 3362 5231 et
3391 5179 3495 5247 ipsi
3537 5190 3652 5234 sunt
3673 5191 3814 5248 copti.

2254 5253 2386 5322 lati,
2419 5259 2560 5314 sicut
2598 5262 2715 5330 ipse
2746 5264 2798 5319 in
2833 5265 3128 5337 Evangelio
3174 5269 3422 5340 loquitur
3457 5273 3669 5331 dicens:
3697 5271 3817 5327 δὲεεέ

2252 5349 2448 5417 palmes
2471 5367 2572 5406 non
2603 5363 2768 5422 potest
2798 5355 2935 5427 ferre
2961 5361 3209 5432 fructum,
3241 5363 3347 5417 nisi
3372 5367 3617 5422 manserit
3635 5366 3680 5418 in
3708 5365 3817 5429 ι-ῑιες

2248 5441 2322 5494 sic
2349 5453 2395 5497 et
2422 5459 2512 5499 vos
2534 5487 2549 5513 ,
2574 5447 2676 5501 nisi
2706 5448 2760 5502 in
2791 5466 2870 5503 me
2903 5453 3198 5508 manseritis
3227 5455 3412 5527 (Joan.
3436 5474 3530 5526 xv,
3551 5458 3621 5530 4).
3649 5457 3701 5512 In
3729 5472 3819 5512 mc-

2249 5534 2339 5591 dio
2370 5552 2502 5594 vero
2542 5551 2753 5613 septem
2791 5545 3244 5605 candelabrorum
3287 5565 3582 5609 aureorum
3605 5553 3819 5610 Christus

2250 5632 2527 5702 ambulat,
2553 5637 2694 5694 sicut
2737 5638 2854 5708 ipse
2881 5640 3015 5698 dicit
3042 5645 3304 5715 prOpheta
3342 5667 3355 5703 :
3389 5647 3688 5706 Iubabitabo
3711 5648 3821 5702 inter

2250 5723 2393 5816 illos,
2423 5737 2471 5782 et
2488 5728 2821 5790 inambulabo
2850 5745 2937 5790 :et
2958 5751 3044 5792 ero
3068 5737 3285 5794 illorum
3313 5739 3460 5800 Deus
3479 5785 3495 5812 ,
3521 5753 3569 5801 et
3585 5743 3678 5816 ipsi
3696 5746 3821 5798 enni

2251 5815 2380 5872 mihi
2411 5822 2634 5892 populus
2665 5822 2852 5894 (Leuit.
2913 5844 3060 5900 xxw,
3091 5829 3205 5902 12).
