3944 6310
119 265 209 320 777

117 474 247 530 buris
269 473 414 544 prius
429 515 443 540 ,
466 484 753 547 antequam
784 475 1167 549 refrigesceret
1185 478 1239 536 in
1264 489 1317 538 te
1337 482 1597 538 cbaritas.
1626 484 1692 540 Et

116 567 321 623 laborem
358 577 406 622 et
435 569 735 639 patientiam
782 580 953 640 tuam,
990 572 1040 627 id
1072 584 1188 642 est,
1244 577 1687 646 persecutiones,

114 677 233 734 quas
260 675 353 731 pro
384 662 600 718 nomine
626 678 748 720 meo
780 665 1049 735 patienter
1080 667 1301 723 toleras.
1336 669 1400 723 Et
1423 687 1523 725 non
1548 680 1690 741 potes

113 757 343 813 sustinere
378 759 541 813 malos
571 756 788 831 (Matth.
841 758 986 833 xm).
1017 760 1149 817 Cum
1197 762 1479 833 Scriptura
1508 763 1689 819 divina

114 850 252 906 nobis
275 850 576 921 pratcipiat,
610 861 669 907 ut
700 851 995 909 toleremus
1024 854 1230 919 malos;
1264 869 1362 910 cur
1390 854 1476 910 hic
1503 855 1692 912 lauda—

116 950 213 1005 tur,
238 939 373 1012 quod
401 955 507 997 non
533 942 774 1012 potuerit
812 945 1087 1000 sustinere
1114 946 1322 1001 malos?
1348 946 1453 1003 Sed
1485 946 1553 1003 de
1580 947 1688 1003 ha:-

115 1035 279 1090 retieis
306 1033 436 1089 mihi
465 1034 671 1092 dictum
708 1036 952 1104 videtur;
983 1054 1106 1094 nam
1138 1040 1518 1110 proximorum
1550 1042 1689 1097 mala

112 1128 379 1199 aliquando
411 1129 866 1200 reprehendendo
895 1132 1172 1205 corrigere
1206 1133 1469 1190 debemus
1492 1176 1506 1201 ,
1552 1144 1691 1191 tem-

116 1240 231 1294 pore
251 1221 503 1278 videlicet
541 1232 848 1293 opportuno
879 1242 893 1279 :
924 1225 1217 1298 aliquando
1260 1229 1525 1297 patienter
1554 1230 1690 1283 tole-

114 1334 252 1386 rare;
281 1326 497 1389 utquos
544 1319 814 1373 correctio
860 1336 966 1375 non
1012 1320 1295 1387 emendat,
1327 1323 1586 1392 patientia
1623 1323 1689 1378 ad

114 1408 526 1467 emendationem
556 1420 836 1481 provocet.
867 1410 1003 1468 Sunt
1030 1428 1260 1486 namque
1292 1415 1571 1480 nonnulli,
1599 1416 1687 1486 qni

114 1501 491 1573 reprehendere
528 1504 807 1573 proximos
866 1506 1148 1573 nesciunt,
1208 1509 1311 1563 nisi
1354 1510 1432 1564 ira
1478 1509 1690 1564 inflant-

114 1596 249 1651 mati.
276 1595 477 1652 Horum
494 1597 693 1669 aliquis
717 1599 762 1653 si
791 1615 897 1654 non
923 1603 1097 1655 solum
1132 1616 1229 1671 pro
1260 1617 1475 1673 magna,
1500 1618 1689 1659 verum

113 1688 259 1744 etiam
283 1704 380 1760 pro
408 1704 570 1761 parva
599 1691 778 1763 aliqua
809 1708 871 1749 re
895 1700 1085 1749 contra
1116 1695 1419 1764 proximum
1447 1712 1691 1752 commo-

864 265 931 321 ΙΝ
970 266 1443 326 APOCALYPSIS
1487 272 1871 330 EXPOSITIO.
1916 277 2005 332 DE
2053 278 2322 335 \ISIONE
2363 280 2601 339 PRIMA.

178 381 352 453 (Vcrs.
384 381 464 450 9..)
489 381 612 437 Scio
640 396 798 454 Opera
826 390 933 437 tua.
964 383 1039 438 Ea
1071 384 1323 442 videlicet
1352 402 1473 458 quae
1500 403 1690 458 opera-
1719 400 1764 455 Α

3287 292 3391 349 773

1866 392 2061 466 (Vers.
2093 397 2149 463 5,
2183 396 2268 468 ἅ.)
2316 398 2385 452 Et
2426 400 2727 469 patientiam
2778 402 2932 458 habes
2958 444 2973 469 ,
3022 414 3068 458 et
3109 406 3399 462 sustinuisti

1792 498 2005 557 propter
2032 505 2215 544 nomen
2245 508 2434 558 meum,
2468 504 2514 549 et
2547 512 2647 549 non
2670 480 2905 567 defecisti
2938 514 2955 551 :
2987 497 3040 553 id
3071 508 3155 553 est
3200 501 3253 554 in
3294 501 3397 557 hoc

1792 583 2044 651 apparuit
2073 583 2336 653 patientia
2378 594 2465 641 tua
2487 629 2500 653 ,
2536 588 2659 658 quia
2693 589 2747 645 in
2793 589 3094 658 laboribus,
3124 607 3261 664 quos
3292 610 3393 665 pro

1791 675 2010 731 nomine
2042 691 2164 732 meo
2211 678 2553 747 sustinuisti,
2606 698 2713 739 non
2763 683 3040 740 deiecisti.
3077 685 3185 742 Sed
3232 687 3394 743 habeo

1792 766 2067 823 aduersum
2090 778 2167 835 te,
2200 769 2339 841 quod
2370 769 2676 827 charitatem
2707 784 2846 829 tuam
2876 776 3099 860 pijmam
3126 777 3397 847 reliquisti.

1790 862 1937 918 Multi
1986 873 2149 931 sunt,
2195 864 2289 935 qui
2327 865 2382 921 in
2412 864 2570 921 initio
2599 869 2974 925 conversionis
3003 886 3114 925 sua:
3147 870 3200 925 in
3224 869 3397 925 servi—

1792 956 1867 1011 tio
1902 955 1993 1011 Dei
2034 956 2313 1013 ferventes
2350 958 2635 1026 existunt,
2682 960 2780 1017 sed
2822 977 3085 1034 processu
3131 963 3396 1034 temporis

1792 1056 2075 1119 tepescunt
2107 1067 2120 1103 :
2152 1050 2297 1121 quod
2330 1050 2453 1106 huic
2481 1052 2699 1121 praesuli
2730 1052 2990 1110 Ecclesia:
3031 1053 3232 1125 Ephesi
3260 1070 3394 1109 con-

1793 1141 1976 1213 tigisse
2003 1143 2354 1199 manifestum
2387 1153 2492 1200 est.

1864 1234 2046 1306 (Vers.
2078 1238 2156 1307 5.)
2190 1237 2447 1293 Memento
2477 1254 2597 1310 ergo
2644 1240 2779 1294 unde
2812 1242 3081 1299 excideris.
3122 1242 3272 1301 Unde
3303 1260 3399 1301 cx-

1792 1330 1938 1385 cisus
1964 1332 2065 1387 es?
2097 1332 2172 1387 De
2200 1333 2470 1389 charitate
2498 1352 2511 1389 :
2540 1334 2587 1390 si
2627 1335 2695 1392 de
2736 1336 3003 1392 cliaritatc
3046 1340 3266 1395 excisus
3310 1357 3399 1405 es,

1792 1423 1861 1479 de
1910 1425 2023 1481 Deo
2066 1426 2284 1482 excisus
2311 1442 2399 1495 es;
2455 1428 2582 1499 quia
2613 1430 2754 1484 Deus
2782 1430 3027 1487 charitas
3060 1441 3162 1488 est.
3196 1432 3265 1487 Et
3308 1450 3402 1505 age

1793 1515 2142 1586 paenitentiam
2175 1515 2360 1589 (Joau.
2414 1535 2487 1584 tv,
2526 1517 2639 1592 ib).
2689 1519 2959 1578 Videlicet
3004 1538 3071 1577 eo
3115 1524 3260 1594 quod
3311 1540 3407 1595 per

1794 1619 2071 1680 torporem
2120 1620 2174 1667 et
2224 1611 2496 1683 ignaviam
2543 1623 2687 1669 tuam
2721 1632 2750 1670 a
2781 1616 3052 1673 cltaritate
3104 1618 3410 1690 disiunctus

1792 1720 1872 1761 es.
1924 1704 1993 1760 Et
2039 1706 2209 1776 prima
2258 1717 2349 1761 tua
2379 1726 2536 1780 opera
2567 1714 2652 1781 fac
2688 1728 2707 1766 :
2737 1714 2819 1768 sin
2863 1725 3039 1771 autem
3077 1716 3280 1772 veniam
3321 1718 3415 1773 tibi

113 1794 189 1838 ωδ
218 1782 404 1851 (“erili
440 1783 645 1840 iamdiu
681 1786 816 1841 iram
847 1786 899 1842 in
928 1787 1097 1843 corde
1120 1798 1299 1860 885m
1323 1831 1336 1855 .
1370 1806 1542 1861 usque
1571 1791 1697 1845 dum
1731 1806 1778 1867 B
1804 1800 1929 1868 cito,
1963 1810 2011 1855 et
2048 1800 2258 1856 movebo
2298 1804 2668 1860 candelabrum
2694 1818 2838 1861 tuum
2869 1808 2934 1865 de
2980 1809 3097 1865 loco
3134 1828 3259 1880 suo,
3311 1811 3416 1868 nisi

114 1880 159 1933 in
183 1879 386 1934 actibus
413 1880 645 1950 proximi
664 1881 866 1953 aliquid
890 1882 1099 1948 videat,
1130 1882 1273 1954 quod
1297 1884 1706 1954 reprehendere

115 1973 304 2041 possit:
350 1981 400 2027 et
433 1984 561 2029 tunc
605 1974 764 2030 laetus
805 1974 1066 2039 efﬁcitur,
1102 1993 1224 2033 cum
1259 1979 1707 2047 reprehensionis

114 2066 390 2121 vindictam
437 2067 688 2136 proximo
720 2068 983 2124 intulerit.
1030 2069 1185 2139 Quod
1226 2070 1272 2125 si
1314 2072 1478 2126 alicui
1510 2072 1707 2128 viderit

114 2161 475 2233 displicuisse,
501 2162 635 2218 dicit
664 2178 724 2220 se
753 2164 871 2219 zelo
900 2165 990 2220 Dei
1019 2164 1122 2220 hoc
1149 2166 1363 2221 fecisse.
1396 2166 1477 2221 Ad
1500 2176 1550 2223 te
1578 2183 1707 2238 ergo

116 2254 315 2327 loquor,
345 2257 436 2327 qui
468 2255 591 2311 talis
616 2271 697 2312 es.
728 2258 836 2313 Cur
862 2258 1062 2329 quaeris
1085 2256 1275 2313 fallere
1302 2274 1460 2327 eum,
1494 2258 1583 2331 qui
1611 2274 1707 2316 oc-

114 2348 245 2403 culta
269 2349 517 2406 cordium
546 2350 897 2405 considerat?
921 2351 977 2408 Si
1008 2351 1157 2407 zelus
1189 2351 1286 2407 Dei
1320 2351 1374 2407 in
1402 2360 1455 2408 te
1480 2361 1586 2420 est,
1612 2369 1708 2409 cur

120 2440 249 2494 oculi
278 2440 351 2495 tui
382 2456 480 2511 per
509 2440 723 2497 diversa
748 2441 910 2515 505
937 2452 1199 2515 vagantur
1227 2459 1382 2499 more
1408 2444 1707 2513 diabolico,

114 2532 415 2589 desiderans
429 2535 635 2590 malum
660 2537 839 2604 potius
866 2535 1075 2604 videre,
1105 2552 1265 2607 quam
1299 2537 1523 2603 bonum,
1558 2538 1708 2594 desi-

115 2627 300 2684 derans
322 2631 372 2683 in
395 2630 645 2701 proximo
672 2630 857 2688 videre
881 2632 1081 2687 malum
1103 2673 1117 2700 ,
1141 2633 1284 2704 quod
1306 2634 1675 2705 reprehendas
1696 2678 1711 2703 ,

116 2740 213 2780 non
240 2724 437 2781 bonum
459 2766 475 2792 ,
511 2725 656 2783 unde
685 2726 1007 2784 aediliceris?
1035 2728 1175 2786 Sunt
1202 2730 1364 2785 etiam
1393 2728 1549 2786 multi
1575 2772 1588 2796 ,
1620 2730 1713 2801 qui

114 2832 201 2873 eos
240 2837 269 2873 a
310 2820 506 2888 quibus
539 2820 774 2891 aliquant
826 2821 1079 2893 iniuriam
1135 2823 1512 2894 pertulerunt,
1545 2823 1710 2879 etiam

117 2927 205 2980 pro
252 2912 488 2969 minimis
536 2912 754 2970 delictis
804 2914 1149 2986 impatienter
1199 2917 1575 2973 insectantur:
1617 2931 1714 2973 eos

116 3018 234 3059 vero
274 3022 407 3074 quos
442 3006 715 3078 diligunt,
748 3024 859 3063 non
888 3008 1063 3065 solum
1117 3025 1225 3066 non
1270 3010 1714 3082 reprehendunt,

114 3102 351 3170 quamvis
380 3104 620 3174 graviter
649 3103 1013 3176 deliquerint;
1039 3105 1134 3163 sed
1166 3108 1329 3162 etiam
1356 3116 1467 3161 tota
1512 3106 1715 3162 virtute

1807 1896 2160 1963 paenitentiam
2209 1899 2393 1972 egeris.
2449 1898 2508 1956 Si
2563 1915 2660 1971 per
2706 1901 3098 1959 candelabrum
3162 1905 3413 1962 Ecclesia

1808 1988 2014 2059 Ephesi
2066 1988 2411 2061 designatur,
2455 2008 2554 2048 cur
2601 2004 2829 2065 prepter
2862 2006 3143 2066 peccatum
3178 1999 3417 2067 pastoris

1810 2083 2054 2139 Ecclesia
2087 2085 2267 2141 locum
2291 2101 2449 2142 suum
2495 2088 2722 2158 perdet,
2752 2105 2874 2144 cum
2905 2090 3185 2160 Scriptura
3214 2090 3367 2146 dicat
3400 2108 3416 2145 :

1813 2173 1933 2229 Non
1962 2178 2249 2231 morientur
2272 2188 2447 2249 patres
2473 2195 2568 2250 pro
2594 2179 2741 2249 ﬁliis,
2777 2196 2938 2249 neque
2980 2182 3078 2250 [itii
3112 2198 3207 2250 pro
3254 2186 3421 2251 patri-

1809 2271 1901 2324 bus
1933 2271 2041 2325 suis
2072 2289 2091 2326 :
2122 2273 2211 2327 sed
2252 2276 2603 2344 unusquisque
2654 2275 2709 2329 in
2759 2285 2967 2347 peccato
3027 2291 3123 2330 suo
3170 2276 3420 2330 morietur

1812 2362 2028 2436 (Jerem.
2056 2382 2204 2433 xxxx,
2236 2368 2377 2439 50)?
2403 2366 2509 2424 Sed
2536 2384 2630 2437 per
2659 2369 2836 2425 locum
2869 2370 3086 2425 videtur
3116 2369 3248 2426 mihi
3276 2385 3423 2425 mer-

1810 2472 1921 2525 ces,
1955 2475 2074 2530 qua:
2105 2459 2178 2514 illi
2208 2475 2308 2530 pro
2334 2460 2740 2531 pastoralicura
2769 2463 3093 2531 debebatur,
3119 2464 3419 2534 designari,

1812 2560 1871 2606 ut
1899 2552 1971 2607 sit
1999 2566 2193 2607 sensus
2228 2569 2242 2607 :
2271 2552 2389 2608 Nisi
2420 2554 2796 2625 paenitentiam
2828 2559 3007 2625 egeris
3038 2573 3139 2628 pro
3167 2574 3233 2615 eo
3275 2559 3424 2628 quod

1810 2642 2130 2699 charitatem
2185 2652 2334 2700 tuam
2388 2649 2619 2717 primam
2671 2648 2972 2718 reliquisti,
3029 2661 3085 2706 et
3136 2651 3202 2706 ad
3242 2650 3422 2723 prima

1812 2754 1978 2809 opera
2010 2755 2116 2795 non
2156 2740 2420 2808 redieris;
2474 2751 2531 2797 ut
2560 2742 2704 2813 quod
2749 2759 2845 2797 ore
2892 2744 3155 2813 praedicas
3182 2787 3197 2812 ,
3253 2760 3425 2815 opere

1812 2832 2085 2902 impleas:
2117 2835 2461 2903 mercedem,
2512 2851 2632 2907 qua:
2680 2836 2776 2891 tibi
2826 2853 2925 2909 pro
2975 2838 3239 2910 pastorali
3287 2855 3420 2895 cura

1814 2926 2139 2994 debebatur,
2166 2928 2511 2986 subtraham.

1887 3022 2067 3091 (Veis.
2101 3024 2181 3096 6.)
2210 3024 2316 3079 Sed
2338 3025 2434 3079 hoc
2460 3025 2614 3081 habes
2639 3026 2925 3097 (videlicet
2952 3035 3008 3082 ut
3030 3028 3423 3086 candelabrum

1815 3130 1922 3170 non
1964 3117 2269 3186 moveatur)
2298 3118 2421 3187 quia
2447 3118 2608 3173 odisti
2638 3118 2778 3188 facta
2816 3120 3205 3187 nicolaitarum,
3239 3137 3355 3191 qua:
3377 3129 3426 3175 et

116 3192 418 3249 defendunt.
450 3193 495 3250 Ο
522 3194 711 3253 infelix
734 3198 993 3263 amicitia,
1026 3215 1148 3270 qua:
1176 3199 1328 3256 illum
1353 3215 1514 3271 quem
1537 3199 1714 3271 diligit
1741 3204 1785 3267 C
1821 3218 1844 3245 υ
1873 3225 1967 3283 ego
1994 3209 2100 3264 odi.
2126 3209 2195 3264 Et
2219 3217 2305 3265 est
2324 3224 2554 3266 sensus:
2583 3210 2687 3266 Pro
2718 3226 2785 3268 eo
2811 3212 2953 3284 quod
2984 3214 3146 3268 odisti
3177 3214 3314 3269 facta
3345 3214 3430 3269 ni-

118 3288 333 3344 tacendo
361 3299 418 3345 et
438 3289 784 3347 defendendo
807 3290 1027 3348 diabolo
1052 3292 1215 3348 tradit
1244 3310 1258 3347 :
1289 3292 1440 3348 illum
1462 3308 1592 3349 vero
1623 3292 1711 3350 cui

118 3382 277 3439 iratus
304 3394 421 3454 est,
459 3386 909 3457 reprehendendo
934 3402 962 3441 a
1003 3385 1219 3443 diabolo
1248 3387 1549 3445 abstrahit!
1578 3386 1715 3443 Cor-

118 3480 279 3536 rectio
300 3497 432 3554 ergo
473 3482 563 3538 illa
590 3482 737 3554 justa
769 3492 891 3551 est,
923 3498 1044 3552 qua:
1074 3498 1140 3538 ex
1170 3482 1263 3538 Dei
1291 3482 1409 3539 zelo
1443 3494 1496 3539 et
1527 3498 1714 3539 amore

119 3576 351 3634 fraterno
373 3577 663 3636 descendit
695 3596 706 3631 :
738 3594 858 3650 qua:
885 3593 993 3633 non
1025 3586 1247 3649 propter
1270 3579 1404 3633 iram
1433 3578 1716 3635 vindican-

117 3669 253 3738 dam,
299 3671 396 3728 sed
432 3683 654 3743 propter
699 3672 931 3727 animam
967 3671 1202 3743 proximi
1247 3671 1560 3728 salvandam
1593 3686 1717 3742 pro-

119 3764 303 3823 fertur.
334 3767 536 3823 Verum
563 3768 690 3839 quia
722 3765 839 3822 haec
872 3768 1058 3838 paucis
1102 3766 1339 3822 diximus
1359 3809 1374 3835 ,
1404 3766 1471 3822 ad
1504 3782 1564 3822 ea
1598 3782 1719 3836 qua:

116 3860 373 3931 coepimus
392 3905 409 3931 ,
440 3860 752 3919 redeamus.
786 3860 953 3933 igitur
982 3860 1086 3918 hoc
1113 3861 1256 3933 quod
1279 3861 1494 3932 praesuli
1524 3861 1716 3917 Eccle-

120 3958 209 4012 sia:
242 3957 507 4028 Ephesia
536 3958 769 4015 Domino
808 3958 1046 4014 dicitur:
1076 3958 1215 4027 Quia
1250 3974 1353 4013 nou
1383 3966 1524 4027 potes
1560 3957 1720 4011 susti-

118 4069 228 4107 uere
255 4053 419 4108 malos
443 4094 458 4118 ,
490 4052 560 4108 de
590 4052 865 4109 luereticis
889 4052 1155 4109 debemus
1180 4051 1509 4122 intelligere;
1540 4050 1721 4106 omnis

118 4146 254 4201 enim
278 4148 370 4218 qui
404 4156 591 4218 pastor
620 4155 705 4203 est
735 4146 996 4202 Ecclesia:
1020 4185 1037 4214 ,
1086 4145 1401 4201 societatem
1431 4143 1720 4200 haeretico-

118 4252 229 4293 rum
255 4279 272 4301 .
304 4248 568 4310 quantum
601 4248 813 4310 potest,
846 4238 1018 4294 vitare
1044 4237 1235 4303 debet;
1261 4252 1328 4292 ne
1353 4251 1450 4306 per
1478 4235 1725 4292 occasio-

120 4346 234 4386 nem
265 4333 655 4389 lamiliaritatis
701 4347 892 4387 eorum
934 4331 1102 4387 corda
1146 4328 1478 4400 simplicium
1511 4343 1725 4385 veneno

119 4438 223 4480 sua:
252 4426 476 4482 malitia:
523 4433 899 4496 corrumpant.
948 4425 1103 4482 Sicut
1132 4423 1275 4479 enim
1322 4424 1480 4496 lupus
1508 4422 1725 4494 quietus

120 4517 255 4573 inter
282 4532 415 4574 oves
438 4519 556 4573 sine
587 4517 922 4574 laceratione
953 4516 1269 4574 earumdem
1297 4518 1481 4572 ovium
1517 4503 1724 4571 versari

1813 3301 2133 3357 colaitarum
2160 3341 2174 3365 ,
2208 3316 2329 3371 qua:
2373 3311 2428 3355 et
2455 3318 2557 3373 ego
2584 3302 2715 3367 odi;
2763 3318 2978 3360 merces
3025 3320 3147 3376 qua:
3186 3304 3280 3360 tibi
3331 3320 3431 3374 pro

1816 3395 2080 3465 pastorali
2132 3409 2261 3449 cura
2307 3392 2641 3463 debebatur,
2675 3395 2852 3451 adhuc
2883 3398 2978 3453 tibi
3031 3407 3235 3455 manet.
3260 3397 3424 3455 Nico-

1814 3488 1959 3544 laita:
1986 3503 2115 3544 vero
2138 3498 2296 3544 erant
2326 3486 2571 3544 hzeretici
2592 3531 2607 3556 ,
2640 3505 2778 3561 quos
2825 3490 3079 3560 superius
3126 3490 3266 3546 dixit
3317 3506 3427 3547 non

1815 3596 1974 3651 posse
2000 3596 2123 3637 eum
2151 3581 2442 3638 sustinere.

1887 3673 2063 3745 (Vers.
2101 3674 2181 3746 7.)
2232 3674 2333 3741 Qui
2368 3675 2520 3730 habet
2550 3690 2701 3729 aures
2746 3675 3030 3741 audiendi,
3073 3677 3253 3730 audiat
3298 3677 3424 3743 quid

1819 3767 2049 3839 Spiritus
2070 3768 2206 3822 dicat
2230 3768 2498 3823 Ecetesiis.
2517 3769 2652 3835 Quia
2676 3769 2887 3824 cunctis
2910 3783 3070 3824 aures
3096 3768 3427 3827 habentibus

1816 3859 1984 3914 dicit:
2017 3858 2119 3925 Qui
2163 3859 2315 3915 habet
2355 3877 2507 3917 aures
2536 3860 2808 3925 audiendi,
2842 3860 3069 3927 audiat;
3106 3877 3270 3917 aures
3305 3877 3429 3930 pro-

1818 3952 2078 4009 culdubio
2105 3954 2291 4009 cordis
2322 3954 2574 4025 requirit.
2607 3952 2841 4010 Vincenti
2871 3955 3004 4009 dabo
3030 3953 3182 4009 edere
3203 3954 3266 4009 de
3289 3952 3433 4026 ligno

1818 4047 1958 4114 vitta,
1988 4046 2125 4115 quod
2151 4058 2225 4102 est
2257 4048 2308 4102 in
2333 4048 2577 4115 paradiso
2607 4047 2705 4103 Dei
2735 4048 2855 4104 mei.
2883 4048 2997 4103 Duo
3026 4049 3173 4120 ligna
3207 4048 3435 4105 fuerunt

1822 4141 1874 4196 in
1908 4140 2089 4196 medio
2111 4141 2377 4212 paradisi,
2404 4157 2434 4197 e
2465 4142 2663 4213 quibus
2690 4157 2858 4197 unum
2888 4142 3097 4214 lignum
3124 4143 3273 4210 vitae,
3302 4144 3440 4200 alte-

1821 4251 1941 4291 rum
1969 4250 2100 4291 vero
2145 4236 2351 4307 lignum
2397 4236 2643 4292 scientiae
2697 4235 2827 4292 boni
2859 4244 2912 4290 et
2940 4236 3068 4290 mali
3112 4235 3432 4291 vocabatur.

1823 4328 2066 4398 Quorum
2095 4329 2272 4385 virtus
2317 4330 2440 4385 talis
2479 4340 2597 4384 erat
2620 4371 2634 4395 ,
2670 4338 2729 4385 ut
2780 4329 2824 4383 si
2854 4328 2979 4398 quis
3021 4344 3088 4384 ex
3120 4329 3272 4400 ligno
3306 4330 3435 4385 vitm

1822 4422 2194 4488 comedisset,
2248 4436 2354 4477 non
2409 4430 2719 4477 moreretur
2749 4421 2801 4475 in
2857 4431 3124 4477 aeternum
3159 4437 3173 4476 :
3216 4422 3259 4477 si
3301 4423 3427 4492 quis

1827 4533 1956 4575 vero
1979 4534 2044 4574 ex
2069 4519 2214 4589 ligno
2235 4517 2480 4573 scientia:
2507 4517 2632 4573 boni
2650 4516 2842 4573 etmali
2862 4517 3177 4572 comederet
3198 4515 3353 4588 (Gen.
3372 4532 3435 4585 ιι,

120 4627 221 4668 non
254 4624 455 4685 potest;
485 4614 565 4670 sic
592 4630 693 4670 nec
718 4614 1008 4670 hatreticus
1031 4613 1174 4670 inter
1200 4614 1498 4683 simplices.
1534 4612 1725 4685 Sequi-
1751 4600 1805 4661 D
1828 4615 1957 4685 27);
1986 4611 2240 4683 quamvis
2266 4622 2413 4668 esset
2442 4610 2786 4678 immortalis,
2836 4611 3087 4668 mortalis
3112 4612 3295 4668 statim
3339 4614 3435 4669 lie-

122 4716 202 4763 tur
231 4726 243 4761 :
292 4709 354 4763 Et
397 4709 603 4764 tentasti
644 4725 763 4774 eos,
792 4708 881 4779 qui
912 4724 966 4763 se
998 4708 1178 4763 dicunt
1209 4708 1474 4779 apostolos
1499 4724 1609 4763 esse
1629 4748 1643 4772 ,
1674 4716 1723 4761 et

121 4818 214 4855 non
243 4813 406 4867 sunt;
452 4812 499 4857 et
550 4802 785 4857 invenisti
828 4818 912 4857 eos
964 4801 1253 4858 mendaces.
1286 4801 1517 4870 Quidam
1558 4815 1721 4873 prava

121 4893 377 4951 docentes
409 4896 746 4967 temporibus
771 4896 1175 4967 apostolorum,
1209 4895 1484 4967 apostolos
1509 4910 1570 4951 se
1601 4910 1723 4951 esse

122 4986 402 5053 dicebant;
438 4997 495 5043 ut
539 5005 637 5061 per
675 4988 1044 5045 reverentiam
1078 4988 1312 5043 nominis
1344 4988 1554 5043 facilius
1603 5002 1725 5056 pra-

121 5094 235 5136 vam
283 5082 591 5137 doctrinam
638 5082 693 5137 in
731 5081 993 5139 cordibus
1039 5080 1373 5137 audientium
1418 5081 1729 5151 plantarent

123 5174 187 5246 (ll
208 5174 331 5233 Cor:
365 5192 421 5243 ι,
452 5176 566 5246 12).
597 5176 710 5232 llos
738 5186 795 5232 et
817 5176 1098 5249 apostolus
1126 5173 1329 5231 Paulus
1359 5175 1581 5231 damnat
1616 5193 1629 5229 :
1674 5186 1731 5231 et

124 5267 382 5326 Dominus
411 5270 467 5324 in
509 5269 806 5341 Evangelia
851 5269 1125 5327 cavendos
1166 5269 1437 5335 insinuat,
1486 5284 1608 5325 cum
1646 5267 1730 5324 di-

122 5364 193 5419 cit
222 5381 234 5417 :
267 5365 530 5420 Attendite
558 5382 590 5419 a
622 5365 770 5436 falsis
794 5364 1087 5438 praphetis,
1111 5364 1201 5436 qui
1230 5364 1435 5420 veniunt
1464 5364 1531 5417 ad
1557 5378 1645 5417 vos
1674 5363 1731 5417 in

124 5461 431 5516 vestimentis
477 5462 676 5529 ovium,
707 5462 1016 5517 intrinsecus
1045 5469 1217 5516 autem
1246 5469 1368 5514 sunt
1415 5458 1526 5524 lupi
1568 5474 1730 5530 rapa-

125 5567 205 5606 ces
233 5554 451 5625 (Matth.
487 5571 581 5623 vn,
615 5556 729 5627 15).
765 5555 873 5611 llos
904 5570 1034 5626 ergo
1062 5556 1165 5612 iste
1191 5554 1389 5621 falsos,
1428 5565 1733 5623 eorumque

127 5646 431 5705 doctrinam
465 5651 653 5707 falsam
684 5666 807 5708 esse
836 5649 1235 5721 comprobavit.

197 5771 222 5799 α
252 5762 502 5839 lta_ms_s.
544 5774 601 5821 at
636 5765 796 5832 edit.,
843 5781 935 5839 ego
966 5765 1081 5839 odi.
1121 5762 1226 5819 Pro
1256 5778 1312 5819 eo
1354 5762 1493 5835 quod
1520 5762 1727 5819 illorum

135 5838 267 5907 facta
291 5836 451 5892 odisti
474 5878 488 5903 ,
518 5853 633 5909 qua
656 5848 704 5893 et
725 5854 817 5913 ego
836 5836 996 5893 adiri.

509 5930 778 5993 ΡΑτιιοι..
832 5929 1031 5992 XVII.

1828 4715 1931 4762 ret.
1987 4704 2284 4761 Paradisus
2334 4706 2496 4776 igitur
2528 4703 2832 4759 Ecclesiam
2879 4704 3148 4774 signiﬁcat
3179 4723 3192 4759 :
3228 4706 3432 4776 lignttm

1830 4816 1963 4857 vero
2007 4801 2136 4855 vitae
2167 4801 2219 4855 in
2267 4799 2451 4855 medio
2484 4798 2725 4869 paradisi
2756 4797 3016 4854 Chrisms
3047 4808 3133 4855 est
3172 4800 3224 4854 in
3253 4800 3437 4855 medio

1831 4895 2096 4952 Ecclesia:
2127 4909 2260 4951 suae.
2284 4892 2513 4965 Lignum
2542 4890 2722 4947 autem
2747 4892 2996 4947 scientia:
3024 4891 3151 4946 boni
3181 4899 3236 4945 et
3266 4892 3393 4946 mali
3419 4931 3433 4956 ,

1830 4988 1975 5061 quod
2004 4998 2060 5045 et
2088 4989 2264 5060 ipsum
2292 4989 2345 5041 in
2373 4985 2557 5043 medio
2589 4986 2827 5058 paradisi
2878 4985 3045 5040 fuisse
3076 4984 3294 5049 dicitur,
3317 4984 3435 5039 dia-

1829 5081 2014 5139 bolum
2068 5081 2370 5153 significat,
2425 5081 2517 5153 qui
2570 5081 2715 5136 inter
2748 5078 2939 5135 ﬁdeles
2976 5077 3286 5133 discurrere
3325 5092 3434 5133 non

1828 5186 2042 5245 cessat;
2092 5188 2154 5233 ut
2198 5192 2570 5248 quoscumque
2618 5185 2832 5246 poteSt,
2884 5172 3142 5243 decipiat.
3200 5171 3436 5243 Lignum

1831 5275 1996 5345 igitur
2022 5274 2147 5329 vita:
2183 5272 2252 5329 ad
2281 5274 2510 5335 electos,
2539 5272 2743 5341 lignum
2772 5284 2902 5323 vero
2933 5266 3179 5322 scientiae
3223 5266 3350 5321 boni
3379 5277 3438 5323 et

1834 5365 1961 5422 mali
1987 5366 2053 5422 ad
2103 5366 2365 5435 reprobos
2415 5364 2673 5435 pertinet.
2709 5361 2946 5416 Fructus
2972 5374 3103 5430 ergo
3147 5357 3276 5430 ligni
3306 5360 3437 5417 vita:

1834 5459 1997 5516 electi
2016 5459 2344 5525 comedunt,
2368 5468 2427 5513 ut
2448 5455 2504 5511 in
2538 5466 2809 5510 aeternum
2838 5450 2865 5489 ι)
2890 5453 3076 5506 vivant
3100 5468 3115 5518 ;
3144 5452 3271 5522 quia
3300 5470 3441 5525 pra}-

1834 5563 1992 5624 cepta
2015 5552 2290 5624 Evangelii
2309 5548 2645 5612 custodiunt,
2671 5556 2727 5600 ut
2750 5545 2803 5601 in
2828 5554 3093 5601 aeternum
3106 5546 3292 5601 vivant
3312 5562 3439 5603 cum

1838 5646 2068 5703 Domino
2092 5664 2107 5702 :
2132 5645 2342 5701 fructus
2369 5655 2502 5698 vero
2529 5640 2658 5711 ligni
2689 5638 2936 5695 scientiae
2963 5638 3091 5696 boni
3121 5648 3176 5696 et
3207 5641 3335 5696 mali
3358 5656 3443 5697 re-

1905 5761 1932 5800 δ
1964 5761 2107 5817 Edit.
2134 5767 2363 5827 tantum,
2387 5758 2551 5814 vivent
2580 5772 2697 5812 cum
2718 5754 2977 5826 Domino;
3004 5766 3203 5814 caalera
3232 5756 3443 5828 adjecta

1841 5843 1970 5890 Sunt
1998 5849 2063 5890 ex
2089 5846 2218 5888 mss.
