3944 6310
545 249 652 304 779

1583 249 1678 306 AD
1715 246 1941 304 OPEBA
1983 247 2042 304 S.
2088 241 2420 302 AMBROSII
2459 243 2830 302 APPENDIX.

3691 251 3766 306 τις)

534 366 692 439 probi
725 365 1036 430 comedunt,
1068 373 1125 422 et
1155 366 1502 434 moriuntur;
1538 365 1661 436 quia
1696 364 2134 438 suggestionibus
2163 363 2216 426 Α
2240 363 2332 418 tibi
2359 377 2606 418 coronam
2629 364 2766 420 vita.
2799 360 3011 420 Corona
3043 363 3168 418 vitae
3197 361 3430 434 gloriam
3453 363 3766 434 sempiternam

539 461 768 529 diaboli,
793 461 1152 532 omnibusque
1178 462 1328 518 vitiis
1353 472 1407 516 et
1431 461 1802 532 voluptatibus
1823 469 2136 531 pascuntur;

537 553 682 610 unde
713 563 972 610 aeternam
1007 552 1410 608 damnationem
1443 551 1550 608 sibi
1579 554 1890 624 acquirunt.
1932 552 2000 608 Et
2029 551 2142 608 sic-

539 654 603 700 ut
667 646 880 702 mulieri
955 645 1398 702 delectabiliores
1445 645 1668 702 fuerunt
1728 647 1938 702 fructus
2009 646 2138 716 ligni

537 740 784 798 scientia:
827 739 956 796 boni
983 751 1037 796 et
1065 741 1194 795 mali
1224 781 1238 804 ,
1265 757 1426 812 quam
1459 741 1668 797 fructus
1695 742 1826 812 ligni
1869 741 1990 796 vita:
2019 757 2032 808 ;
2067 743 2137 796 ita

536 841 594 890 et
643 834 890 905 reprobis
921 833 1304 891 delectabilior
1347 845 1434 890 est
1474 835 1648 908 gloria
1697 834 1858 905 hujus
1908 835 2136 902 siet-ali,

532 941 696 998 quam
736 927 908 983 oculis
951 929 1198 1000 corporis
1243 929 1457 996 vident,
1501 945 1664 999 quam
1696 929 1872 1000 gloria
1897 928 2138 984 caelestis

531 1021 748 1091 patriai,
777 1035 900 1092 qum
921 1019 1136 1076 nonnisi
1158 1022 1330 1076 oculis
1359 1021 1734 1091 spiritualibus
1760 1020 1994 1076 videtur.
2027 1019 2134 1076 Sed

534 1116 712 1171 oritur
739 1117 994 1187 quaestio,
1017 1131 1115 1172 cur
1143 1117 1348 1187 ligtmm
1379 1115 1622 1171 scientia:
1647 1115 1774 1172 boni
1807 1123 1862 1170 et
1893 1113 2016 1170 mali
2049 1114 2134 1168 di-

528 1217 710 1276 catur,
739 1224 863 1266 cum
895 1211 1072 1280 primo
1104 1208 1312 1263 homini
1342 1207 1626 1264 scientiam
1683 1207 1808 1262 mali
1861 1207 2136 1261 ministra-

529 1303 676 1359 verit
709 1321 723 1357 :
773 1317 882 1358 non
933 1302 1221 1358 scientiam
1253 1301 1398 1356 boni.
1449 1301 1580 1370 Qua:
1607 1300 1740 1354 mihi
1773 1300 1844 1355 ita
1872 1298 2132 1356 solvenda

526 1397 790 1454 videtur:
833 1397 1043 1466 primus
1091 1411 1322 1467 namque
1368 1396 1614 1466 angelus,
1660 1394 1878 1466 quando
1916 1403 2134 1451 creatus

527 1501 638 1560 est,
682 1492 970 1548 scientiam
1019 1491 1146 1546 boni
1201 1491 1414 1558 habuit,
1457 1505 1564 1544 non
1611 1489 1902 1546 scientiam
1955 1487 2130 1544 mali:

523 1586 816 1643 scientiam
859 1601 988 1640 vero
1035 1585 1162 1640 mali
1212 1599 1307 1655 per
1365 1586 1718 1653 semetipsum
1775 1583 2018 1650 invenit,
2059 1581 2130 1636 ob

523 1695 690 1752 quam
715 1693 934 1736 causam
964 1679 1032 1734 de
1065 1679 1154 1732 illa
1178 1677 1392 1734 emleSti
1435 1677 1608 1748 gloria
1645 1677 1890 1747 dejectus
1919 1687 2022 1732 est.
2053 1677 2130 1732 De

2243 455 2602 512 demonstrat.

2316 551 2419 618 Qui
2461 553 2612 606 habet
2635 569 2786 608 aures
2809 594 2826 621 ,
2857 552 3040 606 audiat
3063 551 3190 620 quid
3224 549 3458 616 Spiritus
3483 551 3608 606 dicat
3641 552 3768 610 Eccle-

2242 644 2356 700 siis.
2393 645 2498 713 Qui
2527 646 2706 700 uicerit
2731 687 2746 712 ,
2775 662 2876 700 non
2909 645 3125 700 lccdetur
3167 661 3200 698 a
3229 651 3392 698 morte
3434 644 3652 699 secunda.
3673 645 3768 712 Quid

2240 738 2312 792 sit
2340 753 2488 794 mors
2519 739 2762 794 secunda
2786 780 2804 806 ,
2833 739 2888 794 in
2915 737 3276 810 sequentibus
3299 736 3564 792 dicemus.

2313 829 2498 900 (Vers.
2525 829 2642 902 l2.)
2659 829 2728 884 Et
2749 833 2935 903 angelo
2957 829 3206 903 Pergami
3229 829 3482 886 Ecclesia
3497 829 3668 886 scribe:
3685 831 3774 888 Hoc

2240 919 2370 974 dicit
2407 922 2497 992 qui
2527 923 2678 978 habet
2715 924 3032 994 rompliaram
3062 935 3281 994 utraque
3309 934 3456 994 parte
3483 933 3680 980 acutam.
3704 925 3772 984 Pet

2243 1014 2574 1085 romphtuam
2613 1016 2902 1087 judiciaria
2941 1019 3162 1074 Domini
3193 1028 3438 1089 potestas
3471 1027 3630 1089 potest
3663 1022 3774 1076 intel-

2239 1109 2328 1180 ligi
2363 1129 2376 1165 :
2407 1127 2532 1180 quae
2575 1121 2804 1184 utraque
2831 1124 2985 1184 parte
3027 1123 3184 1172 acuta
3213 1115 3452 1180 dicitur,
3481 1125 3678 1186 propter
3701 1119 3775 1172 duo

2233 1201 2434 1271 judicia
2463 1245 2478 1268 ,
2505 1221 2672 1260 unum
2703 1207 2846 1276 quod
2877 1207 3071 1263 factum
3105 1217 3190 1264 est
3223 1225 3319 1278 per
3347 1224 3542 1279 aquam
3568 1251 3581 1274 ,
3605 1211 3774 1266 alterum

2237 1297 2382 1364 quod
2417 1297 2508 1354 ﬁet
2549 1314 2645 1368 per
2675 1301 2876 1370 ignem.
2917 1301 3022 1357 Sed
3065 1301 3414 1358 excludimur
3453 1302 3520 1356 ab
3547 1303 3640 1357 hoc
3665 1303 3778 1358 intri-

2236 1389 2412 1456 lectu,
2449 1407 2514 1446 eo
2553 1393 2698 1462 quod
2743 1393 2874 1449 illud
2895 1395 3164 1465 judicium
3193 1395 3308 1466 jam
3339 1406 3642 1465 peractum,
3663 1405 3776 1467 atque

2237 1500 2334 1554 per
2380 1487 2814 1544 misericordiam
2847 1489 2944 1544 Dei
2985 1490 3252 1546 abolitum
3289 1489 3382 1546 sit.
3420 1490 3566 1546 Tunc
3606 1507 3778 1561 nataque

2230 1577 2422 1646 jndicii
2447 1579 2594 1632 illius
2623 1595 2850 1636 acumen
2877 1581 3120 1638 deletum
3151 1593 3270 1648 eet,
3297 1581 3526 1652 quando
3547 1581 3778 1638 Deusdiiit

2233 1672 2298 1726 ad
2331 1673 2446 1728 Noe
2483 1692 2496 1726 :
2531 1673 2637 1729 Per
2667 1677 3020 1748 memetipsum
3059 1678 3270 1749 juraui,
3305 1678 3436 1747 quia
3465 1693 3562 1730 non
3589 1677 3778 1748 adjiciam

517 1771 673 1844 ligno
701 1787 832 1844 ergo
855 1771 1094 1827 scientitc
1123 1771 1251 1826 boui
1285 1781 1340 1826 et
1369 1769 1495 1824 mali
1531 1770 1736 1840 primus
1757 1769 1920 1824 homo
1949 1783 2130 1824 come-
2163 1771 2210 1832 Β
2237 1766 2378 1819 ultra
2403 1783 2566 1836 aquas
2595 1767 2778 1822 diluvii
2800 1785 2954 1839 super
2969 1781 3160 1823 terram
3187 1767 3344 1840 (Gen.
3373 1768 3598 1838 v1.17).
3617 1769 3780 1824 ἵίιιειιιι

519 1865 622 1930 dit,
648 1865 867 1938 quando
889 1864 1034 1920 illius
1059 1867 1436 1936 suggestiuttcs
1459 1871 1682 1919 secutus
1706 1872 1812 1930 est,
1837 1862 1926 1932 qui
1953 1861 2130 1918 scien-

521 1959 654 2014 tiam
703 1957 832 2014 boni
885 1965 942 2014 et
982 1958 1106 2012 mali
1161 1957 1433 2022 habebat;
1488 1971 1666 2028 neque
1719 1955 1864 2010 etiim
1921 1956 2127 2024 lignum

517 2053 808 2110 scientiam
845 2052 970 2108 mali
1001 2052 1202 2108 docere
1237 2051 1430 2123 potuit,
1465 2051 1560 2106 sed
1592 2049 1844 2106 diabolus
1871 2050 1962 2120 qui
1989 2065 2128 2120 proe-

517 2155 740 2216 ccptum
774 2147 867 2201 Dei
920 2145 1126 2200 homini
1177 2144 1484 2216 transgredi
1531 2144 1724 2200 suasit.
1777 2143 1916 2198 Dicit
1952 2157 2124 2212 ergo:

527 2237 769 2294 Vincenti
795 2239 926 2294 dabo
969 2239 1116 2294 edere
1163 2239 1226 2291 de
1264 2239 1403 2308 ligno
1433 2237 1578 2304 uiue,
1609 2237 1746 2308 quod
1777 2247 1850 2291 est
1880 2237 1934 2290 in
1969 2253 2122 2304 para-

514 2335 630 2390 diso
665 2333 758 2388 Dei
786 2335 903 2388 inci.
938 2333 1038 2390 llle
1066 2335 1254 2398 vincit,
1281 2333 1373 2404 qui
1403 2335 1453 2386 in
1488 2333 1642 2387 bonis
1669 2329 1928 2400 operibus
1951 2345 2122 2400 usque

513 2428 584 2484 ad
613 2427 776 2484 ﬁnem
803 2429 929 2482 vitae
955 2442 1068 2482 sum
1099 2437 1436 2497 perseverat.
1473 2426 1722 2482 Vincenti
1768 2443 1900 2494 ergo
1932 2425 2122 2480 Chris-

511 2531 603 2578 tus
625 2521 790 2578 edere
835 2524 902 2578 de
949 2523 1096 2592 ligno
1129 2523 1252 2577 vitae
1295 2521 1486 2587 dabit;
1541 2522 1666 2592 quia
1701 2529 1970 2592 lil'il'celllil
2020 2535 2116 2574 sua

507 2631 686 2688 usque
716 2616 780 2670 ad
811 2615 975 2672 ﬁnem
1007 2617 1135 2670 vita:
1165 2617 1512 2671 servantibus
1555 2614 1980 2670 immortalitatis
2007 2631 2116 2668 sua:

504 2708 741 2781 gloriam
769 2708 822 2762 in
855 2709 1067 2765 caelesti
1095 2709 1434 2766 beatitudine
1459 2725 1646 2764 secum
1677 2709 1872 2774 dabit;
1911 2719 1966 2763 ut
1989 2723 2114 2763 cum

505 2816 576 2858 eo
601 2802 937 2860 mternaliter
968 2802 1174 2868 vivant,
1207 2803 1362 2874 cujus
1399 2811 1670 2874 prmcepta
1703 2803 1754 2856 in
1786 2803 1988 2858 saeculo
2022 2819 2116 2872 po-

505 2893 602 2952 siti
631 2911 854 2952 servare
895 2895 1244 2953 studuerunt.
1277 2895 1432 2963 Quod
1460 2905 1645 2952 autem
1693 2904 1900 2966 patrem
1939 2895 2110 2951 Deum

508 3002 674 3044 suum
702 2995 884 3054 vocat,
907 2989 976 3044 ad
1009 2990 1402 3044 humanitatem
1435 2989 1692 3060 pertinet.

583 3084 766 3156 (Vers.
808 3086 864 3151 8,
898 3083 978 3156 9.)
1025 3083 1092 3138 Et
1123 3086 1309 3157 angelo
1341 3085 1580 3158 Smyrna:
1613 3084 1860 3140 Ecclesia:
1900 3085 2064 3139 scribe
2093 3101 2112 3140 :

2232 1873 2364 1930 ergo
2395 1861 2522 1914 mihi
2549 1875 2647 1930 per
2677 1861 3008 1932 romphteam
3029 1861 3272 1918 divinam
3289 1861 3778 1932 scripturamdclme

2231 1953 2482 2024 intelligi,
2503 1970 2626 2025 quae
2646 1965 2871 2024 prepter
2899 1955 3196 2012 resecauda
3225 1957 3355 2010 vitia
3387 1967 3546 2012 acuta
3569 1971 3672 2011 esse
3689 1957 3780 2012 dici-

2232 2056 2321 2102 tttr
2345 2089 2360 2116 ,
2391 2061 2447 2103 et
2479 2058 2708 2119 propter
2728 2049 2838 2106 duo
2859 2050 3220 2106 Testamenta
3245 2064 3484 2121 utraque
3512 2059 3648 2120 parte
3667 2059 3778 2104 acuta

2230 2141 2660 2197 demonstratur.
2695 2143 2832 2198 Nam
2857 2153 2910 2198 et
2938 2153 3094 2200 vetus
3117 2155 3170 2200 et
3201 2161 3410 2200 novum
3437 2145 3778 2200 Testamentum

2231 2235 2334 2292 hoc
2349 2237 2505 2292 nobis
2521 2237 2806 2294 indesiuen
2817 2249 2897 2294 ter
2909 2239 3228 2307 admouent,
3250 2251 3308 2293 ut
3322 2239 3462 2294 vitia
3475 2239 3778 2309 relinquamus

2227 2341 2278 2385 et
2299 2331 2350 2384 in
2376 2331 2534 2387 bonis
2550 2333 2806 2402 operibus
2835 2335 3208 2403 nosmetipsos
3233 2349 3624 2396 exerceamus;
3641 2346 3780 2403 quate-

2227 2441 2330 2480 nus
2349 2425 2582 2480 salutem
2606 2426 2912 2482 animarum
2927 2435 3242 2482 nostrarum
3277 2428 3532 2482 invi-nire
3549 2429 3776 2498 possimus.

2295 2518 2480 2590 (Vers.
2519 2517 2634 2590 15.)
2661 2519 2784 2574 Scio
2811 2521 2896 2574 ubi
2923 2521 3162 2588 habitas,
3192 2522 3280 2576 ubi
3309 2521 3465 2576 sedes
3493 2532 3566 2576 est
3591 2531 3780 2575 autem:

2223 2613 2274 2667 id
2301 2623 2416 2682 est,
2459 2613 2606 2670 inter
2636 2615 2760 2670 illos
2789 2615 3148 2686 habitas,qui
3173 2629 3461 2671 sessorem
3493 2614 3674 2670 habent
3695 2613 3777 2668 dia-

2221 2707 2428 2762 bolum.
2459 2705 2530 2760 Et
2576 2717 2716 2764 lenes
2759 2723 2942 2764 nomen
2985 2723 3154 2764 meum
3177 2753 3192 2774 ,
3221 2719 3267 2764 et
3311 2723 3426 2764 non
3465 2709 3649 2783 negasti
3667 2709 3778 2778 fidl-

2219 2817 2384 2854 meant
2405 2817 2424 2854 :
2454 2800 2506 2856 id
2537 2811 2654 2866 est,
2685 2805 2936 2873 quamvis
2983 2803 3054 2860 ab
3077 2804 3162 2860 eis
3185 2843 3202 2869 ,
3235 2803 3384 2860 inter
3411 2819 3552 2875 quos
3587 2803 3776 2864 habitas,

2221 2909 2318 2964 pro
2365 2897 2586 2951 nomine
2635 2911 2758 2954 nico
2809 2897 3032 2954 assidue
3081 2900 3508 2968 persecutiones
3559 2897 3778 2967 perieras;

2219 2998 2398 3044 tamen
2429 3006 2628 3045 lltltttell
2659 3007 2839 3046 meum
2875 3001 3066 3057 tenes,
3095 3001 3149 3046 et
3179 2991 3352 3046 ﬁdem
3383 3009 3566 3048 nteant
3605 3007 3692 3046 non
3715 3004 3780 3044 ne—

2213 3083 2374 3152 gasti.
2411 3081 2478 3136 Et
2501 3086 2556 3138 in
2579 3084 2758 3138 diebus
2778 3085 2884 3140 illis
2907 3085 3125 3157 Antipas
3145 3087 3288 3141 testis
3320 3102 3510 3154 meus;
3535 3087 3616 3156 qui
3634 3085 3782 3140 areius

511 3177 641 3234 Hrec
663 3179 788 3232 dicit
834 3180 1032 3250 primus
1064 3187 1110 3232 et
1151 3180 1486 3245 novissimus,
1533 3181 1620 3249 qui
1659 3180 1760 3251 fuit
1799 3189 2034 3233 mortuus
2065 3189 2110 3233 et
2139 3173 2182 3236 C
2215 3187 2288 3228 est
2321 3175 2462 3246 apud
2493 3193 2578 3230 ros
2605 3219 2620 3244 ,
2643 3178 2730 3231 ubi
2755 3188 2964 3234 satanas
2991 3178 3210 3232 habitat.
3237 3177 3310 3232 Et
3333 3178 3393 3232 in
3425 3179 3602 3234 diebus
3624 3175 3780 3242 illis,id

504 3274 628 3327 uiuit
655 3288 673 3327 :
706 3273 830 3328 Scio
872 3274 1256 3328 tribulationem
1287 3285 1452 3342 tuam,
1479 3283 1526 3328 ει
1557 3285 1916 3345 paupertatem
1947 3287 2108 3328 (nam.

504 3364 698 3422 Potest
728 3365 868 3432 ﬁeri,
901 3375 959 3422 ut
987 3367 1396 3438 Smyrnmorum
1427 3367 1672 3424 Ecclesia
1701 3369 1952 3425 eamdem
1986 3385 2110 3438 per-

503 3462 846 3518 secutionem
877 3477 906 3516 a
934 3462 1334 3518 contribulibu‘s
1365 3464 1476 3519 suis
1520 3463 1572 3518 in
1621 3465 1809 3534 rapina
1841 3465 2106 3519 bonorum

502 3570 726 3610 suorum
771 3557 1080 3624 pertulerit,
1116 3571 1278 3627 quam
1303 3567 1357 3612 et
1389 3558 1476 3610 illa
1507 3573 1626 3628 qua!
1657 3557 1798 3628 apud
1849 3556 2111 3613 Hieroso-

501 3650 706 3722 lymam
755 3659 894 3707 erat.
951 3651 1188 3723 Ideoque
1238 3653 1514 3708 tribulatio
1555 3664 1610 3710 et
1659 3662 1952 3725 paupertas
1991 3654 2110 3726 ejus

505 3745 670 3818 506
697 3761 726 3799 a
759 3746 1014 3812 Domino,
1035 3763 1194 3818 quam
1227 3763 1324 3817 pro
1371 3749 1488 3820 ipso
1519 3750 1804 3816 sustinuit,
1832 3749 2106 3803 laudatur.

501 3839 694 3895 Potest
722 3849 780 3894 et.
809 3855 907 3910 per
938 3841 1046 3896 huc
1071 3841 1378 3896 voluntaria
1413 3851 1712 3912 paupertas
1743 3842 1974 3914 intelligi
1997 3886 2010 3906 ,
2041 3843 2110 3897 de

499 3949 606 4005 qua
635 3933 900 3990 Dominus
926 3935 1062 3989 dicit
1085 3935 1136 3989 in
1169 3936 1474 4006 Evangelia
1499 3955 1514 3989 :
1548 3935 1696 3990 Beati
1724 3951 1976 4008 pauperes
2001 3937 2110 4008 api-

501 4029 626 4096 ritu,
669 4033 916 4100 quoniam
965 4029 1198 4100 ipsorum
1239 4039 1314 4086 est
1343 4047 1558 4102 regnum
1613 4030 1858 4086 ctelorum
1887 4030 2106 4100 (Matth.

505 4138 562 4190 v,
587 4119 668 4192 ὅ.)

578 4217 690 4274 Sed
717 4219 856 4272 diras
881 4234 934 4273 es
965 4235 982 4274 :
1015 4233 1222 4288 panper
1248 4213 1506 4275 videlicet.
1538 4220 1723 4280 rebus,
1755 4218 1910 4274 dives
1941 4219 2112 4275 virtu-

507 4311 672 4368 tibus.
728 4309 792 4364 Et
839 4311 1214 4382 blaspltentaris
1249 4312 1312 4366 ab
1353 4312 1450 4376 iis,
1483 4313 1648 4383 quise
1687 4311 1864 4364 dicunt
1893 4311 2110 4370 ludam

505 4419 642 4469 esse,
671 4413 850 4458 etnon
893 4411 1059 4458 sunt:
1101 4401 1190 4458 sed
1217 4413 1336 4457 sunt
1379 4419 1646 4476 synagoga
1689 4413 1902 4458 rotante.
1936 4403 2108 4462 Judmi

504 4495 828 4552 conﬁtentes
855 4497 1320 4565 interpretantur:
1347 4495 1518 4552 Indici
1553 4498 1642 4566 qui
1673 4497 1948 4551 Christum
1967 4498 2110 4552 blas-

2215 3281 2336 3336 est,
2371 3271 2422 3325 in
2455 3270 2648 3324 diebus
2689 3271 2886 3342 quibus
2927 3271 3237 3342 persecutio
3279 3273 3430 3342 apud
3475 3287 3574 3328 vos
3603 3271 3782 3340 sapius

2215 3363 2480 3428 lorveliat,
2511 3362 2744 3434 Antipas
2789 3366 2943 3420 testis
2985 3381 3170 3428 uncus,
3201 3365 3536 3422 subauditur
3559 3407 3574 3432 ,
3603 3363 3778 3424 exstitit,

2214 3455 2304 3525 qui
2337 3455 2553 3512 occisus
2579 3466 2660 3512 est
2689 3457 2834 3525 apud
2861 3473 2958 3513 vos
2977 3499 2990 3523 ,
3027 3458 3118 3512 ubi
3144 3469 3369 3514 satanas
3417 3459 3644 3514 habitat.
3667 3459 3779 3528 Apta

2217 3561 2317 3604 vos
2339 3549 2554 3604 occisus
2601 3559 2716 3615 est,
2762 3561 2816 3606 et
2853 3566 2962 3606 non
3013 3567 3042 3604 a
3087 3553 3240 3606 Vultis
3267 3572 3280 3606 :
3311 3553 3414 3608 sed
3445 3555 3514 3610 ab
3547 3555 3646 3608 iiiis
3679 3554 3780 3606 inter

2213 3655 2350 3710 quos
2379 3655 2474 3695 vos
2502 3641 2800 3710 habitatis,
2833 3645 2886 3700 in
2909 3646 3106 3716 quibus
3135 3645 3354 3702 habitat
3377 3647 3650 3704 diabolus.

2290 3731 2466 3803 (Veis.
2505 3734 2594 3804 14,
2625 3737 2742 3808 15.)
2773 3735 2879 3794 Sed
2905 3739 3068 3796 habeo
3098 3740 3374 3796 adversum
3402 3752 3454 3796 te
3479 3759 3640 3814 pauca
3659 3783 3672 3806 ,
3697 3739 3780 3806 quia

2213 3827 2369 3882 habes
2404 3829 2518 3884 illic
2567 3841 2794 3887 tenentes
2835 3833 3130 3889 doctrinam
3175 3833 3444 3904 Balaam,
3483 3837 3574 3906 qui
3621 3835 3780 3891 docebat

2211 3919 2373 3978 Balac
2411 3926 2614 3982 mittere
2641 3928 2952 3984 scandalum
2973 3947 3146 3985 coram
3171 3932 3299 4000 ﬁliis
3331 3931 3548 3997 Israel;
3577 3932 3646 3985 ita
3669 3931 3780 3984 habet

2210 4029 2260 4073 et
2306 4029 2362 4074 tu
2413 4030 2638 4078 tenentes
2685 4024 2980 4080 doctrinam
3017 4028 3404 4082 nicolaitarum.
3463 4027 3704 4099 Legimus
3745 4027 3780 4078 in

2211 4111 2351 4167 libro
2379 4111 2602 4170 Numeri
2633 4117 2780 4187 quod
2803 4117 2967 4174 Balac
2997 4136 3093 4176 rex
3135 4121 3512 4178 Mea-biturum
3539 4121 3606 4177 ad
3627 4135 3778 4192 sugge-

2209 4205 2445 4264 stionem
2487 4207 2705 4264 Balaam
2737 4211 2988 4280 posuerit
3011 4214 3290 4284 spceiosas
3311 4215 3582 4272 mulieres
3609 4215 3656 4270 in
3681 4229 3778 4269 coa-

2211 4309 2398 4369 spectu
2425 4299 2660 4356 ﬁliorum
2687 4302 2860 4359 Israel
2882 4304 2986 4360 diis
3015 4307 3132 4362 suis
3155 4305 3568 4376 sacriﬁcantes,
3597 4325 3778 4380 quarum

2213 4392 2558 4463 pulchritudo
2603 4411 2710 4451 non
2753 4396 2930 4452 solum
2974 4398 3042 4454 ad
3077 4403 3504 4471 perpetrandum
3549 4402 3780 4460 libidinem

2211 4502 2306 4543 eos
2333 4489 2603 4554 accendit;
2629 4490 2724 4546 sed
2748 4492 2914 4547 etiam
2939 4505 2997 4548 ut
3019 4493 3088 4550 dc
3107 4495 3406 4551 sacriﬁciis
3419 4512 3616 4552 eorum
3643 4511 3782 4551 coinc-

507 4590 828 4662 pbemantes
849 4601 1068 4660 negant,
1095 4607 1204 4645 non
1223 4591 1420 4656 Judaei,
1443 4592 1492 4646 id
1508 4602 1614 4656 est,
1639 4591 1982 4660 conﬁtentes;
2009 4593 2104 4648 sed
2133 4577 2188 4638 Β
2211 4581 2444 4651 tierent,
2501 4585 2755 4655 perduxit
2799 4586 2996 4658 (Nam.
3051 4603 3188 4658 xxv,
3223 4589 3300 4660 1).
3353 4589 3640 4648 Nicoiaitu:
3685 4603 3782 4644 tcto

502 4699 780 4758 synagoga
805 4694 1008 4741 satame
1038 4701 1145 4740 non
1188 4685 1639 4742 inconvenienter
1669 4693 1952 4740 vocantur.

575 4780 758 4852 (Vera.
797 4780 884 4847 10,
921 4780 1036 4848 11.)
1070 4777 1224 4834 Nihil
1253 4779 1438 4834 horum
1473 4781 1686 4846 timeas,
1717 4795 1832 4850 qua:
1860 4795 2108 4849 passurus

502 4888 578 4928 es.
609 4873 986 4928 Praulicuntur
1011 4873 1062 4928 ei
1102 4873 1330 4928 adversa
1351 4912 1366 4938 ,
1398 4883 1452 4926 ut
1484 4873 1756 4926 venientia
1791 4873 1998 4928 facil-us
2029 4883 2110 4928 to-

501 4967 678 5023 lerare
709 4977 910 5037 posset.
943 4976 968 5003 α
1001 4966 1132 5022 Ecce
1153 4967 1406 5021 missurus
1433 4975 1508 5022 est
1535 4965 1776 5020 diabolus
1793 4983 1859 5022 ea:
1889 4967 2028 5022 vobis
2051 4968 2108 5022 in

499 5078 793 5130 carcerem,
841 5070 896 5116 ut
937 5063 1199 5116 tentemini
1225 5079 1243 5116 :
1296 5060 1350 5116 id
1394 5068 1507 5122 est,
1559 5061 1822 5130 quosdam
1856 5077 1920 5116 ex
1952 5062 2106 5119 vobis

502 5155 748 5212 diabolus
771 5197 786 5220 ,
831 5155 881 5210 id
909 5165 990 5210 est
1010 5193 1026 5220 ,
1057 5153 1290 5208 ministri
1321 5153 1520 5206 diaboli
1567 5153 1620 5206 in
1646 5167 1922 5208 carcerem
1968 5157 2102 5210 mis-

501 5249 612 5302 suri
656 5258 815 5312 sunt;
868 5255 926 5300 ιιι
955 5244 1238 5302 lentemini
1267 5255 1447 5298 utrum
1485 5246 1538 5298 in
1585 5244 1779 5300 timore
1823 5260 2099 5315 pinnarum

502 5355 532 5393 a
561 5341 666 5396 lida
697 5339 985 5404 accedere,
1017 5355 1084 5392 an
1125 5353 1226 5409 pro
1257 5352 1444 5393 an'iore
1473 5336 1674 5392 Christi
1707 5340 1844 5393 mori
1891 5339 2100 5396 delibe-

502 5431 650 5484 relis.
671 5430 736 5484 Et
767 5431 1012 5486 habebitis
1033 5432 1418 5485 tribulationem
1439 5430 1618 5484 diebus
1638 5431 1832 5485 decem.
1861 5432 2099 5503 Tempus

505 5535 612 5588 quo
660 5521 776 5576 huic
817 5523 1122 5591 persecutio
1161 5523 1442 5578 crudelius
1489 5523 1744 5579 saevitura
1777 5535 1956 5594 esset,
2003 5526 2098 5582 dc-

507 5615 853 5668 monstravit.
905 5615 1030 5669 Esto
1076 5616 1245 5684 ﬁdelis
1291 5633 1450 5688 usque
1495 5617 1570 5672 ad
1591 5631 1801 5674 mortem
1829 5663 1842 5684 ,
1885 5631 1932 5676 et
1961 5621 2102 5676 dabo.

2207 4684 2368 4732 erant
2388 4675 2632 4732 bairetici
2662 4680 2880 4748 nuptias
2903 4681 3262 4746 detestantes,
3291 4683 3561 4740 docentes
3583 4700 3662 4751 μω
3685 4682 3782 4736 lide-

2209 4772 2311 4838 lcs,
2337 4781 2394 4828 ut
2415 4773 2848 4846 quibuscumque
2875 4776 3100 4843 vellent,
3126 4777 3500 4834 miscerentur
3528 4795 3674 4837 more
3687 4779 3782 4835 bii.

2208 4865 2428 4921 tiarum.
2459 4866 2612 4924 Sicut
2637 4883 2766 4938 ergo
2799 4886 2894 4940 per
2923 4869 3228 4926 doctrinam
3259 4871 3508 4940 Balaam,
3532 4873 3625 4927 lilii
3650 4871 3782 4926 Israel

2209 4961 2264 5018 in
2305 4959 2679 5020 fornicationis
2729 4966 2932 5021 malum
2981 4966 3192 5036 delapsi
3223 4979 3378 5034 auttl,
3411 4979 3636 5038 promer
3669 4963 3782 5040 quod

2209 5056 2362 5110 multi
2391 5071 2582 5111 eorum
2617 5057 2892 5126 perierunt
2914 5100 2929 5126 ,
2957 5060 3032 5114 ita
3065 5070 3122 5116 et
3151 5061 3422 5118 nicolaita:
3451 5061 3712 5133 qttosdam
3733 5073 3782 5114 ex

2208 5151 2478 5221 ﬁdelibus,
2515 5156 2604 5225 qui
2634 5154 2774 5224 apud
2801 5155 3126 5226 Pergamum
3156 5164 3338 5222 erant,
3365 5171 3462 5212 sua
3497 5173 3662 5226 prava
3683 5155 3784 5210 det-

2205 5250 2344 5304 trina
2387 5252 2440 5304 in
2471 5249 2847 5305 fornicationis
2898 5251 3102 5304 malum
3146 5249 3504 5320 dejecerunt,
3557 5251 3782 5306 ducentes

2202 5357 2298 5400 eos
2329 5351 2388 5398 ut
2410 5345 2560 5400 auito
2583 5344 2744 5399 modo
2768 5360 2826 5400 se
2851 5345 3068 5400 vinculo
3085 5345 3352 5418 conjugali
3379 5344 3653 5402 irretirent
3677 5341 3780 5398 :seil

2205 5437 2638 5509 quibuscumque
2693 5439 2914 5504 vellent,
2969 5440 3168 5506 passim
3229 5442 3617 5496 miscerentur.
3655 5437 3779 5506 Quod

2204 5538 2388 5586 autem
2437 5532 2610 5589 dicit:
2660 5532 2839 5588 Habeo
2887 5531 3162 5589 adversum
3203 5543 3250 5588 te
3293 5550 3496 5605 putica,
3543 5531 3782 5604 signiﬁcat

2205 5637 2407 5692 paucos
2450 5639 2515 5680 ex
2555 5624 2804 5682 ﬁdelibus
2825 5628 2894 5682 ab
2915 5627 3188 5684 haereticis
3213 5642 3338 5684 esse
3367 5627 3648 5700 deceptus.

569 5799 595 5833 ιι
620 5791 716 5850 llic
748 5799 924 5849 textus
945 5791 997 5846 in
1029 5789 1158 5850 edit.
1180 5795 1418 5868 reiectus
1442 5791 1612 5853 fuerat
1641 5803 1764 5866 post
1792 5793 1974 5868 verba,
2009 5801 2230 5858 tolerare
2260 5815 2429 5875 posset
2459 5821 2478 5860 :
2507 5805 2600 5864 sed
2627 5815 2816 5864 contra
2839 5809 3218 5868 auctoritatem
3251 5827 3388 5871 mss.

3898 5649 3901 5776 4
