3944 6310
560 310 666 366 ’785

1546 296 1636 353 AD
1674 293 1908 353 OPEllA
1950 293 2008 351 S.
2050 291 2379 355 AMBROSII
2417 291 2786 351 APPENDIX.
3694 298 3764 359 784

550 423 735 496 gnari;
785 428 843 477 ut
875 434 971 489 per
1011 416 1275 473 calculum
1318 413 1558 470 caelestis
1589 413 1762 482 patria
1785 454 1799 479 ,
1828 426 1926 483 per
1954 425 2151 466 nomen
2181 411 2235 473 Α
2259 422 2376 469 tans
2394 428 2540 468 renes
2562 420 2609 466 et
2636 410 2813 465 corda.
2848 406 2954 465 Per
2982 422 3143 465 renes
3181 407 3275 480 qui
3295 407 3428 462 intra
3454 420 3625 481 corpus
3644 416 3767 469 conti-

551 532 684 570 vcro
716 516 770 569 in
802 528 867 568 eo
893 511 1153 581 scriptum
1180 505 1460 564 beatitudo
1504 506 1750 562 cmlestis
1788 504 1977 576 patria:
2021 505 2155 576 figu-

550 618 720 666 retur.
756 608 867 663 [loc
913 621 1042 678 ergo
1085 618 1282 660 nomen
1324 604 1507 659 nullus
1548 601 1680 667 scit,
1708 602 1812 658 nisi
1839 602 1929 674 qui
1960 602 2155 673 accipit

547 705 851 766 calculum;
880 701 1002 771 quia
1025 707 1227 770 quanta
1250 698 1321 754 sit
1350 697 1439 752 illa
1462 697 1703 753 caelestis
1729 696 2007 752 beatitudo
2034 695 2155 751 nul-

547 796 631 850 lus
658 793 795 849 scire
827 791 1121 863 praevalet,
1155 789 1261 846 nisi
1304 790 1397 862 qui
1441 790 1507 845 ad
1541 788 1681 845 hanc
1710 790 1998 859 pervenire
2038 804 2152 844 me-

544 888 738 955 ruerit,
758 887 897 943 sicut
922 886 1055 941 dicit
1078 884 1265 940 Esaias
1292 889 1558 958 prOpheta
1594 902 1607 939 :
1638 884 1836 940 Oculus
1874 884 2150 951 nonvidit,

544 980 715 1050 Deus,
773 982 961 1052 absque
1002 989 1080 1047 te,
1131 994 1247 1050 qua:
1292 980 1601 1051 praeparasti
1654 978 2060 1050 exspectantibus
2107 986 2155 1032 te

545 1075 695 1147 (Esa.
738 1090 881 1141 LXIV,
920 1072 1002 1145 4).

609 1170 792 1242 (Vers.
819 1168 1006 1233 18,19.
1040 1168 1058 1237 )
1081 1166 1151 1223 Et
1177 1169 1360 1241 angelo
1385 1167 1648 1241 Thyatira:
1670 1167 1919 1222 Ecclesiae
1946 1167 2109 1222 scribe
2134 1180 2153 1223 :

542 1266 673 1323 Hcec
721 1265 846 1320 dicit
886 1262 1061 1318 Filius
1105 1264 1224 1329 Dei,
1266 1266 1353 1333 qui
1390 1264 1542 1318 habet
1569 1264 1746 1317 oculos
1789 1272 1846 1317 ut
1885 1265 2151 1334 ﬂammant

540 1360 703 1431 ignis,
736 1368 781 1412 et
814 1357 969 1428 pedes
994 1358 1107 1428 ejus
1134 1354 1329 1411 similes
1356 1356 1677 1410 aurichalco.
1699 1355 1837 1423 Quid
1863 1356 1961 1410 ista
1985 1356 2153 1427 signi-

537 1452 734 1518 ﬁcent,
766 1449 1017 1521 superius
1050 1447 1255 1503 dictum
1283 1455 1386 1503 cst.
1421 1447 1543 1503 Scio
1571 1462 1728 1519 apem
1757 1456 1847 1501 tua
1865 1489 1879 1513 ,
1904 1454 1949 1502 et
1977 1448 2151 1502 chari-

536 1554 695 1600 tatem
713 1586 728 1611 ,
763 1554 811 1599 et
837 1544 1012 1613 ﬁdem,
1036 1551 1085 1597 el
1112 1542 1453 1596 ministerium
1472 1581 1487 1607 ,
1520 1550 1565 1594 et
1589 1541 1887 1610 patientiam
1918 1552 2080 1604 tuam,
2106 1552 2151 1597 et

541 1656 703 1711 opera
745 1648 833 1691 tua
872 1636 1148 1692 novissima
1179 1636 1332 1706 plura
1375 1634 1652 1704 prioribus.
1689 1635 1787 1690 Hie
1832 1650 1930 1705 per
1966 1635 2150 1690 omnia

540 1732 815 1797 laudatur,
841 1730 936 1787 sed
962 1731 1099 1786 sicut
1140 1730 1420 1801 sequentia
1452 1729 1805 1785 manifestant
1829 1772 1845 1795 ,
1878 1730 1994 1784 sola
2020 1728 2151 1784 taei-

539 1826 817 1883 turnitatis
841 1825 999 1895 culpa
1030 1824 1084 1878 in
1124 1838 1191 1877 eo
1221 1822 1585 1893 redarguitur.

616 1919 797 1992 (Vers.
824 1916 943 1988 20.)
980 1916 1087 1972 Sed
1132 1918 1295 1971 habeo
1338 1916 1608 1971 adversum
1638 1926 1686 1970 te
1706 1958 1720 1981 ,
1750 1918 1869 1986 quia
1896 1915 2151 1986 permittis

542 2014 807 2068 mulierem
844 2010 1083 2077 Iezabel,
1116 2024 1233 2082 qua:
1276 2026 1329 2065 se
1369 2011 1491 2064 dicit
1518 2010 1801 2082 prapheten
1828 2053 1843 2077 ,
1875 2010 2061 2064 docere
2106 2017 2152 2063 et

536 2107 782 2163 seducere
800 2122 970 2161 servos
999 2120 1158 2167 meos,
1189 2104 1461 2174 fornicari,
1489 2112 1539 2157 et
1562 2103 1878 2157 manducare
1901 2100 2153 2156 deidolo-

538 2201 722 2273 thytis.
756 2199 882 2255 llaec
912 2198 1128 2263 mulier,
1159 2212 1281 2268 qua:
1310 2195 1531 2251 Jezabcl
1562 2195 1900 2265 impiissimae
1929 2209 2153 2266 compa-

536 2306 720 2361 ratur,
753 2294 876 2351 ideo
905 2309 965 2350 se
996 2292 1297 2364 proplieten
1340 2290 1676 2346 mendaciter
1715 2290 2023 2345 afﬁrmabat
2048 2329 2061 2354 ,
2096 2297 2153 2344 ut

538 2390 752 2447 facilius
795 2389 899 2445 sub
945 2387 1226 2459 religionis
1276 2384 1497 2441 nomine
1528 2384 1719 2440 falsam
1766 2384 2069 2440 doctrinam
2098 2384 2152 2439 in

539 2484 800 2556 populum
829 2482 923 2538 Dei
954 2481 1331 2536 introduceret
1362 2496 1374 2531 :
1419 2486 1474 2532 et
1502 2477 1645 2531 sicut
1669 2475 1891 2533 .lezabel
1925 2476 2154 2547 cogebat

541 2577 802 2650 populum
832 2576 929 2632 Dei
958 2575 1225 2630 culturam
1254 2572 1351 2627 Dei
1381 2572 1644 2626 deserere
1668 2614 1682 2639 ,
1732 2579 1787 2624 et
1816 2569 1958 2624 idola
1988 2582 2152 2624 vene-

543 2672 655 2727 rari
680 2689 696 2737 ;
747 2671 819 2726 ita
851 2679 906 2726 et
935 2669 1052 2724 haec
1078 2667 1338 2739 populum
1371 2666 1462 2722 Dei
1491 2680 1521 2719 a
1546 2666 1758 2719 cultura
1783 2664 1877 2718 Dei
1903 2704 1918 2730 ,
1950 2662 2001 2717 id
2032 2670 2149 2728 est,

538 2783 567 2820 a
602 2764 708 2819 fide
742 2774 923 2830 recta,
953 2760 1259 2818 conabatur
1286 2775 1386 2830 per
1408 2772 1627 2829 pravam
1659 2756 1959 2811 doctrinam
1992 2770 2153 2824 sepa-

540 2876 682 2916 rare.
742 2856 1064 2914 Fornicatur
1116 2854 1261 2909 enim
1312 2855 1525 2919 anima,
1559 2864 1914 2921 quaecumque
1968 2864 1997 2902 a
2039 2848 2152 2903 Deo

538 2964 788 3011 creatore
819 2967 919 3007 suo
959 2949 1188 3007 recedtt.
1223 2947 1588 3018 ldolotltytum
1620 2952 1783 3000 vocat
1810 2942 1974 3010 illud,
2006 2942 2150 3014 quod

543 3048 704 3103 idolis
748 3055 867 3101 erat
910 3052 1313 3099 consecratum.
1350 3040 1587 3096 Docebat
1617 3040 1760 3095 enim
1810 3037 1926 3093 haec
1960 3037 2153 3091 mulier

544 3138 682 3194 nihil
727 3152 927 3193 nocere
968 3134 1251 3202 fidelibus,
1283 3135 1326 3189 si
1373 3131 1727 3189 comedercnt
1752 3146 1981 3197 carnes,
2030 3145 2150 3201 qua:

543 3230 704 3286 idolis
736 3229 1180 3285 immolabantur.

616 3322 799 3395 (Vers.
828 3319 946 3392 21.)
974 3319 1044 3375 Et
1064 3319 1185 3375 dedi
1212 3319 1293 3375 illi
1314 3328 1512 3391 tempus
1538 3360 1551 3384 ,
1575 3328 1627 3373 ut
1651 3318 2001 3386 paenitentiam
2026 3333 2154 3387 age-

548 3429 657 3485 ret,
688 3426 739 3473 et
783 3433 887 3472 non
914 3417 1022 3471 uult
1054 3416 1300 3487 pamitere
1329 3433 1359 3469 a
1390 3414 1821 3484 [oruicationibus
1843 3415 1971 3469 suis.
2005 3413 2158 3470 Sicut

545 3524 602 3571 et
630 3513 822 3569 beatus
850 3512 952 3568 Job
997 3510 1067 3567 de
1096 3511 1261 3581 impio
1294 3509 1425 3564 dicit
1459 3527 1471 3562 :
1507 3509 1661 3563 Dedit
1689 3509 1769 3563 illi
1797 3507 1939 3561 Deus
1985 3508 2155 3562 locum

543 3606 890 3680 paenitentia,
920 3612 968 3660 et
998 3604 1089 3659 ille
1133 3603 1322 3658 abusus
1373 3620 1432 3657 eo
1464 3614 1538 3656 est
1586 3602 1640 3656 in
1683 3602 1978 3674 superbiam
2011 3600 2153 3672 (Job.

542 3715 696 3767 xxtv,
722 3696 840 3770 25).

614 3794 795 3871 (Vers.
830 3793 919 3858 22,
955 3792 1073 3863 25.)
1118 3789 1255 3846 Ecce
1299 3790 1445 3845 mitto
1495 3806 1607 3844 eam
1634 3789 1690 3843 in
1722 3788 1913 3843 lectum
1936 3829 1952 3857 ,
1986 3796 2033 3843 et
2070 3789 2155 3860 qui

545 3890 867 3946 sumebantur
896 3906 1011 3944 cum
1033 3905 1094 3943 ea
1116 3928 1130 3953 ,
1160 3886 1216 3940 in
1255 3883 1589 3939 tribulatione
1624 3884 1884 3948 maxima,
1919 3884 2020 3939 nisi
2050 3900 2157 3955 pae-

547 3984 813 4039 nitentiam
836 3983 1058 4053 egerint,
1093 3991 1137 4035 et
1165 3980 1305 4049 ﬁlios
1331 3981 1445 4051 ejus
1467 3977 1775 4047 interﬁciam
1800 3988 1983 4032 morte.
2018 3976 2159 4033 Ecce

472 4108 475 4111 »
550 4076 797 4140 mulieri,
834 4083 885 4129 et
932 4073 1059 4127 filiis
1103 4072 1222 4141 ejus
1248 4070 1587 4142 pmnitentite
1619 4070 1775 4126 locus
1824 4070 2004 4125 nullus
2033 4084 2158 4141 pro-

552 4169 805 4233 mittitur,
830 4181 898 4221 eo
938 4164 1085 4236 quod
1115 4164 1451 4234 paenitentia:
1483 4173 1693 4234 tempus
1731 4178 1761 4217 a
1791 4164 1901 4219 Deo
1941 4162 2045 4218 sibi
2078 4162 2161 4218 in-

553 4262 761 4318 dultum
791 4258 1098 4329 Spreverint
1125 4274 1138 4309 :
1173 4256 1238 4311 iis
1261 4264 1441 4312 autem
1471 4255 1561 4326 qui
1595 4255 2006 4311 moecbabantur
2034 4271 2158 4310 cum

558 4369 655 4420 ea,
684 4351 861 4406 adhuc.
888 4349 1043 4405 locus
1074 4348 1407 4418 pmnitentize
1450 4348 1864 4419 repromittitur.
1895 4347 2162 4404 Videntur

557 4460 688 4515 ergo
715 4442 844 4498 mibi
871 4441 930 4509 ii,
949 4440 1041 4511 qui
1064 4439 1474 4495 mmcbabantur
1492 4456 1617 4495 cum
1637 4455 1723 4507 ea,
1741 4456 1836 4495 eos
1852 4439 2159 4511 designare,

556 4538 647 4609 qui
671 4535 854 4608 pravis
884 4533 1002 4603 ejus
1031 4531 1431 4588 assertionibus
1464 4532 1710 4588 faventes
1735 4574 1751 4599 ,
1786 4548 1887 4589 nec
1912 4532 2040 4588 dum
2068 4550 2161 4588 au-

2258 518 2479 572 nentur,
2510 513 2567 561 et
2588 519 2659 562 ex
2687 502 2884 574 quibus
2928 501 3097 558 libido
3144 501 3444 574 procedere
3469 498 3656 571 dicitur,
3683 521 3768 577 pec.

2255 610 2372 655 cata
2388 597 2703 655 abscondita
2723 614 2737 651 :
2760 612 2856 666 per
2875 596 3040 651 corda
3062 604 3241 651 autem
3257 593 3596 665 cogitationes
3609 600 3768 655 occulta:

2254 691 2629 763 designantur.
2658 690 2721 746 Et
2749 698 2833 745 est
2856 702 3085 746 sensus:
3118 687 3187 743 Et
3208 688 3394 754 scient,
3416 686 3639 745 videlicet
3655 690 3692 745 in
3712 691 3769 749 die

2249 786 2436 857 judicii
2462 828 2476 854 ,
2508 784 2723 858 quando
2743 794 2800 841 et
2824 786 2936 856 ipsa
2970 784 3187 852 mulier,
3220 792 3276 838 ct
3306 797 3497 839 omnes
3520 784 3598 853 qui
3622 784 3772 857 decepti

2255 888 2381 936 sunt
2418 879 2486 935 ab
2514 895 2608 945 ea,
2638 879 3041 935 damnabuntur
3063 895 3079 946 ;
3104 892 3301 934 omnes
3340 875 3603 945 Ecclesia,
3639 877 3772 946 idest,

2254 989 2446 1031 omnes
2485 974 2576 1045 qui
2609 972 2908 1029 christiano
2938 973 3158 1029 nomine
3183 981 3507 1040 censentur,
3532 987 3624 1028 non
3654 974 3776 1031 solum

2255 1067 2436 1131 electi,
2466 1067 2559 1124 sed
2584 1068 2745 1123 etiam
2771 1068 2934 1142 508
2960 1067 3200 1140 reprobi,
3226 1067 3347 1138 quia
3368 1083 3461 1140 ego
3488 1084 3590 1121 sum
3612 1076 3776 1125 scrutari

2253 1178 2401 1218 renes
2429 1172 2477 1217 et
2521 1162 2712 1226 corda,
2744 1161 2795 1216 id
2830 1170 2949 1226 est,
2980 1178 3087 1217 non
3134 1160 3313 1216 solum
3347 1171 3562 1231 peccata
3586 1177 3685 1232 qua:
3715 1180 3777 1232 pa-

2256 1262 2390 1321 tent,
2420 1253 2780 1311 verumetiam
2808 1262 2863 1309 et
2892 1268 3013 1323 quae
3038 1252 3244 1308 latent:
3269 1250 3368 1309 sed
3403 1261 3459 1307 et
3486 1250 3617 1322 ipsas
3639 1254 3780 1325 cogita-

2257 1348 2433 1403 tiones
2466 1348 2703 1413 intueor,
2736 1355 2791 1403 et
2821 1347 2871 1401 in
2902 1346 2990 1402 illa
3017 1345 3108 1402 die
3130 1345 3269 1402 dabo
3299 1345 3585 1417 unicuique
3608 1361 3781 1405 vestrum

2255 1441 2552 1497 secundum
2576 1456 2742 1511 opera
2772 1449 2971 1496 vestra.

2326 1532 2508 1604 (Vers.
2541 1532 2661 1604 24.)
2700 1532 2857 1588 Vobis
2888 1543 3061 1589 autem
3090 1544 3115 1571 δ
3145 1535 3265 1589 dico
3290 1534 3496 1592 cwteris
3515 1577 3529 1602 ,
3563 1536 3642 1607 qui
3666 1535 3784 1609 Tityr-

2257 1639 2386 1698 tyrre
2414 1630 2560 1694 estis,
2592 1628 2905 1700 quicumque
2930 1646 3033 1684 non
3062 1629 3255 1685 habent
3277 1630 3566 1685 doctrina»:
3592 1630 3783 1701 hanc,qu

2262 1738 2363 1775 non
2393 1731 2740 1793 cognoverunt
2780 1721 3108 1777 altitudinem
3158 1732 3392 1789 satana,
3440 1722 3785 1793 quemadmodum

2179 1812 2227 1872 B
2254 1814 2332 1867 illi
2359 1813 2558 1882 dicunt,
2585 1830 2685 1869 nou
2717 1815 2920 1868 mittam
2966 1831 3121 1886 super
3163 1831 3253 1870 vos
3298 1815 3456 1870 aliud
3498 1816 3691 1887 pondus.
3714 1814 3785 1870 Hoc

2254 1908 2397 1978 quod
2423 1908 2587 1975 dicit,
2619 1908 2838 1964 videtur
2876 1908 3006 1964 mibi
3035 1926 3144 1965 non
3173 1909 3241 1965 ad
3274 1910 3578 1965 doctrinam
3614 1910 3789 1966 mulieris

2257 2010 2487 2065 tantum,
2517 2000 2613 2056 sed
2645 2001 2710 2055 ad
2742 2001 2906 2057 falsos
2931 2002 3217 2073 apostolos
3240 2002 3539 2071 pertinere,
3566 2003 3643 2072 qui
3676 2003 3787 2057 doce-

2263 2092 2394 2148 bant
2419 2108 2536 2161 eos,
2567 2094 2656 2164 qui
2702 2110 2767 2149 ex
2800 2095 3054 2165 gentibus
3076 2094 3466 2164 crediderant,
3501 2104 3558 2151 ut
3582 2098 3629 2150 in
3652 2095 3787 2168 Legem

2262 2196 2319 2242 et
2364 2187 2841 2244 circumcisionem
2891 2197 3260 2245 verterentur.
3318 2189 3387 2244 Et
3436 2191 3560 2258 quia
3596 2188 3789 2245 Judeide

2262 2278 2425 2351 Legis
2451 2280 2800 2336 observantia
2830 2282 3244 2352 superbiebant,
3277 2292 3332 2337 et
3362 2291 3493 2354 post
3514 2283 3790 2353 Evangrlium

2255 2372 2439 2429 datum
2497 2374 2746 2430 custodia
2792 2375 2955 2445 Legis
2995 2376 3300 2431 secundum
3350 2377 3589 2433 litteram
3616 2377 3792 2431 nibilrst

2255 2468 2399 2524 aliud
2425 2485 2587 2539 quam
2621 2470 2861 2525 servitus
2887 2470 3091 2526 diaboli
3118 2488 3132 2537 ;
3160 2485 3460 2541 possumus
3500 2485 3589 2540 per
3616 2469 3795 2525 altitude

2257 2576 2382 2617 nem
2426 2572 2654 2627 satanm,
2706 2564 2876 2633 ipsam
2927 2563 3163 2635 Legem,
3194 2563 3241 2619 si
3263 2564 3565 2620 carnaliter
3586 2566 3793 2634 impletur,

2258 2656 2590 2728 intelligere.
2630 2656 2786 2726 Quod
2815 2658 2976 2728 igitur
3025 2657 3179 2723 dicit,
3234 2659 3341 2714 tale
3387 2668 3519 2714 est:
3556 2658 3688 2714 Vobis
3719 2658 3795 2713 dira

2257 2750 2476 2815 cu’leris,
2510 2750 2599 2821 qui
2628 2748 2897 2822 Thyatirw
2926 2752 3083 2819 estis;
3109 2750 3372 2807 videlicet
3402 2752 3497 2823 qui
3528 2752 3579 2807 in
3606 2751 3694 2807 fide
3716 2767 3795 2821 per-

2256 2843 2471 2897 stitistis
2495 2862 2508 2898 :
2534 2843 2838 2915 quicumque
2856 2861 2958 2898 non
2973 2843 3160 2899 habent
3183 2844 3483 2899 doctrinam
3505 2846 3647 2912 hanc,
3664 2844 3706 2900 id
3722 2855 3796 2909 est,

2255 2935 2347 3005 qui
2380 2950 2485 2989 non
2524 2946 2853 3007 receperunt
2879 2937 3183 2992 doctrinam
3214 2938 3363 2993 illius
3395 2940 3638 3009 pessimae
3662 2939 3797 2995 ωιληε-

2256 3031 2333 3085 ris
2366 3031 2492 3100 :qui
2520 3049 2623 3086 non
2675 3044 3023 3106 cognoverunt
3058 3035 3393 3091 altitudinem
3438 3047 3646 3105 satana,
3678 3053 3800 3105 qum

2254 3126 2536 3180 admodum
2574 3126 2655 3180 illi
2697 3128 2909 3195 dicunt,
2957 3129 3009 3184 id
3040 3140 3125 3185 est
3155 3129 3249 3201 qui
3279 3129 3493 3203 Legem
3530 3148 3627 3188 non
3666 3146 3800 3186 susce-

2175 3212 2221 3276 C
2256 3228 2482 3288 perunt,
2508 3221 2965 3290 quemadmodum
2991 3222 3113 3278 falsi
3141 3224 3383 3294 apostoli
3414 3224 3631 3292 dicunt,
3654 3234 3702 3279 ut
3720 3237 3798 3279 eam

2259 3311 2551 3367 carnaliter
2576 3313 2877 3383 impleant:
2905 3326 3233 3388 receperunt
3259 3316 3491 3389 quidem
3523 3335 3653 3387 eam,
3672 3316 3800 3387 utspi-

2258 3404 2531 3459 ritualitcr
2560 3405 2826 3476 impleant
2853 3423 2867 3473 ;
2911 3423 3018 3463 non
3054 3420 3387 3479 receperunt
3418 3420 3601 3468 autern
3628 3420 3801 3471 canunt

2258 3499 2557 3556 carnaliter
2580 3501 2894 3559 custodiant
2923 3504 3064 3577 (Act.
3094 3521 3187 3572 xv,
3223 3506 3300 3576 1).
3331 3505 3503 3563 Verbi
3543 3507 3696 3580 gratia
3720 3523 3731 3559 :
3755 3504 3802 3559 illi

2258 3590 2550 3659 dicebant,
2597 3594 2723 3667 quia
2758 3596 2861 3651 nisi
2902 3598 3309 3655 circumcidatis
3355 3616 3587 3658 carnem
3619 3596 3803 3672 prchutii

2258 3690 2447 3758 vestri,
2473 3706 2579 3744 non
2624 3692 2855 3762 potestis
2884 3693 3015 3747 salvi
3047 3692 3163 3749 fieri
3200 3711 3213 3747 :
3247 3694 3336 3750 isti
3368 3712 3481 3751 aut.
3508 3711 3556 3753 ’Β
3591 3692 3807 3753 τίτωωεί·

2258 3783 2469 3839 sionem
2495 3799 2600 3840 non
2626 3786 2944 3853 carnaliter,
2969 3787 3064 3844 sed
3092 3788 3456 3859 spiritualiter
3485 3790 3803 3862 intelligentcs,

2258 3879 2725 3936 circumcidebant
2754 3897 2785 3937 a
2816 3883 3077 3938 cordibus
3100 3894 3155 3940 et
3182 3899 3213 3939 a
3249 3900 3423 3943 carne
3446 3902 3550 3943 sua
3578 3887 3733 3941 omnia
3755 3884 3807 3935 r3-

2261 3973 2355 4027 tia.
2381 3973 2460 4029 Illi
2490 3975 2765 4045 dicebant,
2794 3985 2850 4031 ut
2877 3990 3166 4034 servarent
3207 3981 3500 4037 sabbatum
3519 4025 3535 4046 ,
3563 3981 3684 4036 nihil
3706 3980 3745 4034 in
3764 3991 3806 4033 eo

2262 4065 2528 4122 facientes
2574 4070 2757 4137 cperis
2791 4086 2803 4123 :
2836 4071 2922 4125 isti
2953 4087 3082 4127 vero
3131 4088 3295 4128 omne
3343 4085 3567 4147 tempus
3607 4076 3711 4130 vitae
3733 4086 3807 4127 sua

2263 4178 2362 4231 pro
2390 4163 2620 4219 sabbato
2663 4165 3024 4235 accipientes,
3071 4168 3140 4222 ab
3166 4170 3315 4224 omni
3357 4186 3533 4242 opere
3560 4170 3750 4232 servili,
3773 4163 3808 4220 id

2263 4267 2370 4324 est,
2403 4273 2431 4312 a
2462 4258 2721 4328 peccatis,
2746 4259 2799 4315 in
2832 4271 3092 4333 quantum
3129 4276 3423 4334 poterant,
3471 4268 3729 4323 abstinere
3745 4280 3809 4319 cu-

2264 4347 2477 4404 rabant.
2530 4349 2652 4405 Non
2689 4351 2886 4407 mittam
2909 4371 3067 4425 super
3097 4371 3185 4411 uos
3216 4359 3366 4412 aliud
3405 4362 3635 4429 pondus,
3661 4359 3704 4414 id
3725 4365 3809 4420 est.

2265 4439 2356 4511 qui
2397 4442 2448 4497 in
2479 4441 2582 4499 title
2612 4445 2951 4515 perstitistis,
2978 4449 3070 4519 qui
3119 4449 3283 4507 falsos
3307 4455 3594 4522 apostolos
3630 4468 3718 4508 non
3754 4464 3813 4505 ro-

2265 4536 2507 4607 cepistis.
2541 4536 2657 4593 Non
2701 4540 2913 4596 mittam
2958 4556 3121 4613 super
3167 4559 3263 4601 vos
3310 4546 3458 4602 aliud
3488 4548 3707 4618 pondus,
3741 4540 3813 4599 nisi

562 4644 668 4689 tem
693 4647 760 4687 ex
795 4629 980 4686 totoin
1006 4628 1214 4684 foveam
1240 4628 1458 4683 malitim
1490 4627 1610 4699 ejus
1640 4626 1872 4683 demersi
1906 4630 2121 4683 fuerant
2147 4645 2160 4685 ε
2188 4617 2242 4679 Ι)
2268 4629 2412 4700 qund
2441 4629 2510 4685 ab
2538 4633 2802 4701 apostolis
2829 4646 3157 4707 praeceptum
3186 4647 3271 4693 est
3302 4640 3458 4696 vobis
3476 4617 3498 4708 ;7
3521 4651 3579 4697 ut
3603 4641 3813 4697 abstinea-

562 4741 656 4797 per
686 4724 826 4779 tilios
856 4733 1037 4778 autem
1065 4721 1182 4791 ejus
1221 4735 1314 4776 eos
1344 4719 1652 4791 designari,
1680 4721 1770 4791 qui
1806 4720 1914 4792 jam
1946 4736 2017 4776 ex
2049 4730 2162 4777 toto

561 4820 631 4876 ab
658 4835 719 4877 ea
741 4818 953 4887 decepti
979 4815 1430 4874 medicamentum
1450 4815 1807 4870 correctionis
1834 4815 1983 4871 nullo
2001 4816 2163 4873 modo

564 4912 812 4984 recipere
842 4910 1116 4967 volebant.
1161 4910 1263 4966 Per
1295 4910 1490 4965 lectum
1521 4918 1699 4964 autem
1731 4911 1783 4964 in
1826 4925 1931 4981 quo
1972 4910 2164 4966 mulier

565 5005 825 5063 mittenda
854 5010 1003 5069 erat,
1052 5002 1296 5058 infernus
1326 5001 1661 5070 designatur,
1689 5001 1740 5055 in
1781 5017 1890 5072 quo
1920 5002 2167 5072 sepultus

565 5113 649 5159 est
673 5111 727 5158 et
771 5101 922 5156 dives
948 5140 963 5163 ,
995 5099 1064 5154 de
1103 5113 1212 5168 quo
1256 5095 1382 5150 dicit
1431 5096 1690 5150 Dominus
1722 5095 1773 5149 in
1821 5096 2114 5167 Evangelia
2148 5112 2164 5150 :

570 5196 807 5251 Mortuus
846 5204 920 5249 est
948 5201 1117 5247 autem
1156 5200 1204 5245 et
1232 5189 1400 5256 dives,
1427 5198 1472 5243 et
1501 5186 1728 5260 sepultus
1768 5197 1843 5243 est
1872 5188 1925 5243 in
1960 5190 2167 5261 inferno

571 5295 725 5365 (Luc,
758 5304 867 5353 xu,
894 5286 1009 5358 22).
1044 5284 1146 5339 Per
1176 5280 1579 5337 tribulationem
1603 5295 1732 5336 vero
1756 5281 2043 5335 maximam
2062 5323 2076 5346 ,
2112 5281 2164 5336 in

573 5402 677 5456 qua
708 5382 940 5456 ponendi
971 5385 1158 5443 erant,
1200 5376 1291 5447 qui
1340 5373 1751 5430 mmeltabantur
1788 5392 1907 5431 eum
1937 5391 2029 5441 ea,
2063 5375 2165 5430 nisi

578 5478 946 5548 paenitentiam
989 5482 1245 5545 agerent;
1293 5478 1347 5523 et
1392 5484 1490 5539 per
1538 5478 1766 5523 mortem
1815 5470 1866 5523 in
1915 5485 2019 5540 qua
2074 5469 2165 5524 lilii

573 5569 689 5640 ejus
734 5567 1085 5624 interficiendi
1134 5571 1321 5623 erant.
1368 5560 1557 5616 eadem
1593 5560 1787 5616 inferni
1822 5577 1979 5631 pinna
2025 5560 2169 5618 desi-

570 5671 783 5734 gnatur.
817 5659 886 5714 Et
904 5659 1061 5714 scient
1083 5673 1258 5712 omnes
1287 5653 1535 5710 Ecclesiae
1556 5694 1571 5720 ,
1601 5654 1722 5724 quia
1749 5670 1840 5725 ego
1870 5672 1981 5708 sum
2019 5673 2167 5712 scru-

2271 4724 2340 4777 tis
2369 4738 2467 4780 vos
2509 4725 2577 4780 ab
2606 4726 2771 4793 escis,
2805 4744 2928 4799 quae
2958 4730 3121 4787 idolis
3152 4732 3533 4801 immolantur,
3570 4745 3624 4794 et
3646 4752 3674 4791 a
3694 4734 3813 4791 sudo-

2271 4827 2413 4883 cato,
2443 4828 2497 4875 et
2518 4820 2801 4890 sanguine,
2830 4833 2885 4879 et
2908 4824 3269 4883 fornicatione
3299 4828 3467 4903 (Ibid.
3502 4830 3621 4899 29).

2345 4912 2525 4983 (Vers.
2568 4912 2690 4987 25.)
2755 4914 3117 4975 Verumtamen
3148 4922 3203 4975 id
3244 4924 3388 4993 quod
3425 4926 3645 4991 habetis,
3682 4932 3812 4981 tende.

2274 5004 2434 5059 donec
2456 5006 2668 5060 veniam.
2702 5008 2780 5063 Ac
2823 5010 2869 5064 si
2902 5010 3148 5067 diceret:
3179 5014 3315 5081 Quia
3346 5019 3561 5086 parvuli
3607 5019 3750 5082 estis,
3780 5024 3816 5070 et

2275 5095 2357 5151 lac
2387 5097 2540 5152 vobis
2564 5115 2701 5170 opus
2731 5113 2850 5170 est,
2898 5119 3006 5159 non
3048 5106 3255 5162 solidus
3307 5110 3488 5179 cibus,
3517 5112 3673 5168 tidem
3701 5123 3814 5182 quam

2274 5188 2563 5259 didicistis,
2618 5203 2821 5264 tenete,
2857 5196 3032 5255 donec
3059 5202 3308 5270 veniam;
3336 5213 3395 5259 ut
3433 5221 3538 5276 per
3582 5206 3815 5278 aspiratio-

2277 5286 2360 5341 nis
2401 5303 2539 5344 rncao
2591 5292 2823 5361 gratiam
2847 5292 2913 5348 ad
2957 5292 3148 5351 altiora
3172 5312 3339 5369 opera
3371 5299 3638 5357 virtutum
3662 5294 3815 5371 agenda

2272 5395 2371 5436 vos
2394 5397 2703 5451 provocem.

2347 5472 2529 5545 (Vers.
2560 5477 2651 5537 26.
2679 5479 2771 5544 27,
2817 5480 2935 5553 28.)
2978 5480 3044 5537 Et
3080 5484 3165 5552 qui
3208 5485 3418 5553 vicerit,
3472 5501 3527 5544 et
3570 5486 3817 5545 custodierit

2275 5581 2437 5636 usque
2463 5568 2517 5622 in
2543 5570 2699 5637 ﬁnem
2746 5589 2902 5645 opera
2933 5592 3073 5645 mea,
3104 5578 3236 5631 dabo
3278 5579 3327 5633 ei
3367 5590 3671 5654 potestatem
3703 5594 3815 5650 sapt?

2274 5671 2468 5733 gentes,
2502 5674 2550 5718 et
2573 5676 2710 5737 reget
2735 5683 2820 5723 eas
2849 5670 2902 5725 in
2938 5670 3082 5744 virga
3117 5673 3305 5742 ferrea,
3330 5688 3380 5730 et
3404 5688 3666 5749 tamquam
3684 5694 3755 5731 ea:
3775 5672 3818 5743 ῥ-

634 5852 657 5880 “
692 5838 860 5907 Edit.,
893 5836 1008 5889 dico
1031 5875 1045 5904 ,
1075 5833 1368 5904 oratorisque
1403 5831 1491 5903 qui
1510 5830 1775 5903 Thyatirw
1807 5846 1825 5886 :
1857 5846 1989 5889 mss.
2022 5832 2140 5891 dico
2166 5836 2399 5905 «cteris;
2426 5840 2543 5911 qui,
2572 5847 2679 5897 etc.
