3944 6310
148 279 248 338 783

909 283 977 339 IN
1015 283 1489 345 APOCALYPSIN
1529 284 1917 343 EXPOSITIO.
1960 287 2050 344 DE
2088 286 2361 348 VISIONE
2400 289 2636 348 PRIMA.

3328 286 3437 346 786

143 399 248 472 guli
292 398 697 473 confringentur,
739 401 871 455 sicut
911 412 958 456 et
985 419 1078 473 ego
1125 404 1301 475 accepi
1328 420 1358 458 a
1391 401 1552 458 Patre
1590 420 1722 460 meo.
1755 403 1804 464 Α
1834 411 2004 460 totum
2030 404 2154 461 ideo
2183 405 2444 472 diximus,
2471 415 2530 463 ut
2551 407 3056 464 demonstraretnus
3078 421 3179 478 per
3200 403 3435 479 ligneam

141 491 245 549 Per
291 492 446 547 ﬁnem
476 495 529 547 in
575 492 680 550 hoc
725 494 848 551 loco
895 511 1041 552 mors
1091 499 1456 570 intelligitur:
1488 498 1730 571 quiergo

140 586 332 643 vicerit
384 586 644 643 mundum
693 598 748 645 et
789 592 1265 660 concupisrentias
1294 593 1435 664 ejus,
1464 602 1520 648 et
1546 608 1730 664 perse-

137 682 406 738 veraverit
435 695 607 752 usque
631 684 683 738 in
718 686 914 752 linem;
945 686 1164 741 dabitur
1196 687 1245 742 ei
1277 696 1516 758 potestas
1564 701 1728 759 super

136 785 354 846 gentes,
387 783 443 830 et
471 787 621 847 reget
651 791 744 834 eas
777 779 828 833 in
861 779 1010 850 virga
1043 781 1240 837 ferrea.
1277 781 1383 838 Sed
1428 791 1483 838 et
1530 781 1578 838 si
1631 799 1729 853 per

136 865 294 923 ﬁnem
338 881 484 937 mors
521 867 866 942 intelligitur,
907 875 1180 944 quomodo
1218 876 1384 933 electi
1417 888 1536 948 pust
1582 892 1727 932 mor—

133 969 235 1017 tem
267 973 460 1033 gcntes
497 962 760 1022 dicuntur
804 982 1026 1039 regere;
1064 986 1185 1024 eum
1216 971 1268 1026 itt
1303 971 1392 1026 illa
1425 972 1578 1028 beata
1619 974 1726 1029 vita

131 1058 312 1113 nullus
343 1057 434 1125 sit,
466 1059 561 1130 qui
589 1069 811 1132 regatur
839 1060 892 1116 itt
923 1063 1075 1135 virga
1106 1064 1303 1132 ferrea;
1330 1067 1418 1121 ubi
1448 1067 1586 1124 nihil
1615 1070 1727 1123 dis-

132 1160 357 1219 tortum,
389 1153 640 1226 nihilque
671 1171 897 1228 pravum
951 1159 1267 1216 invenitur?
1305 1161 1419 1217 Nisi
1473 1161 1614 1218 forte
1656 1180 1722 1219 eo

126 1261 284 1302 sensu
319 1247 712 1321 intelligamus,
741 1267 850 1324 quo
877 1253 1008 1308 illud
1039 1273 1054 1311 :
1085 1255 1187 1324 Qui
1219 1255 1371 1323 fecit,
1391 1273 1513 1329 qua:
1540 1257 1718 1314 futura

129 1348 266 1394 sunt.
297 1339 488 1397 Omnia
518 1345 667 1400 enim
695 1360 817 1417 qua:
847 1348 1145 1404 secundum
1177 1349 1597 1422 dispositionem
1621 1350 1719 1408 Dei

125 1431 292 1488 ﬁenda
322 1444 470 1501 sunt,
502 1435 558 1491 in
591 1438 1079 1508 prtedestinatione
1107 1441 1227 1513 ejus
1251 1443 1362 1513 jam
1389 1446 1544 1516 quasi
1578 1446 1718 1500 tacta

126 1525 420 1594 exsistunt;
451 1528 576 1600 quia
598 1545 704 1584 non
739 1540 920 1602 potest
947 1533 1067 1590 ﬁeri
1089 1545 1144 1589 ut
1170 1535 1486 1592 imtnutetur
1512 1537 1716 1608 aliquid

121 1633 186 1675 ex
217 1620 491 1689 omnibus,
521 1638 644 1694 quae
688 1625 878 1681 statuit
925 1625 1068 1682 Dens
1095 1635 1154 1682 ut
1185 1628 1334 1684 ﬁant.
1367 1627 1635 1685 Similiter
1662 1638 1718 1686 et

119 1713 333 1781 sanetis,
355 1729 490 1786 quos
519 1717 788 1786 praescivil
811 1719 958 1775 Deus
982 1719 1193 1776 futuros
1219 1722 1421 1792 justos,
1451 1732 1506 1779 et
1539 1725 1590 1778 in
1616 1723 1715 1779 bo-

1836 499 2046 570 virgam
2079 499 2426 571 designatam
2462 501 2630 558 luisse
2663 503 2875 574 Legem.

1905 591 1970 646 Et
1995 591 2122 664 quia
2155 595 2463 650 austeriora
2487 605 2616 651 sunt
2637 605 2911 668 praecepta
2939 596 3067 652 novi
3094 595 3434 652 Testamenti

1831 699 1990 755 qnam
2031 689 2267 754 veteris,
2322 703 2426 743 non
2481 689 2778 760 incongrue
2828 706 2925 759 per
2953 691 3159 758 virgam
3193 689 3432 746 ferream

1829 778 2209 850 Evangelinm,
2234 784 2580 854 perligneam
2607 792 2789 839 autem
2809 784 2920 840 Lex
2942 786 3236 854 liguratur.
3261 783 3320 839 In
3345 783 3437 839 illa

1828 874 2030 930 dicitur
2056 893 2069 929 ε
2100 873 2423 938 Comedetis,
2477 887 2524 931 et
2552 877 2962 945 saturabimini;
3008 878 3210 944 bibetis,
3259 887 3308 933 et
3351 877 3434 931 in-

1826 966 2186 1035 ebriabimini;
2215 969 2508 1036 dormie:is,
2538 981 2713 1025 etnon
2743 972 2840 1026 erit
2876 972 2965 1042 qui
2994 981 3254 1028 exterreat
3282 971 3432 1046 (Leu.

1825 1077 1974 1129 xxw,
2005 1061 2058 1129 5,
2095 1061 2186 1133 6);
2230 1071 2285 1118 et
2312 1062 2510 1119 iterum
2547 1081 2560 1119 :
2593 1063 2887 1119 Comedetis
2914 1065 3264 1120 vetustissima
3296 1073 3436 1120 vete—

1825 1176 1968 1225 rum,
1989 1169 2038 1215 et
2063 1168 2234 1215 vetera
2253 1161 2397 1214 novis
2418 1160 2901 1232 supervenientibus
2925 1161 3210 1234 projicietis
3237 1157 3383 1231 (Ibid
3391 1199 3431 1225 .,

1826 1253 1952 1323 l0);
1983 1263 2040 1308 et
2092 1253 2263 1307 multa
2315 1253 2420 1306 alia
2453 1267 2578 1324 quae
2621 1253 2689 1307 ad
2738 1251 3141 1308 delectationes
3187 1252 3437 1309 carnales

1823 1347 2123 1416 pertinent.
2171 1344 2267 1400 llic
2310 1353 2492 1400 autem
2541 1343 2792 1400 dicitur:
2835 1343 3010 1400 Videte
3053 1361 3116 1399 ne
3141 1353 3428 1418 graventur

1821 1443 1982 1494 corda
2012 1449 2180 1494 vestra
2206 1441 2260 1493 in
2285 1438 2505 1508 crapula
2537 1448 2582 1493 et
2610 1439 2880 1505 ebrietate,
2913 1449 2959 1492 et
2999 1438 3137 1492 curis
3187 1439 3297 1508 ejus
3333 1451 3426 1491 sa:-

1819 1535 1963 1600 culi;
1990 1544 2042 1588 et
2073 1534 2270 1593 iterum
2307 1550 2321 1587 :
2356 1534 2515 1588 Arcta
2545 1545 2590 1588 et
2629 1543 2850 1604 angusta
2886 1531 2970 1588 via
2999 1541 3106 1599 est,
3134 1549 3250 1604 qua:
3279 1531 3425 1584 ducit

1819 1624 1888 1680 ad
1917 1627 2070 1680 vitam
2091 1625 2247 1698 (Luc.
2280 1622 2576 1700 xixtvﬁl)
2601 1645 2614 1692 ;
2643 1637 2697 1683 et
2721 1626 2920 1683 Paulus
2941 1627 3226 1698 apostolus
3253 1627 3420 1682 dicit:

1820 1719 1887 1773 In
1927 1719 2169 1774 omnibus
2212 1719 2550 1774 exhibeamus
2577 1721 2924 1790 nosmetipsos
2954 1720 3085 1774 sicut
3121 1716 3224 1774 Dei
3251 1721 3436 1774 minis-

119 1810 198 1864 nis
213 1811 470 1881 operibus
495 1821 970 1883 perseveraturos,
999 1825 1126 1872 ante
1153 1825 1329 1871 ortum
1359 1817 1576 1873 illorum
1607 1817 1708 1874 hoc
1741 1801 1788 1861 B
1817 1820 1943 1876 tros,
1976 1812 2030 1866 in
2057 1812 2222 1866 ntulta
2247 1813 2518 1882 patientia,
2544 1814 2600 1868 in
2629 1813 2847 1886 vigiliis,
2878 1815 2932 1867 in
2957 1814 3180 1886 jejuniis
3205 1812 3273 1886 (ll
3301 1811 3425 1869 Cor.

118 1903 396 1972 praestitit,
431 1912 489 1958 ut
531 1905 767 1960 habeant
820 1914 1143 1976 potestatem
1182 1923 1348 1979 super
1395 1920 1609 1980 gentes,
1656 1921 1710 1967 et

116 2006 298 2067 regant
327 2011 420 2053 eas
450 1997 503 2053 in
535 1998 687 2070 virga
722 1999 931 2065 ferrea,
975 2001 1114 2057 sicut
1144 2001 1212 2057 ad
1252 2001 1581 2058 Hieremiam
1629 2002 1710 2058 lo-

120 2090 293 2164 quitur
325 2091 515 2147 dicens
543 2109 558 2147 :
590 2091 912 2165 Priusquam
943 2105 990 2150 te
1015 2099 1294 2166 formarem
1320 2099 1372 2152 in
1401 2107 1566 2164 utero,
1591 2099 1709 2152 novi

114 2196 158 2241 te
183 2203 200 2241 :
229 2195 274 2241 et
296 2197 571 2258 antequam
598 2188 763 2244 exires
789 2189 854 2244 de
873 2192 1045 2259 vulva,
1073 2193 1388 2263 sanctiﬁravi
1415 2201 1493 2260 te;
1515 2202 1563 2247 et
1592 2210 1707 2265 pro-

114 2282 305 2352 phetam
334 2281 389 2335 in
413 2279 651 2353 gentibus
673 2282 800 2336 dedi
829 2291 876 2336 te
902 2283 1124 2356 (Jerem.
1156 2301 1210 2351 v,
1243 2284 1318 2356 1).
1371 2285 1428 2340 In
1459 2285 1705 2342 secundo

117 2374 314 2444 psalmo
355 2373 622 2444 scriptum
671 2386 755 2430 est
785 2377 911 2446 quia
956 2377 1095 2432 dixit
1138 2376 1300 2433 Pater
1345 2377 1411 2432 ad
1454 2377 1652 2434 Filium
1689 2398 1703 2436 :

114 2463 322 2521 Postula
349 2483 381 2521 a
408 2483 510 2533 me,
539 2477 588 2523 et
614 2467 748 2523 dabo
776 2469 866 2524 tibi
891 2479 1064 2541 gentes
1086 2470 1437 2526 hwreditatem
1463 2480 1603 2526 tuam
1621 2515 1633 2537 ,
1656 2482 1704 2527 et

111 2560 473 2629 possessionem
501 2570 647 2616 tuam
673 2561 922 2617 terminos
949 2573 1118 2619 teme.
1156 2562 1320 2635 Reges
1351 2580 1438 2619 eos
1473 2565 1527 2619 in
1555 2565 1700 2637 virga

112 2655 289 2723 ferrea,
317 2662 583 2722 tamquam
606 2669 693 2708 vas
716 2655 866 2726 ﬁguli
887 2655 1185 2727 confringes
1213 2672 1300 2710 eos
1329 2655 1504 2728 (Psal.
1530 2672 1588 2724 tt,
1615 2656 1694 2729 8).

113 2741 263 2798 Dedit
291 2743 452 2800 Pater
501 2745 645 2801 Filio
691 2757 1051 2818 potestatem,
1104 2758 1164 2804 ut
1208 2759 1360 2820 regat
1396 2761 1590 2822 gentes
1644 2754 1696 2807 in

111 2837 251 2907 virga
283 2837 463 2894 terrea
492 2857 506 2893 :
539 2838 687 2895 dedit
712 2848 767 2894 et
788 2839 958 2896 Filius
988 2851 1312 2911 patestatetn
1350 2844 1618 2915 apostolis
1646 2854 1700 2901 et

109 2931 312 2986 cmtcris
350 2931 807 3003 prmdicatoribus
833 2974 848 2998 ,
893 2943 950 2988 ut
987 2944 1254 3006 regantet
1289 2936 1388 3006 ipsi
1418 2947 1611 3008 gentes
1640 2937 1694 2993 in

111 3024 246 3096 virga
294 3024 496 3090 ferrea,
551 3035 608 3083 et
648 3039 921 3101 tamquam
951 3045 1046 3087 vas
1078 3031 1224 3102 ﬁgttli
1272 3041 1691 3088 conteranteas.

113 3116 206 3172 Per
251 3119 454 3191 virgam
498 3120 664 3190 igitur
703 3119 938 3178 ferream
967 3124 1319 3195 Evangelium
1351 3127 1690 3198 designatur,

1819 1921 1888 1973 rt,
1923 1905 2013 1979 4);
2063 1918 2118 1962 et
2147 1906 2252 1961 alia
2279 1907 2721 1974 innumerabilia,
2757 1923 2882 1978 qum
2931 1909 2984 1962 in
3041 1922 3187 1964 novo
3237 1907 3432 1963 Testa-

1813 2008 1999 2056 mento
2025 2000 2095 2056 de
2129 2001 2506 2058 maceratione
2536 2002 2717 2057 carnis
2767 2003 3141 2057 inveniuntur.
3192 2001 3326 2057 Nam
3371 2013 3427 2056 et

1813 2093 2078 2150 Dominus
2099 2095 2150 2148 in
2179 2095 2480 2164 Evangelio
2501 2111 2664 2166 quam
2687 2095 2994 2151 ansteriora
3026 2095 3136 2150 sint
3157 2110 3254 2151 sua
3284 2110 3426 2166 pra:-

1808 2197 1966 2257 cepta
1999 2187 2290 2258 pratceptis
2321 2187 2503 2259 Legis,
2538 2189 2854 2244 manifestat
2891 2204 3015 2244 cum
3046 2187 3181 2244 dicit
3213 2206 3226 2243 :
3256 2189 3420 2243 Audi-

1807 2283 1902 2338 stis
1928 2283 2050 2353 quia
2078 2284 2272 2338 dictum
2297 2294 2373 2340 est
2403 2285 2634 2354 antiquis
2661 2301 2680 2339 :
2721 2283 2773 2339 Ν
2781 2302 2846 2339 οη
2873 2285 3106 2350 occides;
3132 2285 3223 2356 qui
3249 2295 3421 2341 autem

1807 2376 2074 2444 occiderit,
2100 2393 2219 2431 reus
2240 2375 2338 2430 erit
2353 2377 2564 2448 judicio
2589 2393 2608 2431 :
2629 2391 2726 2448 ego
2755 2386 2929 2430 autem
2963 2376 3079 2430 dico
3107 2375 3270 2444 vobis,
3293 2377 3419 2448 quia

1807 2471 1972 2524 omnis
2012 2471 2102 2543 qui
2145 2471 2390 2526 irascitur
2419 2472 2576 2544 fratri
2612 2489 2739 2540 suo,
2781 2488 2900 2525 reus
2942 2471 3037 2525 erit
3054 2471 3259 2544 judicio
3283 2487 3302 2525 :
3333 2472 3424 2540 qui

1803 2573 1976 2618 autem
2004 2565 2196 2620 dixerit
2226 2565 2376 2635 fratri
2403 2581 2496 2621 suo
2517 2606 2532 2630 ,
2564 2565 2724 2619 raclta
2741 2606 2755 2631 ,
2777 2579 2899 2618 reus
2917 2566 3018 2619 erit
3043 2564 3266 2619 concilio
3288 2581 3307 2619 :
3328 2567 3417 2635 qui

1802 2666 1972 2710 autem
2015 2657 2235 2722 dixerit,
2266 2661 2410 2724 fatue
2434 2699 2448 2724 ,
2481 2674 2599 2712 reus
2626 2659 2723 2712 erit
2751 2659 2995 2730 gehennae
3031 2659 3164 2730 ignis
3193 2657 3416 2731 (Matth.

1799 2765 1852 2814 v.
1886 2751 1978 2812 21,
2019 2750 2146 2823 2:2);
2198 2763 2252 2806 et
2303 2753 2547 2808 iterum:
2593 2751 2804 2809 Dictum
2853 2764 2928 2808 est
2966 2753 3194 2825 antiquis
3242 2771 3260 2808 :
3292 2751 3414 2809 Non

1799 2842 1962 2916 509
1998 2844 2330 2900 utnec/laberis
2354 2863 2372 2901 :
2400 2864 2494 2919 ego
2522 2857 2696 2902 autem
2725 2847 2843 2902 dico
2872 2847 3012 2902 vobis
3048 2849 3170 2920 quia
3207 2849 3295 2919 qui
3332 2849 3413 2902 vi~

1798 2936 1931 2992 derit
1961 2939 2227 2993 mulierem
2247 2940 2316 2993 ad
2342 2941 2808 3010 concupiscendam
2831 2959 2962 3007 eam,
2991 2943 3165 2996 statim
3189 2943 3412 2997 mceclta-

1797 3041 1880 3085 tus
1907 3041 1984 3086 est
2014 3048 2126 3086 eam
2165 3035 2219 3087 in
2250 3034 2408 3088 corde
2452 3052 2549 3089 suo
2581 3035 2770 3108 (Ibid.,
2793 3037 2886 3102 27,
2919 3036 3045 3107 28);
3086 3045 3142 3092 et
3171 3038 3365 3093 iterum
3399 3055 3412 3092 :

1798 3123 2009 3180 Dictum
2065 3137 2138 3181 est
2193 3128 2460 3196 antiquis:
2519 3128 2843 3201 Quicumque
2893 3130 3148 3185 dimiserit
3197 3147 3410 3185 uxorem

111 3213 234 3268 sicut
266 3223 320 3269 et
347 3230 448 3285 per
477 3215 685 3287 virgam
718 3217 953 3289 ligneam
975 3194 1272 3277 Lestam
1307 3194 1689 3294 \‘irga'lignea,
1722 3194 1768 3255 (ἶ
1799 3239 1976 3288 suam,
2012 3221 2094 3276 det
2121 3223 2202 3277 illi
2229 3194 2460 3278 libellum
2482 3194 2728 3294 repudii;
2757 3194 2855 3295 ego
2881 3235 3051 3280 autem
3080 3224 3198 3280 dico
3227 3225 3368 3279 vobis
3394 3241 3414 3279 :

111 3324 204 3378 qua
235 3309 486 3366 utebatur
517 3311 747 3384 Moyses,
779 3313 950 3384 ipsam
979 3315 1155 3387 legem
1181 3359 1195 3383 ,
1229 3332 1349 3388 quae
1377 3319 1446 3372 ah
1471 3332 1538 3373 eo
1568 3316 1694 3373 data

110 3412 185 3456 est
213 3403 612 3472 praetendebat;
644 3405 760 3476 ipsa
793 3422 1027 3479 namque
1050 3409 1226 3480 virga,
1255 3409 1395 3464 sicut
1429 3409 1480 3464 in
1507 3409 1694 3466 Exodo

112 3494 323 3562 legimus
373 3497 577 3569 (Exod.
621 3515 754 3568 xvn,
793 3500 872 3570 6),
927 3504 1198 3573 percussit
1245 3503 1325 3558 bis
1367 3503 1612 3570 silicem,
1640 3513 1696 3559 et

110 3603 332 3659 egressa:
358 3605 490 3649 sunt
521 3610 677 3666 aqua:
707 3595 1050 3668 largissimae,
1079 3597 1150 3652 ita
1185 3606 1242 3652 ut
1273 3598 1507 3670 populus
1546 3598 1696 3655 bibe-

113 3696 184 3739 ret
205 3687 541 3759 etjumenta.
571 3689 730 3762 Virga
765 3691 929 3763 igitur
958 3700 1043 3748 est
1071 3704 1226 3748 vetus
1243 3693 1652 3749 Testamentum
1679 3711 1692 3748 :

116 3778 231 3836 bina
275 3785 555 3856 percussio
599 3786 798 3858 Legem
852 3797 904 3842 et
951 3788 1282 3858 praphetas:
1314 3799 1466 3859 petra
1513 3799 1692 3844 autem

114 3871 376 3932 Christum
401 3878 691 3950 ﬁgurabat.
721 3879 877 3950 Virga
900 3895 1031 3950 ergo
1062 3881 1144 3936 bis
1171 3882 1376 3936 silicem
1405 3885 1692 3953 percussit,

113 3969 314 4038 quando
356 3983 516 4028 vetns
541 3971 949 4029 Testamentum
982 3990 1080 4046 per
1103 3974 1275 4045 legem
1318 3986 1370 4030 et
1402 3976 1694 4046 prophetas

113 4060 368 4120 Christum
397 4067 464 4121 ad
510 4067 941 4138 redemptionem
979 4068 1200 4139 generis
1241 4068 1456 4123 humani
1501 4078 1693 4123 ventu-

112 4171 221 4214 rum
243 4175 360 4219 esse
391 4163 666 4232 prmdixit.
699 4163 766 4218 Et
796 4165 924 4234 quia
967 4165 1308 4235 impossibile
1357 4174 1503 4230 erat,
1540 4175 1596 4221 ut
1631 4181 1691 4221 ea

113 4266 222 4320 qua:
259 4271 350 4324 per
389 4255 592 4328 Legem
636 4267 691 4313 et
729 4259 1026 4328 prophetas
1074 4258 1544 4330 prmdicebanlnr,
1588 4274 1693 4314 non

104 4343 476 4417 'ituplereutur,
509 4351 649 4405 sicut
679 4351 941 4406 Dominus
968 4351 1101 4408 dicit
1128 4353 1181 4406 in
1213 4351 1555 4424 Evangelio:
1587 4350 1700 4406 Fa-

115 4438 254 4492 cilius
275 4449 344 4493 est
371 4442 555 4497 caelum
585 4454 632 4498 et
662 4453 850 4497 terram
881 4443 1125 4510 transire,
1155 4460 1308 4514 quant
1340 4460 1503 4498 unum
1548 4446 1654 4499 iota
1678 4488 1692 4511 ,

116 4542 196 4586 aut
219 4551 344 4589 unus
367 4555 500 4611 apes:
532 4547 869 4608 praetereatur
894 4558 925 4594 a
964 4539 1130 4613 Lege,
1163 4543 1252 4612 qui
1276 4555 1381 4595 non
1418 4540 1695 4612 impleatur

119 4623 258 4695 (Luc.
281 4645 385 4697 th,
418 4631 530 4702 t7).
572 4632 730 4704 Virga
767 4633 850 4689 his
885 4633 1093 4689 silicem
1125 4635 1440 4705 percussit,
1472 4635 1694 4703 quando

116 4719 354 4777 vaticinia
421 4725 814 4794 prophetarum
866 4735 1031 4796 atque
1079 4725 1241 4797 Legis
1287 4725 1693 4796 quodammodo

117 4817 516 4886 Compulernnt,
567 4826 625 4873 nt
674 4819 838 4874 homo
867 4818 985 4875 ﬁeri
1022 4819 1166 4874 Deus
1191 4818 1532 4889 dignaretur.
1568 4819 1697 4875 Per-

117 4919 259 4960 cussa
309 4918 391 4964 est
433 4910 596 4981 igitur
627 4921 816 4981 petra,
863 4923 918 4968 et
964 4927 1201 4984 egressae
1243 4922 1373 4969 sunt
1401 4928 1556 4984 aqum
1589 4913 1697 4969 lar-

118 4999 372 5069 gissimze;
403 5005 533 5076 quia
563 5006 816 5062 Christus
847 5008 1149 5063 secundum
1183 5007 1285 5063 hoc
1311 5007 1456 5078 quod
1487 5007 1694 5064 dictum

118 5105 256 5163 erat,
311 5099 571 5168 veniens,
620 5100 822 5157 ﬂuenta
851 5101 1118 5157 doctrinm
1163 5103 1443 5172 caelestis,
1489 5102 1542 5157 id
1574 5112 1696 5171 est,

120 5185 482 5265 Evangelium,
530 5196 600 5254 de
642 5212 701 5252 se
751 5196 1025 5268 produxit.
1066 5197 1211 5252 Bibit
1243 5198 1479 5268 populus
1523 5205 1581 5253 et
1616 5199 1702 5269 ju-

122 5295 308 5350 menta,
337 5287 394 5343 id
421 5299 527 5354 est,
558 5288 737 5345 Judaei
769 5297 822 5345 et
845 5301 1061 5361 gentes.
1095 5290 1212 5360 Ipsa
1244 5290 1410 5346 etiam
1441 5289 1597 5363 virga
1643 5292 1698 5346 in

122 5374 458 5436 tabernaculo
505 5381 690 5438 ﬂoruit
713 5426 725 5447 ,
753 5399 1031 5454 nucesque
1059 5383 1315 5454 produxit
1345 5382 1532 5452 (Num.
1567 5400 1700 5452 xvu,

123 5468 212 5539 8,);
241 5475 359 5541 quia
389 5475 441 5530 in
477 5477 830 5534 tabernaculo
870 5478 1126 5533 Ecclesia:
1155 5487 1349 5549 postea
1381 5488 1536 5533 vetns
1569 5478 1699 5536 Tes-

125 5568 408 5624 tamentum
433 5569 597 5629 ﬂores
629 5571 954 5642 spiritalium
988 5585 1246 5628 sensuum
1278 5573 1533 5644 protulit,
1567 5573 1701 5645 ipsi-

129 5669 223 5724 que
250 5657 406 5718 liores
429 5660 639 5721 fructus
664 5666 934 5722 bonorum
962 5680 1192 5738 operum
1220 5665 1538 5722 ediderunt.
1591 5665 1703 5720 Hoc

1802 3313 2126 3386 Quicumque
2155 3315 2409 3370 dimiserit
2431 3333 2647 3372 uxorem
2669 3335 2816 3372 suam
2841 3359 2856 3383 ,
2887 3327 3097 3388 excepta
3124 3334 3280 3372 causa
3303 3318 3414 3388 for-

1798 3407 2072 3462 nicationis
2097 3450 2112 3474 ,
2145 3407 2467 3476 moechatur;
2493 3419 2538 3464 et
2566 3411 2654 3481 qui
2693 3410 2965 3465 dimissam
3005 3409 3213 3466 duxerit
3237 3453 3252 3478 ,
3282 3427 3411 3464 mae-

1798 3500 1984 3554 chatur
2015 3499 2182 3575 (Ibid.
2215 3502 2308 3570 51,
2338 3501 2461 3573 52);
2490 3511 2544 3557 et
2584 3503 2783 3558 iterum
2817 3520 2830 3553 :
2865 3512 2890 3539 ἰ
2930 3500 3142 3556 Dictum
3171 3513 3246 3558 est
3274 3505 3417 3557 anti-

1795 3595 1911 3665 quis
1930 3609 1950 3648 :
1984 3593 2207 3648 Oculum
2237 3610 2330 3665 pro
2372 3594 2558 3660 oculo,
2589 3595 2795 3649 dentem
2825 3610 2919 3666 pro
2961 3594 3149 3662 dente;
3174 3610 3269 3666 ego
3305 3610 3404 3649 au-

1799 3696 1899 3740 tem
1945 3686 2064 3741 dico
2110 3687 2252 3741 vobis
2303 3703 2404 3741 non
2453 3686 2688 3742 resistere
2737 3688 2921 3741 malo:
2962 3687 3053 3740 sed
3104 3688 3149 3740 si
3193 3687 3310 3757 quis
3359 3697 3408 3741 te

1799 3783 2111 3855 percusserit
2132 3782 2185 3837 in
2200 3782 2461 3836 dexteram
2479 3781 2775 3847 maxillam,
2795 3781 2962 3850 praebe
2979 3780 3060 3835 illi
3080 3791 3131 3836 et
3151 3780 3367 3835 alteram
3388 3799 3407 3834 .-

1797 3887 1845 3931 et
1866 3879 1954 3947 qui
1981 3876 2200 3932 voluerit
2230 3876 2458 3930 tunicam
2493 3886 2637 3929 tttam
2678 3875 2889 3940 tollere,
2922 3874 3124 3928 dimitte
3147 3875 3195 3928 ei
3218 3885 3268 3929 et
3289 3877 3406 3947 pal-

1797 3976 1928 4030 lium
1960 3974 2126 4047 (lbid.
2148 4018 2161 4040 ,
2194 3973 2417 4045 58-40);
2449 3982 2506 4029 et
2528 3973 2723 4027 iterum
2759 3990 2772 4027 :
2802 3970 3010 4027 Dictum
3033 3979 3107 4025 est
3135 3971 3403 4042 antiquis:

1799 4066 1996 4140 Diliges
2018 4068 2242 4122 amicum
2270 4077 2442 4132 tuum,
2475 4075 2521 4118 et
2548 4063 2668 4119 odio
2689 4064 2895 4119 habebis
2921 4064 3190 4118 inimicum
3225 4072 3404 4129 tuum;

1797 4176 1891 4232 ego
1921 4169 2093 4215 autem
2124 4160 2239 4214 dico
2279 4159 2420 4213 vobis
2451 4156 2710 4230 :Diligite
2732 4157 2971 4212 inimicos
2996 4166 3220 4222 vestros,
3252 4156 3403 4210 bene-

1797 4256 1953 4328 facite
1978 4258 2042 4311 iis
2075 4256 2164 4328 qui
2191 4255 2412 4310 oderunt
2442 4270 2563 4320 vos,
2593 4262 2639 4308 et
2683 4264 2828 4308 orate
2855 4267 2950 4325 pro
2987 4250 3407 4322 persequentibus

1796 4359 1844 4405 et
1873 4347 2304 4404 calumniantibus
2331 4363 2454 4414 vos;
2484 4357 2538 4400 ut
2567 4346 2680 4400 sitis
2706 4345 2806 4416 ﬁlii
2832 4342 3010 4399 Patris
3034 4344 3220 4407 vestri,
3238 4342 3326 4408 qui
3351 4344 3406 4396 in

1797 4444 1938 4499 caelis
1960 4452 2033 4498 est
2055 4441 2249 4508 (Ibid.,
2264 4441 2488 4511 45-45).
2515 4440 2642 4496 llaec
2667 4439 2835 4511 igitur
2854 4437 3021 4494 verba
3044 4436 3260 4494 Domini
3281 4451 3404 4508 quas

1799 4537 2120 4609 protulimus
2139 4576 2154 4602 ,
2185 4543 2372 4605 aperte
2402 4536 2780 4589 demonstrant
2807 4545 2904 4602 per
2931 4533 3141 4603 virgam
3167 4531 3403 4589 ferream

1800 4629 2186 4702 Evangelium,
2221 4643 2318 4700 per
2347 4628 2577 4700 ligneam
2613 4639 2792 4682 autem
2818 4627 3062 4698 fragilem
3092 4636 3147 4684 et
3184 4628 3404 4684 mollem

1799 4727 1998 4799 Legem
2043 4725 2300 4796 ﬁgurari:
2334 4739 2428 4794 per
2471 4739 2598 4779 vasa
2631 4732 2812 4778 autem
2844 4723 2992 4795 ﬁguli
3035 4723 3200 4779 corda
3229 4723 3406 4795 genti-

1802 4820 1934 4875 lium
1962 4818 2218 4874 omnibus
2245 4817 2526 4872 ert-oribus
2549 4815 2859 4871 daemonum
2885 4817 3091 4886 repleta
3115 4816 3405 4887 designan-

1802 4918 1913 4976 tur,
1938 4925 2059 4981 qute
2088 4923 2118 4963 a
2173 4916 2318 4963 tactu
2348 4909 2512 4979 virgae
2537 4908 2728 4964 ferrea:
2770 4906 3046 4964 confracta
3088 4917 3249 4972 sunt;
3279 4907 3406 4976 quia

1805 5007 2059 5060 veniente
2105 5003 2384 5075 Evangelii
2439 5003 2649 5074 gratia,
2694 5003 2874 5058 omnis
2920 5017 3077 5058 error
3123 5000 3404 5073 gentilium

1803 5097 2113 5153 destructus
2140 5103 2260 5165 est,
2292 5104 2352 5152 et
2374 5112 2492 5167 qutu
2520 5104 2676 5150 erant
2697 5106 2856 5151 antea
2879 5109 3006 5150 vasa
3034 5093 3238 5160 ﬁctilia,
3263 5091 3403 5150 facta

1805 5199 1931 5247 sunt
1960 5205 2086 5246 vasa
2119 5189 2326 5256 ferrea,
2367 5200 2557 5246 contra
2601 5189 2781 5244 omnia
2827 5195 3161 5244 tentamenta
3200 5187 3406 5243 daemo-

1805 5299 1965 5351 num,
1997 5292 2053 5339 et
2099 5290 2289 5339 contra
2347 5281 2755 5355 persecutiones
2809 5280 3088 5335 hominum
3137 5279 3401 5336 malorum

1800 5376 2119 5434 fortissima.
2299 5430 2302 5434 .

1879 5472 1947 5527 Et
1989 5472 2120 5528 dabo
2144 5471 2226 5526 illi
2277 5469 2478 5525 stellam
2522 5468 2865 5522 matutinam:
2892 5467 2945 5523 id
2976 5476 3095 5538 est,
3126 5470 3401 5544 meipsum

1809 5568 1952 5626 dabo
1977 5567 2090 5634 illi;
2116 5567 2236 5638 ipse
2275 5572 2362 5621 est
2386 5566 2532 5618 enim
2562 5561 2718 5617 stella
2752 5563 3019 5620 matutina
3043 5607 3060 5632 ,
3091 5564 3160 5621 de
3188 5582 3296 5636 quo
3323 5565 3408 5621 di-

1806 5663 1883 5720 cit
1921 5661 2202 5733 Scriptura
2235 5677 2249 5712 :
2285 5657 2499 5713 Orietur
2543 5655 2695 5711 stella
2747 5673 2812 5712 ea:
2850 5657 3043 5730 Jacob,
3084 5671 3132 5716 et
3172 5670 3415 5733 exsurget

211 5871 234 5899 α
259 5864 476 5924 Deerant
512 5870 563 5927 in
600 5869 686 5926 ed.
727 5869 791 5924 Et
825 5870 1025 5938 iterum,
1057 5887 1230 5943 usque
1253 5872 1341 5941 ad,
1375 5872 1574 5926 dimitte
1614 5870 1660 5924 ei
1696 5875 1743 5924 et
1771 5868 1990 5940 pallium
2021 5881 2038 5920 :
2064 5879 2223 5936 quem
2250 5863 2426 5919 locum
2455 5860 2824 5934 sitpplcvimns
2852 5879 2881 5921 e
2906 5860 3039 5921 mss.
