  <div class='ocr_page' id='page_1' title='image "/cluster/home/n/w/nwhite01/storage/ocr_20150623/17/hvd.32044015471329/399.png"; bbox 0 0 3944 6310; ppageno 0'>
   <div class='ocr_carea' id='block_1_1' title="bbox 495 283 608 344">
    <p class='ocr_par' dir='ltr' id='par_1_1' title="bbox 495 283 608 344">
     <span class='ocr_line' id='line_1_1' title="bbox 495 283 608 344; baseline 0.009 -2"><span class='ocrx_word' id='word_1_1' title='bbox 495 283 608 344; x_wconf 82' lang='grc'><strong>787</strong></span> 
     </span>
    </p>
   </div>
   <div class='ocr_carea' id='block_1_2' title="bbox 1510 275 3766 344">
    <p class='ocr_par' dir='ltr' id='par_1_2' title="bbox 1510 275 3766 344">
     <span class='ocr_line' id='line_1_2' title="bbox 1510 275 3766 344; baseline -0.004 -2"><span class='ocrx_word' id='word_1_2' title='bbox 1510 286 1602 344; x_wconf 78' lang='lat' dir='ltr'><strong>AD</strong></span> <span class='ocrx_word' id='word_1_3' title='bbox 1639 285 1871 344; x_wconf 75' lang='lat' dir='ltr'><strong>OPERA</strong></span> <span class='ocrx_word' id='word_1_4' title='bbox 1914 284 1972 343; x_wconf 76' lang='lat' dir='ltr'><strong>S.</strong></span> <span class='ocrx_word' id='word_1_5' title='bbox 2016 281 2346 343; x_wconf 65' lang='lat' dir='ltr'><strong>AMBROSII</strong></span> <span class='ocrx_word' id='word_1_6' title='bbox 2384 283 2754 344; x_wconf 71' lang='lat' dir='ltr'><strong>APPENDIX.</strong></span> <span class='ocrx_word' id='word_1_7' title='bbox 3681 275 3766 334; x_wconf 76' lang='lat'><strong>788</strong></span> 
     </span>
    </p>
   </div>
   <div class='ocr_carea' id='block_1_3' title="bbox 496 397 3762 477">
    <p class='ocr_par' dir='ltr' id='par_1_3' title="bbox 496 397 3762 477">
     <span class='ocr_line' id='line_1_3' title="bbox 496 397 3762 477; baseline -0.001 -22"><span class='ocrx_word' id='word_1_8' title='bbox 496 403 651 456; x_wconf 83' lang='lat' dir='ltr'><strong>homo</strong></span> <span class='ocrx_word' id='word_1_9' title='bbox 672 402 736 462; x_wconf 79' lang='lat' dir='ltr'><strong>de</strong></span> <span class='ocrx_word' id='word_1_10' title='bbox 765 401 954 467; x_wconf 79' lang='lat' dir='ltr'><strong>Israel,</strong></span> <span class='ocrx_word' id='word_1_11' title='bbox 984 410 1033 457; x_wconf 79' lang='lat' dir='ltr'><strong>st</strong></span> <span class='ocrx_word' id='word_1_12' title='bbox 1059 401 1307 474; x_wconf 78' lang='lat' dir='ltr'><strong>percutiet</strong></span> <span class='ocrx_word' id='word_1_13' title='bbox 1345 402 1500 460; x_wconf 84' lang='lat' dir='ltr'><strong>duces</strong></span> <span class='ocrx_word' id='word_1_14' title='bbox 1535 403 1692 459; x_wconf 72' lang='lat' dir='ltr'><strong>Moab</strong></span> <span class='ocrx_word' id='word_1_15' title='bbox 1716 403 1910 477; x_wconf 71' lang='lat' dir='ltr'><strong>(Nam.</strong></span> <span class='ocrx_word' id='word_1_16' title='bbox 1945 417 2090 470; x_wconf 76' lang='lat' dir='ltr'><strong>xxiv,</strong></span> <span class='ocrx_word' id='word_1_17' title='bbox 2123 410 2175 470; x_wconf 73' lang='grc' dir='ltr'><strong>Α</strong></span> <span class='ocrx_word' id='word_1_18' title='bbox 2201 417 2349 457; x_wconf 82' lang='lat' dir='ltr'><strong>mors</strong></span> <span class='ocrx_word' id='word_1_19' title='bbox 2379 402 2507 458; x_wconf 89' lang='lat' dir='ltr'><strong>dum</strong></span> <span class='ocrx_word' id='word_1_20' title='bbox 2538 417 2644 457; x_wconf 88' lang='lat' dir='ltr'><strong>non</strong></span> <span class='ocrx_word' id='word_1_21' title='bbox 2696 398 3048 469; x_wconf 64' lang='lat' dir='ltr'><strong>prmvidetur,</strong></span> <span class='ocrx_word' id='word_1_22' title='bbox 3102 397 3446 467; x_wconf 68' lang='lat' dir='ltr'><strong>supervenit,</strong></span> <span class='ocrx_word' id='word_1_23' title='bbox 3489 404 3638 465; x_wconf 81' lang='lat' dir='ltr'><strong>atque</strong></span> <span class='ocrx_word' id='word_1_24' title='bbox 3680 398 3762 452; x_wconf 56' lang='lat' dir='ltr'><strong>do.</strong></span> 
     </span>
    </p>
   </div>
   <div class='ocr_carea' id='block_1_4' title="bbox 495 496 2093 566">
    <p class='ocr_par' dir='ltr' id='par_1_4' title="bbox 495 496 2093 566">
     <span class='ocr_line' id='line_1_4' title="bbox 495 496 2093 566; baseline 0.001 -16"><span class='ocrx_word' id='word_1_25' title='bbox 495 497 610 565; x_wconf 78' lang='grc'><strong>17).</strong></span> <span class='ocrx_word' id='word_1_26' title='bbox 645 496 798 551; x_wconf 87' lang='lat' dir='ltr'><strong>Moab</strong></span> <span class='ocrx_word' id='word_1_27' title='bbox 840 496 1034 550; x_wconf 69' lang='lat' dir='ltr'><strong>dicitur</strong></span> <span class='ocrx_word' id='word_1_28' title='bbox 1072 506 1098 535; x_wconf 74' lang='grc' dir='ltr'><strong>ιι</strong></span> <span class='ocrx_word' id='word_1_29' title='bbox 1125 512 1192 554; x_wconf 74' lang='lat' dir='ltr'><strong>ex</strong></span> <span class='ocrx_word' id='word_1_30' title='bbox 1241 507 1394 566; x_wconf 81' lang='lat' dir='ltr'><strong>patre</strong></span> <span class='ocrx_word' id='word_1_31' title='bbox 1429 515 1441 551; x_wconf 89' lang='lat'><strong>:</strong></span> <span class='ocrx_word' id='word_1_32' title='bbox 1486 508 1541 554; x_wconf 90' lang='lat' dir='ltr'><strong>et</strong></span> <span class='ocrx_word' id='word_1_33' title='bbox 1582 498 1842 554; x_wconf 84' lang='lat' dir='ltr'><strong>Dominus</strong></span> <span class='ocrx_word' id='word_1_34' title='bbox 1888 497 2093 554; x_wconf 65' lang='lat' dir='ltr'><strong>iudicis</strong></span> 
     </span>
    </p>
   </div>
   <div class='ocr_carea' id='block_1_5' title="bbox 491 589 2093 661">
    <p class='ocr_par' dir='ltr' id='par_1_5' title="bbox 491 589 2093 661">
     <span class='ocr_line' id='line_1_5' title="bbox 491 589 2093 661; baseline 0.002 -18"><span class='ocrx_word' id='word_1_35' title='bbox 491 589 676 644; x_wconf 77' lang='lat' dir='ltr'><strong>dixit:</strong></span> <span class='ocrx_word' id='word_1_36' title='bbox 719 589 818 645; x_wconf 72' lang='lat' dir='ltr'><strong>Vos</strong></span> <span class='ocrx_word' id='word_1_37' title='bbox 860 607 925 645; x_wconf 80' lang='lat' dir='ltr'><strong>ea:</strong></span> <span class='ocrx_word' id='word_1_38' title='bbox 967 599 1113 661; x_wconf 69' lang='lat' dir='ltr'><strong>patre</strong></span> <span class='ocrx_word' id='word_1_39' title='bbox 1149 590 1355 646; x_wconf 84' lang='lat' dir='ltr'><strong>diabolo</strong></span> <span class='ocrx_word' id='word_1_40' title='bbox 1395 593 1534 647; x_wconf 79' lang='lat' dir='ltr'><strong>estis.</strong></span> <span class='ocrx_word' id='word_1_41' title='bbox 1560 592 1739 648; x_wconf 83' lang='lat' dir='ltr'><strong>Duces</strong></span> <span class='ocrx_word' id='word_1_42' title='bbox 1780 607 1912 661; x_wconf 76' lang='lat' dir='ltr'><strong>ergo</strong></span> <span class='ocrx_word' id='word_1_43' title='bbox 1939 591 2093 646; x_wconf 79' lang='lat' dir='ltr'><strong>Moab</strong></span> 
     </span>
    </p>
   </div>
   <div class='ocr_carea' id='block_1_6' title="bbox 491 677 2096 752">
    <p class='ocr_par' dir='ltr' id='par_1_6' title="bbox 491 677 2096 752">
     <span class='ocr_line' id='line_1_6' title="bbox 491 677 2096 752; baseline 0.004 -20"><span class='ocrx_word' id='word_1_44' title='bbox 491 677 753 738; x_wconf 82' lang='lat' dir='ltr'><strong>Dominus</strong></span> <span class='ocrx_word' id='word_1_45' title='bbox 776 681 1064 749; x_wconf 78' lang='lat' dir='ltr'><strong>percussit,</strong></span> <span class='ocrx_word' id='word_1_46' title='bbox 1088 683 1306 752; x_wconf 82' lang='lat' dir='ltr'><strong>quando</strong></span> <span class='ocrx_word' id='word_1_47' title='bbox 1334 697 1528 739; x_wconf 83' lang='lat' dir='ltr'><strong>omnes</strong></span> <span class='ocrx_word' id='word_1_48' title='bbox 1554 684 1910 740; x_wconf 76' lang='lat' dir='ltr'><strong>fabricatores</strong></span> <span class='ocrx_word' id='word_1_49' title='bbox 1937 699 2096 739; x_wconf 89' lang='lat' dir='ltr'><strong>erro-</strong></span> 
     </span>
    </p>
   </div>
   <div class='ocr_carea' id='block_1_7' title="bbox 492 771 958 829">
    <p class='ocr_par' dir='ltr' id='par_1_7' title="bbox 492 771 958 829">
     <span class='ocr_line' id='line_1_7' title="bbox 492 771 958 829; baseline 0.004 -5"><span class='ocrx_word' id='word_1_50' title='bbox 492 785 611 825; x_wconf 91' lang='lat' dir='ltr'><strong>rum</strong></span> <span class='ocrx_word' id='word_1_51' title='bbox 635 771 958 829; x_wconf 78' lang='lat' dir='ltr'><strong>exinanivit.</strong></span> 
     </span>
    </p>
   </div>
   <div class='ocr_carea' id='block_1_8' title="bbox 569 865 2095 942">
    <p class='ocr_par' dir='ltr' id='par_1_8' title="bbox 569 865 2095 942">
     <span class='ocr_line' id='line_1_8' title="bbox 569 865 2095 942; baseline 0.003 -22"><span class='ocrx_word' id='word_1_52' title='bbox 569 865 1184 940; x_wconf 71' lang='lat' dir='ltr'><strong>CAPUTIll.—(Vers.</strong></span> <span class='ocrx_word' id='word_1_53' title='bbox 1219 870 1297 942; x_wconf 76' lang='grc'><strong>1.)</strong></span> <span class='ocrx_word' id='word_1_54' title='bbox 1322 869 1390 928; x_wconf 83' lang='lat' dir='ltr'><strong>Et</strong></span> <span class='ocrx_word' id='word_1_55' title='bbox 1420 871 1604 942; x_wconf 84' lang='lat' dir='ltr'><strong>angelo</strong></span> <span class='ocrx_word' id='word_1_56' title='bbox 1628 871 1813 928; x_wconf 83' lang='lat' dir='ltr'><strong>Sardis</strong></span> <span class='ocrx_word' id='word_1_57' title='bbox 1844 870 2095 926; x_wconf 68' lang='lat' dir='ltr'><strong>Ecclesia</strong></span> 
     </span>
    </p>
   </div>
   <div class='ocr_carea' id='block_1_9' title="bbox 491 958 2096 1038">
    <p class='ocr_par' dir='ltr' id='par_1_9' title="bbox 491 958 2096 1038">
     <span class='ocr_line' id='line_1_9' title="bbox 491 958 2096 1038; baseline 0.004 -26"><span class='ocrx_word' id='word_1_58' title='bbox 491 959 654 1024; x_wconf 77' lang='lat' dir='ltr'><strong>scribe</strong></span> <span class='ocrx_word' id='word_1_59' title='bbox 671 975 690 1013; x_wconf 91' lang='lat'><strong>:</strong></span> <span class='ocrx_word' id='word_1_60' title='bbox 718 958 844 1018; x_wconf 78' lang='lat' dir='ltr'><strong>lltec</strong></span> <span class='ocrx_word' id='word_1_61' title='bbox 863 962 1012 1026; x_wconf 78' lang='lat' dir='ltr'><strong>dicit,</strong></span> <span class='ocrx_word' id='word_1_62' title='bbox 1040 964 1127 1033; x_wconf 90' lang='lat' dir='ltr'><strong>qui</strong></span> <span class='ocrx_word' id='word_1_63' title='bbox 1151 962 1302 1022; x_wconf 79' lang='lat' dir='ltr'><strong>habet</strong></span> <span class='ocrx_word' id='word_1_64' title='bbox 1324 977 1522 1034; x_wconf 82' lang='lat' dir='ltr'><strong>septem</strong></span> <span class='ocrx_word' id='word_1_65' title='bbox 1543 966 1757 1038; x_wconf 85' lang='lat' dir='ltr'><strong>spiritus</strong></span> <span class='ocrx_word' id='word_1_66' title='bbox 1773 964 1890 1029; x_wconf 82' lang='lat' dir='ltr'><strong>Dei,</strong></span> <span class='ocrx_word' id='word_1_67' title='bbox 1913 976 1961 1021; x_wconf 87' lang='lat' dir='ltr'><strong>et</strong></span> <span class='ocrx_word' id='word_1_68' title='bbox 1977 983 2096 1034; x_wconf 77' lang='lat' dir='ltr'><strong>scp-</strong></span> 
     </span>
    </p>
   </div>
   <div class='ocr_carea' id='block_1_10' title="bbox 493 1053 2093 1129">
    <p class='ocr_par' dir='ltr' id='par_1_10' title="bbox 493 1053 2093 1129">
     <span class='ocr_line' id='line_1_10' title="bbox 493 1053 2093 1129; baseline 0.004 -23"><span class='ocrx_word' id='word_1_69' title='bbox 493 1063 594 1110; x_wconf 85' lang='lat' dir='ltr'><strong>tem</strong></span> <span class='ocrx_word' id='word_1_70' title='bbox 611 1053 806 1113; x_wconf 80' lang='lat' dir='ltr'><strong>stellas.</strong></span> <span class='ocrx_word' id='word_1_71' title='bbox 823 1054 1046 1124; x_wconf 85' lang='lat' dir='ltr'><strong>Septem</strong></span> <span class='ocrx_word' id='word_1_72' title='bbox 1064 1055 1294 1126; x_wconf 76' lang='lat' dir='ltr'><strong>Spiritus</strong></span> <span class='ocrx_word' id='word_1_73' title='bbox 1308 1058 1401 1112; x_wconf 92' lang='lat' dir='ltr'><strong>Dei</strong></span> <span class='ocrx_word' id='word_1_74' title='bbox 1421 1068 1628 1128; x_wconf 85' lang='lat' dir='ltr'><strong>septem</strong></span> <span class='ocrx_word' id='word_1_75' title='bbox 1650 1070 1777 1114; x_wconf 88' lang='lat' dir='ltr'><strong>sunt</strong></span> <span class='ocrx_word' id='word_1_76' title='bbox 1800 1059 1940 1114; x_wconf 88' lang='lat' dir='ltr'><strong>doua</strong></span> <span class='ocrx_word' id='word_1_77' title='bbox 1966 1061 2056 1129; x_wconf 87' lang='lat' dir='ltr'><strong>Spi</strong></span> <span class='ocrx_word' id='word_1_78' title='bbox 2074 1092 2093 1104; x_wconf 85' lang='lat'><strong>-</strong></span> 
     </span>
    </p>
   </div>
   <div class='ocr_carea' id='block_1_11' title="bbox 489 1146 2093 1223">
    <p class='ocr_par' dir='ltr' id='par_1_11' title="bbox 489 1146 2093 1223">
     <span class='ocr_line' id='line_1_11' title="bbox 489 1146 2093 1223; baseline 0.003 -21"><span class='ocrx_word' id='word_1_79' title='bbox 489 1146 632 1207; x_wconf 86' lang='lat' dir='ltr'><strong>ritus</strong></span> <span class='ocrx_word' id='word_1_80' title='bbox 661 1148 860 1214; x_wconf 85' lang='lat' dir='ltr'><strong>sancti,</strong></span> <span class='ocrx_word' id='word_1_81' title='bbox 892 1165 1010 1219; x_wconf 76' lang='lat' dir='ltr'><strong>quac</strong></span> <span class='ocrx_word' id='word_1_82' title='bbox 1045 1149 1098 1208; x_wconf 88' lang='lat' dir='ltr'><strong>in</strong></span> <span class='ocrx_word' id='word_1_83' title='bbox 1132 1150 1419 1208; x_wconf 86' lang='lat' dir='ltr'><strong>Dominum</strong></span> <span class='ocrx_word' id='word_1_84' title='bbox 1446 1151 1802 1209; x_wconf 80' lang='lat' dir='ltr'><strong>descendisse</strong></span> <span class='ocrx_word' id='word_1_85' title='bbox 1825 1152 2093 1223; x_wconf 87' lang='lat' dir='ltr'><strong>propheta</strong></span> 
     </span>
    </p>
   </div>
   <div class='ocr_carea' id='block_1_12' title="bbox 491 1240 2094 1315">
    <p class='ocr_par' dir='ltr' id='par_1_12' title="bbox 491 1240 2094 1315">
     <span class='ocr_line' id='line_1_12' title="bbox 491 1240 2094 1315; baseline 0.004 -21"><span class='ocrx_word' id='word_1_86' title='bbox 491 1240 684 1298; x_wconf 82' lang='lat' dir='ltr'><strong>Esaias</strong></span> <span class='ocrx_word' id='word_1_87' title='bbox 717 1242 957 1298; x_wconf 90' lang='lat' dir='ltr'><strong>ostendit</strong></span> <span class='ocrx_word' id='word_1_88' title='bbox 983 1241 1174 1299; x_wconf 88' lang='lat' dir='ltr'><strong>dicens</strong></span> <span class='ocrx_word' id='word_1_89' title='bbox 1207 1262 1219 1296; x_wconf 91' lang='lat'><strong>:</strong></span> <span class='ocrx_word' id='word_1_90' title='bbox 1257 1243 1323 1298; x_wconf 81' lang='lat' dir='ltr'><strong>Et</strong></span> <span class='ocrx_word' id='word_1_91' title='bbox 1352 1245 1631 1313; x_wconf 79' lang='lat' dir='ltr'><strong>requiescet</strong></span> <span class='ocrx_word' id='word_1_92' title='bbox 1655 1262 1813 1315; x_wconf 89' lang='lat' dir='ltr'><strong>super</strong></span> <span class='ocrx_word' id='word_1_93' title='bbox 1844 1262 1960 1300; x_wconf 85' lang='lat' dir='ltr'><strong>eum</strong></span> <span class='ocrx_word' id='word_1_94' title='bbox 1981 1247 2094 1314; x_wconf 83' lang='lat' dir='ltr'><strong>spi-</strong></span> 
     </span>
    </p>
   </div>
   <div class='ocr_carea' id='block_1_13' title="bbox 489 1330 2096 1410">
    <p class='ocr_par' dir='ltr' id='par_1_13' title="bbox 489 1330 2096 1410">
     <span class='ocr_line' id='line_1_13' title="bbox 489 1330 2096 1410; baseline 0.005 -24"><span class='ocrx_word' id='word_1_95' title='bbox 489 1334 620 1390; x_wconf 88' lang='lat' dir='ltr'><strong>ritus</strong></span> <span class='ocrx_word' id='word_1_96' title='bbox 647 1330 883 1402; x_wconf 88' lang='lat' dir='ltr'><strong>Domini,</strong></span> <span class='ocrx_word' id='word_1_97' title='bbox 915 1335 1126 1406; x_wconf 81' lang='lat' dir='ltr'><strong>spiritus</strong></span> <span class='ocrx_word' id='word_1_98' title='bbox 1155 1337 1432 1405; x_wconf 71' lang='lat' dir='ltr'><strong>sapientia:</strong></span> <span class='ocrx_word' id='word_1_99' title='bbox 1459 1346 1506 1390; x_wconf 87' lang='lat' dir='ltr'><strong>et</strong></span> <span class='ocrx_word' id='word_1_100' title='bbox 1532 1336 1848 1402; x_wconf 86' lang='lat' dir='ltr'><strong>intellectus,</strong></span> <span class='ocrx_word' id='word_1_101' title='bbox 1879 1338 2096 1410; x_wconf 76' lang='lat' dir='ltr'><strong>spiritus</strong></span> 
     </span>
    </p>
   </div>
   <div class='ocr_carea' id='block_1_14' title="bbox 489 1428 2098 1501">
    <p class='ocr_par' dir='ltr' id='par_1_14' title="bbox 489 1428 2098 1501">
     <span class='ocr_line' id='line_1_14' title="bbox 489 1428 2098 1501; baseline 0.003 -20"><span class='ocrx_word' id='word_1_102' title='bbox 489 1428 696 1482; x_wconf 80' lang='lat' dir='ltr'><strong>consilii</strong></span> <span class='ocrx_word' id='word_1_103' title='bbox 725 1438 773 1483; x_wconf 90' lang='lat' dir='ltr'><strong>et</strong></span> <span class='ocrx_word' id='word_1_104' title='bbox 792 1429 1142 1498; x_wconf 77' lang='lat' dir='ltr'><strong>fortitudinis,</strong></span> <span class='ocrx_word' id='word_1_105' title='bbox 1177 1429 1394 1495; x_wconf 82' lang='lat' dir='ltr'><strong>spiritus</strong></span> <span class='ocrx_word' id='word_1_106' title='bbox 1421 1431 1651 1485; x_wconf 76' lang='lat' dir='ltr'><strong>scientiw</strong></span> <span class='ocrx_word' id='word_1_107' title='bbox 1686 1440 1734 1486; x_wconf 86' lang='lat' dir='ltr'><strong>et</strong></span> <span class='ocrx_word' id='word_1_108' title='bbox 1763 1431 1970 1501; x_wconf 86' lang='lat' dir='ltr'><strong>pietatis</strong></span> <span class='ocrx_word' id='word_1_109' title='bbox 2001 1446 2020 1485; x_wconf 90' lang='lat'><strong>:</strong></span> <span class='ocrx_word' id='word_1_110' title='bbox 2048 1441 2098 1486; x_wconf 86' lang='lat' dir='ltr'><strong>et</strong></span> 
     </span>
    </p>
   </div>
   <div class='ocr_carea' id='block_1_15' title="bbox 491 1516 2098 1591">
    <p class='ocr_par' dir='ltr' id='par_1_15' title="bbox 491 1516 2098 1591">
     <span class='ocr_line' id='line_1_15' title="bbox 491 1516 2098 1591; baseline 0.003 -21"><span class='ocrx_word' id='word_1_111' title='bbox 491 1519 710 1587; x_wconf 83' lang='lat' dir='ltr'><strong>replebit</strong></span> <span class='ocrx_word' id='word_1_112' title='bbox 727 1535 842 1574; x_wconf 83' lang='lat' dir='ltr'><strong>eum</strong></span> <span class='ocrx_word' id='word_1_113' title='bbox 856 1519 1068 1590; x_wconf 82' lang='lat' dir='ltr'><strong>spiritus</strong></span> <span class='ocrx_word' id='word_1_114' title='bbox 1085 1519 1285 1576; x_wconf 84' lang='lat' dir='ltr'><strong>timoris</strong></span> <span class='ocrx_word' id='word_1_115' title='bbox 1309 1516 1522 1576; x_wconf 88' lang='lat' dir='ltr'><strong>Domini</strong></span> <span class='ocrx_word' id='word_1_116' title='bbox 1544 1519 1693 1591; x_wconf 77' lang='lat' dir='ltr'><strong>(Esa.</strong></span> <span class='ocrx_word' id='word_1_117' title='bbox 1715 1535 1791 1588; x_wconf 75' lang='lat' dir='ltr'><strong>XI,</strong></span> <span class='ocrx_word' id='word_1_118' title='bbox 1815 1519 1895 1591; x_wconf 62' lang='grc' dir='ltr'><strong>ἓ).</strong></span> <span class='ocrx_word' id='word_1_119' title='bbox 1920 1521 1994 1576; x_wconf 89' lang='lat' dir='ltr'><strong>De</strong></span> <span class='ocrx_word' id='word_1_120' title='bbox 2013 1520 2098 1577; x_wconf 90' lang='lat' dir='ltr'><strong>his</strong></span> 
     </span>
    </p>
   </div>
   <div class='ocr_carea' id='block_1_16' title="bbox 492 1612 2098 1684">
    <p class='ocr_par' dir='ltr' id='par_1_16' title="bbox 492 1612 2098 1684">
     <span class='ocr_line' id='line_1_16' title="bbox 492 1612 2098 1684; baseline 0.002 -19"><span class='ocrx_word' id='word_1_121' title='bbox 492 1620 706 1682; x_wconf 69' lang='lat' dir='ltr'><strong>Septem</strong></span> <span class='ocrx_word' id='word_1_122' title='bbox 735 1612 1041 1682; x_wconf 76' lang='lat' dir='ltr'><strong>Spiritibus,</strong></span> <span class='ocrx_word' id='word_1_123' title='bbox 1066 1613 1210 1682; x_wconf 90' lang='lat' dir='ltr'><strong>quod</strong></span> <span class='ocrx_word' id='word_1_124' title='bbox 1240 1612 1503 1670; x_wconf 88' lang='lat' dir='ltr'><strong>Dominus</strong></span> <span class='ocrx_word' id='word_1_125' title='bbox 1525 1613 1760 1677; x_wconf 76' lang='lat' dir='ltr'><strong>dederit,</strong></span> <span class='ocrx_word' id='word_1_126' title='bbox 1781 1615 1833 1676; x_wconf 87' lang='lat' dir='ltr'><strong>in</strong></span> <span class='ocrx_word' id='word_1_127' title='bbox 1863 1628 2098 1684; x_wconf 83' lang='lat' dir='ltr'><strong>sequen-</strong></span> 
     </span>
    </p>
   </div>
   <div class='ocr_carea' id='block_1_17' title="bbox 493 1703 2096 1778">
    <p class='ocr_par' dir='ltr' id='par_1_17' title="bbox 493 1703 2096 1778">
     <span class='ocr_line' id='line_1_17' title="bbox 493 1703 2096 1778; baseline 0.003 -20"><span class='ocrx_word' id='word_1_128' title='bbox 493 1707 641 1760; x_wconf 80' lang='lat' dir='ltr'><strong>tibus</strong></span> <span class='ocrx_word' id='word_1_129' title='bbox 664 1703 907 1767; x_wconf 86' lang='lat' dir='ltr'><strong>dicemus</strong></span> <span class='ocrx_word' id='word_1_130' title='bbox 937 1722 951 1760; x_wconf 86' lang='lat'><strong>:</strong></span> <span class='ocrx_word' id='word_1_131' title='bbox 981 1705 1112 1777; x_wconf 90' lang='lat' dir='ltr'><strong>quid</strong></span> <span class='ocrx_word' id='word_1_132' title='bbox 1138 1707 1247 1762; x_wconf 88' lang='lat' dir='ltr'><strong>sint</strong></span> <span class='ocrx_word' id='word_1_133' title='bbox 1271 1715 1454 1764; x_wconf 89' lang='lat' dir='ltr'><strong>autem</strong></span> <span class='ocrx_word' id='word_1_134' title='bbox 1485 1715 1690 1778; x_wconf 84' lang='lat' dir='ltr'><strong>septem</strong></span> <span class='ocrx_word' id='word_1_135' title='bbox 1709 1707 1906 1774; x_wconf 70' lang='lat' dir='ltr'><strong>stellte,</strong></span> <span class='ocrx_word' id='word_1_136' title='bbox 1928 1721 2096 1775; x_wconf 86' lang='lat' dir='ltr'><strong>snpe-</strong></span> 
     </span>
    </p>
   </div>
   <div class='ocr_carea' id='block_1_18' title="bbox 2198 487 3765 563">
    <p class='ocr_par' dir='ltr' id='par_1_18' title="bbox 2198 487 3765 563">
     <span class='ocr_line' id='line_1_18' title="bbox 2198 487 3765 563; baseline -0.003 -15"><span class='ocrx_word' id='word_1_137' title='bbox 2198 510 2340 552; x_wconf 81' lang='lat' dir='ltr'><strong>mnm</strong></span> <span class='ocrx_word' id='word_1_138' title='bbox 2373 496 2621 563; x_wconf 83' lang='lat' dir='ltr'><strong>corporis</strong></span> <span class='ocrx_word' id='word_1_139' title='bbox 2665 493 2999 563; x_wconf 56' lang='lat' dir='ltr'><strong>perfodio-ns,</strong></span> <span class='ocrx_word' id='word_1_140' title='bbox 3025 492 3268 546; x_wconf 83' lang='lat' dir='ltr'><strong>animam</strong></span> <span class='ocrx_word' id='word_1_141' title='bbox 3299 487 3653 545; x_wconf 74' lang='lat' dir='ltr'><strong>absuahit.Si</strong></span> <span class='ocrx_word' id='word_1_142' title='bbox 3687 504 3765 543; x_wconf 83' lang='lat' dir='ltr'><strong>au—</strong></span> 
     </span>
    </p>
   </div>
   <div class='ocr_carea' id='block_1_19' title="bbox 2197 583 3762 658">
    <p class='ocr_par' dir='ltr' id='par_1_19' title="bbox 2197 583 3762 658">
     <span class='ocr_line' id='line_1_19' title="bbox 2197 583 3762 658; baseline -0.004 -18"><span class='ocrx_word' id='word_1_143' title='bbox 2197 596 2306 642; x_wconf 82' lang='lat' dir='ltr'><strong>tem</strong></span> <span class='ocrx_word' id='word_1_144' title='bbox 2337 587 2663 658; x_wconf 79' lang='lat' dir='ltr'><strong>vigilaverit,</strong></span> <span class='ocrx_word' id='word_1_145' title='bbox 2695 588 2745 644; x_wconf 85' lang='lat' dir='ltr'><strong>id</strong></span> <span class='ocrx_word' id='word_1_146' title='bbox 2772 595 2879 652; x_wconf 87' lang='lat' dir='ltr'><strong>cst,</strong></span> <span class='ocrx_word' id='word_1_147' title='bbox 2908 586 2959 640; x_wconf 93' lang='lat' dir='ltr'><strong>in</strong></span> <span class='ocrx_word' id='word_1_148' title='bbox 2992 586 3152 641; x_wconf 80' lang='lat' dir='ltr'><strong>bonis</strong></span> <span class='ocrx_word' id='word_1_149' title='bbox 3190 583 3454 654; x_wconf 76' lang='lat' dir='ltr'><strong>operibus</strong></span> <span class='ocrx_word' id='word_1_150' title='bbox 3484 595 3762 651; x_wconf 78' lang='lat' dir='ltr'><strong>persevera-</strong></span> 
     </span>
    </p>
   </div>
   <div class='ocr_carea' id='block_1_20' title="bbox 2196 676 3764 745">
    <p class='ocr_par' dir='ltr' id='par_1_20' title="bbox 2196 676 3764 745">
     <span class='ocr_line' id='line_1_20' title="bbox 2196 676 3764 745; baseline -0.001 -11"><span class='ocrx_word' id='word_1_151' title='bbox 2196 682 2354 745; x_wconf 82' lang='lat' dir='ltr'><strong>verit,</strong></span> <span class='ocrx_word' id='word_1_152' title='bbox 2401 692 2631 737; x_wconf 89' lang='lat' dir='ltr'><strong>mortem</strong></span> <span class='ocrx_word' id='word_1_153' title='bbox 2679 696 2785 735; x_wconf 91' lang='lat' dir='ltr'><strong>non</strong></span> <span class='ocrx_word' id='word_1_154' title='bbox 2831 691 2888 736; x_wconf 88' lang='lat' dir='ltr'><strong>ut</strong></span> <span class='ocrx_word' id='word_1_155' title='bbox 2933 682 3129 742; x_wconf 79' lang='lat' dir='ltr'><strong>ittrctn,</strong></span> <span class='ocrx_word' id='word_1_156' title='bbox 3187 677 3285 736; x_wconf 86' lang='lat' dir='ltr'><strong>sed</strong></span> <span class='ocrx_word' id='word_1_157' title='bbox 3337 688 3394 732; x_wconf 91' lang='lat' dir='ltr'><strong>ut</strong></span> <span class='ocrx_word' id='word_1_158' title='bbox 3440 676 3764 736; x_wconf 66' lang='lat' dir='ltr'><strong>liberan</strong></span> 
     </span>
    </p>
   </div>
   <div class='ocr_carea' id='block_1_21' title="bbox 2196 775 2456 844">
    <p class='ocr_par' dir='ltr' id='par_1_21' title="bbox 2196 775 2456 844">
     <span class='ocr_line' id='line_1_21' title="bbox 2196 775 2456 844; baseline 0 -14"><span class='ocrx_word' id='word_1_159' title='bbox 2196 775 2456 844; x_wconf 79' lang='lat' dir='ltr'><strong>perferet.</strong></span> 
     </span>
    </p>
   </div>
   <div class='ocr_carea' id='block_1_22' title="bbox 2271 864 3766 940">
    <p class='ocr_par' dir='ltr' id='par_1_22' title="bbox 2271 864 3766 940">
     <span class='ocr_line' id='line_1_22' title="bbox 2271 864 3766 940; baseline -0.002 -16"><span class='ocrx_word' id='word_1_160' title='bbox 2271 869 2452 936; x_wconf 61' lang='grc' dir='ltr'><strong>(γει-ε.</strong></span> <span class='ocrx_word' id='word_1_161' title='bbox 2483 868 2563 940; x_wconf 74' lang='grc'><strong>4.)</strong></span> <span class='ocrx_word' id='word_1_162' title='bbox 2594 868 2701 925; x_wconf 84' lang='lat' dir='ltr'><strong>Sed</strong></span> <span class='ocrx_word' id='word_1_163' title='bbox 2731 870 2885 925; x_wconf 79' lang='lat' dir='ltr'><strong>halm</strong></span> <span class='ocrx_word' id='word_1_164' title='bbox 2917 884 3086 939; x_wconf 78' lang='lat' dir='ltr'><strong>pauca</strong></span> <span class='ocrx_word' id='word_1_165' title='bbox 3116 867 3331 925; x_wconf 70' lang='lat' dir='ltr'><strong>notitiae</strong></span> <span class='ocrx_word' id='word_1_166' title='bbox 3373 865 3428 923; x_wconf 75' lang='lat' dir='ltr'><strong>in</strong></span> <span class='ocrx_word' id='word_1_167' title='bbox 3467 864 3668 931; x_wconf 77' lang='lat' dir='ltr'><strong>Sardis,</strong></span> <span class='ocrx_word' id='word_1_168' title='bbox 3692 864 3766 937; x_wconf 65' lang='lat' dir='ltr'><strong>qi</strong></span> 
     </span>
    </p>
   </div>
   <div class='ocr_carea' id='block_1_23' title="bbox 2199 959 3766 1034">
    <p class='ocr_par' dir='ltr' id='par_1_23' title="bbox 2199 959 3766 1034">
     <span class='ocr_line' id='line_1_23' title="bbox 2199 959 3766 1034; baseline -0.001 -17"><span class='ocrx_word' id='word_1_169' title='bbox 2199 981 2301 1018; x_wconf 89' lang='lat' dir='ltr'><strong>non</strong></span> <span class='ocrx_word' id='word_1_170' title='bbox 2331 964 2730 1034; x_wconf 77' lang='lat' dir='ltr'><strong>inquinaverunt</strong></span> <span class='ocrx_word' id='word_1_171' title='bbox 2753 965 3050 1024; x_wconf 77' lang='lat' dir='ltr'><strong>uestimenta</strong></span> <span class='ocrx_word' id='word_1_172' title='bbox 3084 979 3199 1018; x_wconf 84' lang='lat' dir='ltr'><strong>sua.</strong></span> <span class='ocrx_word' id='word_1_173' title='bbox 3231 961 3379 1018; x_wconf 78' lang='lat' dir='ltr'><strong>Ecce</strong></span> <span class='ocrx_word' id='word_1_174' title='bbox 3417 959 3654 1030; x_wconf 75' lang='lat' dir='ltr'><strong>discipuli</strong></span> <span class='ocrx_word' id='word_1_175' title='bbox 3687 975 3766 1029; x_wconf 79' lang='lat' dir='ltr'><strong>pa-</strong></span> 
     </span>
    </p>
   </div>
   <div class='ocr_carea' id='block_1_24' title="bbox 2198 1053 3765 1127">
    <p class='ocr_par' dir='ltr' id='par_1_24' title="bbox 2198 1053 3765 1127">
     <span class='ocr_line' id='line_1_24' title="bbox 2198 1053 3765 1127; baseline -0.001 -18"><span class='ocrx_word' id='word_1_176' title='bbox 2198 1057 2331 1111; x_wconf 82' lang='lat' dir='ltr'><strong>stori</strong></span> <span class='ocrx_word' id='word_1_177' title='bbox 2372 1055 2667 1127; x_wconf 79' lang='lat' dir='ltr'><strong>negligenti</strong></span> <span class='ocrx_word' id='word_1_178' title='bbox 2702 1065 3128 1126; x_wconf 66' lang='lat' dir='ltr'><strong>praeponuntur,</strong></span> <span class='ocrx_word' id='word_1_179' title='bbox 3162 1064 3222 1109; x_wconf 87' lang='lat' dir='ltr'><strong>ut</strong></span> <span class='ocrx_word' id='word_1_180' title='bbox 3269 1054 3471 1114; x_wconf 77' lang='lat' dir='ltr'><strong>saltem</strong></span> <span class='ocrx_word' id='word_1_181' title='bbox 3519 1053 3567 1106; x_wconf 89' lang='lat' dir='ltr'><strong>in</strong></span> <span class='ocrx_word' id='word_1_182' title='bbox 3609 1068 3765 1108; x_wconf 68' lang='lat' dir='ltr'><strong>mrum</strong></span> 
     </span>
    </p>
   </div>
   <div class='ocr_carea' id='block_1_25' title="bbox 2201 1145 3766 1219">
    <p class='ocr_par' dir='ltr' id='par_1_25' title="bbox 2201 1145 3766 1219">
     <span class='ocr_line' id='line_1_25' title="bbox 2201 1145 3766 1219; baseline 0 -17"><span class='ocrx_word' id='word_1_183' title='bbox 2201 1148 2506 1204; x_wconf 88' lang='lat' dir='ltr'><strong>imitatione</strong></span> <span class='ocrx_word' id='word_1_184' title='bbox 2535 1149 2847 1219; x_wconf 78' lang='lat' dir='ltr'><strong>proliceret.</strong></span> <span class='ocrx_word' id='word_1_185' title='bbox 2875 1148 2983 1204; x_wconf 88' lang='lat' dir='ltr'><strong>Sed</strong></span> <span class='ocrx_word' id='word_1_186' title='bbox 3011 1149 3233 1214; x_wconf 84' lang='lat' dir='ltr'><strong>mirum,</strong></span> <span class='ocrx_word' id='word_1_187' title='bbox 3259 1163 3361 1204; x_wconf 85' lang='lat' dir='ltr'><strong>cur</strong></span> <span class='ocrx_word' id='word_1_188' title='bbox 3390 1161 3556 1216; x_wconf 75' lang='lat' dir='ltr'><strong>pauca</strong></span> <span class='ocrx_word' id='word_1_189' title='bbox 3586 1145 3766 1202; x_wconf 77' lang='lat' dir='ltr'><strong>nomina</strong></span> 
     </span>
    </p>
   </div>
   <div class='ocr_carea' id='block_1_26' title="bbox 2202 1237 3765 1310">
    <p class='ocr_par' dir='ltr' id='par_1_26' title="bbox 2202 1237 3765 1310">
     <span class='ocr_line' id='line_1_26' title="bbox 2202 1237 3765 1310; baseline 0.002 -17"><span class='ocrx_word' id='word_1_190' title='bbox 2202 1241 2402 1296; x_wconf 76' lang='lat' dir='ltr'><strong>habere</strong></span> <span class='ocrx_word' id='word_1_191' title='bbox 2427 1241 2656 1310; x_wconf 79' lang='lat' dir='ltr'><strong>dicatur,</strong></span> <span class='ocrx_word' id='word_1_192' title='bbox 2683 1252 2735 1296; x_wconf 88' lang='lat' dir='ltr'><strong>et</strong></span> <span class='ocrx_word' id='word_1_193' title='bbox 2768 1257 2873 1296; x_wconf 89' lang='lat' dir='ltr'><strong>non</strong></span> <span class='ocrx_word' id='word_1_194' title='bbox 2910 1255 3112 1310; x_wconf 78' lang='lat' dir='ltr'><strong>paucos</strong></span> <span class='ocrx_word' id='word_1_195' title='bbox 3155 1240 3429 1302; x_wconf 66' lang='lat' dir='ltr'><strong>homines.</strong></span> <span class='ocrx_word' id='word_1_196' title='bbox 3459 1237 3565 1296; x_wconf 80' lang='lat' dir='ltr'><strong>Sed</strong></span> <span class='ocrx_word' id='word_1_197' title='bbox 3595 1237 3685 1293; x_wconf 84' lang='lat' dir='ltr'><strong>hoc</strong></span> <span class='ocrx_word' id='word_1_198' title='bbox 3709 1237 3765 1296; x_wconf 72' lang='lat' dir='ltr'><strong>ad</strong></span> 
     </span>
    </p>
   </div>
   <div class='ocr_carea' id='block_1_27' title="bbox 2200 1333 3764 1406">
    <p class='ocr_par' dir='ltr' id='par_1_27' title="bbox 2200 1333 3764 1406">
     <span class='ocr_line' id='line_1_27' title="bbox 2200 1333 3764 1406; baseline -0.001 -17"><span class='ocrx_word' id='word_1_199' title='bbox 2200 1334 2588 1394; x_wconf 74' lang='lat' dir='ltr'><strong>excellentiam</strong></span> <span class='ocrx_word' id='word_1_200' title='bbox 2621 1350 2872 1406; x_wconf 70' lang='lat' dir='ltr'><strong>magnam</strong></span> <span class='ocrx_word' id='word_1_201' title='bbox 2898 1335 3130 1404; x_wconf 77' lang='lat' dir='ltr'><strong>alicujus</strong></span> <span class='ocrx_word' id='word_1_202' title='bbox 3164 1334 3340 1397; x_wconf 80' lang='lat' dir='ltr'><strong>sancti</strong></span> <span class='ocrx_word' id='word_1_203' title='bbox 3372 1333 3641 1402; x_wconf 75' lang='lat' dir='ltr'><strong>pertinet,</strong></span> <span class='ocrx_word' id='word_1_204' title='bbox 3666 1347 3764 1388; x_wconf 73' lang='lat' dir='ltr'><strong>cum</strong></span> 
     </span>
    </p>
   </div>
   <div class='ocr_carea' id='block_1_28' title="bbox 2201 1425 3768 1498">
    <p class='ocr_par' dir='ltr' id='par_1_28' title="bbox 2201 1425 3768 1498">
     <span class='ocr_line' id='line_1_28' title="bbox 2201 1425 3768 1498; baseline -0.004 -13"><span class='ocrx_word' id='word_1_205' title='bbox 2201 1445 2326 1490; x_wconf 88' lang='lat' dir='ltr'><strong>eum</strong></span> <span class='ocrx_word' id='word_1_206' title='bbox 2360 1429 2505 1488; x_wconf 82' lang='lat' dir='ltr'><strong>Deus</strong></span> <span class='ocrx_word' id='word_1_207' title='bbox 2536 1429 2858 1486; x_wconf 84' lang='lat' dir='ltr'><strong>nominatim</strong></span> <span class='ocrx_word' id='word_1_208' title='bbox 2887 1429 3028 1485; x_wconf 84' lang='lat' dir='ltr'><strong>scire</strong></span> <span class='ocrx_word' id='word_1_209' title='bbox 3059 1429 3285 1491; x_wconf 79' lang='lat' dir='ltr'><strong>dicitur,</strong></span> <span class='ocrx_word' id='word_1_210' title='bbox 3312 1427 3456 1484; x_wconf 81' lang='lat' dir='ltr'><strong>sicut</strong></span> <span class='ocrx_word' id='word_1_211' title='bbox 3482 1425 3638 1498; x_wconf 70' lang='lat' dir='ltr'><strong>lioysi</strong></span> <span class='ocrx_word' id='word_1_212' title='bbox 3671 1442 3768 1496; x_wconf 83' lang='lat' dir='ltr'><strong>per-</strong></span> 
     </span>
    </p>
   </div>
   <div class='ocr_carea' id='block_1_29' title="bbox 2203 1517 3766 1584">
    <p class='ocr_par' dir='ltr' id='par_1_29' title="bbox 2203 1517 3766 1584">
     <span class='ocr_line' id='line_1_29' title="bbox 2203 1517 3766 1584; baseline -0.002 -7"><span class='ocrx_word' id='word_1_213' title='bbox 2203 1524 2347 1580; x_wconf 79' lang='lat' dir='ltr'><strong>ferto</strong></span> <span class='ocrx_word' id='word_1_214' title='bbox 2371 1523 2488 1578; x_wconf 88' lang='lat' dir='ltr'><strong>viro</strong></span> <span class='ocrx_word' id='word_1_215' title='bbox 2517 1523 2718 1578; x_wconf 88' lang='lat' dir='ltr'><strong>dicitur</strong></span> <span class='ocrx_word' id='word_1_216' title='bbox 2748 1541 2762 1577; x_wconf 87' lang='lat'><strong>:</strong></span> <span class='ocrx_word' id='word_1_217' title='bbox 2799 1521 2938 1577; x_wconf 82' lang='lat' dir='ltr'><strong>Novi</strong></span> <span class='ocrx_word' id='word_1_218' title='bbox 2965 1533 3012 1580; x_wconf 74' lang='lat' dir='ltr'><strong>te.</strong></span> <span class='ocrx_word' id='word_1_219' title='bbox 3052 1539 3117 1578; x_wconf 76' lang='lat' dir='ltr'><strong>ea:</strong></span> <span class='ocrx_word' id='word_1_220' title='bbox 3154 1521 3407 1584; x_wconf 79' lang='lat' dir='ltr'><strong>nomine;</strong></span> <span class='ocrx_word' id='word_1_221' title='bbox 3448 1532 3502 1576; x_wconf 87' lang='lat' dir='ltr'><strong>et</strong></span> <span class='ocrx_word' id='word_1_222' title='bbox 3550 1517 3766 1578; x_wconf 77' lang='lat' dir='ltr'><strong>Dominus</strong></span> 
     </span>
    </p>
   </div>
   <div class='ocr_carea' id='block_1_30' title="bbox 2201 1612 3765 1685">
    <p class='ocr_par' dir='ltr' id='par_1_30' title="bbox 2201 1612 3765 1685">
     <span class='ocr_line' id='line_1_30' title="bbox 2201 1612 3765 1685; baseline -0.003 -16"><span class='ocrx_word' id='word_1_223' title='bbox 2201 1615 2335 1670; x_wconf 80' lang='lat' dir='ltr'><strong>dicit</strong></span> <span class='ocrx_word' id='word_1_224' title='bbox 2359 1617 2410 1670; x_wconf 88' lang='lat' dir='ltr'><strong>in</strong></span> <span class='ocrx_word' id='word_1_225' title='bbox 2442 1613 2774 1682; x_wconf 78' lang='lat' dir='ltr'><strong>Evangelio:</strong></span> <span class='ocrx_word' id='word_1_226' title='bbox 2803 1614 2868 1670; x_wconf 80' lang='lat' dir='ltr'><strong>Et</strong></span> <span class='ocrx_word' id='word_1_227' title='bbox 2891 1615 3128 1685; x_wconf 83' lang='lat' dir='ltr'><strong>proprias</strong></span> <span class='ocrx_word' id='word_1_228' title='bbox 3155 1631 3274 1669; x_wconf 80' lang='lat' dir='ltr'><strong>ores</strong></span> <span class='ocrx_word' id='word_1_229' title='bbox 3301 1623 3447 1668; x_wconf 80' lang='lat' dir='ltr'><strong>uocat</strong></span> <span class='ocrx_word' id='word_1_230' title='bbox 3478 1612 3765 1678; x_wconf 75' lang='lat' dir='ltr'><strong>nominatim,</strong></span> 
     </span>
    </p>
   </div>
   <div class='ocr_carea' id='block_1_31' title="bbox 2202 1692 3766 1780">
    <p class='ocr_par' dir='ltr' id='par_1_31' title="bbox 2202 1692 3766 1780">
     <span class='ocr_line' id='line_1_31' title="bbox 2202 1692 3766 1780; baseline 0.001 -20"><span class='ocrx_word' id='word_1_231' title='bbox 2202 1716 2248 1760; x_wconf 89' lang='lat' dir='ltr'><strong>ct</strong></span> <span class='ocrx_word' id='word_1_232' title='bbox 2277 1709 2446 1766; x_wconf 86' lang='lat' dir='ltr'><strong>educit</strong></span> <span class='ocrx_word' id='word_1_233' title='bbox 2472 1723 2558 1762; x_wconf 87' lang='lat' dir='ltr'><strong>eas</strong></span> <span class='ocrx_word' id='word_1_234' title='bbox 2584 1705 2766 1780; x_wconf 82' lang='lat' dir='ltr'><strong>(Joan.</strong></span> <span class='ocrx_word' id='word_1_235' title='bbox 2793 1723 2846 1773; x_wconf 69' lang='grc' dir='ltr'>ι,</span> <span class='ocrx_word' id='word_1_236' title='bbox 2876 1692 2955 1778; x_wconf 74' lang='grc' dir='ltr'><strong>ὅ).</strong></span> <span class='ocrx_word' id='word_1_237' title='bbox 2992 1707 3083 1763; x_wconf 76' lang='lat' dir='ltr'><strong>ISti</strong></span> <span class='ocrx_word' id='word_1_238' title='bbox 3128 1721 3261 1778; x_wconf 77' lang='lat' dir='ltr'><strong>ergo</strong></span> <span class='ocrx_word' id='word_1_239' title='bbox 3305 1706 3491 1777; x_wconf 85' lang='lat' dir='ltr'><strong>pauci,</strong></span> <span class='ocrx_word' id='word_1_240' title='bbox 3535 1705 3618 1776; x_wconf 88' lang='lat' dir='ltr'><strong>qni</strong></span> <span class='ocrx_word' id='word_1_241' title='bbox 3659 1719 3766 1762; x_wconf 74' lang='lat' dir='ltr'><strong>voce</strong></span> 
     </span>
    </p>
   </div>
   <div class='ocr_carea' id='block_1_32' title="bbox 492 1797 3764 1873">
    <p class='ocr_par' dir='ltr' id='par_1_32' title="bbox 492 1797 3764 1873">
     <span class='ocr_line' id='line_1_32' title="bbox 492 1797 3764 1873; baseline 0 -22"><span class='ocrx_word' id='word_1_242' title='bbox 492 1800 609 1852; x_wconf 88' lang='lat' dir='ltr'><strong>rius</strong></span> <span class='ocrx_word' id='word_1_243' title='bbox 630 1797 834 1865; x_wconf 77' lang='lat' dir='ltr'><strong>dictum</strong></span> <span class='ocrx_word' id='word_1_244' title='bbox 860 1809 962 1856; x_wconf 80' lang='lat' dir='ltr'><strong>est.</strong></span> <span class='ocrx_word' id='word_1_245' title='bbox 989 1799 1267 1871; x_wconf 78' lang='lat' dir='ltr'><strong>Sequitur,</strong></span> <span class='ocrx_word' id='word_1_246' title='bbox 1297 1799 1420 1864; x_wconf 83' lang='lat' dir='ltr'><strong>Scio</strong></span> <span class='ocrx_word' id='word_1_247' title='bbox 1450 1816 1607 1873; x_wconf 82' lang='lat' dir='ltr'><strong>opera</strong></span> <span class='ocrx_word' id='word_1_248' title='bbox 1633 1809 1741 1865; x_wconf 85' lang='lat' dir='ltr'><strong>tua,</strong></span> <span class='ocrx_word' id='word_1_249' title='bbox 1768 1800 1888 1870; x_wconf 82' lang='lat' dir='ltr'><strong>quia</strong></span> <span class='ocrx_word' id='word_1_250' title='bbox 1915 1815 2102 1854; x_wconf 76' lang='lat' dir='ltr'><strong>nomen</strong></span> <span class='ocrx_word' id='word_1_251' title='bbox 2133 1804 2183 1864; x_wconf 90' lang='lat' dir='ltr'><strong>B</strong></span> <span class='ocrx_word' id='word_1_252' title='bbox 2214 1803 2304 1860; x_wconf 82' lang='lat' dir='ltr'><strong>Dei</strong></span> <span class='ocrx_word' id='word_1_253' title='bbox 2336 1800 2541 1858; x_wconf 83' lang='lat' dir='ltr'><strong>laudari</strong></span> <span class='ocrx_word' id='word_1_254' title='bbox 2583 1809 2880 1870; x_wconf 87' lang='lat' dir='ltr'><strong>merentur,</strong></span> <span class='ocrx_word' id='word_1_255' title='bbox 2906 1815 3012 1856; x_wconf 90' lang='lat' dir='ltr'><strong>non</strong></span> <span class='ocrx_word' id='word_1_256' title='bbox 3044 1802 3465 1870; x_wconf 83' lang='lat' dir='ltr'><strong>iuquinavcrunt</strong></span> <span class='ocrx_word' id='word_1_257' title='bbox 3491 1799 3764 1853; x_wconf 75' lang='lat' dir='ltr'><strong>vestimenta</strong></span> 
     </span>
    </p>
   </div>
   <div class='ocr_carea' id='block_1_33' title="bbox 493 1889 2099 1963">
    <p class='ocr_par' dir='ltr' id='par_1_33' title="bbox 493 1889 2099 1963">
     <span class='ocr_line' id='line_1_33' title="bbox 493 1889 2099 1963; baseline 0.001 -21"><span class='ocrx_word' id='word_1_258' title='bbox 493 1889 653 1948; x_wconf 84' lang='lat' dir='ltr'><strong>habes</strong></span> <span class='ocrx_word' id='word_1_259' title='bbox 674 1892 813 1960; x_wconf 76' lang='lat' dir='ltr'><strong>quod</strong></span> <span class='ocrx_word' id='word_1_260' title='bbox 833 1893 996 1958; x_wconf 80' lang='lat' dir='ltr'><strong>vivas,</strong></span> <span class='ocrx_word' id='word_1_261' title='bbox 1023 1903 1069 1946; x_wconf 89' lang='lat' dir='ltr'><strong>et</strong></span> <span class='ocrx_word' id='word_1_262' title='bbox 1101 1901 1334 1958; x_wconf 79' lang='lat' dir='ltr'><strong>mortuus</strong></span> <span class='ocrx_word' id='word_1_263' title='bbox 1355 1909 1428 1950; x_wconf 86' lang='lat' dir='ltr'><strong>es.</strong></span> <span class='ocrx_word' id='word_1_264' title='bbox 1454 1891 1660 1954; x_wconf 87' lang='lat' dir='ltr'><strong>Nomen</strong></span> <span class='ocrx_word' id='word_1_265' title='bbox 1694 1893 1927 1958; x_wconf 84' lang='lat' dir='ltr'><strong>habebat</strong></span> <span class='ocrx_word' id='word_1_266' title='bbox 1952 1893 2099 1963; x_wconf 87' lang='lat' dir='ltr'><strong>quod</strong></span> 
     </span>
    </p>
   </div>
   <div class='ocr_carea' id='block_1_34' title="bbox 497 1985 2102 2054">
    <p class='ocr_par' dir='ltr' id='par_1_34' title="bbox 497 1985 2102 2054">
     <span class='ocr_line' id='line_1_34' title="bbox 497 1985 2102 2054; baseline 0.002 -16"><span class='ocrx_word' id='word_1_267' title='bbox 497 1985 732 2054; x_wconf 84' lang='lat' dir='ltr'><strong>viveret,</strong></span> <span class='ocrx_word' id='word_1_268' title='bbox 773 1987 822 2039; x_wconf 87' lang='lat' dir='ltr'><strong>id</strong></span> <span class='ocrx_word' id='word_1_269' title='bbox 867 1994 974 2052; x_wconf 86' lang='lat' dir='ltr'><strong>est,</strong></span> <span class='ocrx_word' id='word_1_270' title='bbox 1027 2001 1228 2044; x_wconf 86' lang='lat' dir='ltr'><strong>nomen</strong></span> <span class='ocrx_word' id='word_1_271' title='bbox 1274 1986 1629 2048; x_wconf 86' lang='lat' dir='ltr'><strong>christianum</strong></span> <span class='ocrx_word' id='word_1_272' title='bbox 1663 2004 1676 2040; x_wconf 95' lang='lat'><strong>:</strong></span> <span class='ocrx_word' id='word_1_273' title='bbox 1710 1985 1805 2042; x_wconf 89' lang='lat' dir='ltr'><strong>sed</strong></span> <span class='ocrx_word' id='word_1_274' title='bbox 1852 1995 2102 2046; x_wconf 81' lang='lat' dir='ltr'><strong>mortuus</strong></span> 
     </span>
    </p>
   </div>
   <div class='ocr_carea' id='block_1_35' title="bbox 498 2076 2103 2150">
    <p class='ocr_par' dir='ltr' id='par_1_35' title="bbox 498 2076 2103 2150">
     <span class='ocr_line' id='line_1_35' title="bbox 498 2076 2103 2150; baseline -0.001 -17"><span class='ocrx_word' id='word_1_275' title='bbox 498 2087 647 2146; x_wconf 86' lang='lat' dir='ltr'><strong>erat;</strong></span> <span class='ocrx_word' id='word_1_276' title='bbox 681 2079 804 2149; x_wconf 88' lang='lat' dir='ltr'><strong>quia</strong></span> <span class='ocrx_word' id='word_1_277' title='bbox 855 2077 983 2134; x_wconf 81' lang='lat' dir='ltr'><strong>ﬁdei</strong></span> <span class='ocrx_word' id='word_1_278' title='bbox 1034 2093 1199 2150; x_wconf 86' lang='lat' dir='ltr'><strong>opera</strong></span> <span class='ocrx_word' id='word_1_279' title='bbox 1221 2121 1236 2146; x_wconf 90' lang='lat'><strong>,</strong></span> <span class='ocrx_word' id='word_1_280' title='bbox 1265 2094 1386 2150; x_wconf 72' lang='lat' dir='ltr'><strong>qua:</strong></span> <span class='ocrx_word' id='word_1_281' title='bbox 1427 2087 1511 2135; x_wconf 87' lang='lat' dir='ltr'><strong>est</strong></span> <span class='ocrx_word' id='word_1_282' title='bbox 1555 2078 1793 2134; x_wconf 83' lang='lat' dir='ltr'><strong>cliaritas</strong></span> <span class='ocrx_word' id='word_1_283' title='bbox 1816 2119 1830 2143; x_wconf 91' lang='lat'><strong>,</strong></span> <span class='ocrx_word' id='word_1_284' title='bbox 1863 2091 1973 2134; x_wconf 90' lang='lat' dir='ltr'><strong>non</strong></span> <span class='ocrx_word' id='word_1_285' title='bbox 2004 2076 2103 2134; x_wconf 87' lang='lat' dir='ltr'><strong>ba-</strong></span> 
     </span>
    </p>
   </div>
   <div class='ocr_carea' id='block_1_36' title="bbox 501 2171 691 2233">
    <p class='ocr_par' dir='ltr' id='par_1_36' title="bbox 501 2171 691 2233">
     <span class='ocr_line' id='line_1_36' title="bbox 501 2171 691 2233; baseline 0 -6"><span class='ocrx_word' id='word_1_286' title='bbox 501 2171 664 2233; x_wconf 88' lang='lat' dir='ltr'><strong>bebat</strong></span> <span class='ocrx_word' id='word_1_287' title='bbox 677 2214 691 2227; x_wconf 94' lang='lat'><strong>.</strong></span> 
     </span>
    </p>
   </div>
   <div class='ocr_carea' id='block_1_37' title="bbox 576 2264 2103 2338">
    <p class='ocr_par' dir='ltr' id='par_1_37' title="bbox 576 2264 2103 2338">
     <span class='ocr_line' id='line_1_37' title="bbox 576 2264 2103 2338; baseline 0.005 -20"><span class='ocrx_word' id='word_1_288' title='bbox 576 2264 757 2338; x_wconf 75' lang='lat' dir='ltr'><strong>(Vere.</strong></span> <span class='ocrx_word' id='word_1_289' title='bbox 793 2265 871 2336; x_wconf 73' lang='lat'><strong>2.)</strong></span> <span class='ocrx_word' id='word_1_290' title='bbox 907 2264 1035 2329; x_wconf 78' lang='lat' dir='ltr'><strong>Esto</strong></span> <span class='ocrx_word' id='word_1_291' title='bbox 1076 2266 1317 2338; x_wconf 80' lang='lat' dir='ltr'><strong>uigilans,</strong></span> <span class='ocrx_word' id='word_1_292' title='bbox 1351 2275 1399 2322; x_wconf 86' lang='lat' dir='ltr'><strong>et</strong></span> <span class='ocrx_word' id='word_1_293' title='bbox 1429 2267 1684 2336; x_wconf 79' lang='lat' dir='ltr'><strong>conﬁrma</strong></span> <span class='ocrx_word' id='word_1_294' title='bbox 1726 2277 1910 2326; x_wconf 64' lang='lat' dir='ltr'><strong>cetera</strong></span> <span class='ocrx_word' id='word_1_295' title='bbox 1932 2309 1946 2336; x_wconf 91' lang='lat'><strong>,</strong></span> <span class='ocrx_word' id='word_1_296' title='bbox 1989 2283 2103 2338; x_wconf 68' lang='lat' dir='ltr'><strong>quo!</strong></span> 
     </span>
    </p>
   </div>
   <div class='ocr_carea' id='block_1_38' title="bbox 498 2359 2103 2432">
    <p class='ocr_par' dir='ltr' id='par_1_38' title="bbox 498 2359 2103 2432">
     <span class='ocr_line' id='line_1_38' title="bbox 498 2359 2103 2432; baseline 0.003 -21"><span class='ocrx_word' id='word_1_297' title='bbox 498 2359 753 2421; x_wconf 79' lang='lat' dir='ltr'><strong>moritura</strong></span> <span class='ocrx_word' id='word_1_298' title='bbox 781 2370 948 2422; x_wconf 77' lang='lat' dir='ltr'><strong>erant.</strong></span> <span class='ocrx_word' id='word_1_299' title='bbox 987 2359 1183 2429; x_wconf 78' lang='lat' dir='ltr'><strong>Vigilat</strong></span> <span class='ocrx_word' id='word_1_300' title='bbox 1207 2361 1296 2430; x_wconf 84' lang='lat' dir='ltr'><strong>qui</strong></span> <span class='ocrx_word' id='word_1_301' title='bbox 1328 2374 1547 2430; x_wconf 77' lang='lat' dir='ltr'><strong>semper</strong></span> <span class='ocrx_word' id='word_1_302' title='bbox 1582 2360 1724 2418; x_wconf 83' lang='lat' dir='ltr'><strong>bona</strong></span> <span class='ocrx_word' id='word_1_303' title='bbox 1751 2375 1916 2432; x_wconf 82' lang='lat' dir='ltr'><strong>opera</strong></span> <span class='ocrx_word' id='word_1_304' title='bbox 1946 2376 2103 2416; x_wconf 77' lang='lat' dir='ltr'><strong>exer-</strong></span> 
     </span>
    </p>
   </div>
   <div class='ocr_carea' id='block_1_39' title="bbox 498 2452 2102 2522">
    <p class='ocr_par' dir='ltr' id='par_1_39' title="bbox 498 2452 2102 2522">
     <span class='ocr_line' id='line_1_39' title="bbox 498 2452 2102 2522; baseline 0.001 -17"><span class='ocrx_word' id='word_1_305' title='bbox 498 2459 588 2512; x_wconf 86' lang='lat' dir='ltr'><strong>cet</strong></span> <span class='ocrx_word' id='word_1_306' title='bbox 620 2468 632 2503; x_wconf 93' lang='lat'><strong>:</strong></span> <span class='ocrx_word' id='word_1_307' title='bbox 665 2452 976 2520; x_wconf 83' lang='lat' dir='ltr'><strong>praecipitur</strong></span> <span class='ocrx_word' id='word_1_308' title='bbox 1021 2465 1151 2522; x_wconf 82' lang='lat' dir='ltr'><strong>ergo</strong></span> <span class='ocrx_word' id='word_1_309' title='bbox 1206 2452 1329 2516; x_wconf 86' lang='lat' dir='ltr'><strong>huic</strong></span> <span class='ocrx_word' id='word_1_310' title='bbox 1354 2493 1368 2518; x_wconf 95' lang='lat'><strong>,</strong></span> <span class='ocrx_word' id='word_1_311' title='bbox 1398 2461 1458 2508; x_wconf 88' lang='lat' dir='ltr'><strong>ut</strong></span> <span class='ocrx_word' id='word_1_312' title='bbox 1485 2452 1703 2522; x_wconf 79' lang='lat' dir='ltr'><strong>vigilet,</strong></span> <span class='ocrx_word' id='word_1_313' title='bbox 1737 2453 1786 2514; x_wconf 82' lang='lat' dir='ltr'><strong>id</strong></span> <span class='ocrx_word' id='word_1_314' title='bbox 1828 2463 1932 2520; x_wconf 83' lang='lat' dir='ltr'><strong>est,</strong></span> <span class='ocrx_word' id='word_1_315' title='bbox 1965 2462 2022 2508; x_wconf 93' lang='lat' dir='ltr'><strong>ut</strong></span> <span class='ocrx_word' id='word_1_316' title='bbox 2048 2452 2102 2508; x_wconf 93' lang='lat' dir='ltr'><strong>in</strong></span> 
     </span>
    </p>
   </div>
   <div class='ocr_carea' id='block_1_40' title="bbox 498 2543 2104 2616">
    <p class='ocr_par' dir='ltr' id='par_1_40' title="bbox 498 2543 2104 2616">
     <span class='ocr_line' id='line_1_40' title="bbox 498 2543 2104 2616; baseline 0.002 -18"><span class='ocrx_word' id='word_1_317' title='bbox 498 2543 784 2608; x_wconf 77' lang='lat' dir='ltr'><strong>citaritatis</strong></span> <span class='ocrx_word' id='word_1_318' title='bbox 814 2544 1072 2614; x_wconf 75' lang='lat' dir='ltr'><strong>operibus</strong></span> <span class='ocrx_word' id='word_1_319' title='bbox 1128 2546 1480 2616; x_wconf 70' lang='lat' dir='ltr'><strong>semetipsum</strong></span> <span class='ocrx_word' id='word_1_320' title='bbox 1512 2557 1803 2612; x_wconf 70' lang='lat' dir='ltr'><strong>exerceat;</strong></span> <span class='ocrx_word' id='word_1_321' title='bbox 1835 2561 1904 2602; x_wconf 86' lang='lat' dir='ltr'><strong>no</strong></span> <span class='ocrx_word' id='word_1_322' title='bbox 1941 2563 2104 2616; x_wconf 83' lang='lat' dir='ltr'><strong>parva</strong></span> 
     </span>
    </p>
   </div>
   <div class='ocr_carea' id='block_1_41' title="bbox 503 2638 2106 2710">
    <p class='ocr_par' dir='ltr' id='par_1_41' title="bbox 503 2638 2106 2710">
     <span class='ocr_line' id='line_1_41' title="bbox 503 2638 2106 2710; baseline 0.003 -19"><span class='ocrx_word' id='word_1_323' title='bbox 503 2638 644 2698; x_wconf 80' lang='lat' dir='ltr'><strong>bona</strong></span> <span class='ocrx_word' id='word_1_324' title='bbox 677 2655 797 2710; x_wconf 77' lang='lat' dir='ltr'><strong>qua:</strong></span> <span class='ocrx_word' id='word_1_325' title='bbox 827 2638 1006 2708; x_wconf 83' lang='lat' dir='ltr'><strong>adhuc</strong></span> <span class='ocrx_word' id='word_1_326' title='bbox 1037 2638 1322 2704; x_wconf 82' lang='lat' dir='ltr'><strong>videbatur</strong></span> <span class='ocrx_word' id='word_1_327' title='bbox 1350 2638 1574 2707; x_wconf 78' lang='lat' dir='ltr'><strong>habere,</strong></span> <span class='ocrx_word' id='word_1_328' title='bbox 1604 2638 1942 2710; x_wconf 77' lang='lat' dir='ltr'><strong>deperirent.</strong></span> <span class='ocrx_word' id='word_1_329' title='bbox 1965 2639 2106 2708; x_wconf 82' lang='lat' dir='ltr'><strong>Quia</strong></span> 
     </span>
    </p>
   </div>
   <div class='ocr_carea' id='block_1_42' title="bbox 502 2731 2108 2805">
    <p class='ocr_par' dir='ltr' id='par_1_42' title="bbox 502 2731 2108 2805">
     <span class='ocr_line' id='line_1_42' title="bbox 502 2731 2108 2805; baseline 0.002 -21"><span class='ocrx_word' id='word_1_330' title='bbox 502 2731 644 2786; x_wconf 88' lang='lat' dir='ltr'><strong>sicut</strong></span> <span class='ocrx_word' id='word_1_331' title='bbox 670 2746 870 2805; x_wconf 85' lang='lat' dir='ltr'><strong>corpus</strong></span> <span class='ocrx_word' id='word_1_332' title='bbox 900 2740 1169 2790; x_wconf 87' lang='lat' dir='ltr'><strong>mortuum</strong></span> <span class='ocrx_word' id='word_1_333' title='bbox 1193 2741 1274 2786; x_wconf 85' lang='lat' dir='ltr'><strong>est</strong></span> <span class='ocrx_word' id='word_1_334' title='bbox 1302 2733 1420 2786; x_wconf 78' lang='lat' dir='ltr'><strong>sine</strong></span> <span class='ocrx_word' id='word_1_335' title='bbox 1441 2733 1642 2796; x_wconf 84' lang='lat' dir='ltr'><strong>anima,</strong></span> <span class='ocrx_word' id='word_1_336' title='bbox 1667 2733 1738 2788; x_wconf 90' lang='lat' dir='ltr'><strong>ita</strong></span> <span class='ocrx_word' id='word_1_337' title='bbox 1762 2742 1816 2787; x_wconf 89' lang='lat' dir='ltr'><strong>et</strong></span> <span class='ocrx_word' id='word_1_338' title='bbox 1839 2748 1937 2787; x_wconf 89' lang='lat' dir='ltr'><strong>nos</strong></span> <span class='ocrx_word' id='word_1_339' title='bbox 1960 2749 2108 2804; x_wconf 70' lang='lat' dir='ltr'><strong>qum-</strong></span> 
     </span>
    </p>
   </div>
   <div class='ocr_carea' id='block_1_43' title="bbox 503 2824 2109 2894">
    <p class='ocr_par' dir='ltr' id='par_1_43' title="bbox 503 2824 2109 2894">
     <span class='ocr_line' id='line_1_43' title="bbox 503 2824 2109 2894; baseline 0.002 -16"><span class='ocrx_word' id='word_1_340' title='bbox 503 2824 635 2880; x_wconf 88' lang='lat' dir='ltr'><strong>libet</strong></span> <span class='ocrx_word' id='word_1_341' title='bbox 669 2826 806 2882; x_wconf 87' lang='lat' dir='ltr'><strong>bona</strong></span> <span class='ocrx_word' id='word_1_342' title='bbox 831 2825 1112 2893; x_wconf 81' lang='lat' dir='ltr'><strong>videamur</strong></span> <span class='ocrx_word' id='word_1_343' title='bbox 1141 2826 1345 2888; x_wconf 83' lang='lat' dir='ltr'><strong>habere</strong></span> <span class='ocrx_word' id='word_1_344' title='bbox 1370 2867 1384 2892; x_wconf 89' lang='lat'><strong>,</strong></span> <span class='ocrx_word' id='word_1_345' title='bbox 1415 2837 1627 2892; x_wconf 83' lang='lat' dir='ltr'><strong>mortua</strong></span> <span class='ocrx_word' id='word_1_346' title='bbox 1658 2835 1822 2894; x_wconf 84' lang='lat' dir='ltr'><strong>sunt,</strong></span> <span class='ocrx_word' id='word_1_347' title='bbox 1851 2828 1895 2884; x_wconf 87' lang='lat' dir='ltr'><strong>si</strong></span> <span class='ocrx_word' id='word_1_348' title='bbox 1927 2828 2109 2886; x_wconf 84' lang='lat' dir='ltr'><strong>chari-</strong></span> 
     </span>
    </p>
   </div>
   <div class='ocr_carea' id='block_1_44' title="bbox 503 2917 2109 2991">
    <p class='ocr_par' dir='ltr' id='par_1_44' title="bbox 503 2917 2109 2991">
     <span class='ocr_line' id='line_1_44' title="bbox 503 2917 2109 2991; baseline 0.001 -18"><span class='ocrx_word' id='word_1_349' title='bbox 503 2931 586 2974; x_wconf 87' lang='lat' dir='ltr'><strong>tas</strong></span> <span class='ocrx_word' id='word_1_350' title='bbox 608 2917 875 2982; x_wconf 81' lang='lat' dir='ltr'><strong>defuerit:</strong></span> <span class='ocrx_word' id='word_1_351' title='bbox 902 2917 953 2972; x_wconf 87' lang='grc' dir='ltr'><em>Ν</em></span> <span class='ocrx_word' id='word_1_352' title='bbox 960 2936 1024 2982; x_wconf 83' lang='lat' dir='ltr'><strong>on</strong></span> <span class='ocrx_word' id='word_1_353' title='bbox 1055 2920 1193 2976; x_wconf 86' lang='lat' dir='ltr'><strong>enim</strong></span> <span class='ocrx_word' id='word_1_354' title='bbox 1225 2920 1428 2979; x_wconf 75' lang='lat' dir='ltr'><strong>invenio</strong></span> <span class='ocrx_word' id='word_1_355' title='bbox 1451 2935 1609 2991; x_wconf 80' lang='lat' dir='ltr'><strong>opera</strong></span> <span class='ocrx_word' id='word_1_356' title='bbox 1637 2929 1728 2986; x_wconf 74' lang='lat' dir='ltr'><strong>tua</strong></span> <span class='ocrx_word' id='word_1_357' title='bbox 1751 2920 1904 2990; x_wconf 82' lang='lat' dir='ltr'><strong>plena</strong></span> <span class='ocrx_word' id='word_1_358' title='bbox 1930 2937 2109 2976; x_wconf 90' lang='lat' dir='ltr'><strong>coram</strong></span> 
     </span>
    </p>
   </div>
   <div class='ocr_carea' id='block_1_45' title="bbox 507 3012 2112 3084">
    <p class='ocr_par' dir='ltr' id='par_1_45' title="bbox 507 3012 2112 3084">
     <span class='ocr_line' id='line_1_45' title="bbox 507 3012 2112 3084; baseline 0.002 -18"><span class='ocrx_word' id='word_1_359' title='bbox 507 3012 621 3068; x_wconf 88' lang='lat' dir='ltr'><strong>Deo</strong></span> <span class='ocrx_word' id='word_1_360' title='bbox 649 3030 780 3076; x_wconf 87' lang='lat' dir='ltr'><strong>meo.</strong></span> <span class='ocrx_word' id='word_1_361' title='bbox 809 3013 924 3068; x_wconf 82' lang='lat' dir='ltr'><strong>Non</strong></span> <span class='ocrx_word' id='word_1_362' title='bbox 949 3021 1106 3072; x_wconf 85' lang='lat' dir='ltr'><strong>erant</strong></span> <span class='ocrx_word' id='word_1_363' title='bbox 1131 3015 1312 3082; x_wconf 74' lang='lat' dir='ltr'><strong>plt‘lla,</strong></span> <span class='ocrx_word' id='word_1_364' title='bbox 1338 3013 1432 3076; x_wconf 78' lang='lat' dir='ltr'><strong>sed</strong></span> <span class='ocrx_word' id='word_1_365' title='bbox 1461 3028 1629 3072; x_wconf 81' lang='lat' dir='ltr'><strong>vacua</strong></span> <span class='ocrx_word' id='word_1_366' title='bbox 1653 3029 1666 3078; x_wconf 91' lang='lat'><strong>;</strong></span> <span class='ocrx_word' id='word_1_367' title='bbox 1695 3017 1823 3084; x_wconf 88' lang='lat' dir='ltr'><strong>quia</strong></span> <span class='ocrx_word' id='word_1_368' title='bbox 1844 3013 2112 3079; x_wconf 79' lang='lat' dir='ltr'><strong>cliaritatc</strong></span> 
     </span>
    </p>
   </div>
   <div class='ocr_carea' id='block_1_46' title="bbox 507 3105 2109 3182">
    <p class='ocr_par' dir='ltr' id='par_1_46' title="bbox 507 3105 2109 3182">
     <span class='ocr_line' id='line_1_46' title="bbox 507 3105 2109 3182; baseline 0.001 -23"><span class='ocrx_word' id='word_1_369' title='bbox 507 3123 619 3166; x_wconf 88' lang='lat' dir='ltr'><strong>non</strong></span> <span class='ocrx_word' id='word_1_370' title='bbox 652 3106 1002 3182; x_wconf 78' lang='lat' dir='ltr'><strong>replebautur</strong></span> <span class='ocrx_word' id='word_1_371' title='bbox 1031 3124 1043 3158; x_wconf 89' lang='lat'><strong>:</strong></span> <span class='ocrx_word' id='word_1_372' title='bbox 1078 3106 1219 3162; x_wconf 79' lang='lat' dir='ltr'><strong>unde</strong></span> <span class='ocrx_word' id='word_1_373' title='bbox 1249 3115 1304 3162; x_wconf 87' lang='lat' dir='ltr'><strong>et</strong></span> <span class='ocrx_word' id='word_1_374' title='bbox 1349 3105 1590 3176; x_wconf 81' lang='lat' dir='ltr'><strong>quinque</strong></span> <span class='ocrx_word' id='word_1_375' title='bbox 1621 3106 1858 3179; x_wconf 70' lang='lat' dir='ltr'><strong>virgines</strong></span> <span class='ocrx_word' id='word_1_376' title='bbox 1891 3107 2052 3164; x_wconf 76' lang='lat' dir='ltr'><strong>fatua:</strong></span> <span class='ocrx_word' id='word_1_377' title='bbox 2079 3121 2109 3160; x_wconf 84' lang='lat' dir='ltr'><strong>a</strong></span> 
     </span>
    </p>
   </div>
   <div class='ocr_carea' id='block_1_47' title="bbox 2207 1895 3764 1966">
    <p class='ocr_par' dir='ltr' id='par_1_47' title="bbox 2207 1895 3764 1966">
     <span class='ocr_line' id='line_1_47' title="bbox 2207 1895 3764 1966; baseline -0.004 -15"><span class='ocrx_word' id='word_1_378' title='bbox 2207 1911 2326 1961; x_wconf 89' lang='lat' dir='ltr'><strong>sua,</strong></span> <span class='ocrx_word' id='word_1_379' title='bbox 2360 1897 2412 1954; x_wconf 88' lang='lat' dir='ltr'><strong>id</strong></span> <span class='ocrx_word' id='word_1_380' title='bbox 2437 1907 2542 1961; x_wconf 87' lang='lat' dir='ltr'><strong>est,</strong></span> <span class='ocrx_word' id='word_1_381' title='bbox 2577 1897 2899 1954; x_wconf 86' lang='lat' dir='ltr'><strong>munditiam</strong></span> <span class='ocrx_word' id='word_1_382' title='bbox 2928 1910 3089 1966; x_wconf 83' lang='lat' dir='ltr'><strong>quam</strong></span> <span class='ocrx_word' id='word_1_383' title='bbox 3135 1895 3188 1952; x_wconf 89' lang='lat' dir='ltr'><strong>in</strong></span> <span class='ocrx_word' id='word_1_384' title='bbox 3232 1895 3504 1963; x_wconf 90' lang='lat' dir='ltr'><strong>baptismo</strong></span> <span class='ocrx_word' id='word_1_385' title='bbox 3545 1907 3764 1964; x_wconf 79' lang='lat' dir='ltr'><strong>percepe-</strong></span> 
     </span>
    </p>
   </div>
   <div class='ocr_carea' id='block_1_48' title="bbox 2209 1982 3764 2057">
    <p class='ocr_par' dir='ltr' id='par_1_48' title="bbox 2209 1982 3764 2057">
     <span class='ocr_line' id='line_1_48' title="bbox 2209 1982 3764 2057; baseline -0.005 -13"><span class='ocrx_word' id='word_1_386' title='bbox 2209 2001 2376 2056; x_wconf 89' lang='lat' dir='ltr'><strong>runt,</strong></span> <span class='ocrx_word' id='word_1_387' title='bbox 2435 1991 2690 2050; x_wconf 79' lang='lat' dir='ltr'><strong>sordibus</strong></span> <span class='ocrx_word' id='word_1_388' title='bbox 2756 1988 3009 2050; x_wconf 87' lang='lat' dir='ltr'><strong>vitiorum</strong></span> <span class='ocrx_word' id='word_1_389' title='bbox 3091 2002 3197 2042; x_wconf 83' lang='lat' dir='ltr'><strong>non</strong></span> <span class='ocrx_word' id='word_1_390' title='bbox 3250 1987 3670 2057; x_wconf 75' lang='lat' dir='ltr'><strong>inquinareruut.</strong></span> <span class='ocrx_word' id='word_1_391' title='bbox 3713 1982 3764 2038; x_wconf 78' lang='lat' dir='ltr'><strong>Et</strong></span> 
     </span>
    </p>
   </div>
   <div class='ocr_carea' id='block_1_49' title="bbox 2206 2077 3762 2152">
    <p class='ocr_par' dir='ltr' id='par_1_49' title="bbox 2206 2077 3762 2152">
     <span class='ocr_line' id='line_1_49' title="bbox 2206 2077 3762 2152; baseline -0.007 -12"><span class='ocrx_word' id='word_1_392' title='bbox 2206 2083 2604 2142; x_wconf 81' lang='lat' dir='ltr'><strong>ambulauerunt</strong></span> <span class='ocrx_word' id='word_1_393' title='bbox 2633 2084 2906 2138; x_wconf 86' lang='lat' dir='ltr'><strong>mecumin</strong></span> <span class='ocrx_word' id='word_1_394' title='bbox 2937 2081 3092 2147; x_wconf 84' lang='lat' dir='ltr'><strong>albis,</strong></span> <span class='ocrx_word' id='word_1_395' title='bbox 3124 2080 3248 2150; x_wconf 86' lang='lat' dir='ltr'><strong>quia</strong></span> <span class='ocrx_word' id='word_1_396' title='bbox 3270 2079 3420 2152; x_wconf 85' lang='lat' dir='ltr'><strong>digni</strong></span> <span class='ocrx_word' id='word_1_397' title='bbox 3448 2077 3660 2144; x_wconf 38' lang='lat' dir='ltr'><strong>sunt;.id</strong></span> <span class='ocrx_word' id='word_1_398' title='bbox 3679 2086 3762 2144; x_wconf 82' lang='lat' dir='ltr'><strong>est,</strong></span> 
     </span>
    </p>
   </div>
   <div class='ocr_carea' id='block_1_50' title="bbox 2210 2177 2777 2248">
    <p class='ocr_par' dir='ltr' id='par_1_50' title="bbox 2210 2177 2777 2248">
     <span class='ocr_line' id='line_1_50' title="bbox 2210 2177 2777 2248; baseline 0 -16"><span class='ocrx_word' id='word_1_399' title='bbox 2210 2180 2263 2234; x_wconf 92' lang='lat' dir='ltr'><strong>in</strong></span> <span class='ocrx_word' id='word_1_400' title='bbox 2295 2177 2456 2234; x_wconf 87' lang='lat' dir='ltr'><strong>bonis</strong></span> <span class='ocrx_word' id='word_1_401' title='bbox 2495 2179 2777 2248; x_wconf 81' lang='lat' dir='ltr'><strong>operibus.</strong></span> 
     </span>
    </p>
   </div>
   <div class='ocr_carea' id='block_1_51' title="bbox 2283 2264 3766 2346">
    <p class='ocr_par' dir='ltr' id='par_1_51' title="bbox 2283 2264 3766 2346">
     <span class='ocr_line' id='line_1_51' title="bbox 2283 2264 3766 2346; baseline -0.007 -18"><span class='ocrx_word' id='word_1_402' title='bbox 2283 2270 2464 2343; x_wconf 83' lang='lat' dir='ltr'><strong>(Vers.</strong></span> <span class='ocrx_word' id='word_1_403' title='bbox 2496 2270 2550 2336; x_wconf 82' lang='lat'><strong>5,</strong></span> <span class='ocrx_word' id='word_1_404' title='bbox 2577 2270 2658 2346; x_wconf 90' lang='lat'><strong>6.)</strong></span> <span class='ocrx_word' id='word_1_405' title='bbox 2686 2271 2791 2338; x_wconf 85' lang='lat' dir='ltr'><strong>Qui</strong></span> <span class='ocrx_word' id='word_1_406' title='bbox 2819 2270 3018 2333; x_wconf 76' lang='lat' dir='ltr'><strong>uicerit,</strong></span> <span class='ocrx_word' id='word_1_407' title='bbox 3042 2269 3114 2322; x_wconf 88' lang='lat' dir='ltr'><strong>sic</strong></span> <span class='ocrx_word' id='word_1_408' title='bbox 3136 2267 3380 2332; x_wconf 68' lang='lat' dir='ltr'><strong>vestietur</strong></span> <span class='ocrx_word' id='word_1_409' title='bbox 3405 2266 3683 2324; x_wconf 72' lang='lat' dir='ltr'><strong>vestimentis</strong></span> <span class='ocrx_word' id='word_1_410' title='bbox 3703 2264 3766 2318; x_wconf 81' lang='lat' dir='ltr'><strong>al-</strong></span> 
     </span>
    </p>
   </div>
   <div class='ocr_carea' id='block_1_52' title="bbox 2212 2356 3767 2433">
    <p class='ocr_par' dir='ltr' id='par_1_52' title="bbox 2212 2356 3767 2433">
     <span class='ocr_line' id='line_1_52' title="bbox 2212 2356 3767 2433; baseline -0.005 -16"><span class='ocrx_word' id='word_1_411' title='bbox 2212 2365 2322 2430; x_wconf 85' lang='lat' dir='ltr'><strong>bis;</strong></span> <span class='ocrx_word' id='word_1_412' title='bbox 2349 2363 2402 2419; x_wconf 91' lang='lat' dir='ltr'><strong>id</strong></span> <span class='ocrx_word' id='word_1_413' title='bbox 2426 2373 2534 2430; x_wconf 89' lang='lat' dir='ltr'><strong>est,</strong></span> <span class='ocrx_word' id='word_1_414' title='bbox 2559 2364 2650 2433; x_wconf 91' lang='lat' dir='ltr'><strong>qui</strong></span> <span class='ocrx_word' id='word_1_415' title='bbox 2679 2377 2774 2433; x_wconf 88' lang='lat' dir='ltr'><strong>per</strong></span> <span class='ocrx_word' id='word_1_416' title='bbox 2789 2362 3162 2432; x_wconf 77' lang='lat' dir='ltr'><strong>ptenitentiam</strong></span> <span class='ocrx_word' id='word_1_417' title='bbox 3181 2368 3235 2415; x_wconf 90' lang='lat' dir='ltr'><strong>et</strong></span> <span class='ocrx_word' id='word_1_418' title='bbox 3255 2359 3521 2430; x_wconf 77' lang='lat' dir='ltr'><strong>Iarrymas</strong></span> <span class='ocrx_word' id='word_1_419' title='bbox 3537 2356 3767 2410; x_wconf 66' lang='lat' dir='ltr'><strong>diabolum</strong></span> 
     </span>
    </p>
   </div>
   <div class='ocr_carea' id='block_1_53' title="bbox 2211 2450 3768 2521">
    <p class='ocr_par' dir='ltr' id='par_1_53' title="bbox 2211 2450 3768 2521">
     <span class='ocr_line' id='line_1_53' title="bbox 2211 2450 3768 2521; baseline -0.005 -10"><span class='ocrx_word' id='word_1_420' title='bbox 2211 2457 2424 2519; x_wconf 77' lang='lat' dir='ltr'><strong>vicerit,</strong></span> <span class='ocrx_word' id='word_1_421' title='bbox 2456 2467 2511 2516; x_wconf 88' lang='lat' dir='ltr'><strong>et</strong></span> <span class='ocrx_word' id='word_1_422' title='bbox 2541 2456 2667 2516; x_wconf 78' lang='lat' dir='ltr'><strong>vitia</strong></span> <span class='ocrx_word' id='word_1_423' title='bbox 2696 2457 2882 2512; x_wconf 87' lang='lat' dir='ltr'><strong>omnia</strong></span> <span class='ocrx_word' id='word_1_424' title='bbox 2913 2471 2939 2507; x_wconf 92' lang='lat' dir='ltr'><strong>a</strong></span> <span class='ocrx_word' id='word_1_425' title='bbox 2974 2469 3033 2512; x_wconf 86' lang='lat' dir='ltr'><strong>se</strong></span> <span class='ocrx_word' id='word_1_426' title='bbox 3063 2451 3356 2521; x_wconf 77' lang='lat' dir='ltr'><strong>expulerit,</strong></span> <span class='ocrx_word' id='word_1_427' title='bbox 3385 2450 3619 2514; x_wconf 80' lang='lat' dir='ltr'><strong>eamdem</strong></span> <span class='ocrx_word' id='word_1_428' title='bbox 3646 2465 3768 2504; x_wconf 81' lang='lat' dir='ltr'><strong>inun-</strong></span> 
     </span>
    </p>
   </div>
   <div class='ocr_carea' id='block_1_54' title="bbox 2210 2545 3767 2621">
    <p class='ocr_par' dir='ltr' id='par_1_54' title="bbox 2210 2545 3767 2621">
     <span class='ocr_line' id='line_1_54' title="bbox 2210 2545 3767 2621; baseline -0.004 -17"><span class='ocrx_word' id='word_1_429' title='bbox 2210 2550 2401 2610; x_wconf 85' lang='lat' dir='ltr'><strong>ditiam</strong></span> <span class='ocrx_word' id='word_1_430' title='bbox 2431 2565 2590 2621; x_wconf 86' lang='lat' dir='ltr'><strong>quam</strong></span> <span class='ocrx_word' id='word_1_431' title='bbox 2622 2549 2926 2620; x_wconf 77' lang='lat' dir='ltr'><strong>baptizatus</strong></span> <span class='ocrx_word' id='word_1_432' title='bbox 2953 2545 3196 2618; x_wconf 79' lang='lat' dir='ltr'><strong>possidet</strong></span> <span class='ocrx_word' id='word_1_433' title='bbox 3222 2588 3236 2607; x_wconf 90' lang='lat'><strong>.</strong></span> <span class='ocrx_word' id='word_1_434' title='bbox 3273 2554 3329 2604; x_wconf 88' lang='lat' dir='ltr'><strong>et</strong></span> <span class='ocrx_word' id='word_1_435' title='bbox 3370 2545 3490 2615; x_wconf 79' lang='lat' dir='ltr'><strong>ipse</strong></span> <span class='ocrx_word' id='word_1_436' title='bbox 3516 2557 3767 2612; x_wconf 77' lang='lat' dir='ltr'><strong>conseque-</strong></span> 
     </span>
    </p>
   </div>
   <div class='ocr_carea' id='block_1_55' title="bbox 2214 2634 3764 2708">
    <p class='ocr_par' dir='ltr' id='par_1_55' title="bbox 2214 2634 3764 2708">
     <span class='ocr_line' id='line_1_55' title="bbox 2214 2634 3764 2708; baseline -0.008 -11"><span class='ocrx_word' id='word_1_437' title='bbox 2214 2655 2318 2704; x_wconf 88' lang='lat' dir='ltr'><strong>tur.</strong></span> <span class='ocrx_word' id='word_1_438' title='bbox 2350 2642 2476 2698; x_wconf 77' lang='lat' dir='ltr'><strong>llzcc</strong></span> <span class='ocrx_word' id='word_1_439' title='bbox 2504 2643 2623 2697; x_wconf 87' lang='lat' dir='ltr'><strong>ideo</strong></span> <span class='ocrx_word' id='word_1_440' title='bbox 2653 2641 2806 2702; x_wconf 85' lang='lat' dir='ltr'><strong>dicit,</strong></span> <span class='ocrx_word' id='word_1_441' title='bbox 2837 2650 2896 2695; x_wconf 89' lang='lat' dir='ltr'><strong>ot</strong></span> <span class='ocrx_word' id='word_1_442' title='bbox 2921 2648 2980 2696; x_wconf 90' lang='lat' dir='ltr'><strong>et</strong></span> <span class='ocrx_word' id='word_1_443' title='bbox 3007 2648 3283 2708; x_wconf 82' lang='lat' dir='ltr'><strong>pastorem</strong></span> <span class='ocrx_word' id='word_1_444' title='bbox 3309 2636 3498 2696; x_wconf 84' lang='lat' dir='ltr'><strong>Sardis</strong></span> <span class='ocrx_word' id='word_1_445' title='bbox 3530 2634 3764 2698; x_wconf 68' lang='lat' dir='ltr'><strong>Ecclesiai,</strong></span> 
     </span>
    </p>
   </div>
   <div class='ocr_carea' id='block_1_56' title="bbox 2211 2729 3764 2805">
    <p class='ocr_par' dir='ltr' id='par_1_56' title="bbox 2211 2729 3764 2805">
     <span class='ocr_line' id='line_1_56' title="bbox 2211 2729 3764 2805; baseline -0.007 -14"><span class='ocrx_word' id='word_1_446' title='bbox 2211 2749 2267 2794; x_wconf 87' lang='lat' dir='ltr'><strong>et</strong></span> <span class='ocrx_word' id='word_1_447' title='bbox 2293 2752 2482 2792; x_wconf 86' lang='lat' dir='ltr'><strong>omnes</strong></span> <span class='ocrx_word' id='word_1_448' title='bbox 2503 2736 2665 2791; x_wconf 84' lang='lat' dir='ltr'><strong>etiam</strong></span> <span class='ocrx_word' id='word_1_449' title='bbox 2697 2745 3016 2805; x_wconf 75' lang='lat' dir='ltr'><strong>peceuorrs</strong></span> <span class='ocrx_word' id='word_1_450' title='bbox 3035 2731 3102 2786; x_wconf 88' lang='lat' dir='ltr'><strong>ad</strong></span> <span class='ocrx_word' id='word_1_451' title='bbox 3137 2729 3513 2800; x_wconf 73' lang='lat' dir='ltr'><strong>pmpiteiitizuu</strong></span> <span class='ocrx_word' id='word_1_452' title='bbox 3537 2735 3764 2798; x_wconf 72' lang='lat' dir='ltr'><strong>provocet.</strong></span> 
     </span>
    </p>
   </div>
   <div class='ocr_carea' id='block_1_57' title="bbox 2221 2817 3768 2896">
    <p class='ocr_par' dir='ltr' id='par_1_57' title="bbox 2221 2817 3768 2896">
     <span class='ocr_line' id='line_1_57' title="bbox 2221 2817 3768 2896; baseline -0.007 -13"><span class='ocrx_word' id='word_1_453' title='bbox 2221 2832 2284 2886; x_wconf 77' lang='lat' dir='ltr'><strong>Et</strong></span> <span class='ocrx_word' id='word_1_454' title='bbox 2306 2848 2406 2886; x_wconf 89' lang='lat' dir='ltr'><strong>non</strong></span> <span class='ocrx_word' id='word_1_455' title='bbox 2433 2830 2611 2885; x_wconf 85' lang='lat' dir='ltr'><strong>delebo</strong></span> <span class='ocrx_word' id='word_1_456' title='bbox 2636 2843 2818 2886; x_wconf 81' lang='lat' dir='ltr'><strong>nomen</strong></span> <span class='ocrx_word' id='word_1_457' title='bbox 2843 2827 2959 2896; x_wconf 84' lang='lat' dir='ltr'><strong>ejus</strong></span> <span class='ocrx_word' id='word_1_458' title='bbox 2987 2826 3050 2886; x_wconf 77' lang='lat' dir='ltr'><strong>tle</strong></span> <span class='ocrx_word' id='word_1_459' title='bbox 3075 2823 3206 2878; x_wconf 86' lang='lat' dir='ltr'><strong>libro</strong></span> <span class='ocrx_word' id='word_1_460' title='bbox 3229 2823 3367 2879; x_wconf 45' lang='lat' dir='ltr'><strong>ritas.</strong></span> <span class='ocrx_word' id='word_1_461' title='bbox 3389 2822 3444 2878; x_wconf 86' lang='lat' dir='ltr'><strong>Si</strong></span> <span class='ocrx_word' id='word_1_462' title='bbox 3473 2822 3645 2887; x_wconf 75' lang='lat' dir='ltr'><strong>librant</strong></span> <span class='ocrx_word' id='word_1_463' title='bbox 3671 2817 3768 2872; x_wconf 71' lang='lat' dir='ltr'><strong>rius</strong></span> 
     </span>
    </p>
   </div>
   <div class='ocr_carea' id='block_1_58' title="bbox 2217 2913 3768 2991">
    <p class='ocr_par' dir='ltr' id='par_1_58' title="bbox 2217 2913 3768 2991">
     <span class='ocr_line' id='line_1_58' title="bbox 2217 2913 3768 2991; baseline -0.009 -13"><span class='ocrx_word' id='word_1_464' title='bbox 2217 2923 2752 2991; x_wconf 64' lang='lat' dir='ltr'><strong>praedestinatiouem</strong></span> <span class='ocrx_word' id='word_1_465' title='bbox 2785 2927 2960 2982; x_wconf 84' lang='lat' dir='ltr'><strong>vocat,</strong></span> <span class='ocrx_word' id='word_1_466' title='bbox 2995 2916 3270 2987; x_wconf 85' lang='lat' dir='ltr'><strong>quomodo</strong></span> <span class='ocrx_word' id='word_1_467' title='bbox 3301 2915 3371 2978; x_wconf 83' lang='lat' dir='ltr'><strong>de</strong></span> <span class='ocrx_word' id='word_1_468' title='bbox 3407 2915 3544 2978; x_wconf 86' lang='lat' dir='ltr'><strong>libro</strong></span> <span class='ocrx_word' id='word_1_469' title='bbox 3564 2916 3668 2972; x_wconf 66' lang='lat' dir='ltr'><strong>vita</strong></span> <span class='ocrx_word' id='word_1_470' title='bbox 3692 2913 3768 2966; x_wconf 87' lang='lat' dir='ltr'><strong>ali-</strong></span> 
     </span>
    </p>
   </div>
   <div class='ocr_carea' id='block_1_59' title="bbox 2214 3015 3767 3090">
    <p class='ocr_par' dir='ltr' id='par_1_59' title="bbox 2214 3015 3767 3090">
     <span class='ocr_line' id='line_1_59' title="bbox 2214 3015 3767 3090; baseline -0.005 -19"><span class='ocrx_word' id='word_1_471' title='bbox 2214 3022 2336 3090; x_wconf 85' lang='lat' dir='ltr'><strong>quis</strong></span> <span class='ocrx_word' id='word_1_472' title='bbox 2371 3019 2540 3076; x_wconf 88' lang='lat' dir='ltr'><strong>deleri</strong></span> <span class='ocrx_word' id='word_1_473' title='bbox 2590 3029 2799 3087; x_wconf 86' lang='lat' dir='ltr'><strong>potest,</strong></span> <span class='ocrx_word' id='word_1_474' title='bbox 2841 3033 2963 3072; x_wconf 90' lang='lat' dir='ltr'><strong>cum</strong></span> <span class='ocrx_word' id='word_1_475' title='bbox 2999 3017 3298 3087; x_wconf 79' lang='lat' dir='ltr'><strong>Apostolus</strong></span> <span class='ocrx_word' id='word_1_476' title='bbox 3327 3016 3513 3072; x_wconf 56' lang='lat' dir='ltr'><strong>ditat:</strong></span> <span class='ocrx_word' id='word_1_477' title='bbox 3547 3015 3666 3081; x_wconf 76' lang='lat' dir='ltr'><strong>Quos</strong></span> <span class='ocrx_word' id='word_1_478' title='bbox 3690 3028 3767 3076; x_wconf 70' lang='lat' dir='ltr'><strong>as-</strong></span> 
     </span>
    </p>
   </div>
   <div class='ocr_carea' id='block_1_60' title="bbox 2215 3107 3768 3184">
    <p class='ocr_par' dir='ltr' id='par_1_60' title="bbox 2215 3107 3768 3184">
     <span class='ocr_line' id='line_1_60' title="bbox 2215 3107 3768 3184; baseline -0.005 -16"><span class='ocrx_word' id='word_1_479' title='bbox 2215 3125 2315 3170; x_wconf 87' lang='lat' dir='ltr'><strong>tem</strong></span> <span class='ocrx_word' id='word_1_480' title='bbox 2347 3113 2724 3184; x_wconf 72' lang='lat' dir='ltr'><strong>prmdestinavit</strong></span> <span class='ocrx_word' id='word_1_481' title='bbox 2747 3153 2760 3176; x_wconf 90' lang='lat'><strong>,</strong></span> <span class='ocrx_word' id='word_1_482' title='bbox 2800 3113 2895 3176; x_wconf 80' lang='lat' dir='ltr'><strong>hos</strong></span> <span class='ocrx_word' id='word_1_483' title='bbox 2920 3122 2967 3167; x_wconf 86' lang='lat' dir='ltr'><strong>et</strong></span> <span class='ocrx_word' id='word_1_484' title='bbox 2996 3115 3188 3166; x_wconf 83' lang='lat' dir='ltr'><strong>vocavit</strong></span> <span class='ocrx_word' id='word_1_485' title='bbox 3214 3128 3231 3166; x_wconf 92' lang='lat'><strong>:</strong></span> <span class='ocrx_word' id='word_1_486' title='bbox 3261 3121 3308 3168; x_wconf 83' lang='lat' dir='ltr'><strong>et</strong></span> <span class='ocrx_word' id='word_1_487' title='bbox 3335 3125 3463 3175; x_wconf 80' lang='lat' dir='ltr'><strong>quos</strong></span> <span class='ocrx_word' id='word_1_488' title='bbox 3485 3109 3675 3173; x_wconf 60' lang='lat' dir='ltr'><strong>pararit,</strong></span> <span class='ocrx_word' id='word_1_489' title='bbox 3697 3107 3768 3160; x_wconf 78' lang='lat' dir='ltr'><strong>luis</strong></span> 
     </span>
    </p>
   </div>
   <div class='ocr_carea' id='block_1_61' title="bbox 507 3195 3768 3280">
    <p class='ocr_par' dir='ltr' id='par_1_61' title="bbox 507 3195 3768 3280">
     <span class='ocr_line' id='line_1_61' title="bbox 507 3195 3768 3280; baseline 0.003 -24"><span class='ocrx_word' id='word_1_490' title='bbox 507 3203 867 3268; x_wconf 81' lang='lat' dir='ltr'><strong>contubernio</strong></span> <span class='ocrx_word' id='word_1_491' title='bbox 892 3202 1078 3276; x_wconf 80' lang='lat' dir='ltr'><strong>sponsi</strong></span> <span class='ocrx_word' id='word_1_492' title='bbox 1107 3202 1346 3266; x_wconf 78' lang='lat' dir='ltr'><strong>C(elestis</strong></span> <span class='ocrx_word' id='word_1_493' title='bbox 1367 3201 1600 3269; x_wconf 72' lang='lat' dir='ltr'><strong>t‘cpttlsa}</strong></span> <span class='ocrx_word' id='word_1_494' title='bbox 1619 3211 1764 3266; x_wconf 81' lang='lat' dir='ltr'><strong>sunt,</strong></span> <span class='ocrx_word' id='word_1_495' title='bbox 1783 3201 1904 3273; x_wconf 82' lang='lat' dir='ltr'><strong>quia</strong></span> <span class='ocrx_word' id='word_1_496' title='bbox 1929 3199 2111 3262; x_wconf 85' lang='lat' dir='ltr'><strong>oleum</strong></span> <span class='ocrx_word' id='word_1_497' title='bbox 2139 3195 2186 3256; x_wconf 83' lang='lat' dir='ltr'>C</span> <span class='ocrx_word' id='word_1_498' title='bbox 2219 3217 2268 3260; x_wconf 83' lang='lat' dir='ltr'><strong>et</strong></span> <span class='ocrx_word' id='word_1_499' title='bbox 2292 3207 2600 3280; x_wconf 79' lang='lat' dir='ltr'><strong>justiﬁcavit</strong></span> <span class='ocrx_word' id='word_1_500' title='bbox 2633 3222 2651 3260; x_wconf 92' lang='lat'><strong>:</strong></span> <span class='ocrx_word' id='word_1_501' title='bbox 2681 3214 2726 3260; x_wconf 86' lang='lat' dir='ltr'><strong>et</strong></span> <span class='ocrx_word' id='word_1_502' title='bbox 2755 3221 2884 3276; x_wconf 79' lang='lat' dir='ltr'><strong>quos</strong></span> <span class='ocrx_word' id='word_1_503' title='bbox 2901 3205 3234 3276; x_wconf 76' lang='lat' dir='ltr'><strong>justiﬁcavit,</strong></span> <span class='ocrx_word' id='word_1_504' title='bbox 3273 3204 3420 3273; x_wconf 66' lang='lat' dir='ltr'><strong>ipso:</strong></span> <span class='ocrx_word' id='word_1_505' title='bbox 3439 3212 3485 3256; x_wconf 73' lang='grc' dir='ltr'><strong>ει</strong></span> <span class='ocrx_word' id='word_1_506' title='bbox 3517 3201 3768 3270; x_wconf 65' lang='grc' dir='ltr'><strong>ρίονῑβωέι</strong></span> 
     </span>
    </p>
   </div>
   <div class='ocr_carea' id='block_1_62' title="bbox 508 3293 2112 3369">
    <p class='ocr_par' dir='ltr' id='par_1_62' title="bbox 508 3293 2112 3369">
     <span class='ocr_line' id='line_1_62' title="bbox 508 3293 2112 3369; baseline -0.003 -15"><span class='ocrx_word' id='word_1_507' title='bbox 508 3299 790 3363; x_wconf 83' lang='lat' dir='ltr'><strong>charitatis</strong></span> <span class='ocrx_word' id='word_1_508' title='bbox 839 3299 892 3360; x_wconf 88' lang='lat' dir='ltr'><strong>in</strong></span> <span class='ocrx_word' id='word_1_509' title='bbox 946 3299 1088 3369; x_wconf 80' lang='lat' dir='ltr'><strong>vasis</strong></span> <span class='ocrx_word' id='word_1_510' title='bbox 1140 3295 1252 3362; x_wconf 65' lang='lat' dir='ltr'><strong>suis</strong></span> <span class='ocrx_word' id='word_1_511' title='bbox 1303 3298 1504 3360; x_wconf 83' lang='lat' dir='ltr'><strong>habere</strong></span> <span class='ocrx_word' id='word_1_512' title='bbox 1557 3295 1848 3355; x_wconf 83' lang='lat' dir='ltr'><strong>uoluerunt</strong></span> <span class='ocrx_word' id='word_1_513' title='bbox 1895 3293 2112 3365; x_wconf 83' lang='lat' dir='ltr'><strong>(Matth.</strong></span> 
     </span>
    </p>
   </div>
   <div class='ocr_carea' id='block_1_63' title="bbox 511 3392 748 3464">
    <p class='ocr_par' dir='ltr' id='par_1_63' title="bbox 511 3392 748 3464">
     <span class='ocr_line' id='line_1_63' title="bbox 511 3392 748 3464; baseline 0.004 -17"><span class='ocrx_word' id='word_1_514' title='bbox 511 3409 643 3453; x_wconf 68' lang='lat' dir='ltr'><strong>xxv,</strong></span> <span class='ocrx_word' id='word_1_515' title='bbox 672 3392 748 3464; x_wconf 75' lang='grc' dir='ltr'><strong>ὅ).</strong></span> 
     </span>
    </p>
   </div>
   <div class='ocr_carea' id='block_1_64' title="bbox 587 3481 2116 3558">
    <p class='ocr_par' dir='ltr' id='par_1_64' title="bbox 587 3481 2116 3558">
     <span class='ocr_line' id='line_1_64' title="bbox 587 3481 2116 3558; baseline -0.004 -18"><span class='ocrx_word' id='word_1_516' title='bbox 587 3485 762 3558; x_wconf 80' lang='lat' dir='ltr'><strong>(Vers.</strong></span> <span class='ocrx_word' id='word_1_517' title='bbox 788 3487 874 3556; x_wconf 62' lang='lat'><strong>.5.)</strong></span> <span class='ocrx_word' id='word_1_518' title='bbox 909 3484 971 3552; x_wconf 76' lang='lat' dir='ltr'><strong>lu</strong></span> <span class='ocrx_word' id='word_1_519' title='bbox 1012 3494 1175 3542; x_wconf 82' lang='lat' dir='ltr'><strong>mente</strong></span> <span class='ocrx_word' id='word_1_520' title='bbox 1209 3499 1332 3554; x_wconf 80' lang='lat' dir='ltr'><strong>ergo</strong></span> <span class='ocrx_word' id='word_1_521' title='bbox 1367 3481 1495 3538; x_wconf 60' lang='lat' dir='ltr'><strong>habe.</strong></span> <span class='ocrx_word' id='word_1_522' title='bbox 1522 3484 1739 3553; x_wconf 75' lang='lat' dir='ltr'><strong>qualiter</strong></span> <span class='ocrx_word' id='word_1_523' title='bbox 1779 3481 2038 3558; x_wconf 71' lang='lat' dir='ltr'><strong>acceperis</strong></span> <span class='ocrx_word' id='word_1_524' title='bbox 2067 3488 2116 3536; x_wconf 87' lang='lat' dir='ltr'><strong>et</strong></span> 
     </span>
    </p>
   </div>
   <div class='ocr_carea' id='block_1_65' title="bbox 511 3576 2118 3650">
    <p class='ocr_par' dir='ltr' id='par_1_65' title="bbox 511 3576 2118 3650">
     <span class='ocr_line' id='line_1_65' title="bbox 511 3576 2118 3650; baseline -0.001 -19"><span class='ocrx_word' id='word_1_525' title='bbox 511 3581 761 3645; x_wconf 57' lang='lat' dir='ltr'><strong>(turbaris,</strong></span> <span class='ocrx_word' id='word_1_526' title='bbox 790 3589 835 3650; x_wconf 72' lang='lat' dir='ltr'><strong>et</strong></span> <span class='ocrx_word' id='word_1_527' title='bbox 865 3595 1027 3647; x_wconf 73' lang='lat' dir='ltr'><strong>serva,</strong></span> <span class='ocrx_word' id='word_1_528' title='bbox 1060 3589 1109 3648; x_wconf 78' lang='lat' dir='ltr'><strong>et</strong></span> <span class='ocrx_word' id='word_1_529' title='bbox 1139 3578 1490 3646; x_wconf 61' lang='lat' dir='ltr'><strong>prandentium</strong></span> <span class='ocrx_word' id='word_1_530' title='bbox 1515 3594 1608 3647; x_wconf 64' lang='lat' dir='ltr'><strong>age</strong></span> <span class='ocrx_word' id='word_1_531' title='bbox 1639 3593 1656 3630; x_wconf 94' lang='lat'><strong>:</strong></span> <span class='ocrx_word' id='word_1_532' title='bbox 1687 3576 1736 3630; x_wconf 86' lang='lat' dir='ltr'><strong>id</strong></span> <span class='ocrx_word' id='word_1_533' title='bbox 1776 3587 1853 3632; x_wconf 83' lang='lat' dir='ltr'><strong>cst</strong></span> <span class='ocrx_word' id='word_1_534' title='bbox 1883 3616 1898 3644; x_wconf 88' lang='lat'><strong>,</strong></span> <span class='ocrx_word' id='word_1_535' title='bbox 1931 3590 2118 3642; x_wconf 80' lang='lat' dir='ltr'><strong>recor-</strong></span> 
     </span>
    </p>
   </div>
   <div class='ocr_carea' id='block_1_66' title="bbox 513 3670 2115 3742">
    <p class='ocr_par' dir='ltr' id='par_1_66' title="bbox 513 3670 2115 3742">
     <span class='ocr_line' id='line_1_66' title="bbox 513 3670 2115 3742; baseline -0.001 -16"><span class='ocrx_word' id='word_1_536' title='bbox 513 3673 645 3730; x_wconf 83' lang='lat' dir='ltr'><strong>dare</strong></span> <span class='ocrx_word' id='word_1_537' title='bbox 670 3673 899 3742; x_wconf 74' lang='lat' dir='ltr'><strong>qualiter</strong></span> <span class='ocrx_word' id='word_1_538' title='bbox 925 3672 1084 3738; x_wconf 77' lang='lat' dir='ltr'><strong>[idem</strong></span> <span class='ocrx_word' id='word_1_539' title='bbox 1111 3670 1313 3736; x_wconf 62' lang='lat' dir='ltr'><strong>lilii-isti</strong></span> <span class='ocrx_word' id='word_1_540' title='bbox 1339 3673 1388 3730; x_wconf 91' lang='lat' dir='ltr'><strong>in</strong></span> <span class='ocrx_word' id='word_1_541' title='bbox 1429 3670 1753 3740; x_wconf 83' lang='lat' dir='ltr'><strong>baptismate</strong></span> <span class='ocrx_word' id='word_1_542' title='bbox 1783 3670 2115 3740; x_wconf 83' lang='lat' dir='ltr'><strong>perceperis,</strong></span> 
     </span>
    </p>
   </div>
   <div class='ocr_carea' id='block_1_67' title="bbox 517 3763 2118 3835">
    <p class='ocr_par' dir='ltr' id='par_1_67' title="bbox 517 3763 2118 3835">
     <span class='ocr_line' id='line_1_67' title="bbox 517 3763 2118 3835; baseline 0.001 -19"><span class='ocrx_word' id='word_1_543' title='bbox 517 3765 606 3824; x_wconf 86' lang='lat' dir='ltr'><strong>ubi</strong></span> <span class='ocrx_word' id='word_1_544' title='bbox 637 3765 930 3835; x_wconf 78' lang='lat' dir='ltr'><strong>promisisti</strong></span> <span class='ocrx_word' id='word_1_545' title='bbox 961 3764 1398 3832; x_wconf 74' lang='lat' dir='ltr'><strong>rcutmtiaturum</strong></span> <span class='ocrx_word' id='word_1_546' title='bbox 1432 3776 1481 3818; x_wconf 88' lang='lat' dir='ltr'><strong>te</strong></span> <span class='ocrx_word' id='word_1_547' title='bbox 1504 3764 1746 3830; x_wconf 84' lang='lat' dir='ltr'><strong>diabolo,</strong></span> <span class='ocrx_word' id='word_1_548' title='bbox 1777 3775 1831 3818; x_wconf 87' lang='lat' dir='ltr'><strong>et</strong></span> <span class='ocrx_word' id='word_1_549' title='bbox 1862 3763 2118 3820; x_wconf 84' lang='lat' dir='ltr'><strong>omnibus</strong></span> 
     </span>
    </p>
   </div>
   <div class='ocr_carea' id='block_1_68' title="bbox 515 3854 2120 3929">
    <p class='ocr_par' dir='ltr' id='par_1_68' title="bbox 515 3854 2120 3929">
     <span class='ocr_line' id='line_1_68' title="bbox 515 3854 2120 3929; baseline 0 -20"><span class='ocrx_word' id='word_1_550' title='bbox 515 3857 773 3926; x_wconf 71' lang='lat' dir='ltr'><strong>operibus</strong></span> <span class='ocrx_word' id='word_1_551' title='bbox 815 3856 974 3929; x_wconf 80' lang='lat' dir='ltr'><strong>ejus:</strong></span> <span class='ocrx_word' id='word_1_552' title='bbox 1011 3859 1299 3926; x_wconf 73' lang='lat' dir='ltr'><strong>recordare</strong></span> <span class='ocrx_word' id='word_1_553' title='bbox 1339 3857 1503 3916; x_wconf 89' lang='lat' dir='ltr'><strong>etiam</strong></span> <span class='ocrx_word' id='word_1_554' title='bbox 1549 3856 1678 3928; x_wconf 88' lang='lat' dir='ltr'><strong>qttid</strong></span> <span class='ocrx_word' id='word_1_555' title='bbox 1728 3870 1758 3910; x_wconf 88' lang='lat' dir='ltr'><strong>a</strong></span> <span class='ocrx_word' id='word_1_556' title='bbox 1804 3854 2120 3924; x_wconf 74' lang='lat' dir='ltr'><strong>doctoribus</strong></span> 
     </span>
    </p>
   </div>
   <div class='ocr_carea' id='block_1_69' title="bbox 518 3947 2122 4022">
    <p class='ocr_par' dir='ltr' id='par_1_69' title="bbox 518 3947 2122 4022">
     <span class='ocr_line' id='line_1_69' title="bbox 518 3947 2122 4022; baseline 0.002 -22"><span class='ocrx_word' id='word_1_557' title='bbox 518 3948 642 4002; x_wconf 86' lang='lat' dir='ltr'><strong>lidci</strong></span> <span class='ocrx_word' id='word_1_558' title='bbox 668 3949 1000 4015; x_wconf 61' lang='lat' dir='ltr'><strong>christiana},</strong></span> <span class='ocrx_word' id='word_1_559' title='bbox 1022 3950 1111 4022; x_wconf 86' lang='lat' dir='ltr'><strong>qui</strong></span> <span class='ocrx_word' id='word_1_560' title='bbox 1146 3957 1198 4005; x_wconf 90' lang='lat' dir='ltr'><strong>te</strong></span> <span class='ocrx_word' id='word_1_561' title='bbox 1224 3949 1384 4008; x_wconf 80' lang='lat' dir='ltr'><strong>[idem</strong></span> <span class='ocrx_word' id='word_1_562' title='bbox 1413 3947 1615 4004; x_wconf 75' lang='lat' dir='ltr'><strong>Christi</strong></span> <span class='ocrx_word' id='word_1_563' title='bbox 1647 3951 2122 4020; x_wconf 87' lang='lat' dir='ltr'><strong>docucrunt,qua-</strong></span> 
     </span>
    </p>
   </div>
   <div class='ocr_carea' id='block_1_70' title="bbox 517 4040 2122 4114">
    <p class='ocr_par' dir='ltr' id='par_1_70' title="bbox 517 4040 2122 4114">
     <span class='ocr_line' id='line_1_70' title="bbox 517 4040 2122 4114; baseline 0.001 -19"><span class='ocrx_word' id='word_1_564' title='bbox 517 4043 641 4098; x_wconf 88' lang='lat' dir='ltr'><strong>liter</strong></span> <span class='ocrx_word' id='word_1_565' title='bbox 669 4051 721 4102; x_wconf 89' lang='lat' dir='ltr'><strong>te</strong></span> <span class='ocrx_word' id='word_1_566' title='bbox 755 4041 935 4104; x_wconf 80' lang='lat' dir='ltr'><strong>vivere</strong></span> <span class='ocrx_word' id='word_1_567' title='bbox 964 4051 1275 4114; x_wconf 65' lang='lat' dir='ltr'><strong>oporteret,</strong></span> <span class='ocrx_word' id='word_1_568' title='bbox 1304 4042 1506 4102; x_wconf 86' lang='lat' dir='ltr'><strong>audisti</strong></span> <span class='ocrx_word' id='word_1_569' title='bbox 1540 4060 1554 4096; x_wconf 95' lang='lat'><strong>:</strong></span> <span class='ocrx_word' id='word_1_570' title='bbox 1579 4040 1647 4108; x_wconf 79' lang='lat' dir='ltr'><strong>Et</strong></span> <span class='ocrx_word' id='word_1_571' title='bbox 1675 4057 1821 4100; x_wconf 82' lang='lat' dir='ltr'><strong>serva</strong></span> <span class='ocrx_word' id='word_1_572' title='bbox 1851 4041 1988 4112; x_wconf 84' lang='lat' dir='ltr'><strong>quod</strong></span> <span class='ocrx_word' id='word_1_573' title='bbox 2026 4059 2122 4096; x_wconf 90' lang='lat' dir='ltr'><strong>au-</strong></span> 
     </span>
    </p>
   </div>
   <div class='ocr_carea' id='block_1_71' title="bbox 517 4135 2122 4212">
    <p class='ocr_par' dir='ltr' id='par_1_71' title="bbox 517 4135 2122 4212">
     <span class='ocr_line' id='line_1_71' title="bbox 517 4135 2122 4212; baseline -0.002 -16"><span class='ocrx_word' id='word_1_574' title='bbox 517 4138 658 4201; x_wconf 78' lang='lat' dir='ltr'><strong>disti,</strong></span> <span class='ocrx_word' id='word_1_575' title='bbox 681 4146 728 4188; x_wconf 84' lang='lat' dir='ltr'><strong>et</strong></span> <span class='ocrx_word' id='word_1_576' title='bbox 761 4137 1105 4207; x_wconf 74' lang='lat' dir='ltr'><strong>pteniteutiain</strong></span> <span class='ocrx_word' id='word_1_577' title='bbox 1132 4153 1256 4208; x_wconf 86' lang='lat' dir='ltr'><strong>age;</strong></span> <span class='ocrx_word' id='word_1_578' title='bbox 1290 4154 1356 4193; x_wconf 89' lang='lat' dir='ltr'><strong>eo</strong></span> <span class='ocrx_word' id='word_1_579' title='bbox 1385 4137 1529 4212; x_wconf 88' lang='lat' dir='ltr'><strong>quod</strong></span> <span class='ocrx_word' id='word_1_580' title='bbox 1575 4153 1606 4198; x_wconf 85' lang='lat' dir='ltr'><strong>a</strong></span> <span class='ocrx_word' id='word_1_581' title='bbox 1652 4137 1809 4192; x_wconf 80' lang='lat' dir='ltr'><strong>bonis</strong></span> <span class='ocrx_word' id='word_1_582' title='bbox 1865 4135 2122 4212; x_wconf 82' lang='lat' dir='ltr'><strong>operibus</strong></span> 
     </span>
    </p>
   </div>
   <div class='ocr_carea' id='block_1_72' title="bbox 523 4228 2120 4302">
    <p class='ocr_par' dir='ltr' id='par_1_72' title="bbox 523 4228 2120 4302">
     <span class='ocr_line' id='line_1_72' title="bbox 523 4228 2120 4302; baseline 0.002 -20"><span class='ocrx_word' id='word_1_583' title='bbox 523 4228 723 4294; x_wconf 83' lang='lat' dir='ltr'><strong>tamdiu</strong></span> <span class='ocrx_word' id='word_1_584' title='bbox 750 4228 1024 4300; x_wconf 78' lang='lat' dir='ltr'><strong>torpuisti.</strong></span> <span class='ocrx_word' id='word_1_585' title='bbox 1056 4229 1118 4285; x_wconf 89' lang='lat' dir='ltr'><strong>Si</strong></span> <span class='ocrx_word' id='word_1_586' title='bbox 1143 4246 1265 4302; x_wconf 84' lang='lat' dir='ltr'><strong>ergo</strong></span> <span class='ocrx_word' id='word_1_587' title='bbox 1292 4247 1396 4294; x_wconf 78' lang='lat' dir='ltr'><strong>non</strong></span> <span class='ocrx_word' id='word_1_588' title='bbox 1436 4231 1759 4302; x_wconf 81' lang='lat' dir='ltr'><strong>vigilaveris;</strong></span> <span class='ocrx_word' id='word_1_589' title='bbox 1789 4231 1839 4294; x_wconf 84' lang='lat' dir='ltr'><strong>id</strong></span> <span class='ocrx_word' id='word_1_590' title='bbox 1884 4240 2004 4296; x_wconf 88' lang='lat' dir='ltr'><strong>est,</strong></span> <span class='ocrx_word' id='word_1_591' title='bbox 2054 4231 2120 4285; x_wconf 89' lang='lat' dir='ltr'><strong>ad</strong></span> 
     </span>
    </p>
   </div>
   <div class='ocr_carea' id='block_1_73' title="bbox 526 4323 2118 4395">
    <p class='ocr_par' dir='ltr' id='par_1_73' title="bbox 526 4323 2118 4395">
     <span class='ocr_line' id='line_1_73' title="bbox 526 4323 2118 4395; baseline 0 -15"><span class='ocrx_word' id='word_1_592' title='bbox 526 4325 666 4392; x_wconf 82' lang='lat' dir='ltr'><strong>bona</strong></span> <span class='ocrx_word' id='word_1_593' title='bbox 712 4337 879 4395; x_wconf 84' lang='lat' dir='ltr'><strong>opera</strong></span> <span class='ocrx_word' id='word_1_594' title='bbox 919 4323 1126 4394; x_wconf 78' lang='lat' dir='ltr'><strong>agenda</strong></span> <span class='ocrx_word' id='word_1_595' title='bbox 1180 4326 1529 4394; x_wconf 86' lang='lat' dir='ltr'><strong>temetipsum</strong></span> <span class='ocrx_word' id='word_1_596' title='bbox 1582 4341 1688 4386; x_wconf 80' lang='lat' dir='ltr'><strong>non</strong></span> <span class='ocrx_word' id='word_1_597' title='bbox 1744 4326 2118 4392; x_wconf 67' lang='lat' dir='ltr'><strong>excitaveris:</strong></span> 
     </span>
    </p>
   </div>
   <div class='ocr_carea' id='block_1_74' title="bbox 528 4415 2123 4492">
    <p class='ocr_par' dir='ltr' id='par_1_74' title="bbox 528 4415 2123 4492">
     <span class='ocr_line' id='line_1_74' title="bbox 528 4415 2123 4492; baseline 0.001 -21"><span class='ocrx_word' id='word_1_598' title='bbox 528 4415 745 4486; x_wconf 77' lang='lat' dir='ltr'><strong>Veniam</strong></span> <span class='ocrx_word' id='word_1_599' title='bbox 777 4423 1037 4485; x_wconf 77' lang='lat' dir='ltr'><strong>tamquam</strong></span> <span class='ocrx_word' id='word_1_600' title='bbox 1074 4416 1159 4485; x_wconf 79' lang='lat' dir='ltr'><strong>fur</strong></span> <span class='ocrx_word' id='word_1_601' title='bbox 1180 4457 1195 4482; x_wconf 95' lang='lat'><strong>,</strong></span> <span class='ocrx_word' id='word_1_602' title='bbox 1220 4425 1268 4474; x_wconf 86' lang='lat' dir='ltr'><strong>et</strong></span> <span class='ocrx_word' id='word_1_603' title='bbox 1295 4418 1490 4484; x_wconf 77' lang='lat' dir='ltr'><strong>nescies</strong></span> <span class='ocrx_word' id='word_1_604' title='bbox 1516 4433 1615 4487; x_wconf 82' lang='lat' dir='ltr'><strong>quq</strong></span> <span class='ocrx_word' id='word_1_605' title='bbox 1645 4418 1773 4488; x_wconf 76' lang='lat' dir='ltr'><strong>liora</strong></span> <span class='ocrx_word' id='word_1_606' title='bbox 1803 4419 2007 4492; x_wconf 65' lang='lat' dir='ltr'><strong>pestium</strong></span> <span class='ocrx_word' id='word_1_607' title='bbox 2053 4419 2123 4476; x_wconf 85' lang='lat' dir='ltr'><strong>ad</strong></span> 
     </span>
    </p>
   </div>
   <div class='ocr_carea' id='block_1_75' title="bbox 522 4508 2123 4582">
    <p class='ocr_par' dir='ltr' id='par_1_75' title="bbox 522 4508 2123 4582">
     <span class='ocr_line' id='line_1_75' title="bbox 522 4508 2123 4582; baseline 0.005 -21"><span class='ocrx_word' id='word_1_608' title='bbox 522 4518 587 4564; x_wconf 86' lang='lat' dir='ltr'><strong>te.</strong></span> <span class='ocrx_word' id='word_1_609' title='bbox 612 4508 691 4568; x_wconf 89' lang='lat' dir='ltr'><strong>llli</strong></span> <span class='ocrx_word' id='word_1_610' title='bbox 720 4508 980 4572; x_wconf 85' lang='lat' dir='ltr'><strong>Dominus</strong></span> <span class='ocrx_word' id='word_1_611' title='bbox 1002 4519 1274 4580; x_wconf 84' lang='lat' dir='ltr'><strong>tamquam</strong></span> <span class='ocrx_word' id='word_1_612' title='bbox 1304 4510 1388 4565; x_wconf 80' lang='lat' dir='ltr'><strong>fur</strong></span> <span class='ocrx_word' id='word_1_613' title='bbox 1416 4514 1754 4580; x_wconf 79' lang='lat' dir='ltr'><strong>supervenit,</strong></span> <span class='ocrx_word' id='word_1_614' title='bbox 1785 4521 1843 4566; x_wconf 88' lang='lat' dir='ltr'><strong>ut</strong></span> <span class='ocrx_word' id='word_1_615' title='bbox 1870 4528 1992 4576; x_wconf 90' lang='lat' dir='ltr'><strong>eum</strong></span> <span class='ocrx_word' id='word_1_616' title='bbox 2027 4526 2123 4582; x_wconf 86' lang='lat' dir='ltr'><strong>per</strong></span> 
     </span>
    </p>
   </div>
   <div class='ocr_carea' id='block_1_76' title="bbox 2224 3294 3769 3372">
    <p class='ocr_par' dir='ltr' id='par_1_76' title="bbox 2224 3294 3769 3372">
     <span class='ocr_line' id='line_1_76' title="bbox 2224 3294 3769 3372; baseline -0.005 -18"><span class='ocrx_word' id='word_1_617' title='bbox 2224 3301 2405 3372; x_wconf 77' lang='lat' dir='ltr'><strong>(Rom.</strong></span> <span class='ocrx_word' id='word_1_618' title='bbox 2455 3314 2571 3364; x_wconf 81' lang='lat' dir='ltr'><strong>vni,</strong></span> <span class='ocrx_word' id='word_1_619' title='bbox 2613 3297 2879 3371; x_wconf 78' lang='lat' dir='ltr'><strong>50)?Nisi</strong></span> <span class='ocrx_word' id='word_1_620' title='bbox 2937 3296 3077 3356; x_wconf 77' lang='lat' dir='ltr'><strong>forte</strong></span> <span class='ocrx_word' id='word_1_621' title='bbox 3124 3298 3196 3358; x_wconf 82' lang='lat' dir='ltr'><strong>ita</strong></span> <span class='ocrx_word' id='word_1_622' title='bbox 3245 3294 3769 3367; x_wconf 79' lang='lat' dir='ltr'><strong>intelligatuus:Sunt</strong></span> 
     </span>
    </p>
   </div>
   <div class='ocr_carea' id='block_1_77' title="bbox 2224 3387 3769 3462">
    <p class='ocr_par' dir='ltr' id='par_1_77' title="bbox 2224 3387 3769 3462">
     <span class='ocr_line' id='line_1_77' title="bbox 2224 3387 3769 3462; baseline -0.006 -14"><span class='ocrx_word' id='word_1_623' title='bbox 2224 3394 2377 3454; x_wconf 86' lang='lat' dir='ltr'><strong>multi</strong></span> <span class='ocrx_word' id='word_1_624' title='bbox 2408 3393 2497 3461; x_wconf 92' lang='lat' dir='ltr'><strong>qni</strong></span> <span class='ocrx_word' id='word_1_625' title='bbox 2528 3393 2596 3448; x_wconf 83' lang='lat' dir='ltr'><strong>ab</strong></span> <span class='ocrx_word' id='word_1_626' title='bbox 2626 3392 2937 3452; x_wconf 80' lang='lat' dir='ltr'><strong>hominibus</strong></span> <span class='ocrx_word' id='word_1_627' title='bbox 2975 3390 3106 3462; x_wconf 88' lang='lat' dir='ltr'><strong>justi</strong></span> <span class='ocrx_word' id='word_1_628' title='bbox 3156 3398 3440 3458; x_wconf 82' lang='lat' dir='ltr'><strong>putantur,</strong></span> <span class='ocrx_word' id='word_1_629' title='bbox 3471 3388 3559 3444; x_wconf 85' lang='lat' dir='ltr'><strong>sed</strong></span> <span class='ocrx_word' id='word_1_630' title='bbox 3601 3387 3646 3440; x_wconf 88' lang='lat' dir='ltr'><strong>in</strong></span> <span class='ocrx_word' id='word_1_631' title='bbox 3668 3401 3769 3450; x_wconf 83' lang='lat' dir='ltr'><strong>cou-</strong></span> 
     </span>
    </p>
   </div>
   <div class='ocr_carea' id='block_1_78' title="bbox 2220 3480 3770 3557">
    <p class='ocr_par' dir='ltr' id='par_1_78' title="bbox 2220 3480 3770 3557">
     <span class='ocr_line' id='line_1_78' title="bbox 2220 3480 3770 3557; baseline -0.005 -17"><span class='ocrx_word' id='word_1_632' title='bbox 2220 3496 2409 3557; x_wconf 86' lang='lat' dir='ltr'><strong>spectu</strong></span> <span class='ocrx_word' id='word_1_633' title='bbox 2458 3485 2551 3546; x_wconf 86' lang='lat' dir='ltr'><strong>Dei</strong></span> <span class='ocrx_word' id='word_1_634' title='bbox 2603 3485 2779 3554; x_wconf 77' lang='lat' dir='ltr'><strong>injusti</strong></span> <span class='ocrx_word' id='word_1_635' title='bbox 2803 3486 3100 3540; x_wconf 81' lang='lat' dir='ltr'><strong>exsistunt.</strong></span> <span class='ocrx_word' id='word_1_636' title='bbox 3133 3483 3276 3554; x_wconf 66' lang='lat' dir='ltr'><strong>Ergo</strong></span> <span class='ocrx_word' id='word_1_637' title='bbox 3320 3481 3563 3549; x_wconf 85' lang='lat' dir='ltr'><strong>homines</strong></span> <span class='ocrx_word' id='word_1_638' title='bbox 3604 3480 3770 3551; x_wconf 73' lang='lat' dir='ltr'><strong>quieos</strong></span> 
     </span>
    </p>
   </div>
   <div class='ocr_carea' id='block_1_79' title="bbox 2217 3578 3770 3651">
    <p class='ocr_par' dir='ltr' id='par_1_79' title="bbox 2217 3578 3770 3651">
     <span class='ocr_line' id='line_1_79' title="bbox 2217 3578 3770 3651; baseline -0.006 -11"><span class='ocrx_word' id='word_1_639' title='bbox 2217 3581 2395 3651; x_wconf 79' lang='lat' dir='ltr'><strong>justus</strong></span> <span class='ocrx_word' id='word_1_640' title='bbox 2435 3581 2702 3646; x_wconf 81' lang='lat' dir='ltr'><strong>:rstimaot</strong></span> <span class='ocrx_word' id='word_1_641' title='bbox 2729 3620 2745 3648; x_wconf 90' lang='lat'><strong>,</strong></span> <span class='ocrx_word' id='word_1_642' title='bbox 2773 3580 2882 3648; x_wconf 82' lang='lat' dir='ltr'><strong>jam</strong></span> <span class='ocrx_word' id='word_1_643' title='bbox 2919 3581 2970 3632; x_wconf 89' lang='lat' dir='ltr'><strong>in</strong></span> <span class='ocrx_word' id='word_1_644' title='bbox 3003 3579 3142 3634; x_wconf 89' lang='lat' dir='ltr'><strong>libro</strong></span> <span class='ocrx_word' id='word_1_645' title='bbox 3174 3578 3266 3634; x_wconf 72' lang='lat' dir='ltr'><strong>Dei</strong></span> <span class='ocrx_word' id='word_1_646' title='bbox 3298 3592 3396 3636; x_wconf 85' lang='lat' dir='ltr'><strong>eos</strong></span> <span class='ocrx_word' id='word_1_647' title='bbox 3423 3579 3641 3649; x_wconf 70' lang='lat' dir='ltr'><strong>scriptos</strong></span> <span class='ocrx_word' id='word_1_648' title='bbox 3676 3591 3770 3631; x_wconf 77' lang='lat' dir='ltr'><strong>esse</strong></span> 
     </span>
    </p>
   </div>
   <div class='ocr_carea' id='block_1_80' title="bbox 2224 3670 3770 3745">
    <p class='ocr_par' dir='ltr' id='par_1_80' title="bbox 2224 3670 3770 3745">
     <span class='ocr_line' id='line_1_80' title="bbox 2224 3670 3770 3745; baseline -0.004 -17"><span class='ocrx_word' id='word_1_649' title='bbox 2224 3682 2413 3745; x_wconf 89' lang='lat' dir='ltr'><strong>putant</strong></span> <span class='ocrx_word' id='word_1_650' title='bbox 2446 3692 2456 3726; x_wconf 95' lang='lat'><strong>:</strong></span> <span class='ocrx_word' id='word_1_651' title='bbox 2491 3673 2585 3730; x_wconf 85' lang='lat' dir='ltr'><strong>sed</strong></span> <span class='ocrx_word' id='word_1_652' title='bbox 2633 3672 2802 3728; x_wconf 88' lang='lat' dir='ltr'><strong>indie</strong></span> <span class='ocrx_word' id='word_1_653' title='bbox 2845 3672 3055 3743; x_wconf 82' lang='lat' dir='ltr'><strong>judicii,</strong></span> <span class='ocrx_word' id='word_1_654' title='bbox 3096 3688 3216 3734; x_wconf 86' lang='lat' dir='ltr'><strong>cum</strong></span> <span class='ocrx_word' id='word_1_655' title='bbox 3272 3670 3411 3726; x_wconf 80' lang='lat' dir='ltr'><strong>facta</strong></span> <span class='ocrx_word' id='word_1_656' title='bbox 3472 3671 3770 3739; x_wconf 81' lang='lat' dir='ltr'><strong>reproborttlt</strong></span> 
     </span>
    </p>
   </div>
   <div class='ocr_carea' id='block_1_81' title="bbox 2223 3763 3772 3838">
    <p class='ocr_par' dir='ltr' id='par_1_81' title="bbox 2223 3763 3772 3838">
     <span class='ocr_line' id='line_1_81' title="bbox 2223 3763 3772 3838; baseline -0.003 -16"><span class='ocrx_word' id='word_1_657' title='bbox 2223 3777 2386 3838; x_wconf 88' lang='lat' dir='ltr'><strong>atque</strong></span> <span class='ocrx_word' id='word_1_658' title='bbox 2431 3767 2700 3836; x_wconf 84' lang='lat' dir='ltr'><strong>justorum</strong></span> <span class='ocrx_word' id='word_1_659' title='bbox 2747 3766 3001 3822; x_wconf 86' lang='lat' dir='ltr'><strong>omnibus</strong></span> <span class='ocrx_word' id='word_1_660' title='bbox 3052 3764 3335 3836; x_wconf 84' lang='lat' dir='ltr'><strong>patebunt,</strong></span> <span class='ocrx_word' id='word_1_661' title='bbox 3383 3765 3498 3831; x_wconf 68' lang='lat' dir='ltr'><strong>bzcc</strong></span> <span class='ocrx_word' id='word_1_662' title='bbox 3543 3763 3772 3833; x_wconf 78' lang='lat' dir='ltr'><strong>inscriptio</strong></span> 
     </span>
    </p>
   </div>
   <div class='ocr_carea' id='block_1_82' title="bbox 2224 3857 3772 3932">
    <p class='ocr_par' dir='ltr' id='par_1_82' title="bbox 2224 3857 3772 3932">
     <span class='ocr_line' id='line_1_82' title="bbox 2224 3857 3772 3932; baseline -0.003 -18"><span class='ocrx_word' id='word_1_663' title='bbox 2224 3869 2387 3932; x_wconf 90' lang='lat' dir='ltr'><strong>atque</strong></span> <span class='ocrx_word' id='word_1_664' title='bbox 2418 3858 2550 3918; x_wconf 73' lang='lat' dir='ltr'><strong>falsa</strong></span> <span class='ocrx_word' id='word_1_665' title='bbox 2577 3860 2819 3928; x_wconf 86' lang='lat' dir='ltr'><strong>suspicio</strong></span> <span class='ocrx_word' id='word_1_666' title='bbox 2849 3873 2880 3912; x_wconf 89' lang='lat' dir='ltr'><strong>a</strong></span> <span class='ocrx_word' id='word_1_667' title='bbox 2911 3859 3182 3914; x_wconf 90' lang='lat' dir='ltr'><strong>mentibus</strong></span> <span class='ocrx_word' id='word_1_668' title='bbox 3210 3857 3374 3930; x_wconf 76' lang='lat'><strong>510</strong></span> <span class='ocrx_word' id='word_1_669' title='bbox 3403 3874 3584 3927; x_wconf 85' lang='lat' dir='ltr'><strong>eorum</strong></span> <span class='ocrx_word' id='word_1_670' title='bbox 3610 3857 3772 3913; x_wconf 79' lang='lat' dir='ltr'><strong>delebi-</strong></span> 
     </span>
    </p>
   </div>
   <div class='ocr_carea' id='block_1_83' title="bbox 2225 3951 3774 4024">
    <p class='ocr_par' dir='ltr' id='par_1_83' title="bbox 2225 3951 3774 4024">
     <span class='ocr_line' id='line_1_83' title="bbox 2225 3951 3774 4024; baseline -0.003 -16"><span class='ocrx_word' id='word_1_671' title='bbox 2225 3964 2334 4018; x_wconf 90' lang='lat' dir='ltr'><strong>tur,</strong></span> <span class='ocrx_word' id='word_1_672' title='bbox 2365 3969 2488 4009; x_wconf 91' lang='lat' dir='ltr'><strong>cum</strong></span> <span class='ocrx_word' id='word_1_673' title='bbox 2517 3967 2707 4008; x_wconf 76' lang='lat' dir='ltr'><strong>eorum</strong></span> <span class='ocrx_word' id='word_1_674' title='bbox 2737 3951 3142 4008; x_wconf 88' lang='lat' dir='ltr'><strong>damnationem</strong></span> <span class='ocrx_word' id='word_1_675' title='bbox 3177 3967 3276 4024; x_wconf 86' lang='lat' dir='ltr'><strong>pro</strong></span> <span class='ocrx_word' id='word_1_676' title='bbox 3307 3952 3658 4023; x_wconf 75' lang='lat' dir='ltr'><strong>impietatibus</strong></span> <span class='ocrx_word' id='word_1_677' title='bbox 3687 3952 3774 4014; x_wconf 77' lang='lat' dir='ltr'><strong>suis</strong></span> 
     </span>
    </p>
   </div>
   <div class='ocr_carea' id='block_1_84' title="bbox 2226 4046 3774 4123">
    <p class='ocr_par' dir='ltr' id='par_1_84' title="bbox 2226 4046 3774 4123">
     <span class='ocr_line' id='line_1_84' title="bbox 2226 4046 3774 4123; baseline -0.004 -19"><span class='ocrx_word' id='word_1_678' title='bbox 2226 4048 2632 4118; x_wconf 78' lang='lat' dir='ltr'><strong>conspexerint.</strong></span> <span class='ocrx_word' id='word_1_679' title='bbox 2667 4047 2732 4101; x_wconf 83' lang='lat' dir='ltr'><strong>Et</strong></span> <span class='ocrx_word' id='word_1_680' title='bbox 2762 4047 3046 4118; x_wconf 81' lang='lat' dir='ltr'><strong>conﬁtebor</strong></span> <span class='ocrx_word' id='word_1_681' title='bbox 3083 4063 3270 4102; x_wconf 82' lang='lat' dir='ltr'><strong>nomen</strong></span> <span class='ocrx_word' id='word_1_682' title='bbox 3307 4049 3426 4123; x_wconf 76' lang='lat' dir='ltr'><strong>ejus</strong></span> <span class='ocrx_word' id='word_1_683' title='bbox 3463 4063 3626 4114; x_wconf 80' lang='lat' dir='ltr'><strong>coram</strong></span> <span class='ocrx_word' id='word_1_684' title='bbox 3654 4046 3774 4101; x_wconf 72' lang='lat' dir='ltr'><strong>Pstis</strong></span> 
     </span>
    </p>
   </div>
   <div class='ocr_carea' id='block_1_85' title="bbox 2226 4139 3775 4213">
    <p class='ocr_par' dir='ltr' id='par_1_85' title="bbox 2226 4139 3775 4213">
     <span class='ocr_line' id='line_1_85' title="bbox 2226 4139 3775 4213; baseline -0.004 -15"><span class='ocrx_word' id='word_1_685' title='bbox 2226 4159 2360 4207; x_wconf 86' lang='lat' dir='ltr'><strong>meo,</strong></span> <span class='ocrx_word' id='word_1_686' title='bbox 2390 4151 2440 4196; x_wconf 87' lang='lat' dir='ltr'><strong>et</strong></span> <span class='ocrx_word' id='word_1_687' title='bbox 2470 4159 2647 4196; x_wconf 87' lang='lat' dir='ltr'><strong>coram</strong></span> <span class='ocrx_word' id='word_1_688' title='bbox 2691 4141 2890 4213; x_wconf 88' lang='lat' dir='ltr'><strong>angelis</strong></span> <span class='ocrx_word' id='word_1_689' title='bbox 2934 4139 3050 4195; x_wconf 87' lang='lat' dir='ltr'><strong>Dei.</strong></span> <span class='ocrx_word' id='word_1_690' title='bbox 3078 4139 3367 4200; x_wconf 72' lang='lat' dir='ltr'><strong>Confessio</strong></span> <span class='ocrx_word' id='word_1_691' title='bbox 3419 4141 3522 4198; x_wconf 72' lang='lat' dir='ltr'><strong>ista</strong></span> <span class='ocrx_word' id='word_1_692' title='bbox 3565 4150 3675 4196; x_wconf 81' lang='lat' dir='ltr'><strong>tunc</strong></span> <span class='ocrx_word' id='word_1_693' title='bbox 3709 4141 3775 4194; x_wconf 75' lang='lat' dir='ltr'><strong>lict</strong></span> 
     </span>
    </p>
   </div>
   <div class='ocr_carea' id='block_1_86' title="bbox 2229 4235 3775 4309">
    <p class='ocr_par' dir='ltr' id='par_1_86' title="bbox 2229 4235 3775 4309">
     <span class='ocr_line' id='line_1_86' title="bbox 2229 4235 3775 4309; baseline -0.003 -17"><span class='ocrx_word' id='word_1_694' title='bbox 2229 4239 2506 4292; x_wconf 90' lang='lat' dir='ltr'><strong>nominum</strong></span> <span class='ocrx_word' id='word_1_695' title='bbox 2550 4237 2848 4308; x_wconf 90' lang='lat' dir='ltr'><strong>justorum,</strong></span> <span class='ocrx_word' id='word_1_696' title='bbox 2892 4237 3108 4306; x_wconf 85' lang='lat' dir='ltr'><strong>quando</strong></span> <span class='ocrx_word' id='word_1_697' title='bbox 3162 4235 3462 4292; x_wconf 81' lang='lat' dir='ltr'><strong>secundum</strong></span> <span class='ocrx_word' id='word_1_698' title='bbox 3512 4235 3775 4309; x_wconf 74' lang='lat' dir='ltr'><strong>qualitatem</strong></span> 
     </span>
    </p>
   </div>
   <div class='ocr_carea' id='block_1_87' title="bbox 2229 4331 3573 4405">
    <p class='ocr_par' dir='ltr' id='par_1_87' title="bbox 2229 4331 3573 4405">
     <span class='ocr_line' id='line_1_87' title="bbox 2229 4331 3573 4405; baseline -0.004 -13"><span class='ocrx_word' id='word_1_699' title='bbox 2229 4333 2543 4398; x_wconf 83' lang='lat' dir='ltr'><strong>meritorum</strong></span> <span class='ocrx_word' id='word_1_700' title='bbox 2575 4332 2948 4405; x_wconf 83' lang='lat' dir='ltr'><strong>unusquisque</strong></span> <span class='ocrx_word' id='word_1_701' title='bbox 2978 4331 3284 4400; x_wconf 79' lang='lat' dir='ltr'><strong>mercrdem</strong></span> <span class='ocrx_word' id='word_1_702' title='bbox 3328 4332 3573 4403; x_wconf 83' lang='lat' dir='ltr'><strong>recipiet.</strong></span> 
     </span>
    </p>
   </div>
   <div class='ocr_carea' id='block_1_88' title="bbox 2300 4425 3777 4500">
    <p class='ocr_par' dir='ltr' id='par_1_88' title="bbox 2300 4425 3777 4500">
     <span class='ocr_line' id='line_1_88' title="bbox 2300 4425 3777 4500; baseline -0.007 -14"><span class='ocrx_word' id='word_1_703' title='bbox 2300 4429 2480 4499; x_wconf 81' lang='lat' dir='ltr'><strong>(Vers.</strong></span> <span class='ocrx_word' id='word_1_704' title='bbox 2510 4427 2590 4500; x_wconf 89' lang='lat'><strong>7.)</strong></span> <span class='ocrx_word' id='word_1_705' title='bbox 2628 4426 2693 4484; x_wconf 83' lang='lat' dir='ltr'><strong>Et</strong></span> <span class='ocrx_word' id='word_1_706' title='bbox 2714 4428 2898 4498; x_wconf 85' lang='lat' dir='ltr'><strong>angelo</strong></span> <span class='ocrx_word' id='word_1_707' title='bbox 2934 4425 3317 4498; x_wconf 74' lang='lat' dir='ltr'><strong>Philadelphim</strong></span> <span class='ocrx_word' id='word_1_708' title='bbox 3344 4427 3594 4495; x_wconf 75' lang='lat' dir='ltr'><strong>Ecclesz</strong></span> <span class='ocrx_word' id='word_1_709' title='bbox 3615 4425 3777 4482; x_wconf 67' lang='lat' dir='ltr'><strong>scribe:</strong></span> 
     </span>
    </p>
   </div>
   <div class='ocr_carea' id='block_1_89' title="bbox 2238 4517 3776 4591">
    <p class='ocr_par' dir='ltr' id='par_1_89' title="bbox 2238 4517 3776 4591">
     <span class='ocr_line' id='line_1_89' title="bbox 2238 4517 3776 4591; baseline -0.006 -15"><span class='ocrx_word' id='word_1_710' title='bbox 2238 4522 2359 4578; x_wconf 71' lang='lat' dir='ltr'><strong>Hice</strong></span> <span class='ocrx_word' id='word_1_711' title='bbox 2386 4522 2510 4576; x_wconf 86' lang='lat' dir='ltr'><strong>dicit</strong></span> <span class='ocrx_word' id='word_1_712' title='bbox 2547 4529 2753 4575; x_wconf 86' lang='lat' dir='ltr'><strong>sanctus</strong></span> <span class='ocrx_word' id='word_1_713' title='bbox 2783 4529 2828 4573; x_wconf 86' lang='lat' dir='ltr'><strong>et</strong></span> <span class='ocrx_word' id='word_1_714' title='bbox 2867 4535 3036 4582; x_wconf 71' lang='lat' dir='ltr'><strong>verus,</strong></span> <span class='ocrx_word' id='word_1_715' title='bbox 3065 4519 3151 4591; x_wconf 85' lang='lat' dir='ltr'><strong>qui</strong></span> <span class='ocrx_word' id='word_1_716' title='bbox 3193 4519 3345 4586; x_wconf 82' lang='lat' dir='ltr'><strong>habet</strong></span> <span class='ocrx_word' id='word_1_717' title='bbox 3398 4520 3589 4574; x_wconf 73' lang='lat' dir='ltr'><strong>clavem</strong></span> <span class='ocrx_word' id='word_1_718' title='bbox 3633 4517 3776 4572; x_wconf 69' lang='lat' dir='ltr'><strong>David.</strong></span> 
     </span>
    </p>
   </div>
   <div class='ocr_carea' id='block_1_90' title="bbox 524 4598 3779 4685">
    <p class='ocr_par' dir='ltr' id='par_1_90' title="bbox 524 4598 3779 4685">
     <span class='ocr_line' id='line_1_90' title="bbox 524 4598 3779 4685; baseline 0.002 -29"><span class='ocrx_word' id='word_1_719' title='bbox 524 4613 756 4666; x_wconf 88' lang='lat' dir='ltr'><strong>mortem</strong></span> <span class='ocrx_word' id='word_1_720' title='bbox 787 4602 854 4658; x_wconf 89' lang='lat' dir='ltr'><strong>ab</strong></span> <span class='ocrx_word' id='word_1_721' title='bbox 885 4602 984 4656; x_wconf 90' lang='lat' dir='ltr'><strong>hac</strong></span> <span class='ocrx_word' id='word_1_722' title='bbox 1014 4603 1287 4676; x_wconf 86' lang='lat' dir='ltr'><strong>mundana</strong></span> <span class='ocrx_word' id='word_1_723' title='bbox 1315 4602 1647 4672; x_wconf 81' lang='lat' dir='ltr'><strong>habitatione</strong></span> <span class='ocrx_word' id='word_1_724' title='bbox 1675 4605 1995 4675; x_wconf 73' lang='lat' dir='ltr'><strong>subtrahat;</strong></span> <span class='ocrx_word' id='word_1_725' title='bbox 2031 4605 2120 4671; x_wconf 87' lang='lat' dir='ltr'><strong>qui</strong></span> <span class='ocrx_word' id='word_1_726' title='bbox 2151 4598 2204 4658; x_wconf 86' lang='grc' dir='ltr'><strong>Ῑ)</strong></span> <span class='ocrx_word' id='word_1_727' title='bbox 2228 4614 2482 4685; x_wconf 70' lang='lat' dir='ltr'><strong>Legimus</strong></span> <span class='ocrx_word' id='word_1_728' title='bbox 2513 4612 2563 4666; x_wconf 78' lang='lat' dir='ltr'><strong>in</strong></span> <span class='ocrx_word' id='word_1_729' title='bbox 2608 4613 2745 4670; x_wconf 84' lang='lat' dir='ltr'><strong>libro</strong></span> <span class='ocrx_word' id='word_1_730' title='bbox 2789 4611 2990 4681; x_wconf 80' lang='lat' dir='ltr'><strong>Regum</strong></span> <span class='ocrx_word' id='word_1_731' title='bbox 3010 4653 3024 4678; x_wconf 81' lang='lat'><strong>,</strong></span> <span class='ocrx_word' id='word_1_732' title='bbox 3056 4610 3199 4679; x_wconf 89' lang='lat' dir='ltr'><strong>quod</strong></span> <span class='ocrx_word' id='word_1_733' title='bbox 3243 4610 3449 4670; x_wconf 72' lang='lat' dir='ltr'><strong>dixerit</strong></span> <span class='ocrx_word' id='word_1_734' title='bbox 3483 4611 3709 4667; x_wconf 84' lang='lat' dir='ltr'><strong>Dominus</strong></span> <span class='ocrx_word' id='word_1_735' title='bbox 3730 4606 3779 4662; x_wconf 76' lang='lat' dir='ltr'><strong>ad</strong></span> 
     </span>
    </p>
   </div>
   <div class='ocr_carea' id='block_1_91' title="bbox 520 4695 2126 4769">
    <p class='ocr_par' dir='ltr' id='par_1_91' title="bbox 520 4695 2126 4769">
     <span class='ocr_line' id='line_1_91' title="bbox 520 4695 2126 4769; baseline 0.002 -19"><span class='ocrx_word' id='word_1_736' title='bbox 520 4697 575 4763; x_wconf 84' lang='lat' dir='ltr'><strong>in</strong></span> <span class='ocrx_word' id='word_1_737' title='bbox 608 4696 961 4766; x_wconf 77' lang='lat' dir='ltr'><strong>pravitatibus</strong></span> <span class='ocrx_word' id='word_1_738' title='bbox 1008 4697 1122 4754; x_wconf 84' lang='lat' dir='ltr'><strong>suis</strong></span> <span class='ocrx_word' id='word_1_739' title='bbox 1148 4695 1498 4768; x_wconf 83' lang='lat' dir='ltr'><strong>requiescens</strong></span> <span class='ocrx_word' id='word_1_740' title='bbox 1525 4739 1538 4764; x_wconf 92' lang='lat'><strong>,</strong></span> <span class='ocrx_word' id='word_1_741' title='bbox 1566 4713 1743 4769; x_wconf 87' lang='lat' dir='ltr'><strong>neque</strong></span> <span class='ocrx_word' id='word_1_742' title='bbox 1773 4714 1803 4752; x_wconf 91' lang='lat' dir='ltr'><strong>a</strong></span> <span class='ocrx_word' id='word_1_743' title='bbox 1833 4699 1978 4753; x_wconf 84' lang='lat' dir='ltr'><strong>vitiis</strong></span> <span class='ocrx_word' id='word_1_744' title='bbox 2009 4699 2126 4756; x_wconf 86' lang='lat' dir='ltr'><strong>vult</strong></span> 
     </span>
    </p>
   </div>
   <div class='ocr_carea' id='block_1_92' title="bbox 519 4790 2122 4866">
    <p class='ocr_par' dir='ltr' id='par_1_92' title="bbox 519 4790 2122 4866">
     <span class='ocr_line' id='line_1_92' title="bbox 519 4790 2122 4866; baseline 0.003 -20"><span class='ocrx_word' id='word_1_745' title='bbox 519 4792 820 4866; x_wconf 80' lang='lat' dir='ltr'><strong>abstinere,</strong></span> <span class='ocrx_word' id='word_1_746' title='bbox 851 4806 1027 4862; x_wconf 85' lang='lat' dir='ltr'><strong>neque</strong></span> <span class='ocrx_word' id='word_1_747' title='bbox 1060 4790 1230 4862; x_wconf 88' lang='lat' dir='ltr'><strong>ipsam</strong></span> <span class='ocrx_word' id='word_1_748' title='bbox 1262 4803 1491 4850; x_wconf 89' lang='lat' dir='ltr'><strong>mortem</strong></span> <span class='ocrx_word' id='word_1_749' title='bbox 1521 4805 1647 4850; x_wconf 87' lang='lat' dir='ltr'><strong>ante</strong></span> <span class='ocrx_word' id='word_1_750' title='bbox 1674 4794 1863 4849; x_wconf 86' lang='lat' dir='ltr'><strong>oculos</strong></span> <span class='ocrx_word' id='word_1_751' title='bbox 1893 4809 2122 4866; x_wconf 81' lang='lat' dir='ltr'><strong>ponere,</strong></span> 
     </span>
    </p>
   </div>
   <div class='ocr_carea' id='block_1_93' title="bbox 518 4884 2125 4960">
    <p class='ocr_par' dir='ltr' id='par_1_93' title="bbox 518 4884 2125 4960">
     <span class='ocr_line' id='line_1_93' title="bbox 518 4884 2125 4960; baseline 0.002 -18"><span class='ocrx_word' id='word_1_752' title='bbox 518 4887 658 4954; x_wconf 85' lang='lat' dir='ltr'><strong>sicut</strong></span> <span class='ocrx_word' id='word_1_753' title='bbox 687 4884 949 4948; x_wconf 86' lang='lat' dir='ltr'><strong>Dominus</strong></span> <span class='ocrx_word' id='word_1_754' title='bbox 974 4884 1107 4954; x_wconf 80' lang='lat' dir='ltr'><strong>dicit</strong></span> <span class='ocrx_word' id='word_1_755' title='bbox 1137 4886 1190 4942; x_wconf 90' lang='lat' dir='ltr'><strong>in</strong></span> <span class='ocrx_word' id='word_1_756' title='bbox 1218 4886 1508 4958; x_wconf 69' lang='lat' dir='ltr'><strong>Evangelii)</strong></span> <span class='ocrx_word' id='word_1_757' title='bbox 1542 4904 1553 4941; x_wconf 89' lang='lat'><strong>:</strong></span> <span class='ocrx_word' id='word_1_758' title='bbox 1594 4888 1729 4958; x_wconf 76' lang='lat' dir='ltr'><strong>Quia</strong></span> <span class='ocrx_word' id='word_1_759' title='bbox 1761 4889 1807 4942; x_wconf 85' lang='lat' dir='ltr'><strong>si</strong></span> <span class='ocrx_word' id='word_1_760' title='bbox 1837 4890 1992 4950; x_wconf 83' lang='lat' dir='ltr'><strong>sciret</strong></span> <span class='ocrx_word' id='word_1_761' title='bbox 2030 4907 2125 4960; x_wconf 83' lang='lat' dir='ltr'><strong>pa-</strong></span> 
     </span>
    </p>
   </div>
   <div class='ocr_carea' id='block_1_94' title="bbox 519 4979 2122 5055">
    <p class='ocr_par' dir='ltr' id='par_1_94' title="bbox 519 4979 2122 5055">
     <span class='ocr_line' id='line_1_94' title="bbox 519 4979 2122 5055; baseline 0.002 -23"><span class='ocrx_word' id='word_1_762' title='bbox 519 4979 826 5054; x_wconf 72' lang='lat' dir='ltr'><strong>terfamilt&#39;as</strong></span> <span class='ocrx_word' id='word_1_763' title='bbox 855 4996 954 5054; x_wconf 73' lang='lat' dir='ltr'><strong>qua</strong></span> <span class='ocrx_word' id='word_1_764' title='bbox 981 4979 1108 5038; x_wconf 86' lang='lat' dir='ltr'><strong>hora</strong></span> <span class='ocrx_word' id='word_1_765' title='bbox 1129 4980 1213 5050; x_wconf 78' lang='lat' dir='ltr'><strong>fur</strong></span> <span class='ocrx_word' id='word_1_766' title='bbox 1228 4989 1468 5050; x_wconf 77' lang='lat' dir='ltr'><strong>venturus</strong></span> <span class='ocrx_word' id='word_1_767' title='bbox 1490 4991 1640 5045; x_wconf 85' lang='lat' dir='ltr'><strong>esset,</strong></span> <span class='ocrx_word' id='word_1_768' title='bbox 1669 4982 1902 5055; x_wconf 64' lang='lat' dir='ltr'><strong>vigilaret</strong></span> <span class='ocrx_word' id='word_1_769' title='bbox 1927 4983 2122 5052; x_wconf 84' lang='lat' dir='ltr'><strong>utique,</strong></span> 
     </span>
    </p>
   </div>
   <div class='ocr_carea' id='block_1_95' title="bbox 519 5071 2122 5150">
    <p class='ocr_par' dir='ltr' id='par_1_95' title="bbox 519 5071 2122 5150">
     <span class='ocr_line' id='line_1_95' title="bbox 519 5071 2122 5150; baseline 0.002 -22"><span class='ocrx_word' id='word_1_770' title='bbox 519 5084 566 5146; x_wconf 80' lang='lat' dir='ltr'><strong>et</strong></span> <span class='ocrx_word' id='word_1_771' title='bbox 597 5090 700 5138; x_wconf 89' lang='lat' dir='ltr'><strong>non</strong></span> <span class='ocrx_word' id='word_1_772' title='bbox 725 5075 909 5144; x_wconf 79' lang='lat' dir='ltr'><strong>sineret</strong></span> <span class='ocrx_word' id='word_1_773' title='bbox 931 5073 1135 5150; x_wconf 65' lang='lat' dir='ltr'><strong>perfodi</strong></span> <span class='ocrx_word' id='word_1_774' title='bbox 1163 5071 1376 5146; x_wconf 69' lang='lat' dir='ltr'><strong>domum</strong></span> <span class='ocrx_word' id='word_1_775' title='bbox 1398 5089 1545 5143; x_wconf 73' lang='lat' dir='ltr'><strong>suam</strong></span> <span class='ocrx_word' id='word_1_776' title='bbox 1573 5074 1788 5148; x_wconf 65' lang='lat' dir='ltr'><strong>(Matth.</strong></span> <span class='ocrx_word' id='word_1_777' title='bbox 1817 5090 1970 5144; x_wconf 72' lang='lat' dir='ltr'><strong>xxtv,</strong></span> <span class='ocrx_word' id='word_1_778' title='bbox 2003 5075 2122 5150; x_wconf 70' lang='grc'><strong>45).</strong></span> 
     </span>
    </p>
   </div>
   <div class='ocr_carea' id='block_1_96' title="bbox 522 5166 2119 5243">
    <p class='ocr_par' dir='ltr' id='par_1_96' title="bbox 522 5166 2119 5243">
     <span class='ocr_line' id='line_1_96' title="bbox 522 5166 2119 5243; baseline 0.002 -19"><span class='ocrx_word' id='word_1_779' title='bbox 522 5166 626 5230; x_wconf 84' lang='lat' dir='ltr'><strong>Per</strong></span> <span class='ocrx_word' id='word_1_780' title='bbox 677 5167 1126 5243; x_wconf 71' lang='lat' dir='ltr'><strong>patremfamilias</strong></span> <span class='ocrx_word' id='word_1_781' title='bbox 1173 5176 1409 5239; x_wconf 74' lang='lat' dir='ltr'><strong>mentem</strong></span> <span class='ocrx_word' id='word_1_782' title='bbox 1455 5184 1745 5241; x_wconf 74' lang='lat' dir='ltr'><strong>possumus</strong></span> <span class='ocrx_word' id='word_1_783' title='bbox 1781 5169 2119 5241; x_wconf 77' lang='lat' dir='ltr'><strong>intelligere;</strong></span> 
     </span>
    </p>
   </div>
   <div class='ocr_carea' id='block_1_97' title="bbox 522 5263 2120 5350">
    <p class='ocr_par' dir='ltr' id='par_1_97' title="bbox 522 5263 2120 5350">
     <span class='ocr_line' id='line_1_97' title="bbox 522 5263 2120 5350; baseline 0.002 -33"><span class='ocrx_word' id='word_1_784' title='bbox 522 5263 648 5334; x_wconf 78' lang='lat' dir='ltr'><strong>quia</strong></span> <span class='ocrx_word' id='word_1_785' title='bbox 677 5265 819 5334; x_wconf 78' lang='lat' dir='ltr'><strong>sicut</strong></span> <span class='ocrx_word' id='word_1_786' title='bbox 850 5264 1242 5338; x_wconf 68' lang='lat' dir='ltr'><strong>paterfamilias</strong></span> <span class='ocrx_word' id='word_1_787' title='bbox 1273 5264 1527 5330; x_wconf 77' lang='lat' dir='ltr'><strong>omnibus</strong></span> <span class='ocrx_word' id='word_1_788' title='bbox 1557 5265 1647 5350; x_wconf 75' lang='lat' dir='ltr'><strong>qui</strong></span> <span class='ocrx_word' id='word_1_789' title='bbox 1682 5267 1734 5332; x_wconf 80' lang='lat' dir='ltr'><strong>iu</strong></span> <span class='ocrx_word' id='word_1_790' title='bbox 1782 5265 1947 5336; x_wconf 80' lang='lat' dir='ltr'><strong>domo</strong></span> <span class='ocrx_word' id='word_1_791' title='bbox 1974 5276 2120 5334; x_wconf 81' lang='lat' dir='ltr'><strong>sunt,</strong></span> 
     </span>
    </p>
   </div>
   <div class='ocr_carea' id='block_1_98' title="bbox 527 5357 2124 5430">
    <p class='ocr_par' dir='ltr' id='par_1_98' title="bbox 527 5357 2124 5430">
     <span class='ocr_line' id='line_1_98' title="bbox 527 5357 2124 5430; baseline 0.003 -21"><span class='ocrx_word' id='word_1_792' title='bbox 527 5357 998 5426; x_wconf 80' lang='lat' dir='ltr'><strong>principaturzita</strong></span> <span class='ocrx_word' id='word_1_793' title='bbox 1027 5367 1084 5414; x_wconf 90' lang='lat' dir='ltr'><strong>et</strong></span> <span class='ocrx_word' id='word_1_794' title='bbox 1109 5372 1266 5412; x_wconf 88' lang='lat' dir='ltr'><strong>mens</strong></span> <span class='ocrx_word' id='word_1_795' title='bbox 1310 5357 1564 5413; x_wconf 89' lang='lat' dir='ltr'><strong>omnibus</strong></span> <span class='ocrx_word' id='word_1_796' title='bbox 1611 5358 1823 5430; x_wconf 81' lang='lat' dir='ltr'><strong>actibus</strong></span> <span class='ocrx_word' id='word_1_797' title='bbox 1873 5359 2124 5428; x_wconf 79' lang='lat' dir='ltr'><strong>corporis</strong></span> 
     </span>
    </p>
   </div>
   <div class='ocr_carea' id='block_1_99' title="bbox 530 5448 2123 5526">
    <p class='ocr_par' dir='ltr' id='par_1_99' title="bbox 530 5448 2123 5526">
     <span class='ocr_line' id='line_1_99' title="bbox 530 5448 2123 5526; baseline 0.006 -25"><span class='ocrx_word' id='word_1_798' title='bbox 530 5456 585 5502; x_wconf 90' lang='lat' dir='ltr'><strong>et</strong></span> <span class='ocrx_word' id='word_1_799' title='bbox 633 5448 1052 5523; x_wconf 73' lang='lat' dir='ltr'><strong>cogitationibus</strong></span> <span class='ocrx_word' id='word_1_800' title='bbox 1101 5451 1413 5526; x_wconf 61' lang='lat' dir='ltr'><strong>prmferlttr.</strong></span> <span class='ocrx_word' id='word_1_801' title='bbox 1464 5451 1624 5522; x_wconf 71' lang='lat' dir='ltr'><strong>Pater</strong></span> <span class='ocrx_word' id='word_1_802' title='bbox 1677 5454 1838 5524; x_wconf 73' lang='lat' dir='ltr'><strong>igitur</strong></span> <span class='ocrx_word' id='word_1_803' title='bbox 1889 5453 2123 5512; x_wconf 59' lang='lat' dir='ltr'><strong>timidius</strong></span> 
     </span>
    </p>
   </div>
   <div class='ocr_carea' id='block_1_100' title="bbox 531 5541 2123 5623">
    <p class='ocr_par' dir='ltr' id='par_1_100' title="bbox 531 5541 2123 5623">
     <span class='ocr_line' id='line_1_100' title="bbox 531 5541 2123 5623; baseline 0.02 -34"><span class='ocrx_word' id='word_1_804' title='bbox 531 5542 750 5604; x_wconf 85' lang='lat' dir='ltr'><strong>dormit,</strong></span> <span class='ocrx_word' id='word_1_805' title='bbox 768 5541 960 5623; x_wconf 75' lang='lat' dir='ltr'><strong>furque</strong></span> <span class='ocrx_word' id='word_1_806' title='bbox 987 5547 1211 5618; x_wconf 70' lang='lat' dir='ltr'><strong>veniens</strong></span> <span class='ocrx_word' id='word_1_807' title='bbox 1241 5548 1462 5610; x_wconf 86' lang='lat' dir='ltr'><strong>domum</strong></span> <span class='ocrx_word' id='word_1_808' title='bbox 1485 5549 1604 5619; x_wconf 77' lang='lat' dir='ltr'><strong>ejus</strong></span> <span class='ocrx_word' id='word_1_809' title='bbox 1629 5547 1884 5620; x_wconf 70' lang='lat' dir='ltr'><strong>perdeil.</strong></span> <span class='ocrx_word' id='word_1_810' title='bbox 1905 5549 2123 5621; x_wconf 56' lang='lat' dir='ltr'><strong>illum“)</strong></span> 
     </span>
    </p>
   </div>
   <div class='ocr_carea' id='block_1_101' title="bbox 533 5634 2124 5714">
    <p class='ocr_par' dir='ltr' id='par_1_101' title="bbox 533 5634 2124 5714">
     <span class='ocr_line' id='line_1_101' title="bbox 533 5634 2124 5714; baseline 0.008 -30"><span class='ocrx_word' id='word_1_811' title='bbox 533 5647 686 5702; x_wconf 72' lang='lat' dir='ltr'><strong>incus</strong></span> <span class='ocrx_word' id='word_1_812' title='bbox 741 5634 792 5690; x_wconf 89' lang='lat' dir='ltr'><strong>in</strong></span> <span class='ocrx_word' id='word_1_813' title='bbox 856 5635 1308 5710; x_wconf 77' lang='lat' dir='ltr'><strong>delectationibus</strong></span> <span class='ocrx_word' id='word_1_814' title='bbox 1365 5641 1674 5712; x_wconf 71' lang='lat' dir='ltr'><strong>carnalibus</strong></span> <span class='ocrx_word' id='word_1_815' title='bbox 1732 5639 2124 5714; x_wconf 79' lang='lat' dir='ltr'><strong>requiescens,</strong></span> 
     </span>
    </p>
   </div>
   <div class='ocr_carea' id='block_1_102' title="bbox 2231 4703 3780 4774">
    <p class='ocr_par' dir='ltr' id='par_1_102' title="bbox 2231 4703 3780 4774">
     <span class='ocr_line' id='line_1_102' title="bbox 2231 4703 3780 4774; baseline -0.008 -11"><span class='ocrx_word' id='word_1_816' title='bbox 2231 4707 2394 4772; x_wconf 80' lang='lat' dir='ltr'><strong>David</strong></span> <span class='ocrx_word' id='word_1_817' title='bbox 2430 4726 2442 4762; x_wconf 90' lang='lat'><strong>:</strong></span> <span class='ocrx_word' id='word_1_818' title='bbox 2476 4705 2546 4770; x_wconf 82' lang='lat' dir='ltr'><strong>Et</strong></span> <span class='ocrx_word' id='word_1_819' title='bbox 2567 4707 2662 4761; x_wconf 86' lang='lat' dir='ltr'><strong>erit</strong></span> <span class='ocrx_word' id='word_1_820' title='bbox 2681 4721 2794 4760; x_wconf 74' lang='lat' dir='ltr'><strong>runt</strong></span> <span class='ocrx_word' id='word_1_821' title='bbox 2819 4704 3092 4774; x_wconf 77' lang='lat' dir='ltr'><strong>dormieris</strong></span> <span class='ocrx_word' id='word_1_822' title='bbox 3119 4720 3233 4766; x_wconf 83' lang='lat' dir='ltr'><strong>cum</strong></span> <span class='ocrx_word' id='word_1_823' title='bbox 3258 4704 3500 4773; x_wconf 84' lang='lat' dir='ltr'><strong>patribus</strong></span> <span class='ocrx_word' id='word_1_824' title='bbox 3526 4707 3636 4768; x_wconf 84' lang='lat' dir='ltr'><strong>tuis,</strong></span> <span class='ocrx_word' id='word_1_825' title='bbox 3657 4703 3780 4758; x_wconf 68' lang='lat' dir='ltr'><strong>susci-</strong></span> 
     </span>
    </p>
   </div>
   <div class='ocr_carea' id='block_1_103' title="bbox 2229 4797 3780 4873">
    <p class='ocr_par' dir='ltr' id='par_1_103' title="bbox 2229 4797 3780 4873">
     <span class='ocr_line' id='line_1_103' title="bbox 2229 4797 3780 4873; baseline -0.007 -15"><span class='ocrx_word' id='word_1_826' title='bbox 2229 4804 2344 4862; x_wconf 85' lang='lat' dir='ltr'><strong>tabo</strong></span> <span class='ocrx_word' id='word_1_827' title='bbox 2372 4820 2544 4860; x_wconf 77' lang='lat' dir='ltr'><strong>semen</strong></span> <span class='ocrx_word' id='word_1_828' title='bbox 2572 4812 2740 4870; x_wconf 78' lang='lat' dir='ltr'><strong>tuum,</strong></span> <span class='ocrx_word' id='word_1_829' title='bbox 2771 4800 2910 4872; x_wconf 85' lang='lat' dir='ltr'><strong>quod</strong></span> <span class='ocrx_word' id='word_1_830' title='bbox 2955 4799 3246 4873; x_wconf 79' lang='lat' dir='ltr'><strong>egredietur</strong></span> <span class='ocrx_word' id='word_1_831' title='bbox 3291 4815 3358 4853; x_wconf 85' lang='lat' dir='ltr'><strong>ea:</strong></span> <span class='ocrx_word' id='word_1_832' title='bbox 3406 4811 3485 4864; x_wconf 83' lang='lat' dir='ltr'><strong>te,</strong></span> <span class='ocrx_word' id='word_1_833' title='bbox 3527 4809 3573 4854; x_wconf 77' lang='lat' dir='ltr'><strong>et</strong></span> <span class='ocrx_word' id='word_1_834' title='bbox 3612 4797 3780 4870; x_wconf 68' lang='lat' dir='ltr'><strong>ﬁrmate</strong></span> 
     </span>
    </p>
   </div>
   <div class='ocr_carea' id='block_1_104' title="bbox 2229 4891 3778 4970">
    <p class='ocr_par' dir='ltr' id='par_1_104' title="bbox 2229 4891 3778 4970">
     <span class='ocr_line' id='line_1_104' title="bbox 2229 4891 3778 4970; baseline -0.004 -20"><span class='ocrx_word' id='word_1_835' title='bbox 2229 4913 2440 4970; x_wconf 85' lang='lat' dir='ltr'><strong>regnum</strong></span> <span class='ocrx_word' id='word_1_836' title='bbox 2473 4897 2585 4966; x_wconf 75' lang='lat' dir='ltr'><strong>ejus</strong></span> <span class='ocrx_word' id='word_1_837' title='bbox 2615 4896 2667 4957; x_wconf 86' lang='lat' dir='ltr'><strong>in</strong></span> <span class='ocrx_word' id='word_1_838' title='bbox 2699 4894 3087 4965; x_wconf 84' lang='lat' dir='ltr'><strong>sempiternum.</strong></span> <span class='ocrx_word' id='word_1_839' title='bbox 3128 4891 3238 4965; x_wconf 75' lang='lat' dir='ltr'><strong>Ego</strong></span> <span class='ocrx_word' id='word_1_840' title='bbox 3264 4909 3356 4948; x_wconf 86' lang='lat' dir='ltr'><strong>ero</strong></span> <span class='ocrx_word' id='word_1_841' title='bbox 3384 4893 3468 4948; x_wconf 84' lang='lat' dir='ltr'><strong>illi</strong></span> <span class='ocrx_word' id='word_1_842' title='bbox 3513 4893 3566 4947; x_wconf 89' lang='lat' dir='ltr'><strong>in</strong></span> <span class='ocrx_word' id='word_1_843' title='bbox 3605 4901 3778 4964; x_wconf 74' lang='lat' dir='ltr'><strong>patrem.</strong></span> 
     </span>
    </p>
   </div>
   <div class='ocr_carea' id='block_1_105' title="bbox 2228 4981 3781 5060">
    <p class='ocr_par' dir='ltr' id='par_1_105' title="bbox 2228 4981 3781 5060">
     <span class='ocr_line' id='line_1_105' title="bbox 2228 4981 3781 5060; baseline -0.007 -14"><span class='ocrx_word' id='word_1_844' title='bbox 2228 5000 2275 5050; x_wconf 88' lang='lat' dir='ltr'><strong>et</strong></span> <span class='ocrx_word' id='word_1_845' title='bbox 2315 4991 2426 5060; x_wconf 81' lang='lat' dir='ltr'><strong>ipse</strong></span> <span class='ocrx_word' id='word_1_846' title='bbox 2473 4991 2569 5044; x_wconf 87' lang='lat' dir='ltr'><strong>erit</strong></span> <span class='ocrx_word' id='word_1_847' title='bbox 2601 4987 2729 5043; x_wconf 85' lang='lat' dir='ltr'><strong>mihi</strong></span> <span class='ocrx_word' id='word_1_848' title='bbox 2768 4987 2822 5054; x_wconf 79' lang='lat' dir='ltr'><strong>in</strong></span> <span class='ocrx_word' id='word_1_849' title='bbox 2865 4986 3033 5057; x_wconf 76' lang='lat' dir='ltr'><strong>ﬁlium</strong></span> <span class='ocrx_word' id='word_1_850' title='bbox 3074 4983 3141 5059; x_wconf 85' lang='lat' dir='ltr'><strong>(ll</strong></span> <span class='ocrx_word' id='word_1_851' title='bbox 3175 4985 3304 5056; x_wconf 79' lang='lat' dir='ltr'><strong>Reg.</strong></span> <span class='ocrx_word' id='word_1_852' title='bbox 3341 5001 3438 5057; x_wconf 80' lang='lat' dir='ltr'><strong>vn,</strong></span> <span class='ocrx_word' id='word_1_853' title='bbox 3483 4987 3588 5053; x_wconf 73' lang='grc'><strong>12).</strong></span> <span class='ocrx_word' id='word_1_854' title='bbox 3620 4981 3781 5044; x_wconf 78' lang='lat' dir='ltr'><strong>lloede</strong></span> 
     </span>
    </p>
   </div>
   <div class='ocr_carea' id='block_1_106' title="bbox 2229 5076 3778 5152">
    <p class='ocr_par' dir='ltr' id='par_1_106' title="bbox 2229 5076 3778 5152">
     <span class='ocr_line' id='line_1_106' title="bbox 2229 5076 3778 5152; baseline -0.008 -15"><span class='ocrx_word' id='word_1_855' title='bbox 2229 5083 2448 5152; x_wconf 79' lang='lat' dir='ltr'><strong>Christo</strong></span> <span class='ocrx_word' id='word_1_856' title='bbox 2470 5096 2592 5142; x_wconf 80' lang='lat' dir='ltr'><strong>esse</strong></span> <span class='ocrx_word' id='word_1_857' title='bbox 2619 5080 2823 5140; x_wconf 89' lang='lat' dir='ltr'><strong>dictum</strong></span> <span class='ocrx_word' id='word_1_858' title='bbox 2844 5079 3029 5148; x_wconf 75' lang='lat' dir='ltr'><strong>nullus</strong></span> <span class='ocrx_word' id='word_1_859' title='bbox 3059 5088 3164 5142; x_wconf 84' lang='lat' dir='ltr'><strong>est,</strong></span> <span class='ocrx_word' id='word_1_860' title='bbox 3191 5079 3295 5144; x_wconf 83' lang='lat' dir='ltr'><strong>nisi</strong></span> <span class='ocrx_word' id='word_1_861' title='bbox 3325 5078 3567 5148; x_wconf 87' lang='lat' dir='ltr'><strong>pertidus</strong></span> <span class='ocrx_word' id='word_1_862' title='bbox 3585 5076 3778 5136; x_wconf 65' lang='lat' dir='ltr'><strong>Jttdxctts,</strong></span> 
     </span>
    </p>
   </div>
   <div class='ocr_carea' id='block_1_107' title="bbox 2229 5168 3779 5247">
    <p class='ocr_par' dir='ltr' id='par_1_107' title="bbox 2229 5168 3779 5247">
     <span class='ocr_line' id='line_1_107' title="bbox 2229 5168 3779 5247; baseline -0.008 -16"><span class='ocrx_word' id='word_1_863' title='bbox 2229 5175 2318 5247; x_wconf 89' lang='lat' dir='ltr'><strong>qui</strong></span> <span class='ocrx_word' id='word_1_864' title='bbox 2351 5174 2606 5246; x_wconf 79' lang='lat' dir='ltr'><strong>ambigat.</strong></span> <span class='ocrx_word' id='word_1_865' title='bbox 2635 5173 2704 5232; x_wconf 85' lang='lat' dir='ltr'><strong>Et</strong></span> <span class='ocrx_word' id='word_1_866' title='bbox 2735 5174 2788 5238; x_wconf 84' lang='lat' dir='ltr'><strong>in</strong></span> <span class='ocrx_word' id='word_1_867' title='bbox 2816 5172 3036 5247; x_wconf 80' lang='lat' dir='ltr'><strong>domum</strong></span> <span class='ocrx_word' id='word_1_868' title='bbox 3069 5175 3378 5244; x_wconf 70' lang='lat' dir='ltr'><strong>qhspratam</strong></span> <span class='ocrx_word' id='word_1_869' title='bbox 3405 5171 3582 5246; x_wconf 69' lang='lat' dir='ltr'><strong>nullus</strong></span> <span class='ocrx_word' id='word_1_870' title='bbox 3607 5168 3691 5230; x_wconf 79' lang='lat' dir='ltr'><strong>nisi</strong></span> <span class='ocrx_word' id='word_1_871' title='bbox 3711 5181 3779 5238; x_wconf 68' lang='lat' dir='ltr'><strong>per</strong></span> 
     </span>
    </p>
   </div>
   <div class='ocr_carea' id='block_1_108' title="bbox 2231 5265 3776 5344">
    <p class='ocr_par' dir='ltr' id='par_1_108' title="bbox 2231 5265 3776 5344">
     <span class='ocr_line' id='line_1_108' title="bbox 2231 5265 3776 5344; baseline -0.004 -22"><span class='ocrx_word' id='word_1_872' title='bbox 2231 5270 2439 5344; x_wconf 84' lang='lat' dir='ltr'><strong>clavem</strong></span> <span class='ocrx_word' id='word_1_873' title='bbox 2466 5275 2650 5342; x_wconf 82' lang='lat' dir='ltr'><strong>potest</strong></span> <span class='ocrx_word' id='word_1_874' title='bbox 2680 5265 2923 5343; x_wconf 72' lang='lat' dir='ltr'><strong>introire.</strong></span> <span class='ocrx_word' id='word_1_875' title='bbox 2959 5265 3126 5328; x_wconf 76' lang='lat' dir='ltr'><strong>Filius</strong></span> <span class='ocrx_word' id='word_1_876' title='bbox 3151 5279 3282 5336; x_wconf 80' lang='lat' dir='ltr'><strong>ergo</strong></span> <span class='ocrx_word' id='word_1_877' title='bbox 3308 5266 3400 5336; x_wconf 79' lang='lat' dir='ltr'><strong>Dei</strong></span> <span class='ocrx_word' id='word_1_878' title='bbox 3433 5268 3589 5324; x_wconf 80' lang='lat' dir='ltr'><strong>habet</strong></span> <span class='ocrx_word' id='word_1_879' title='bbox 3614 5265 3776 5332; x_wconf 68' lang='lat' dir='ltr'><strong>clavem</strong></span> 
     </span>
    </p>
   </div>
   <div class='ocr_carea' id='block_1_109' title="bbox 2234 5356 3779 5433">
    <p class='ocr_par' dir='ltr' id='par_1_109' title="bbox 2234 5356 3779 5433">
     <span class='ocr_line' id='line_1_109' title="bbox 2234 5356 3779 5433; baseline -0.005 -16"><span class='ocrx_word' id='word_1_880' title='bbox 2234 5362 2420 5432; x_wconf 81' lang='lat' dir='ltr'><strong>David,</strong></span> <span class='ocrx_word' id='word_1_881' title='bbox 2455 5361 2579 5432; x_wconf 74' lang='lat' dir='ltr'><strong>quia</strong></span> <span class='ocrx_word' id='word_1_882' title='bbox 2611 5360 2726 5429; x_wconf 88' lang='lat' dir='ltr'><strong>ipse</strong></span> <span class='ocrx_word' id='word_1_883' title='bbox 2763 5359 3040 5433; x_wconf 81' lang='lat' dir='ltr'><strong>hominem</strong></span> <span class='ocrx_word' id='word_1_884' title='bbox 3071 5359 3368 5432; x_wconf 71' lang='lat' dir='ltr'><strong>assumpsit</strong></span> <span class='ocrx_word' id='word_1_885' title='bbox 3396 5374 3460 5430; x_wconf 81' lang='lat' dir='ltr'><strong>ex</strong></span> <span class='ocrx_word' id='word_1_886' title='bbox 3503 5373 3680 5430; x_wconf 75' lang='lat' dir='ltr'><strong>genrrc</strong></span> <span class='ocrx_word' id='word_1_887' title='bbox 3706 5356 3779 5412; x_wconf 73' lang='lat' dir='ltr'><strong>lla-</strong></span> 
     </span>
    </p>
   </div>
   <div class='ocr_carea' id='block_1_110' title="bbox 2230 5453 3778 5528">
    <p class='ocr_par' dir='ltr' id='par_1_110' title="bbox 2230 5453 3778 5528">
     <span class='ocr_line' id='line_1_110' title="bbox 2230 5453 3778 5528; baseline -0.008 -15"><span class='ocrx_word' id='word_1_888' title='bbox 2230 5457 2341 5522; x_wconf 75' lang='lat' dir='ltr'><strong>viil,</strong></span> <span class='ocrx_word' id='word_1_889' title='bbox 2376 5471 2536 5527; x_wconf 78' lang='lat' dir='ltr'><strong>quem</strong></span> <span class='ocrx_word' id='word_1_890' title='bbox 2586 5455 2790 5522; x_wconf 75' lang='lat' dir='ltr'><strong>clavem</strong></span> <span class='ocrx_word' id='word_1_891' title='bbox 2846 5453 3016 5508; x_wconf 81' lang='lat' dir='ltr'><strong>David</strong></span> <span class='ocrx_word' id='word_1_892' title='bbox 3057 5462 3242 5514; x_wconf 80' lang='lat' dir='ltr'><strong>vocat,</strong></span> <span class='ocrx_word' id='word_1_893' title='bbox 3275 5468 3373 5524; x_wconf 84' lang='lat' dir='ltr'><strong>per</strong></span> <span class='ocrx_word' id='word_1_894' title='bbox 3400 5469 3557 5528; x_wconf 87' lang='lat' dir='ltr'><strong>quem</strong></span> <span class='ocrx_word' id='word_1_895' title='bbox 3587 5459 3778 5520; x_wconf 57' lang='lat' dir='ltr'><strong>reserata</strong></span> 
     </span>
    </p>
   </div>
   <div class='ocr_carea' id='block_1_111' title="bbox 2229 5542 3778 5620">
    <p class='ocr_par' dir='ltr' id='par_1_111' title="bbox 2229 5542 3778 5620">
     <span class='ocr_line' id='line_1_111' title="bbox 2229 5542 3778 5620; baseline -0.006 -14"><span class='ocrx_word' id='word_1_896' title='bbox 2229 5560 2356 5618; x_wconf 82' lang='lat' dir='ltr'><strong>sunt</strong></span> <span class='ocrx_word' id='word_1_897' title='bbox 2376 5549 2576 5616; x_wconf 85' lang='lat' dir='ltr'><strong>omnia,</strong></span> <span class='ocrx_word' id='word_1_898' title='bbox 2615 5556 2671 5602; x_wconf 80' lang='lat' dir='ltr'><strong>ct</strong></span> <span class='ocrx_word' id='word_1_899' title='bbox 2696 5563 2815 5618; x_wconf 65' lang='lat' dir='ltr'><strong>qum</strong></span> <span class='ocrx_word' id='word_1_900' title='bbox 2848 5547 2987 5618; x_wconf 78' lang='lat' dir='ltr'><strong>Deus</strong></span> <span class='ocrx_word' id='word_1_901' title='bbox 3008 5545 3076 5610; x_wconf 80' lang='lat' dir='ltr'><strong>ad</strong></span> <span class='ocrx_word' id='word_1_902' title='bbox 3105 5545 3296 5614; x_wconf 81' lang='lat' dir='ltr'><strong>David,</strong></span> <span class='ocrx_word' id='word_1_903' title='bbox 3326 5555 3382 5601; x_wconf 86' lang='lat' dir='ltr'><strong>et</strong></span> <span class='ocrx_word' id='word_1_904' title='bbox 3416 5561 3536 5620; x_wconf 68' lang='lat' dir='ltr'><strong>quge</strong></span> <span class='ocrx_word' id='word_1_905' title='bbox 3563 5542 3704 5600; x_wconf 67' lang='lat' dir='ltr'><strong>David</strong></span> <span class='ocrx_word' id='word_1_906' title='bbox 3731 5542 3778 5596; x_wconf 79' lang='lat' dir='ltr'><strong>de</strong></span> 
     </span>
    </p>
   </div>
   <div class='ocr_carea' id='block_1_112' title="bbox 2230 5632 3776 5713">
    <p class='ocr_par' dir='ltr' id='par_1_112' title="bbox 2230 5632 3776 5713">
     <span class='ocr_line' id='line_1_112' title="bbox 2230 5632 3776 5713; baseline -0.008 -15"><span class='ocrx_word' id='word_1_907' title='bbox 2230 5658 2300 5709; x_wconf 76' lang='lat' dir='ltr'><strong>eo</strong></span> <span class='ocrx_word' id='word_1_908' title='bbox 2327 5643 2539 5698; x_wconf 88' lang='lat' dir='ltr'><strong>locutus</strong></span> <span class='ocrx_word' id='word_1_909' title='bbox 2569 5648 2671 5696; x_wconf 90' lang='lat' dir='ltr'><strong>est.</strong></span> <span class='ocrx_word' id='word_1_910' title='bbox 2709 5638 2812 5706; x_wconf 86' lang='lat' dir='ltr'><strong>Qui</strong></span> <span class='ocrx_word' id='word_1_911' title='bbox 2840 5638 3008 5713; x_wconf 74' lang='lat' dir='ltr'><strong>aperit</strong></span> <span class='ocrx_word' id='word_1_912' title='bbox 3027 5679 3042 5704; x_wconf 94' lang='lat'><strong>,</strong></span> <span class='ocrx_word' id='word_1_913' title='bbox 3075 5646 3121 5706; x_wconf 87' lang='lat' dir='ltr'><strong>et</strong></span> <span class='ocrx_word' id='word_1_914' title='bbox 3158 5653 3307 5709; x_wconf 82' lang='lat' dir='ltr'><strong>nemo</strong></span> <span class='ocrx_word' id='word_1_915' title='bbox 3335 5638 3529 5708; x_wconf 73' lang='lat' dir='ltr'><strong>claudit</strong></span> <span class='ocrx_word' id='word_1_916' title='bbox 3553 5653 3570 5692; x_wconf 92' lang='lat'><strong>:</strong></span> <span class='ocrx_word' id='word_1_917' title='bbox 3591 5632 3776 5708; x_wconf 75' lang='lat' dir='ltr'><strong>claudit,</strong></span> 
     </span>
    </p>
   </div>
   <div class='ocr_carea' id='block_1_113' title="bbox 619 5861 3778 5948">
    <p class='ocr_par' dir='ltr' id='par_1_113' title="bbox 619 5861 3778 5948">
     <span class='ocr_line' id='line_1_113' title="bbox 619 5861 3778 5948; baseline -0.001 -22"><span class='ocrx_word' id='word_1_918' title='bbox 619 5869 641 5896; x_wconf 85' lang='lat'>&quot;</span> <span class='ocrx_word' id='word_1_919' title='bbox 674 5861 748 5915; x_wconf 72' lang='lat' dir='ltr'><strong>lla</strong></span> <span class='ocrx_word' id='word_1_920' title='bbox 779 5873 944 5926; x_wconf 62' lang='lat'><strong>&quot;185-;</strong></span> <span class='ocrx_word' id='word_1_921' title='bbox 967 5861 1082 5924; x_wconf 68' lang='grc' dir='ltr'><strong>θόι,</strong></span> <span class='ocrx_word' id='word_1_922' title='bbox 1115 5877 1261 5930; x_wconf 76' lang='lat' dir='ltr'><strong>vero,</strong></span> <span class='ocrx_word' id='word_1_923' title='bbox 1293 5881 1412 5943; x_wconf 81' lang='lat' dir='ltr'><strong>quae</strong></span> <span class='ocrx_word' id='word_1_924' title='bbox 1435 5867 1575 5924; x_wconf 69' lang='lat' dir='ltr'><strong>inter</strong></span> <span class='ocrx_word' id='word_1_925' title='bbox 1600 5884 1764 5926; x_wconf 85' lang='lat' dir='ltr'><strong>voces</strong></span> <span class='ocrx_word' id='word_1_926' title='bbox 1791 5885 1855 5924; x_wconf 71' lang='lat' dir='ltr'><strong>ea:</strong></span> <span class='ocrx_word' id='word_1_927' title='bbox 1875 5879 2039 5944; x_wconf 84' lang='lat' dir='ltr'><strong>patre,</strong></span> <span class='ocrx_word' id='word_1_928' title='bbox 2061 5887 2124 5930; x_wconf 84' lang='lat' dir='ltr'><strong>ac</strong></span> <span class='ocrx_word' id='word_1_929' title='bbox 2150 5873 2302 5942; x_wconf 84' lang='lat' dir='ltr'><strong>istas,</strong></span> <span class='ocrx_word' id='word_1_930' title='bbox 2337 5872 2502 5928; x_wconf 82' lang='lat' dir='ltr'><strong>Duces</strong></span> <span class='ocrx_word' id='word_1_931' title='bbox 2529 5887 2650 5948; x_wconf 81' lang='lat' dir='ltr'><strong>ergo</strong></span> <span class='ocrx_word' id='word_1_932' title='bbox 2695 5869 2868 5939; x_wconf 76' lang='lat' dir='ltr'><strong>Moab,</strong></span> <span class='ocrx_word' id='word_1_933' title='bbox 2901 5871 3362 5942; x_wconf 79' lang='lat' dir='ltr'><strong>interponuntur,</strong></span> <span class='ocrx_word' id='word_1_934' title='bbox 3393 5867 3778 5944; x_wconf 71' lang='lat' dir='ltr'><strong>praetenuittunt.</strong></span> 
     </span>
    </p>
   </div>
   <div class='ocr_carea' id='block_1_114' title="bbox 3891 5793 3895 5922">
    <p class='ocr_par' dir='ltr' id='par_1_114' title="bbox 3891 5793 3895 5922">
     <span class='ocr_line' id='line_1_114' title="bbox 3891 5793 3895 5922; baseline 0 -18"><span class='ocrx_word' id='word_1_935' title='bbox 3891 5793 3895 5922; x_wconf 72' lang='lat' dir='ltr'><strong>l</strong></span> 
     </span>
    </p>
   </div>
  </div>
