3944 6310
151 296 252 354 789

900 295 972 352 IN
1011 292 1488 353 APOCALYPSIN
1531 294 1914 352 EXPOSITIO.
1955 294 2042 350 DE
2085 295 2356 353 VISIONE
2393 295 2625 353 PRIMA.

3335 299 3439 355 790

149 427 192 468 ct
214 430 365 469 nemo
385 414 572 484 aperit.
603 410 822 481 Aperuit
866 410 1128 466 Dominus
1170 409 1328 465 Jesus
1372 408 1618 466 Christus
1649 426 1738 463 vr-
1766 418 1816 476 Α
1844 410 2034 478 templo
2053 409 2150 464 Dei
2173 413 2291 472 mei.
2317 423 2367 466 et
2389 417 2530 485 foras
2558 429 2658 468 non
2681 415 2968 487 egredietur
2993 414 3220 483 amplius
3241 413 3444 485 (Halat.

148 519 232 566 tus
284 508 688 568 Testamentum
739 505 804 559 ad
854 504 1198 574 intelligenda
1228 505 1406 564 divina
1453 507 1730 575 mysteria,

146 615 263 671 qua:
293 601 347 655 in
374 615 444 656 eo
468 598 732 664 latebant,
777 598 917 667 quod
967 597 1148 652 nullus
1191 596 1449 652 claudere
1498 597 1732 664 toterit:

143 694 338 750 clausit
363 709 493 748 vero
522 693 918 748 observantiam
942 691 1138 746 litterae
1169 691 1358 760 legalis
1383 689 1733 760 superﬂuam,

143 803 300 858 quam
343 788 524 842 nullus
569 786 781 856 aperire
829 785 1047 854 poterit.
1084 783 1308 854 Aperuit
1359 783 1521 840 etiam
1572 783 1734 840 corda

140 881 424 952 gentilium
474 880 540 934 ad
600 877 1000 948 tercipiendam
1053 877 1358 932 doctrinam
1411 875 1560 942 ﬁdei,
1614 891 1737 947 qua:

143 979 319 1034 nullus
373 987 687 1048 persecutor
744 973 998 1034 claudere
1057 973 1234 1042 potuit
1286 988 1299 1024 :
1355 971 1554 1027 clausit
1605 985 1737 1026 vero

140 1083 301 1143 atque
355 1071 631 1127 destruxit
684 1069 955 1126 culturam
1007 1067 1296 1132 idolorum,
1339 1081 1499 1137 quam
1559 1067 1738 1121 nttllus

142 1175 546 1237 persecuturum
577 1163 787 1234 aperire
815 1161 1006 1233 potuit.
1044 1162 1269 1231 Aperuit
1321 1161 1486 1214 etiam
1532 1160 1736 1216 aditum

141 1263 286 1332 regni
320 1261 562 1316 caelestis
588 1260 700 1313 suis
727 1258 939 1320 electis,
964 1255 1108 1328 quod
1139 1256 1282 1310 nulla
1311 1256 1392 1310 vis
1426 1255 1735 1309 daemonum

138 1356 390 1412 claudere
424 1363 601 1425 potest
626 1371 637 1407 :
663 1354 862 1410 clausit
884 1369 1010 1407 vero
1034 1351 1286 1410 eumdem
1315 1349 1520 1404 aditum
1550 1363 1736 1418 repro-

141 1450 238 1514 bis,
269 1447 416 1519 quod
442 1447 621 1502 nullus
640 1447 720 1501 eis
743 1445 958 1517 aperire
992 1445 1208 1514 poterit.

207 1543 390 1617 (Vers.
439 1542 518 1612 8.)
573 1540 698 1596 Scio
751 1557 906 1613 opera
945 1549 1035 1593 tua
1076 1555 1094 1592 :
1141 1551 1255 1592 ecce
1301 1535 1423 1590 dedi
1467 1552 1642 1589 coram
1693 1545 1740 1588 te

139 1641 324 1696 ostium
358 1649 593 1711 apertum
621 1639 760 1706 quod
791 1653 937 1692 nemo
968 1643 1130 1707 potest
1153 1631 1434 1697 claudere;
1466 1632 1590 1710 quia
1628 1646 1740 1684 mo-

139 1736 304 1788 dicam
325 1733 481 1787 habes
511 1734 769 1798 virtutem,
789 1739 836 1784 et
867 1730 1080 1784 servasti
1103 1726 1312 1780 verbum
1340 1740 1532 1791 meum,
1559 1734 1605 1778 et
1633 1739 1738 1778 non

1838 520 1896 569 ιι,
1915 502 1995 577 9).
2026 505 2212 570 Potest
2241 522 2338 577 per
2368 508 2627 578 templum
2653 508 2893 563 Ecclesia
2917 508 3332 580 designarizper
3353 523 3445 564 co-

1841 603 2050 658 lumnas
2065 613 2266 668 autem,
2282 619 2400 674 qua:
2417 613 2720 659 sustentant
2735 605 3016 674 templum.
3035 586 3443 676 praedicatores.

1841 695 1972 750 Nam
1993 695 2256 752 etPaulus
2276 697 2550 766 apostolus
2572 698 2786 752 Petrum
2805 709 2856 754 et
2878 698 3137 754 Jacobmn
3162 696 3446 752 columnas

1840 787 2100 844 Ecclesia:
2117 796 2292 852 vocat;
2312 804 2377 843 eo
2391 789 2531 860 quod
2549 805 2714 859 super
2732 793 2878 860 ipsos
2897 791 3157 848 :rdilicata
3173 789 3244 845 sit
3255 791 3446 846 Eccle-

1839 884 1942 949 sia,
1966 883 2107 938 sicut
2124 884 2380 938 Dominus
2406 884 2538 938 divit
2572 885 2732 940 Petro
2755 904 2766 939 :
2791 886 2871 940 Tu
2893 904 2946 940 es
2977 887 3188 956 Petrus,
3214 898 3262 944 et
3288 904 3448 960 super

1840 976 1972 1060 hanc
1986 987 2186 1047 petram
2199 976 2470 1044 adiﬁcabo
2491 977 2780 1032 Ecclesium
2791 996 2954 1033 meam
2977 979 3196 1052 (Matth.
3213 980 3445 1053 xw,28).

1842 1068 1950 1125 Sed
1975 1069 2190 1124 videtur
2213 1078 2434 1140 propter
2454 1070 2575 1134 hoc,
2611 1071 2754 1140 quod
2781 1071 3026 1142 sequitur
3047 1071 3145 1128 :Et
3172 1077 3318 1145 foras
3343 1091 3446 1128 non

1839 1165 2133 1234 egredietur
2162 1164 2429 1236 amplius;
2474 1178 2580 1219 non
2630 1164 2696 1219 ad
2731 1174 3056 1235 prmseutem
3110 1167 3441 1233 Ecclesium,

1841 1257 1934 1311 sed
1986 1257 2051 1312 ad
2092 1257 2374 1312 caelestem
2425 1258 2698 1326 pertinere
2753 1257 2890 1311 hanc
2937 1259 3284 1312 sententiam.
3309 1257 3446 1313 Nam

1843 1351 1992 1404 multi
2037 1351 2281 1414 l'nerunt,
2323 1351 2414 1420 qui
2462 1348 2732 1404 eolnmnat
2776 1350 3037 1406 Ecclesim
3068 1351 3392 1406 dicebantur
3426 1371 3438 1404 :

1840 1443 1935 1499 sed
1961 1455 2184 1516 propter
2207 1460 2424 1515 pravam
2457 1444 2767 1500 doctrinam
2817 1460 3005 1500 eorum
3035 1487 3050 1512 ,
3079 1445 3147 1500 ab
3184 1460 3247 1500 ea
3297 1447 3448 1500 exic-

1844 1547 1987 1601 rnnt,
2017 1539 2157 1592 sicut
2185 1537 2287 1592 fuit
2309 1535 2599 1608 Origenes,
2622 1547 2676 1592 et
2707 1537 2795 1590 alii
2826 1536 3008 1592 multi.
3035 1535 3141 1591 Per
3187 1537 3449 1608 templum

1841 1645 1970 1701 ergo
2009 1630 2248 1686 caelestis
2280 1631 2568 1695 habitatio,
2601 1645 2696 1700 per
2746 1630 3054 1684 columnam
3111 1643 3242 1683 \cro
3283 1642 3453 1684 unus-

1843 1727 2075 1798 quisque
2128 1728 2336 1782 elcctus
2388 1735 2567 1798 potest
2611 1725 2905 1796 designari.
2946 1724 3088 1795 Ergo
3136 1725 3225 1792 qui
3259 1723 3454 1778 vicerit

138 1827 330 1899 negasti
353 1843 536 1881 nomen
568 1841 757 1879 meum.
789 1823 1011 1878 Videtur
1041 1821 1171 1876 mihi
1203 1819 1345 1890 quod
1383 1819 1484 1874 iste
1512 1817 1736 1888 angelus
1769 1819 1816 1879 B
1842 1820 2023 1876 omnia
2055 1830 2387 1876 tentamenta
2420 1819 2692 1875 diabolica
2719 1861 2730 1882 ,
2761 1833 3059 1887 omnesque
3085 1815 3330 1872 carnales
3355 1829 3455 1870 vo-

137 1921 396 1977 Ecelesiae
417 1917 808 1988 Philadelphia:
838 1930 942 1970 non
980 1913 1111 1968 satis
1141 1912 1196 1968 in
1227 1911 1426 1967 divinis
1449 1910 1736 1980 scripturis

136 2012 296 2068 fuerit
323 2011 606 2076 eruditus,
640 2019 697 2065 et
745 2009 867 2063 ideo
904 2006 1110 2062 dixerit
1151 2021 1276 2060 eum
1318 2003 1590 2060 modicam
1641 2003 1738 2058 ha-

137 2106 312 2160 buisse
342 2105 600 2158 Virtutem
647 2103 714 2157 ad
766 2100 1126 2158 revincendos
1178 2098 1433 2155 videlicet
1486 2098 1735 2152 inimicos

139 2197 256 2252 lidei
289 2197 556 2254 veritatis.
589 2197 654 2250 Et
685 2203 768 2250 est
803 2210 999 2250 sensus
1032 2193 1203 2260 :Qnia
1252 2194 1304 2246 in
1355 2191 1734 2262 persecutione

134 2303 390 2346 constans
410 2289 584 2354 fuisti,
617 2298 672 2343 et
697 2287 930 2343 servasti
965 2288 1190 2341 verbmn
1223 2300 1404 2341 meum
1430 2325 1446 2350 ,
1478 2283 1532 2338 id
1563 2292 1670 2350 est,
1702 2297 1734 2338 a

136 2383 518 2454 praedicatione
543 2382 696 2438 verbi
722 2382 826 2436 mei
851 2396 957 2436 non
983 2380 1232 2444 cessasti,
1252 2390 1304 2434 et
1328 2394 1526 2436 nomen
1551 2391 1731 2432 meum

135 2496 236 2536 non
255 2479 498 2552 negasti;
526 2478 648 2534 ideo
667 2477 792 2548 quia
821 2475 1090 2530 modicam
1121 2473 1291 2528 habes
1313 2471 1732 2536 virtutem,dedi

134 2588 312 2629 coram
342 2585 394 2628 te
421 2571 619 2628 ostium
651 2578 900 2640 apertum
931 2569 982 2623 in
1005 2566 1203 2623 divinis
1231 2566 1538 2636 scripturis,
1569 2579 1626 2620 υι
1649 2565 1731 2618 in-

135 2666 339 2737 tclligas
387 2664 649 2734 mysteria
707 2661 1014 2716 divinarum
1070 2661 1466 2728 scripturarum
1520 2675 1532 2709 :
1586 2654 1730 2725 quod

135 2775 288 2814 nemo
311 2756 512 2829 poterit
540 2754 816 2818 claudere,
852 2754 904 2808 id
937 2763 1040 2818 est,
1065 2752 1348 2822 sapientia;
1370 2765 1489 2821 qua!
1515 2749 1608 2802 tibi
1639 2749 1732 2804 da-

135 2852 292 2917 bitur,
326 2850 512 2906 uullns
539 2851 744 2920 poterit
771 2848 1028 2903 resistere
1055 2846 1419 2901 inimicorum.

202 2940 386 3012 (Vers.
419 2940 505 3012 9.)
529 2939 665 2996 Ecce
695 2939 830 2994 dabo
861 2938 927 2994 de
953 2954 1219 3010 synagoga
1247 2948 1465 3002 solante,
1515 2938 1603 3007 qui
1648 2936 1732 2990 di-

134 3046 250 3090 cunt
287 3051 340 3089 se
376 3032 598 3089 Judrcos
647 3049 775 3100 esse,
819 3041 867 3086 et
914 3049 1018 3085 non
1056 3041 1198 3097 sunt,
1251 3029 1341 3086 sed
1392 3033 1728 3084 mentiuntur.

137 3128 261 3184 Ecce
303 3129 439 3183 dabo
486 3128 548 3184 de
597 3144 863 3200 synagoga
894 3135 920 3166 ει
951 3137 1147 3181 satana:
1167 3167 1182 3193 ,
1213 3125 1537 3180 subauditur
1567 3139 1731 3195 quos-

1841 1914 2106 1984 luptates,
2141 1914 2394 1968 columna
2434 1912 2487 1968 in
2520 1912 2723 1982 templo
2749 1911 2841 1966 Dei
2867 1909 3102 1966 efﬁcitur
3122 1953 3136 1974 ,
3167 1909 3220 1965 id
3246 1918 3328 1965 est
3356 1950 3369 1974 ,
3396 1909 3451 1964 in

1839 2009 2052 2064 caelesti
2084 2007 2469 2063 beatitudine:
2501 2017 2555 2061 et
2600 2008 2743 2062 sicut
2790 2006 3046 2061 columna
3106 2004 3159 2059 in
3208 2005 3359 2072 loco,
3397 2003 3448 2058 in

1838 2118 1945 2174 quo
1974 2102 2251 2167 statuitur,
2288 2113 2309 2138 ο
2337 2100 2646 2156 firmissima
2674 2098 2976 2156 stabilitate
3000 2106 3342 2178 perseverat,
3377 2097 3455 2152 ita

1837 2210 1892 2254 et
1939 2197 2312 2270 unusquisque
2360 2196 2568 2251 electus
2605 2195 2659 2249 in
2707 2194 2919 2250 caelesti
2967 2191 3301 2260 beatitudine
3343 2201 3451 2246 tam

1838 2289 2206 2345 ﬁrmissimam
2232 2288 2585 2344 stabilitatem
2614 2306 2642 2341 ει
2670 2295 2920 2342 creatore
2943 2301 3043 2341 suo
3065 2285 3445 2354 consequitur,

1837 2395 1894 2441 ut
1935 2400 2228 2456 numquam
2260 2384 2327 2439 ab
2353 2399 2414 2439 ea
2447 2383 2770 2448 divellatur;
2801 2382 3260 2452 quemadmodum
3294 2381 3448 2436 avul-

1835 2491 1930 2532 sus
1960 2486 2045 2533 est
2074 2476 2347 2539 diabolus,
2389 2476 2480 2545 qui
2523 2475 2590 2530 de
2635 2474 2844 2530 cmlesti
2873 2471 3205 2528 beatitudine
3254 2486 3450 2542 supcr-

1835 2571 2032 2626 biendo
2063 2567 2280 2624 cecidit.
2310 2567 2379 2621 Et
2407 2549 2638 2623 scribam
2667 2583 2829 2637 super
2849 2582 2967 2620 eum
2988 2581 3176 2621 nomen
3199 2562 3299 2618 Dei
3323 2553 3449 2618 mei.

1833 2663 2043 2719 Nomen
2101 2663 2203 2717 hoc
2250 2663 2340 2718 Dei
2391 2673 2473 2718 est
2519 2669 2781 2717 aeternum
2819 2677 2832 2714 :
2867 2675 3065 2716 nomen
3123 2674 3255 2730 ergo
3314 2659 3449 2725 Dei,

1835 2757 1974 2827 quod
2037 2764 2121 2810 est
2175 2762 2464 2818 :etcrnnm,
2529 2769 2696 2824 super
2753 2766 3193 2823 unumquemque
3241 2751 3446 2822 justum

1835 2851 2113 2915 scribitur,
2171 2847 2388 2919 quando
2435 2847 2714 2902 aeternitas
2741 2847 2789 2902 ei
2816 2862 2937 2901 cum
2970 2845 3200 2900 Domino
3232 2859 3447 2915 pet-ma-

1835 2943 1996 2998 nendi
2023 2943 2264 3014 largitur.
2286 2943 2351 2996 Et
2374 2958 2558 2997 nomen
2580 2942 2804 2996 civitatis
2825 2939 2925 2995 Dei
2955 2941 3055 2994 mei
3081 2955 3226 2994 novae
3256 2939 3448 2993 Hieru-

1833 3040 2013 3104 salem,
2033 3055 2146 3109 quw
2171 3037 2436 3092 descendit
2467 3037 2530 3090 de
2553 3037 2678 3090 cwlo
2695 3053 2726 3089 a
2745 3033 2856 3090 Deo
2871 3051 3004 3089 meo.
3019 3033 3167 3089 Nova
3187 3032 3448 3089 Hierusa-

1833 3133 1938 3188 lem
1963 3133 2052 3188 illa
2081 3144 2161 3187 est
2185 3131 2447 3199 caelestis,
2481 3146 2602 3202 quae
2625 3145 2733 3183 non
2766 3143 2834 3184 ex
2864 3127 3157 3198 lapidibus,
3191 3127 3330 3182 sicut
3358 3142 3449 3181 ve-

133 3225 275 3290 dam,
307 3222 359 3277 id
383 3232 493 3290 est,
523 3239 588 3278 es
616 3221 835 3284 Judaris,
877 3221 965 3292 qui
1011 3232 1139 3276 sunt
1187 3236 1458 3293 synagoga
1503 3229 1728 3285 satanas,
1759 3224 1804 3287 C
1841 3234 1946 3292 tus,
1976 3224 2069 3280 sed
2113 3240 2177 3279 cx
2209 3222 2414 3278 sanctis
2462 3221 2775 3277 hominibus
2824 3219 3068 3292 quotidie
3123 3218 3445 3274 mdilicatur.

133 3320 217 3386 qui
245 3318 340 3372 tibi
366 3317 828 3381 adversabantur,
861 3325 916 3370 et
955 3331 1182 3385 quorum
1213 3313 1615 3369 infestationem
1647 3327 1735 3366 as-

132 3409 282 3467 sidue
313 3411 618 3476 tales-abas,
649 3419 707 3464 ut
732 3408 956 3464 credant
986 3424 1082 3479 per
1111 3407 1276 3462 verba
1313 3418 1400 3461 tua
1428 3407 1482 3461 in
1515 3421 1620 3460 me.

201 3505 383 3577 (Vers.
416 3504 536 3572 10.)
570 3501 704 3558 Ecce
733 3504 929 3575 faciant
952 3503 1072 3557 illos
1100 3512 1155 3556 ut
1187 3502 1412 3566 veniant,
1446 3511 1493 3562 et
1515 3500 1734 3554 adorent

133 3608 246 3652 ante
265 3597 420 3670 pedes
456 3606 590 3663 tuos,
621 3605 669 3649 et
704 3597 862 3650 scient
891 3596 1011 3666 quia
1051 3594 1212 3648 dilexi
1237 3603 1318 3659 te;
1345 3593 1590 3664 quoniam
1621 3607 1732 3646 ser-

133 3691 252 3744 rasti
270 3690 482 3744 uerbum
509 3690 770 3760 patientiw
799 3705 925 3745 mea:
957 3704 975 3741 :
999 3688 1049 3743 id
1079 3696 1185 3753 cst,
1224 3701 1350 3741 cum
1396 3684 1732 3740 crediderint

135 3799 226 3857 per
245 3785 408 3840 verba
441 3792 531 3839 tua
555 3783 608 3838 in
637 3799 745 3849 me,
771 3782 1077 3838 adorabunt
1105 3792 1230 3836 ante
1263 3780 1428 3852 pedes
1465 3789 1612 3845 tuos,
1635 3777 1732 3831 de-

139 3888 416 3949 precantes
445 3886 502 3932 ut
529 3893 625 3948 per
646 3887 702 3933 te
731 3877 895 3939 vitam
924 3885 1184 3931 aeternam
1215 3879 1637 3942 consequantur.
1659 3867 1729 3924 Et

138 3988 223 4044 ego
262 3981 308 4026 te
351 3971 565 4028 servabo
592 3972 655 4025 ab
688 3971 817 4025 liora
857 3969 1168 4035 tentationis,
1197 3981 1315 4035 ante
1336 3976 1549 4019 uentura
1578 3971 1649 4017 est
1678 3963 1730 4016 in

136 4067 422 4124 universum
445 4068 853 4131 orbem,tenture
882 4079 1059 4118 omnes
1089 4064 1173 4135 qui
1205 4061 1495 4123 inhabitant
1520 4069 1730 4114 terram.

139 4159 272 4214 Hora
305 4158 621 4215 tentationis
650 4155 1001 4227 diemjndicii
1030 4155 1292 4224 signiﬁcat
1329 4170 1342 4206 :
1381 4151 1730 4208 tcutationem

136 4262 311 4308 autem
341 4269 442 4324 pro
470 4251 912 4307 manifestatione
944 4247 1144 4320 posuit,
1171 4247 1198 4286 ι’
1227 4249 1354 4318 quia
1393 4245 1730 4316 singulorum

137 4364 308 4401 causa:
337 4357 467 4400 tunc
503 4344 1008 4398 tnanifestalmntnt'.
1039 4342 1108 4396 Et
1155 4343 1205 4395 itt
1240 4339 1428 4396 Exodo
1459 4338 1687 4409 legimus
1715 4355 1729 4391 :

135 4438 311 4493 Tentat
329 4456 416 4496 vos
440 4434 604 4503 Deus,
624 4447 676 4487 at
707 4436 834 4498 sciat
863 4435 905 4488 si
928 4434 1155 4505 diligatis
1178 4450 1293 4486 eum
1316 4431 1494 4502 (Deut.
1519 4446 1632 4494 xm,
1649 4428 1730 4500 3),

140 4536 187 4590 id
213 4547 329 4604 est,
358 4545 423 4590 ut
463 4533 808 4594 manufestum
849 4533 942 4587 ﬁat
981 4543 1035 4588 et
1080 4538 1341 4601 appareat
1380 4527 1654 4590 omnibus,
1686 4525 1734 4580 si

1841 3321 2180 3375 Hierusalem
2212 3328 2393 3374 autem
2429 3318 2820 3388 interpretatur
2864 3316 3002 3371 visio
3059 3316 3230 3386 pacis,
3258 3314 3310 3369 id
3341 3325 3445 3380 est,

1838 3413 1973 3469 visio
1995 3413 2109 3467 Dei.
2137 3411 2345 3468 Nomen
2371 3426 2501 3482 ergo
2525 3409 2861 3466 Hierusalem
2890 3424 3053 3480 super
3082 3422 3447 3480 unumquem-

1836 3523 1942 3576 que
1972 3507 2202 3561 ciectum
2233 3503 2508 3571 scribitur,
2540 3504 2667 3559 dum
2712 3504 2815 3558 hoc
2855 3501 3144 3572 unicuique
3189 3499 3446 3556 concedi-

1837 3607 1945 3667 tur,
1975 3609 2030 3653 ut
2062 3601 2229 3654 Deum
2263 3601 2381 3654 sine
2414 3599 2520 3654 fine
2543 3599 2728 3654 videre
2758 3609 3054 3653 mereatur.
3090 3595 3266 3652 Aliter
3297 3612 3310 3647 :
3340 3594 3450 3649 Νο-

1838 3708 1960 3747 men
1999 3691 2337 3747 Hierusalcm
2363 3707 2524 3762 super
2553 3706 2996 3761 unumquemque
3041 3689 3276 3745 electum
3311 3688 3446 3742 scri-

1838 3787 2008 3855 bitur,
2037 3803 2103 3841 eo
2138 3787 2280 3858 quod
2329 3789 2443 3856 ipse
2471 3785 2806 3842 Hierusalem
2835 3825 2850 3850 ,
2881 3783 2934 3838 in
2963 3797 3124 3854 quem
3161 3781 3305 3836 Deus
3352 3799 3444 3849 re-

1834 3899 2002 3955 gnare
2054 3882 2329 3953 dignetur,
2388 3881 2442 3935 in
2499 3880 2760 3936 societate
2815 3877 3068 3932 videlicet
3124 3876 3440 3946 angelorum

1835 3979 2186 4048 omniumque
2214 3976 2533 4040 electorum,
2562 3974 2650 4043 qui
2679 3971 3021 4039 Hierusalem
3068 3969 3310 4038 etpleslis
3345 3985 3440 4023 vo-

1834 4086 2045 4130 cantur.
2083 4072 2188 4129 Sed
2219 4072 2438 4137 mirum,
2467 4085 2562 4125 cur
2593 4069 2928 4126 Hierusalem
2948 4067 3014 4128 de
3036 4066 3193 4130 caelis
3211 4065 3440 4130 descen-

1835 4171 1980 4227 disse
2007 4169 2224 4236 dicitur,
2251 4182 2373 4221 cum
2401 4167 2636 4229 sciamus
2663 4165 2868 4220 electos
2900 4177 3090 4218 omnes
3120 4177 3148 4215 a
3183 4160 3339 4216 terris
3371 4162 3438 4216 ad

1835 4263 2003 4319 ctelos
2043 4259 2412 4326 conscendere
2461 4257 2725 4328 quotidie,
2757 4271 2861 4310 non
2909 4255 2976 4312 de
3019 4255 3338 4311 cmlestibus
3368 4253 3439 4309 ad

1837 4368 2052 4426 terrena
2079 4355 2272 4412 relabi.
2307 4353 2411 4410 Sed
2447 4353 2674 4416 Domino
2705 4350 2770 4416 de
2791 4351 2944 4405 caelis
2985 4349 3052 4404 ad
3101 4348 3440 4418 redemptio-

1837 4467 1960 4507 nem
1993 4449 2213 4523 generis
2243 4447 2460 4502 humani
2491 4443 2888 4510 descendente,
2918 4442 3080 4497 simul
3116 4443 3281 4497 etiatn
3311 4457 3441 4494 san-

1839 4548 1911 4602 cti
1938 4543 2370 4609 descenderunt;
2398 4542 2521 4613 quia
2536 4542 2647 4611 jam
2683 4555 2780 4610 per
2806 4537 3303 4608 predestittatiottis
3325 4552 3447 4604 ara.

137 4629 352 4700 diligitis
380 4645 530 4685 cum.
565 4629 874 4685 Secundum
917 4628 1056 4680 hunc
1105 4625 1269 4696 igitur
1323 4638 1544 4678 sensum
1599 4621 1728 4675 hora
1758 4627 1808 4686 ῐ)
1839 4643 1966 4696 [iam
2010 4640 2085 4694 im
2136 4636 2410 4709 conjuncti
2453 4645 2637 4702 erant,
2681 4621 2818 4704 quos
2863 4647 2961 4703 ρει-
3005 4629 3441 4698 ιηίδετίροιιιῃμηι

141 4725 453 4779 tentationis
481 4725 614 4779 hora
643 4719 1097 4777 manil‘estationis
1141 4717 1481 4788 designatur,
1513 4715 1731 4786 quando

137 4816 470 4887 singulorum
518 4815 655 4870 facta
684 4816 936 4872 omnibus
977 4811 1484 4867 manifestabuntur.
1533 4810 1575 4864 Α
1624 4823 1731 4878 qua

141 4912 265 4969 hora
290 4913 609 4970 tentationis
636 4925 736 4966 nos
763 4920 1026 4965 etomnes
1067 4911 1270 4964 electos
1295 4921 1424 4962 suos
1473 4903 1734 4960 Dominus

139 5009 382 5064 salvabit.

205 5104 390 5171 (Vers.
424 5105 540 5174 ll.)
577 5102 710 5157 Ecce
743 5104 892 5157 venio
936 5104 1036 5156 cito
1065 5118 1084 5156 :
1114 5112 1224 5156 tene
1265 5100 1404 5172 quod
1450 5098 1624 5165 babes,
1677 5107 1733 5154 ut

141 5216 281 5255 nemo
320 5201 543 5270 accipiat
575 5183 818 5253 coronam
858 5207 1016 5252 tuam.
1051 5197 1199 5252 Tene
1248 5195 1391 5267 quod
1440 5194 1626 5258 habes,
1681 5192 1734 5248 id

140 5299 237 5357 est,
263 5292 466 5348 bonum
503 5291 646 5362 quod
691 5291 896 5356 habes,
927 5306 1096 5360 usque
1146 5291 1200 5343 in
1243 5277 1402 5342 linem
1454 5288 1579 5341 vita:
1630 5297 1734 5342 tua:

143 5395 284 5440 tcnc.
313 5384 382 5440 Ut
422 5400 570 5438 nemo
597 5384 820 5456 accipiat
847 5398 1090 5437 coronant
1124 5391 1285 5446 tuam,
1317 5380 1367 5434 id
1398 5391 1502 5440 est.
1533 5388 1592 5433 ut
1620 5379 1738 5448 glo-

144 5478 270 5532 riam
299 5493 423 5550 qute
450 5478 545 5534 tibi
574 5477 802 5533 debetur
821 5517 837 5544 ,
864 5476 1041 5531 nullus
1066 5474 1183 5530 sine
1212 5484 1264 5529 te
1293 5472 1586 5543 possideat.

215 5573 391 5642 (Vere.
421 5574 510 5641 η,
545 5574 657 5646 15.)
675 5573 776 5641 Qui
793 5573 968 5627 vicerit
988 5613 1001 5638 ,
1018 5573 1204 5640 faciant
1221 5571 1366 5626 illum
1380 5570 1668 5625 columnam
1682 5571 1736 5626 in

217 5749 242 5777 ⁸
265 5738 437 5808 Edit.,
461 5748 672 5808 satanaa,
699 5739 783 5808 qui
806 5736 897 5792 tibi
917 5737 1325 5802 adversabantur
1348 5752 1366 5790 :
1389 5748 1524 5797 mss.
1541 5744 1746 5800 autem,

156 5821 210 5864 ut
235 5813 287 5865 in
311 5821 588 5868 contextu.

228 5882 255 5934 lt
289 5882 379 5942 Sic
405 5898 593 5940 omnes
611 5897 769 5952 mss.;
799 5882 929 5938 edit.
955 5881 1245 5956 vero,quia
1276 5879 1596 5956 singulorum
1618 5880 1756 5949 facta

1834 4750 1987 4791 suam
2019 4731 2288 4788 redimere
2311 4729 2469 4802 511
2500 4713 2772 4784 veniebat.
2799 4725 2868 4782 Et
2905 4741 3092 4780 nomen
3141 4742 3311 4790 meum
3347 4741 3439 4789 no-

1835 4845 1983 4894 vum;
2009 4826 2259 4882 videlicet
2282 4809 2340 4880 ut
2360 4807 2584 4879 vocetur
2611 4823 2748 4878 ﬁlius
2773 4821 2901 4890 Dei,
2934 4821 3074 4888 sicut
3104 4829 3159 4890 et
3187 4836 3287 4892 ego
3318 4836 3437 4874 sutn

1835 4922 2003 4977 Filius
2032 4919 2148 4975 Dei.

1911 5015 2092 5090 (Vcrs.
2126 5012 2238 5085 li.)
2271 5012 2334 5068 Et
2362 5013 2546 5086 angelo
2591 5010 2866 5066 Laodicea:
2917 5009 3165 5065 Ecclesia:
3215 5006 3377 5063 scribe
3422 5023 3443 5074 ς

1845 5107 1970 5162 Haec
1995 5107 2120 5161 dicit
2147 5123 2165 5161 :
2193 5108 2374 5170 Amen,
2401 5107 2539 5160 testis
2587 5105 2758 5176 ﬁdelis
2783 5113 2832 5158 et
2872 5119 3040 5160 verus.
3076 5101 3247 5165 Amen
3288 5116 3441 5166 verr,

1841 5202 1954 5255 sive
1985 5199 2218 5268 fideliter
2247 5181 2641 5270 interpretatur
2677 5219 2689 5254 :
2720 5197 2863 5272 quod
2892 5205 2973 5263 est
2996 5211 3187 5272 amen,
3219 5195 3319 5249 hoc
3363 5202 3450 5249 est

1839 5295 1991 5349 testis
2032 5295 2208 5350 fidelis
2247 5302 2302 5350 et
2344 5310 2524 5358 verus.
2562 5293 2663 5362 Qui
2712 5278 2785 5346 cst
2824 5290 3136 5362 principium
3191 5299 3442 5350 creaturtc

1838 5387 1956 5443 Dei.
1982 5387 2096 5443 Non
2116 5389 2240 5443 ideo
2263 5403 2324 5443 se
2359 5385 2681 5459 principium
2711 5393 2975 5439 creatura:
3000 5383 3094 5438 Dei
3121 5382 3274 5449 dicit,
3298 5383 3443 5454 quod

1841 5481 1956 5550 ipsc
1979 5480 2048 5535 sit
2071 5490 2312 5548 creatus,
2346 5481 2440 5543 sed
2471 5479 2614 5550 quod
2643 5480 2712 5532 ab
2737 5480 2854 5547 ipso
2886 5477 3069 5531 omnia
3100 5476 3208 5532 sint
3235 5488 3443 5556 creata,

1843 5583 1901 5628 ut
1932 5582 2059 5645 puta
2105 5576 2431 5630 architectus
2475 5570 2602 5628 fecit
2642 5572 2861 5627 domum
2894 5587 2908 5624 :
2942 5572 2986 5626 si
3022 5571 3443 5644 interrogaveris

1849 5735 2086 5790 omnibus
2109 5732 2594 5804 manifestabuntur.
2620 5731 2663 5804 ᾼ
2683 5747 2782 5804 qua
2805 5730 2933 5786 liora
2957 5733 3275 5800 tentationt's,
3302 5745 3407 5800 etc.

1936 5747 2086 5790 mnus
2109 5747 2594 5804 ntanq’estaountur.
2620 5747 2663 5783 Α
2717 5747 2782 5794 ua
2805 5747 2933 5786 nora
2957 5747 3275 5800 tentattonta,
3302 5747 3407 5800 etc.

1930 5817 1952 5846 ε
1992 5804 2513 5880 Voces,_[trmissinta
2543 5747 2825 5880 stabiZ'tate
2850 5818 3020 5880 usque
3043 5807 3108 5861 ad
3134 5817 3235 5866 tam
3264 5805 3455 5880 ﬁrmis-

1858 5879 2041 5940 simam
2065 5876 2411 5946 stabilitatem,
2444 5890 2475 5934 e
2499 5890 2634 5936 mss.
2660 5876 3044 5933 restituuntur.
