3944 6310
188 5962 471 6031 ΓἯ

528 245 629 301 791

1565 235 1656 291 AD
1691 233 1925 291 OPERA
1963 234 2022 289 S.
2070 231 2393 290 AMBROSII
2433 230 2803 288 APPENDIX.
3656 232 3727 286 792

521 362 648 434 quis
674 358 835 415 fuerit
862 357 1183 429 principium
1208 355 1436 422 domus,
1470 352 1682 409 dicetur
1720 352 1815 407 tibi
1850 350 2119 418 :Artifex,
2151 359 2199 420 Α
2228 358 2340 406 tum
2394 351 2518 422 igne
2563 350 2878 405 examinata
2925 360 3050 403 esse
3106 345 3388 409 dicuntur;
3430 344 3538 414 quia
3582 358 3731 401 utentes

522 454 618 524 qui
643 468 762 508 eam
794 451 946 522 prius
972 458 1157 506 mente
1183 447 1463 517 concepit,
1494 455 1547 502 et
1574 455 1760 515 postea
1802 444 2124 512 aediﬁcavit;

522 545 650 615 quia
679 544 873 599 domus
893 541 1111 597 sibimet
1133 540 1234 611 ipsi
1261 538 1581 609 principium
1601 538 1734 594 dare
1752 553 1859 593 non
1884 538 2077 609 potuit.

598 636 782 707 (Vers.
818 633 932 707 15.)
963 633 1087 690 Scio
1115 650 1271 706 opera
1291 643 1401 699 tua,
1438 632 1559 703 quia
1602 648 1762 703 neque
1801 631 2023 703 frigidus
2051 648 2126 697 es,

526 744 690 800 neque
715 727 931 782 calidus.
971 725 1219 797 Frigidus
1248 741 1355 781 non
1378 735 1528 789 erat;
1558 726 1683 795 quia
1702 727 1950 796 quamvis
1965 740 2126 795 opera

529 821 657 876 ﬁdei
681 836 787 875 non
815 818 1064 885 haberet,
1108 819 1223 875 sola
1257 818 1362 874 ﬁde
1392 833 1449 874 se
1486 818 1693 888 justum
1725 816 2077 873 existimabat
2116 834 2129 870 :

526 912 742 969 calidus
791 927 896 968 non
949 920 1096 975 erat;
1142 912 1265 983 quia
1296 911 1535 966 charitas
1567 910 1642 966 illi
1668 910 1877 965 deerat.
1921 908 2134 964 Utinam

529 1006 756 1078 frigidus
783 1022 938 1071 esses,
970 1016 1059 1060 aut
1085 1005 1289 1060 calidus
1322 1021 1340 1059 :
1369 1004 1421 1060 id
1452 1014 1534 1061 est
1554 1046 1567 1071 ,
1601 1002 1809 1059 utinam
1838 1011 1930 1057 aut
1959 1002 2137 1057 chari-

530 1108 643 1155 tate
674 1099 937 1167 fervet-cs;
968 1107 1059 1152 aut
1083 1106 1132 1152 te
1164 1105 1504 1168 peccatorcm
1533 1138 1547 1163 ,
1577 1098 1719 1151 sicut
1754 1109 1812 1149 es
1842 1136 1855 1159 ,
1900 1095 2137 1148 {estima-

529 1206 622 1247 rcs
648 1208 663 1258 ;
698 1201 757 1245 ut
778 1206 875 1262 per
901 1192 1151 1246 timorem
1180 1189 1320 1261 ignis
1360 1188 1551 1246 aeterni
1582 1199 1635 1245 et
1666 1188 2038 1257 paenitentiam
2071 1187 2138 1242 ad

531 1284 674 1340 bona
703 1299 867 1355 Opera
895 1284 1102 1353 agenda
1133 1282 1510 1353 intpellereris.

605 1376 787 1441 (Vers.
822 1376 936 1449 16.)
962 1376 1068 1433 Sed
1095 1377 1219 1448 quia
1248 1376 1453 1447 tepidus
1478 1391 1550 1441 es,
1571 1375 1818 1445 incipiam
1848 1386 1894 1429 te
1913 1391 2143 1430 evomere

530 1488 595 1526 ea:
625 1486 713 1527 ore
740 1486 872 1524 meo.
903 1468 1053 1540 Aqua
1082 1468 1259 1539 tepida
1298 1470 1341 1522 si
1388 1469 1579 1523 hausta
1628 1467 1815 1535 fuerit,
1864 1467 2141 1523 fastidium

533 1575 800 1633 generat;
835 1563 1067 1634 ideoque
1092 1563 1249 1619 facile
1284 1562 1548 1633 rejicitur.
1592 1563 1647 1617 ln
1684 1578 1745 1617 os
1768 1577 1901 1618 vero
1930 1562 2143 1618 Domini

542 1670 671 1711 tunc
718 1655 1073 1726 ingredimur,
1122 1657 1341 1725 quando
1396 1669 1493 1724 per
1549 1653 1872 1725 baptismum
1926 1670 1957 1708 a
2002 1655 2148 1711 vitiis

2230 442 2254 481 ἀ
2278 444 2518 499 ﬁdelium
2546 442 2839 514 aliquando
2857 443 2983 514 igne
3005 439 3362 514 pmttitentim,
3380 438 3630 510 aliquando
3649 440 3733 511 igne

2230 536 2515 594 cltaritntis
2543 538 2612 591 ab
2634 537 2884 592 omnibus
2913 535 3168 591 sordibus
3213 533 3453 587 vitiorum
3481 532 3733 587 examinant.

2232 631 2385 701 Quod
2413 639 2592 687 autem
2625 630 2704 685 ait
2735 628 3057 684 :Probatum
3083 638 3254 693 terra,
3291 626 3343 681 itt
3368 625 3569 681 llebrmo
3591 626 3737 683 habet:

2235 723 2553 795 Separalum
2580 740 2612 777 a
2641 732 2795 777 terra.
2828 721 2981 791 Quod
3013 722 3178 776 etiam
3212 720 3499 787 septuplum
3530 730 3739 789 purgatum

2234 819 2455 885 dicitur,
2476 830 2702 889 propter
2721 826 2931 888 septem
2962 816 3311 887 purgationes
3331 828 3453 883 quas
3470 812 3625 867 divina
3645 812 3741 869 Sen»

2238 923 2396 984 plura
2441 914 2492 967 in
2531 928 2593 967 se
2630 911 2895 976 continet,
2920 920 3130 980 septem
3160 908 3411 964 videlicet
3433 909 3646 974 virtutes,
3668 912 3745 977 qui-

2241 1007 2343 1062 bus
2373 1006 2553 1061 omnia
2576 1006 2704 1060 vitia
2743 1015 3044 1077 purgantur
3074 1022 3087 1057 :
3114 1003 3545 1073 quemadmodum
3570 1003 3679 1073 gula:
3699 1006 3747 1059 ti-

2241 1101 2374 1155 tium
2399 1107 2661 1170 purgatur
2685 1114 2782 1169 per
2811 1097 3222 1163 ab~tinentiam,
3256 1096 3495 1167 superbia
3515 1110 3600 1166 per
3630 1096 3747 1149 Inum-

2240 1193 2471 1259 litatem,
2496 1192 2663 1249 libido
2691 1206 2789 1261 per
2817 1190 3161 1262 pudicitiam;
3196 1187 3400 1254 odium,
3427 1188 3639 1253 avaritia,
3658 1187 3749 1242 inti-

2244 1286 2354 1354 dia,
2379 1296 2436 1343 et
2456 1286 2625 1341 multa
2647 1286 2891 1356 alia,per
2915 1283 3267 1337 cltaritatem.
3293 1279 3537 1335 Similiter
3559 1287 3605 1334 et
3618 1290 3750 1334 cateia

2246 1383 2375 1438 vitia
2401 1381 2604 1437 habent
2631 1380 2815 1435 hostes
2840 1393 2993 1445 suos,
3024 1392 3053 1431 a
3077 1376 3279 1447 quibus
3308 1382 3397 1429 aut
3416 1374 3753 1437 vincuntur,aut

2250 1477 2491 1531 vincunt.
2529 1476 2591 1530 Et
2622 1474 2747 1545 qttia
2779 1472 3037 1543 superius
3069 1470 3333 1525 Dominus
3362 1468 3514 1533 dicit,
3539 1480 3586 1522 ut
3611 1483 3752 1531 aurum,

2251 1570 2301 1626 id
2328 1580 2431 1636 est,
2463 1568 2754 1641 sapientia,
2780 1582 2807 1621 a
2833 1582 2893 1622 se
2914 1575 3159 1628 ematur;
3184 1562 3522 1636 qumrcndum
3545 1562 3673 1616 nobis
3689 1573 3753 1623 est,

2251 1679 2359 1733 quo
2380 1663 2555 1733 pretio
2584 1661 2852 1732 sapientia
2874 1668 3109 1724 ematur,
3134 1673 3258 1713 cum
3284 1656 3384 1713 Job
3404 1655 3567 1711 dicat:
3588 1654 3757 1710 Nuda.

534 1748 793 1805 omnibus
824 1748 1122 1813 emundati,
1152 1747 1394 1803 membra
1435 1748 1553 1818 ejus
1594 1746 1878 1803 efﬁcimur.
1908 1747 2074 1819 lgitttr
2100 1749 2143 1803 si
2175 1755 2222 1814 Β
2252 1757 2385 1811 bitur
2430 1771 2617 1809 aurum
2668 1754 2901 1808 obrizum
2949 1768 3048 1825 pro
3092 1767 3153 1805 ea
3193 1749 3340 1822 (Job.
3371 1763 3549 1811 xxrtu,
3576 1749 3757 1816 {aluta

536 1842 705 1898 ﬁdem
760 1857 881 1912 qua:
933 1856 1029 1912 per
1074 1839 1395 1896 cltaritatem
1447 1851 1727 1912 operatur,
1779 1851 1836 1896 et
1880 1856 2039 1911 quam
2095 1841 2145 1895 in

538 1935 869 2008 baptismate
904 1934 1278 2005 promisimus,
1297 1950 1325 1987 a
1349 1932 1619 1990 charitate
1646 1944 1990 2005 tepescentes
2018 1948 2150 2004 ope-

539 2031 650 2085 rari
682 2028 1104 2100 neglexerimus,
1136 2027 1205 2081 ab
1247 2042 1348 2082 ore
1383 2026 1641 2093 Domini,
1677 2027 1844 2081 veluti
1873 2026 2147 2096 quoddam

540 2119 799 2175 nocivum
829 2133 893 2174 ac
936 2117 1282 2173 fastidiosum
1317 2117 1651 2188 fetidumque
1680 2118 1985 2189 rejiciutur,
2014 2119 2155 2173 sicut

542 2215 662 2286 ipse
692 2213 827 2268 dixit
856 2212 925 2268 de
950 2227 1012 2268 se
1044 2214 1162 2281 ipso
1192 2211 1476 2282 discipulis
1502 2211 1613 2266 suis
1644 2228 1657 2264 :
1686 2210 1799 2283 Ego
1841 2228 1956 2266 sunt
1991 2212 2108 2265 vilis
2133 2254 2149 2278 ,

547 2316 599 2361 et
653 2322 740 2361 vos
786 2306 1058 2376 palmites;
1087 2315 1135 2360 et
1180 2302 1341 2359 Pater
1370 2320 1513 2358 meus
1536 2303 1768 2374 agricola
1809 2315 1905 2358 est.
1939 2304 2152 2358 Omnem

539 2400 812 2471 palmitem
834 2415 937 2454 non
966 2403 1213 2470 ferentem
1238 2406 1263 2433 ε
1284 2397 1338 2450 in
1360 2412 1439 2451 me
1460 2398 1717 2467 fructum,
1750 2396 1991 2467 praecidet
2015 2413 2151 2461 eum;

540 2478 820 2550 etomnem
846 2496 935 2566 qui
974 2498 1073 2566 {ert
1105 2494 1330 2564 fructum
1356 2535 1371 2560 ,
1405 2493 1641 2566 purgabit
1671 2509 1785 2548 eum
1811 2534 1826 2561 ,
1860 2504 1913 2546 ut
1951 2496 2155 2563 [ructus

536 2591 661 2662 plus
688 2588 875 2657 aﬂ'erat
902 2588 1083 2664 (Joan.
1116 2604 1209 2652 xv,
1235 2587 1317 2660 2).

618 2682 799 2755 (Vers.
833 2682 950 2741 l7.)
982 2681 1119 2748 Quia
1154 2681 1283 2737 dicis
1309 2681 1449 2753 quod
1480 2682 1621 2736 dives
1651 2697 1765 2735 sum
1785 2722 1802 2748 ,
1833 2690 1881 2735 et
1922 2681 2155 2752 locuple-

544 2789 706 2847 tatus,
737 2789 785 2834 et
811 2777 1006 2832 nullius
1034 2794 1178 2849 egeo.
1202 2777 1360 2833 Dives
1387 2786 1443 2833 et
1468 2776 1830 2849 locupletatus
1852 2783 2002 2832 recte
2023 2775 2160 2833 dici-

547 2884 641 2927 tur
690 2874 783 2944 qui
812 2871 1067 2927 omnibus
1094 2870 1386 2927 virtutibus
1411 2870 1629 2943 plenus,
1658 2886 1827 2942 usque
1852 2870 1918 2926 ad
1940 2870 2155 2927 culmen

544 2967 576 3006 ιι
605 2965 958 3039 perfectionis
979 2965 1244 3021 excrevit.
1276 2964 1386 3021 Iste
1427 2973 1607 3020 autem
1654 2963 1851 3035 prarsul
1897 2962 2158 3019 Ecclesiae

553 3059 842 3116 Laodicea:
868 3067 1091 3129 pr0pter
1116 3058 1287 3114 solam
1311 3058 1470 3114 ﬁdem
1492 3057 1744 3113 omnibus
1767 3056 2053 3112 virtutibus
2078 3056 2159 3112 di-

2251 1851 2396 1905 aliud
2429 1849 2583 1921 quid,
2615 1847 2761 1920 quod
2796 1847 2937 1903 inter
2977 1846 3229 1900 homines
3270 1841 3547 1913 pretiosius
3588 1840 3757 1894 habetur.

2252 1942 2357 1999 Sed
2384 1956 2493 2013 quo
2520 1940 2691 2011 pretio
2713 1948 2957 2005 ematur,
3002 1938 3121 2007 ipse
3170 1936 3360 1991 beatus
3388 1933 3482 1989 Job
3513 1932 3759 1991 manifestat.

2252 2053 2377 2093 cum
2410 2035 2543 2091 dicit
2572 2052 2585 2089 :
2616 2032 2796 2089 Timor
2825 2032 3031 2087 Domini
3071 2032 3188 2101 ipsa
3230 2039 3305 2083 est
3334 2028 3601 2096 sapientia,
3624 2036 3661 2080 et
3678 2042 3760 2079 me-

2254 2132 2373 2187 dere
2395 2147 2427 2184 a
2453 2128 2596 2183 malo
2618 2126 2960 2199 intelligentia
2988 2124 3005 2197 (
3029 2122 3201 2188 Ibid.,
3226 2122 3345 2192 28).
3386 2119 3497 2176 Non
3537 2117 3656 2189 quod
3689 2118 3759 2177 ille,

2253 2224 2344 2296 qui
2395 2223 2579 2288 timet,
2612 2222 2887 2292 perlectus
2916 2220 2988 2274 sit
3018 2219 3072 2273 in
3102 2216 3370 2287 sapientia
3392 2256 3406 2282 ,
3428 2228 3543 2270 cum
3568 2211 3761 2282 apostolus

2256 2317 2400 2373 dicat
2431 2335 2443 2371 :
2490 2316 2594 2384 Qui
2623 2324 2796 2370 autem
2825 2314 2988 2377 timet,
3019 2328 3124 2366 non
3144 2319 3220 2366 est
3250 2312 3498 2381 perfectus
3521 2307 3569 2359 in
3593 2304 3762 2358 charitate

2256 2409 2302 2481 (Ι
2324 2409 2484 2465 Joan.
2519 2425 2593 2473 tv,
2625 2408 2714 2478 18)
2746 2426 2759 2461 :
2787 2405 2885 2463 sed
2917 2404 3062 2477 quod
3093 2402 3415 2475 sapientiam
3441 2400 3544 2469 jam
3569 2397 3762 2469 possidete

2265 2504 2481 2573 incipit,
2508 2502 2604 2574 qui
2635 2518 2730 2573 pro
2780 2516 2845 2557 ea
2894 2500 3124 2572 pretium
3170 2497 3305 2553 dare
3357 2494 3576 2551 inchoat.
3602 2492 3761 2548 Pretium

2258 2608 2439 2653 autem
2466 2597 2584 2668 ejus
2605 2606 2689 2652 est
2709 2597 2872 2651 timor
2893 2594 3132 2657 Domini,
3159 2587 3553 2647 abrenuntiatio
3566 2588 3757 2645 vitiorum.

2262 2691 2607 2763 ptenitentia,
2662 2690 2938 2762 lacrymte,
2994 2702 3158 2758 opera
3213 2678 3763 2739 misericordim.Etidw

2263 2803 2370 2844 non
2400 2784 2865 2843 inconvenientcr
2890 2782 3137 2854 sequitur
3173 2797 3186 2834 :
3219 2777 3289 2835 Ut
3328 2777 3548 2846 locuples
3570 2774 3662 2845 ﬁas.
3681 2772 3763 2839 Quit

2261 2883 2379 2938 sine
2406 2881 2512 2937 hoc
2561 2879 2741 2952 pretio
2782 2877 2851 2933 ad
2900 2874 3383 2946 locupletationem
3411 2871 3654 2934 virtutum,
3675 2866 3762 2937 quod

2260 2985 2343 3030 est
2374 2974 2665 3043 sapientia,
2693 2986 2851 3027 nemo
2881 2968 3171 3041 pervenire
3211 2975 3415 3037 potest.
3454 2963 3513 3019 Et
3548 2958 3763 3018 uestimentis

2262 3068 2392 3123 albis
2412 3067 2670 3121 induaris.
2694 3064 3038 3121 Vestimenta
3082 3061 3205 3116 alba
3232 3069 3362 3115 sunt
3404 3071 3555 3127 opera
3587 3050 3763 3110 bona.£t

543 3154 714 3208 vitem
742 3167 803 3208 se
828 3161 883 3207 et
913 3151 1239 3223 locupletem
1269 3151 1594 3216 aestimabat,
1625 3158 1682 3207 et
1707 3151 1840 3206 nihil
1879 3165 1940 3207 se
1974 3149 2042 3206 ad
2070 3165 2145 3207 sa-

2260 3181 2363 3219 non
2393 3170 2642 3233 appareat
2665 3159 2904 3229 confusio
2932 3157 3186 3212 uuditatis
3214 3164 3337 3209 tum.
3367 3151 3607 3209 Confusio
3627 3144 3761 3203 nudita-

548 3244 723 3298 lutem
748 3252 1007 3298 mternam
1034 3241 1419 3311 acquirendam
1448 3240 1592 3297 aliud
1619 3256 1782 3313 egere
1806 3282 1818 3305 ,
1848 3257 1955 3297 non
1994 3255 2155 3297 reco-

548 3338 733 3410 gitans
766 3336 902 3393 illud
922 3335 1065 3408 quod
1086 3335 1219 3391 dicit
1245 3335 1565 3407 apostolus:
1592 3335 1717 3406 quia
1747 3336 1877 3404 fides
1904 3336 2016 3389 sine
2037 3351 2158 3406 ορε-

550 3431 695 3486 ribus
727 3432 893 3487 otiosa
921 3440 997 3486 est
1028 3428 1214 3503 (Iacob
1243 3446 1305 3495 ll,
1338 3428 1457 3501 26).

624 3523 695 3579 Et
721 3525 885 3580 nescis
905 3525 1029 3595 quia
1067 3533 1122 3579 tu
1146 3540 1197 3579 es
1225 3523 1382 3578 miser
1408 3533 1458 3579 et
1491 3523 1829 3588 miserabilis,
1859 3532 1907 3577 et
1935 3538 2155 3595 pauper,

547 3629 597 3675 et
626 3634 816 3685 caecus,
848 3628 895 3673 et
928 3620 1115 3673 nudus.
1144 3617 1400 3673 Miserum
1438 3632 1562 3672 eum
1604 3615 1859 3683 dicimus,
1903 3615 1997 3688 qtti
2033 3630 2155 3670 cum

549 3720 871 3784 paupertate
902 3721 958 3769 et
1002 3711 1247 3767 nuditate
1281 3711 1446 3767 etiam
1477 3709 1653 3780 aliqua
1681 3709 1997 3764 inﬁrmitate
2030 3723 2154 3779 pre-

547 3802 736 3859 mitur.
762 3803 1030 3860 Similiter
1057 3813 1113 3860 et
1138 3804 1241 3860 iste
1270 3803 1437 3859 miser
1463 3813 1519 3858 et
1546 3802 1877 3857 miserabilis
1916 3801 2039 3858 ideo
2067 3802 2155 3857 di-

544 3897 714 3965 citur,
742 3898 887 3970 quod
930 3912 1135 3968 pauper
1160 3906 1279 3953 erat
1320 3896 1637 3964 virtutibus,
1674 3906 1694 3934 ι
1727 3904 1909 3951 mente
1951 3910 2152 3963 caecus,

546 3992 806 4063 operibus
834 3992 993 4047 bonis
1020 3992 1220 4047 nudus.

629 4084 813 4158 (Vers.
846 4084 960 4155 l8.)
990 4083 1200 4140 Suadeo
1229 4084 1317 4138 tibi
1367 4100 1536 4139 emere
1564 4103 1596 4140 a
1618 4102 1701 4139 me
1742 4103 1929 4141 aurum
1968 4086 2155 4155 proba-

546 4187 680 4242 tum,
709 4177 949 4248 ignitum.
976 4176 1079 4232 Per
1106 4192 1299 4231 aurum
1329 4178 1594 4249 sapientia
1640 4179 1984 4250 intelligitur,
2015 4180 2156 4236 sicut

546 4272 813 4341 scriptum
844 4278 928 4326 est
951 4287 965 4324 :
994 4270 1291 4326 Thesaurus
1314 4271 1676 4327 desiderabilis
1696 4273 1967 4341 requiescit
1993 4274 2046 4329 in
2067 4290 2155 4329 ore

547 4364 803 4435 sapientis
850 4362 1035 4435 (Prov.
1084 4380 1194 4429 χχι,
1238 4362 1356 4435 20).
1405 4364 1558 4432 Quod
1599 4365 1885 4435 probatum
1930 4366 2149 4436 dicitur,

546 4458 672 4528 quia
697 4457 955 4528 probatos
985 4467 1040 4513 et
1061 4456 1336 4528 perfectos
1367 4458 1547 4514 reddit
1568 4473 1785 4524 omnes,
1810 4475 1947 4529 quos
1978 4464 2154 4532 possi-

2262 3258 2330 3312 tis
2352 3255 2439 3311 illa
2468 3264 2576 3319 est,
2606 3252 2676 3308 de
2696 3267 2799 3323 qua
2828 3250 2964 3306 dicit
2990 3248 3280 3305 Psalmista
3308 3265 3322 3301 :
3354 3244 3486 3300 Ecce
3515 3243 3627 3298 enim
3649 3241 3687 3293 in
3704 3239 3763 3292 iui-

2258 3350 2535 3423 quitatibus
2561 3356 2839 3417 conceptus
2868 3363 3003 3411 sum,
3025 3354 3072 3399 et
3100 3344 3156 3398 in
3185 3342 3409 3409 peccatis
3432 3342 3603 3411 peperit
3623 3351 3681 3389 nte
3698 3349 3763 3385 ns-

2260 3453 2334 3499 ter
2366 3458 2478 3497 mea
2508 3440 2685 3514 (Psal.
2718 3455 2771 3503 1.,
2801 3438 2881 3511 7).
2912 3437 3061 3492 Hanc
3092 3444 3276 3491 autem
3314 3431 3652 3489 confusionem
3668 3424 3763 3481 nudi-

2261 3536 2386 3592 tatis
2409 3533 2570 3590 bonis
2592 3531 2847 3603 operibus
2883 3528 3099 3600 operire
3129 3526 3427 3590 debemus;
3460 3537 3569 3579 nam
3603 3516 3763 3591 quamvis

2261 3630 2362 3686 iste
2383 3629 2672 3699 episcopus
2704 3624 2864 3681 fidem
2897 3622 3164 3688 haberet,
3206 3619 3387 3676 nudus
3420 3627 3581 3673 tamen
3608 3612 3761 3669 dicitur;

2261 3741 2327 3783 eo
2355 3724 2499 3797 quod
2531 3723 2602 3779 ab
2622 3720 2884 3792 operibus
2910 3718 3035 3773 ﬁdei
3060 3725 3307 3772 vacaret.
3332 3714 3402 3769 Et
3432 3711 3624 3782 collyrio
3646 3708 3763 3775 lttttiigt

2260 3818 2437 3873 oculos
2465 3826 2598 3879 tuos,
2632 3822 2689 3868 ut
2712 3812 2911 3868 videas.
2940 3810 3046 3865 Per
3068 3807 3383 3880 collyrium,
3408 3804 3542 3876 quod
3565 3797 3760 3868 caliginem

2260 3909 2329 3963 ab
2356 3908 2528 3964 oculis
2581 3905 2837 3977 detergit,
2886 3904 3268 3976 lacrymasque
3308 3897 3513 3961 educit,
3542 3887 3761 3966 paenitentia

2259 4013 2424 4075 atque
2468 4001 2819 4072 compunctio
2865 3998 3052 4055 cordis
3094 4004 3276 4068 pctest
3307 3993 3562 4064 intelligi;
3597 3990 3682 4060 ipsa
3716 3994 3761 4036 est

2261 4074 2494 4169 namque
2523 4110 2646 4167 quae
2689 4092 2758 4149 ab
2788 4092 2968 4148 oculis
3016 4090 3217 4147 mentis
3260 4087 3546 4159 caliginem
3588 4074 3762 4136 excitatis

2257 4191 2515 4263 detergit,
2538 4198 2701 4260 atque
2722 4185 2788 4242 ad
2818 4184 3107 4241 videndum
3142 4197 3263 4254 quae
3288 4171 3759 4247 sitretributiojnslo-

2257 4302 2376 4343 rum
2407 4294 2464 4341 et
2485 4298 2646 4354 poena
2672 4289 3015 4351 peccatorum
3044 4278 3213 4333 acuit.

2329 4376 2509 4438 (Vers.
2544 4374 2658 4444 19.)
2696 4371 2807 4445 Ego
2835 4388 2965 4443 quos
3002 4385 3119 4424 amo
3146 4409 3161 4435 ,
3190 4384 3356 4441 arguo
3396 4376 3444 4421 et
3472 4364 3648 4434 castigo.
3670 4356 3759 4412 Sic“!

2256 4469 2388 4525 dicit
2425 4468 2740 4537 Scriptura:
2772 4464 2937 4531 Quem
2984 4464 3123 4518 enim
3171 4462 3363 4534 diligit,
3412 4456 3635 4513 Dominus
3662 4451 3761 4505 corri-

545 4552 662 4608 det.
691 4552 922 4624 Ignitum
952 4567 1086 4609 vero
1108 4552 1231 4609 ideo
1251 4552 1469 4621 dicitur,
1494 4554 1618 4626 quia
1640 4569 1828 4611 eorum
1853 4565 2064 4613 mentes
2096 4557 2150 4612 in
2181 4567 2233 4627 Ι)
2259 4564 2334 4632 pit
2360 4578 2379 4617 :
2407 4558 2642 4632 ﬂagellat
2660 4569 2833 4613 autem
2860 4571 3063 4611 omnem
3082 4554 3278 4625 ﬁlium,
3295 4569 3448 4621 quem
3475 4541 3758 4619 κάρπωσιν.

546 4645 747 4719 quibus
770 4646 1009 4714 habitat,
1045 4646 1100 4703 in
1127 4661 1372 4703 amorem
1396 4647 1492 4705 Dei
1514 4657 1678 4719 atque
1700 4649 1935 4719 proximi
1957 4664 2152 4705 accen-

542 4741 646 4799 dit.
674 4742 742 4798 Et
769 4741 893 4813 quia
933 4756 1067 4799 vera
1094 4741 1359 4813 sapientia
1388 4758 1455 4798 ex
1488 4742 1686 4798 divinis
1731 4744 2020 4815 scripturis
2063 4759 2151 4800 ac-

542 4833 767 4901 crescit,
808 4834 1093 4890 Psalmista
1139 4833 1485 4899 manifestat,
1537 4850 1660 4890 cum
1713 4836 1843 4890 dicit
1876 4854 1890 4892 :
1926 4836 2151 4905 Eloquia

540 4930 757 4986 Domini
783 4930 989 4998 eloquia
1017 4938 1181 4997 casta,
1209 4938 1473 4999 argentum
1501 4930 1618 5000 igne
1643 4932 2015 4998 examinatum,
2030 4947 2150 4998 pro-

540 5024 717 5080 butum
746 5036 917 5091 terrea,
950 5033 1230 5096 purgatum
1257 5023 1555 5096 septuplum
1585 5022 1767 5096 (Psal.
1803 5040 1878 5089 χι,
1904 5023 1989 5096 7).
2024 5024 2146 5080 liloo

538 5119 666 5188 quia
698 5116 914 5173 Domini
938 5115 1153 5187 eloquia
1183 5125 1331 5170 casta
1362 5124 1524 5180 sunt;
1558 5116 1685 5186 quia
1710 5131 1891 5172 castas
1935 5127 2145 5173 mentes

537 5224 570 5264 a
614 5208 759 5265 vitiis
805 5209 1060 5265 reddunt.
1089 5207 1199 5265 Sed
1234 5222 1356 5264 cum
1388 5206 1524 5262 nihil
1557 5210 1777 5278 purgari
1809 5210 2009 5281 possit,
2040 5210 2143 5264 nisi

534 5304 681 5375 quod
705 5304 983 5360 sordidum
1009 5315 1092 5360 est
1119 5345 1133 5369 ,
1156 5302 1513 5374 quaerendum
1553 5302 1711 5358 nobis
1740 5311 1846 5370 est,
1870 5306 2145 5374 quomodo

536 5395 749 5465 eloquia
772 5396 985 5451 Domini
1017 5398 1234 5467 purgari
1263 5395 1535 5463 dicantur,
1564 5397 1621 5451 in
1643 5395 1847 5467 quibus
1870 5397 2005 5451 nihil
2026 5410 2147 5452 sor-

538 5485 725 5542 didum
749 5503 870 5544 esse
890 5499 1088 5559 potest.
1123 5490 1353 5562 Eloquia
1378 5504 1511 5562 ergo
1538 5489 1753 5548 Domini
1774 5490 1916 5546 sicut
1945 5505 2139 5563 argen-

612 5657 639 5687 ι
681 5649 822 5705 Edit.
856 5652 910 5705 in
936 5668 1015 5707 me
1058 5654 1282 5727 fructum
1312 5656 1553 5727 purgabit
1600 5672 1717 5712 eum
1738 5698 1753 5722 ,
1786 5655 1882 5712 sed
1913 5655 2122 5711 hiatum

538 5720 684 5795 hunc
710 5736 841 5795 mss.
863 5720 1065 5795 omnes
1082 5720 1490 5795 suppleverunt.

606 5789 633 5829 ι’
647 5792 830 5848 Codex
852 5792 1006 5848 Gem.
1026 5789 1392 5859 persecutionis
1409 5799 1648 5855 excreuit.
1672 5798 1787 5856 Nan
1809 5798 1937 5856 satis
1956 5790 2116 5856 recte.

2260 4670 2360 4718 xu,
2394 4654 2488 4727 6).

2324 4724 2504 4819 (Vers.
2527 4745 2645 4818 20.)
2680 4744 2962 4799 .Emulare
3005 4756 3129 4815 ergo
3150 4781 3167 4806 ,
3204 4749 3252 4795 et
3274 4738 3603 4813 paenitentiam
3618 4748 3686 4805 age
3706 4724 3759 4781 :id

2254 4853 2360 4911 est,
2393 4843 2652 4899 tumulare
2676 4842 2851 4897 bonos
2871 4881 2885 4906 ,
2914 4849 2968 4892 et
2993 4836 3372 4908 paenitentiam
3404 4849 3526 4905 age;
3554 4845 3611 4887 eo
3630 4821 3758 4898 quod:

2255 4935 2415 4991 bonis
2453 4934 2713 5004 operibus
2742 4946 2917 5002 usque
2966 4929 3130 4985 modo
3163 4928 3456 4999 torpueris.
3482 4925 3599 4980 Ecce
3637 4930 3693 4975 sta
3722 4914 3757 4965 δέ

2254 5030 2469 5096 ostium,
2495 5038 2539 5082 et
2570 5028 2720 5097 pulso
2746 5042 2765 5081 .·
2787 5025 2830 5081 si
2860 5025 2977 5097 quis
3008 5022 3234 5077 audierit
3261 5037 3435 5077 vocem
3458 5032 3618 5082 meam,
3635 5020 3673 5067 et
3688 5022 3759 5076 αρί-

2254 5122 2417 5176 ruerit
2432 5123 2684 5193 januam,
2712 5117 2918 5173 intrabo
2939 5116 3008 5170 ad
3034 5117 3206 5182 illum,
3231 5124 3279 5169 et
3301 5113 3507 5169 cceuabo
3528 5125 3622 5166 cum
3643 5104 3757 5165 illud

2254 5216 2367 5286 ipse
2418 5229 2639 5268 mecum.
2688 5213 2875 5269 Pulsat
2916 5210 3179 5265 Dominus
3222 5208 3290 5262 ad
3340 5209 3531 5263 ostium
3573 5207 3754 5257 nostrum.

2255 5320 2377 5362 cum
2402 5323 2499 5378 per
2522 5306 2847 5376 scripturam
2888 5302 3125 5359 divinam
3168 5298 3415 5372 quotidie
3458 5312 3547 5353 nos
3567 5292 3755 5349 admonet.

2258 5409 2316 5454 ut
2345 5400 2473 5455 vitia
2499 5398 2895 5469 relinquentes,
2924 5395 2992 5452 ad
3013 5395 3155 5452 bona
3187 5408 3357 5464 opera
3391 5388 3579 5463 agenda
3606 5390 3756 5440 cantet-

2248 5502 2445 5548 tamur.
2472 5491 2675 5549 Vocem
2717 5491 2836 5561 ejus
2867 5489 3121 5545 audimus
3143 5528 3159 5555 ,
3189 5494 3248 5543 et
3281 5486 3496 5558 ianuam
3541 5476 3750 5551 aperimus:

2309 5669 2331 5697 ε
2370 5656 2797 5713 Desiderabatur
2822 5656 2877 5712 in
2901 5655 3036 5712 edit.
3058 5664 3231 5711 mente
3263 5669 3453 5709 cacus.
3730 5706 3736 5716 ,

2305 5726 2331 5766 ά
2372 5728 2514 5784 Edit.
2542 5726 2809 5783 Fidelium
2834 5727 3119 5797 aliquando
3143 5727 3263 5799 igne
3298 5722 3555 5799 charitatis
3579 5718 3627 5799 ait
3645 5722 3751 5799 Q’Fff'

2233 5800 2325 5859 bus
2349 5801 2587 5858 sordibus
2615 5786 2948 5857 examinant}
2976 5814 3107 5855 mss.
3128 5786 3266 5853 varo
3296 5797 3563 5853 nobiscum
3593 5786 3745 5842 iaciunt.
