3944 6310
93 297 194 356 795

805 291 871 348 ΓΝ
911 287 1393 348 APOCALYPSIN
1436 284 1824 344 EXPOSI‘I‘IO.
1870 285 1961 342 DE
2008 282 2284 340 VISJONE
2324 280 2667 340 SECUNDA.

3275 281 3381 340 ’194

92 427 210 470 cum
239 409 486 468 mandata
519 409 678 482 512
709 407 825 480 ejus
851 417 962 462 tota
1006 405 1202 463 mentis
1226 405 1528 461 intentione
1554 419 1674 460 sus-
1702 412 1754 474 Α
1782 404 1982 459 dicens.
2007 400 2214 458 Vocem
2243 399 2474 472 primam
2505 409 2663 457 vetus
2688 398 3101 456 Testamentum
3134 399 3386 472 accipere

89 505 339 575 cipimus.
373 514 398 540 ιι
421 502 498 558 Ad
532 517 629 557 nos
667 517 798 557 vero
825 501 939 574 ipse
969 501 1130 556 intrat
1157 542 1170 566 ,
1199 515 1321 556 cum
1348 499 1670 555 cltaritatem

92 617 239 658 suam
265 601 318 655 in
343 598 593 654 cordibus
617 598 819 653 nostris
843 597 1068 667 plantat.
1091 595 1286 652 Cmnat
1321 608 1452 650 vero
1494 594 1678 649 nobis-

89 710 229 759 cum,
264 709 386 749 cum
427 691 495 748 de
541 692 742 747 nostris
774 690 1109 763 profectibus
1149 689 1680 762 gaudet.Cmnamus

91 802 187 843 nos
224 802 346 844 cum
389 785 502 854 illo,
541 800 664 840 cum
716 783 784 841 de
832 799 929 857 spe
977 783 1218 841 ctelesus
1260 783 1453 854 gloria:
1501 781 1680 837 exsul-

95 890 288 938 tatttus.

158 975 338 1048 (Vers.
365 971 479 1046 21.)
524 973 628 1040 Qui
675 974 875 1040 uicerit,
905 973 1040 1029 dabo
1077 975 1124 1028 ei
1167 982 1470 1044 potestatem
1505 971 1683 1027 sedere

91 1084 282 1124 mecum
325 1069 377 1123 in
421 1069 610 1123 throno
636 1084 783 1134 meo;
813 1068 945 1122 sicut
973 1077 1020 1123 et
1047 1084 1139 1140 ego
1167 1067 1289 1131 uici,
1317 1076 1367 1122 et
1406 1066 1518 1121 sedi
1567 1081 1682 1119 cum

94 1160 245 1216 Patre
274 1176 382 1216 meo
419 1161 472 1214 in
521 1161 708 1216 throno
756 1161 892 1233 ejus.
917 1158 1059 1216 Vicit
1085 1157 1334 1216 Christus
1384 1157 1678 1225 diabolum,

91 1253 374 1308 vincuntet
392 1253 562 1308 sancti
585 1252 704 1323 ejus
726 1251 851 1308 :sed
875 1251 1131 1307 Christus
1156 1267 1254 1322 per
1281 1250 1634 1321 semetipsum
1660 1289 1678 1316 ,

91 1346 252 1402 sancti
285 1361 411 1402 vero
434 1346 556 1414 ejus
583 1361 689 1402 non
745 1361 840 1417 per
861 1346 1206 1416 semetipsos,
1237 1345 1329 1401 sed
1363 1361 1455 1415 per
1479 1345 1677 1416 ipsum.

91 1439 238 1496 Dedit
269 1439 427 1495 Pater
457 1439 598 1495 Filio
649 1448 972 1510 potestatem
1005 1438 1302 1495 secundum
1330 1438 1474 1509 quod
1518 1438 1680 1493 homo

86 1541 202 1596 est;
230 1540 288 1586 ut
316 1530 502 1586 sedeat
529 1530 584 1586 in
628 1531 826 1586 throno
857 1531 975 1602 ejus
1007 1548 1022 1585 :
1051 1530 1199 1587 dedit
1232 1541 1285 1587 et
1315 1530 1489 1586 Filius
1532 1539 1681 1600 pote—

89 1632 275 1679 statem
306 1623 510 1679 sanctis
556 1623 690 1691 suis,
743 1634 802 1679 ιιι
839 1623 1064 1680 sedeant
1112 1633 1168 1678 et
1220 1623 1320 1694 ipsi
1383 1625 1434 1678 in
1483 1621 1681 1678 throno

87 1717 218 1788 ejus.
251 1717 359 1774 Sed
388 1715 641 1774 Christus
691 1718 758 1774 ad
803 1719 1086 1776 dexteram
1115 1719 1290 1774 Patris
1319 1718 1506 1784 sedet,
1540 1717 1682 1773 sicut

1780 512 2116 572 possumus:
2159 495 2256 552 sed
2295 494 2490 551 melius
2529 493 2666 550 mihi
2704 492 2940 557 videtur,
2974 501 3032 550 ut
3067 509 3166 565 per
3195 507 3384 549 vocem

1782 594 2014 664 primam
2068 591 2338 649 Joannem
2387 589 2687 662 Baptistam
2730 589 3116 662 intelligamus,
3162 587 3234 646 de
3274 602 3385 661 quo

1781 687 2046 758 scriptum
2085 695 2210 742 est:
2246 684 2314 740 Et
2353 694 2430 752 tu,
2470 701 2619 750 puer,
2654 683 2906 756 propheta
2947 683 3206 739 Altissinti
3236 699 3390 738 voca-

1781 780 1951 847 beris;
1973 780 2180 854 prteibis
2205 781 2342 835 enim
2368 790 2488 834 ante
2517 779 2797 835 Dominum
2822 795 3011 852 parare
3033 779 3145 834 uias
3174 783 3291 852 ejus
3317 783 3390 834 ad

1781 873 2008 927 dandam
2060 873 2331 927 scientiam
2372 871 2556 926 salutis
2598 870 2735 942 plebi
2779 871 2892 942 ejus
2935 872 2992 924 in
3032 871 3386 926 remissionem

1780 973 2112 1038 peccatorum
2143 979 2322 1019 eorum
2351 961 2506 1036 (Luc.
2543 979 2582 1030 ι,
2613 961 2728 1034 76).
2758 962 2864 1018 Sed
2910 971 2965 1018 et
3000 962 3118 1034 ipse
3143 961 3386 1018 Joannes

1783 1073 1842 1114 se
1863 1072 2056 1114 vocem
2083 1065 2261 1123 vocat,
2287 1056 2508 1112 dicens:
2534 1054 2650 1128 Ego
2669 1071 2770 1110 una:
2789 1055 3059 1110 clamantis
3081 1056 3134 1109 in
3156 1055 3386 1122 deserto,

1782 1154 1989 1226 dirigite
2042 1153 2178 1207 uiam
2226 1150 2472 1217 Domini,
2530 1150 2666 1205 sicut
2709 1150 2845 1205 dixit
2896 1148 3085 1205 Esaias
3133 1148 3384 1222 propheta

1782 1248 1961 1322 (Joan.
1994 1265 2034 1317 ι,
2060 1249 2154 1314 ‘25,
2181 1266 2245 1305 ea:
2271 1248 2400 1304 Esa.
2433 1265 2527 1315 ιιι..
2557 1247 2636 1321 ‘5).
2670 1248 2735 1304 Et
2764 1248 2891 1322 quia
2921 1249 3241 1321 praedicatio
3267 1250 3388 1322 ejus

1781 1346 2207 1417 circumquaque
2265 1344 2600 1412 percrebuit,
2656 1358 2759 1398 vox
2817 1342 3221 1414 prtedicationis
3269 1342 3390 1414 ejus

1783 1441 1925 1497 tubae
1962 1439 2160 1496 similis
2194 1439 2412 1494 dicitur.
2443 1437 2548 1494 Sed
2581 1437 2711 1509 quid
2738 1453 2839 1492 vox
2869 1436 2971 1493 ista
3000 1436 3168 1501 dicat,
3195 1436 3384 1492 audia-

1782 1549 1903 1590 mus
1935 1549 1948 1588 :
1984 1545 2005 1572 ε
2045 1532 2278 1587 Ascendc
2318 1532 2438 1599 hnc,
2481 1541 2527 1586 et
2578 1530 2846 1586 ostendam
2892 1530 2983 1584 tibi
3030 1545 3146 1600 qua:
3185 1540 3388 1598 oportet

1782 1627 1894 1698 fieri
1923 1625 2186 1700 posthazc;
2223 1625 2274 1680 id
2301 1634 2409 1692 est,
2442 1632 2657 1680 terrena
2697 1623 2914 1688 desere,
2945 1633 3001 1678 et
3037 1623 3103 1678 ad
3142 1623 3385 1680 cmlestia

1781 1721 2020 1774 animum
2045 1717 2215 1790 erige.
2243 1717 2449 1773 Aliter:
2471 1715 2711 1772 Joannes
2731 1713 3071 1787 evangelista
3095 1729 3386 1785 personam

86 1808 209 1866 dicit
233 1809 514 1866 Psalmista
538 1830 552 1864 :
586 1808 732 1866 Dixit
756 1810 1012 1866 Dominus
1039 1811 1268 1866 Domino
1313 1827 1424 1865 meo
1446 1851 1462 1879 ,
1489 1811 1607 1865 sede
1649 1829 1680 1865 a
1710 1822 1758 1882 Β
1783 1829 1973 1870 eorum
2001 1814 2052 1868 in
2081 1813 2185 1868 hoc
2217 1813 2339 1867 loco
2369 1811 2531 1881 gerit,
2559 1810 2650 1882 qui
2678 1825 2776 1882 per
2799 1809 3065 1866 Joannem
3089 1808 3385 1880 Baptistam

87 1902 270 1957 dextris
295 1904 418 1958 meis
441 1903 460 1976 (
487 1902 637 1958 Psal.
661 1920 747 1960 etx
776 1948 791 1971 ,
826 1906 849 1960 1
880 1906 897 1973 )
924 1923 938 1972 ;
968 1906 1094 1977 quia
1123 1906 1347 1977 :rqualis
1373 1917 1454 1962 est
1483 1905 1630 1960 Patri
1661 1924 1675 1960 :

87 1997 250 2050 sancti
271 2007 452 2052 autem
483 2012 588 2051 non
616 1996 684 2052 ad
715 1997 995 2054 desieram
1027 1997 1147 2054 Filii
1175 1998 1372 2054 sedere
1401 1998 1673 2062 dicuntur,

86 2087 174 2142 sed
196 2087 248 2143 in
277 2089 498 2144 sedibus
527 2090 660 2154 suis,
691 2092 833 2147 sicut
861 2091 1000 2147 dixit
1029 2093 1290 2148 Dominus
1333 2091 1386 2146 in
1435 2091 1679 2162 Evange-

85 2179 188 2234 lio:
220 2178 476 2236 Sedebitis
501 2190 548 2236 et
572 2197 656 2237 vos
686 2199 841 2256 super
876 2183 1023 2238 sedes
1056 2184 1330 2239 duodecim
1350 2225 1364 2249 ,
1379 2184 1678 2258 judicantes

87 2269 344 2328 duodecim
371 2272 536 2328 tribus
567 2271 739 2330 Israel
785 2275 1015 2349 (Matth.
1059 2293 1181 2343 xxx,
1215 2276 1336 2348 28).
1374 2277 1480 2346 Ipsi
1528 2277 1673 2332 enim

87 2379 183 2418 non
210 2365 526 2422 naturaliter
553 2376 609 2421 ut
630 2364 903 2433 Christus,
931 2367 1025 2422 sed
1051 2383 1146 2438 per
1167 2367 1517 2440 adoptionem
1549 2377 1676 2423 sunt

88 2457 172 2513 lilii
197 2474 211 2523 ;
242 2459 361 2514 ideo
381 2459 628 2516 diversas
658 2459 818 2516 sedes
849 2461 1154 2516 sortiuntur
1182 2461 1479 2518 secundum
1512 2462 1677 2518 meri-

90 2559 252 2606 torum
279 2552 670 2608 diversitatem.
703 2553 934 2609 Praestet
963 2553 1066 2610 hoc
1095 2553 1286 2622 nobis,
1326 2553 1393 2609 de
1437 2568 1544 2624 quo
1594 2554 1673 2609 lo-

86 2645 318 2716 quimur;
340 2657 396 2701 ut
425 2648 478 2702 in
507 2662 692 2704 earum
720 2647 932 2704 sedium
959 2647 1344 2704 distributione
1367 2662 1466 2704 nos
1488 2647 1676 2704 miseri

90 2747 279 2808 partem
333 2740 536 2797 habere
580 2756 910 2809 mereamur,
942 2743 1100 2799 lesus
1125 2743 1374 2798 Christus
1416 2742 1674 2798 Dominus

90 2841 284 2901 noster,
313 2835 404 2905 qui
463 2849 586 2890 cum
619 2834 780 2891 Patre
829 2846 883 2892 et
942 2835 1146 2907 Spiritu
1205 2848 1395 2893 sancto
1444 2837 1579 2892 vivit
1620 2847 1675 2893 et

89 2936 260 2996 regnat
286 2929 337 2984 in
360 2930 562 2984 saecula
591 2929 943 2998 saeculorum,
972 2945 1153 2987 amen.

410 3068 517 3129 DE
561 3067 883 3130 VISIONE
927 3069 1173 3133 SECUN
1185 3070 1283 3130 DA
1297 3116 1311 3130 .

1781 1907 1832 1962 in
1860 1905 2136 1962 Christum
2169 1904 2540 1967 crediderunt,
2573 1912 2629 1959 et
2657 1903 2812 1959 multi
2841 1916 2910 1958 eo
2938 1912 3181 1973 tempore
3208 1901 3386 1958 exsti-

1779 2007 1982 2063 terunt,
2005 1997 2096 2069 qui
2127 1995 2394 2053 Joannem
2429 1995 2704 2051 Christum
2731 1993 3115 2050 a‘stimabant:
3143 1993 3385 2050 Joannes

1779 2106 1910 2147 vero
1931 2106 2147 2146 sursum
2170 2089 2451 2145 auditores
2472 2103 2601 2144 suos
2626 2096 2838 2143 mentes
2861 2103 2910 2142 et
2927 2087 3075 2160 igere
3095 2086 3384 2154 suadebat,

1777 2199 1899 2240 cum
1932 2200 1989 2241 se
2029 2200 2136 2240 non
2169 2181 2445 2239 Christum
2476 2197 2600 2239 esse
2635 2182 2874 2250 dicebat,
2902 2181 2998 2237 sed
3028 2182 3259 2238 alterum
3287 2184 3381 2253 qui

1780 2287 1902 2350 post
1946 2292 2004 2333 se
2047 2286 2311 2332 venturus
2352 2284 2492 2340 erat,
2521 2275 2747 2331 dicens:
2778 2273 2894 2330 Non
2938 2289 3056 2329 sum
3092 2288 3196 2345 ego
3223 2271 3384 2330 Chri-

1776 2380 1894 2428 stus
1920 2389 1932 2424 :
1966 2371 2151 2426 venirt
2177 2384 2310 2425 vero
2337 2369 2531 2424 fortior
2552 2383 2638 2424 me
2663 2378 2784 2440 post
2815 2383 2920 2434 me,
2952 2368 3103 2437 cujus
3133 2384 3236 2422 non
3266 2385 3380 2423 sum

1777 2464 1963 2536 dignus
2017 2473 2072 2516 ut
2127 2463 2322 2517 solvam
2373 2461 2650 2532 corrigiam
2705 2461 3061 2516 calceamenti.
3118 2458 3241 2531 Ipse
3294 2477 3382 2518 uos

1777 2556 2058 2629 baptisabit
2095 2557 2151 2611 in
2191 2557 2397 2629 Spiritu
2437 2566 2617 2612 sancto
2653 2565 2700 2611 et
2726 2555 2846 2627 igne
2884 2553 3064 2622 (Joan.
3095 2571 3136 2621 ι,
3165 2552 3293 2627 27);
3325 2566 3380 2612 et

1775 2651 2011 2707 iterum:
2039 2651 2203 2707 Illum
2232 2659 2431 2721 Oportet
2462 2665 2687 2704 crescere
2706 2691 2722 2716 ,
2753 2666 2832 2704 me
2858 2659 3030 2703 autem
3061 2649 3225 2703 minui
3255 2649 3377 2720 (Jo-

1775 2760 1865 2797 an.
1914 2758 2013 2811 ιιι,
2055 2743 2172 2815 30).
2215 2741 2326 2798 Sed
2374 2751 2430 2797 et
2472 2741 2770 2812 discipulos
2819 2757 2947 2796 suos
3006 2741 3379 2798 conscendere

1773 2851 1992 2893 sursum
2032 2836 2309 2901 monebat,
2342 2850 2464 2890 cum
2495 2851 2554 2890 se
2586 2832 2974 2901 deserendum,
3005 2845 3060 2890 et
3095 2831 3373 2890 Christum

1773 2946 1898 2987 esse
1975 2929 2312 3003 sequendum
2386 2927 2672 2984 manifesta
2735 2929 2950 2984 ratione
3020 2928 3372 2999 perdocebat.

1776 3023 1985 3081 Deinde
2014 3023 2264 3096 sequitur
2285 3039 2298 3076 :
2323 3021 2394 3077 Et
2424 3020 2700 3077 ostendam
2739 3021 2850 3086 tibi,
2883 3036 3000 3092 qua:
3028 3031 3230 3093 oportet
3261 3022 3378 3091 ﬁeri

1773 3125 1886 3187 post
1918 3116 2064 3182 hate;
2093 3129 2158 3170 ac
2183 3114 2229 3170 si
2253 3113 2461 3170 diceret
2492 3130 2506 3166 :
2540 3112 2598 3169 Si
2630 3128 2845 3168 sursum
2885 3127 2982 3168 cor
3013 3113 3285 3178 erexeris,
3319 3111 3372 3168 id

153 3192 298 3250 Ratio
324 3193 352 3234 ιι
382 3196 627 3266 deposcit
655 3205 714 3252 ut
744 3205 864 3268 post
895 3206 1104 3267 septem
1130 3195 1409 3265 epistolas,
1439 3209 1570 3264 quas
1595 3192 1663 3248 ad

1773 3219 1873 3274 est,
1902 3209 1947 3263 si
1984 3207 2263 3263 Christum
2305 3205 2411 3262 fide
2442 3215 2667 3261 secutus
2706 3203 2896 3268 fueris,
2923 3221 2985 3261 ea
3026 3221 3148 3275 qua:
3176 3204 3372 3264 doceo.

87 3298 278 3356 septem
315 3288 609 3357 Ecclesias,
644 3306 765 3361 quae
801 3305 962 3344 unam
1001 3289 1326 3344 catholicam
1356 3287 1662 3358 designant,

86 3380 306 3440 Joannes
335 3385 557 3452 direxit,
590 3387 640 3439 in
672 3385 869 3456 quibus
897 3384 1083 3439 ﬁdeles
1116 3383 1500 3447 instituuntur,
1527 3395 1664 3451 qua-

86 3475 198 3532 liter
215 3478 280 3532 ad
303 3477 564 3534 virtutum
597 3478 976 3534 celsitudinem
1007 3473 1379 3531 conscendere
1408 3473 1660 3538 debeant,

85 3568 310 3639 ejusdem
344 3571 611 3628 Ecclesiae
648 3581 822 3628 Status
852 3580 1014 3641 atque
1051 3567 1356 3624 sublimitas
1393 3564 1664 3621 manifes-

87 3661 180 3718 tius
205 3663 563 3719 describatur.

147 3754 362 3812 CAPUT
403 3755 496 3812 Ν.
535 3785 605 3798 --
639 3754 834 3827 (Vc-rs.
887 3755 978 3826 1.)
1015 3752 1143 3808 Post
1185 3752 1292 3807 haec
1330 3751 1434 3806 uidi
1472 3749 1661 3804 ostium

81 3863 298 3922 apertum
336 3855 390 3907 in
429 3853 579 3908 ctelo.
620 3851 723 3907 Per
765 3850 985 3916 ostium,
1021 3847 1275 3904 Christus
1318 3845 1657 3915 intelligitur,

80 3945 164 4016 qui
193 3947 355 4004 dicit:
386 3945 506 4019 Ego
534 3963 651 4000 sum
682 3946 871 4000 ostium
895 3960 912 3999 :
941 3961 1032 4016 per
1053 3959 1135 3997 me
1163 3943 1209 3996 si
1233 3942 1347 4012 quis
1378 3940 1656 4008 introierit,

79 4040 338 4095 salvabitur
383 4039 580 4115 (Joan.
616 4056 670 4104 ι,
699 4039 778 4112 9).
806 4040 960 4106 Quod
1011 4039 1207 4094 ostium
1248 4050 1495 4106 apertum
1531 4050 1655 4094 esse

79 4130 276 4198 dicitur;
309 4135 437 4204 quia
474 4134 728 4188 omnibus
758 4133 824 4187 ad
865 4149 926 4189 se
967 4134 1152 4190 venire
1187 4131 1655 4199 desiderantibus,

79 4227 304 4294 quamvis
341 4226 528 4283 multis
566 4227 864 4284 sceleribus
899 4227 1292 4300 deprimantur,
1324 4230 1523 4285 ostium
1557 4229 1658 4284 mi-

79 4321 371 4377 sericordiae
413 4337 528 4378 sum
573 4322 789 4393 aperire
835 4339 941 4378 non
986 4323 1332 4395 dedignatur,
1361 4325 1500 4380 sicut
1541 4325 1656 4394 ipse

79 4410 195 4468 dicit
222 4414 271 4469 in
304 4414 634 4486 Evangelio:
675 4413 850 4469 Venite
879 4416 947 4470 ad
979 4432 1078 4480 me,
1117 4431 1289 4471 omnes
1315 4416 1405 4487 qui
1442 4417 1656 4471 labora-

78 4505 194 4562 tiset
229 4511 422 4566 onerati
445 4511 604 4577 estis;
625 4521 675 4565 et
709 4526 803 4582 ego
825 4511 1060 4579 reﬁciam
1083 4527 1168 4565 vos
1195 4510 1416 4584 (Matth.
1441 4528 1518 4577 χι,
1534 4511 1650 4582 ‘28).

1771 3309 1826 3355 ct
1849 3316 1967 3371 qua:
1997 3307 2226 3355 ventura
2258 3307 2404 3366 sunt,
2440 3298 2604 3354 etiam
2643 3299 2763 3369 ipso
2797 3299 3054 3365 docente,
3087 3297 3247 3355 facile
3277 3313 3372 3354 co-

1769 3407 2034 3464 gnoscere
2063 3391 2291 3463 poteris.

1841 3488 2022 3562 (Vers.
2053 3487 2137 3560 ‘2.)
2171 3487 2240 3543 Et
2267 3488 2440 3542 statim
2470 3487 2550 3558 fui
2587 3489 2641 3542 in
2677 3487 2903 3556 spiritu;
2935 3485 2987 3542 id
3017 3495 3124 3554 est,
3157 3500 3280 3540 cum
3316 3487 3369 3542 in

1767 3581 2040 3640 Christum
2068 3581 2297 3638 credere
2322 3580 2487 3650 ccepi,
2517 3597 2587 3636 ex
2616 3578 2823 3635 carnali
2854 3577 3115 3649 spiritalis
3141 3577 3370 3634 effectus

1766 3693 1907 3734 sum.
1931 3675 1996 3729 Et
2017 3692 2134 3730 ecce
2153 3675 2300 3731 sedes
2323 3674 2492 3746 posita
2516 3683 2624 3728 erat
2647 3674 2699 3727 in
2727 3673 2876 3730 calo.
2901 3683 2950 3726 et
2975 3688 3134 3743 supra
3158 3671 3362 3727 sedens.

1769 3771 1872 3827 Per
1898 3770 2121 3833 coelum,
2151 3777 2210 3824 ut
2237 3784 2405 3837 supra
2443 3767 2704 3834 diximus,
2733 3765 2973 3821 Ecclesia
3010 3764 3329 3836 designatur
3355 3783 3367 3819 :

1764 3865 1924 3923 sedes
1954 3879 2087 3921 vero
2129 3863 2307 3933 posita
2334 3863 2386 3917 in
2416 3861 2582 3924 coelo,
2612 3859 2780 3916 corda
2813 3871 3125 3914 sanctorum
3167 3859 3218 3913 in
3256 3857 3364 3914 Ec-

1763 3961 1928 4016 clesia
1991 3957 2448 4014 eommorantium
2513 3955 2784 4025 designat.
2840 3952 2943 4022 Qui
3005 3967 3136 4008 vero
3200 3967 3362 4022 supra

1764 4053 1952 4108 sedem
1994 4053 2142 4108 visus
2168 4060 2255 4108 est
2293 4049 2510 4115 sedere,
2547 4048 2691 4104 Deus
2735 4054 2842 4109 est.
2881 4046 2970 4118 qui
3010 4045 3064 4100 in
3102 4043 3361 4100 cordibus

1762 4156 2080 4200 sanctorum
2113 4159 2336 4200 suorum
2369 4141 2638 4198 inhabitat
2662 4153 2826 4209 atque
2849 4138 3028 4203 sedet,
3053 4137 3192 4194 sicut
3219 4141 3363 4210 Apo-

1761 4241 1935 4297 stolus
1976 4239 2154 4295 dicit:
2193 4237 2463 4309 Templum
2507 4237 2643 4291 enim
2691 4233 2784 4289 Dei
2818 4245 3053 4289 sanctum
3094 4244 3195 4302 est,
3225 4239 3365 4304 quod

1761 4335 1881 4391 estis
1908 4350 1996 4389 vos
2025 4333 2072 4406 (l
2103 4333 2222 4388 Cor.
2253 4349 2334 4397 III,
2366 4333 2482 4397 l7).

1832 4427 2017 4500 (Vcrs.
2049 4425 2128 4498 5.)
2159 4425 2226 4480 Et
2256 4425 2342 4496 qui
2363 4423 2593 4490 sedebat,
2621 4423 2807 4478 similis
2833 4433 2941 4477 erat
2969 4423 3200 4496 aspectui
3226 4424 3362 4496 lapi-

1761 4522 1842 4575 dis
1869 4520 2121 4592 jaspidis,
2151 4529 2198 4574 et
2228 4518 2411 4574 sardii.
2443 4517 2625 4589 Jaspis
2653 4516 2849 4572 viridis
2877 4518 3082 4573 coloris
3109 4527 3216 4585 est,
3239 4533 3360 4574 sar-

77 4595 170 4654 Per
195 4601 383 4658 caelum
413 4611 599 4658 autem
630 4602 869 4658 Ecclesia
897 4601 1236 4675 designatur.
1262 4603 1370 4659 Sed
1397 4603 1441 4658 si
1471 4607 1648 4659 omnis
1675 4613 1731 4674 1)
1757 4612 1876 4669 dius
1897 4622 2077 4668 autem
2107 4612 2260 4667 rubei
2287 4629 2299 4665 ε
2325 4626 2422 4683 per
2456 4610 2791 4666 viriditatem
2814 4626 2945 4682 ergo
2967 4610 3199 4682 jaspidis
3225 4610 3363 4668 divi-

75 4693 156 4762 qui
191 4710 280 4764 per
316 4697 514 4752 ostium
558 4697 610 4752 in
653 4697 798 4753 ovile
834 4698 1041 4764 ovium,
1082 4697 1132 4752 id
1175 4707 1282 4763 est,
1319 4699 1371 4754 in
1407 4709 1651 4754 sanctam

77 4782 356 4844 Ecclesiam
406 4789 698 4853 introierit,
741 4790 1040 4845 salvabitur
1083 4809 1096 4846 :
1142 4787 1380 4860 reprobi,
1421 4807 1650 4861 quorum

77 4877 482 4941 innumerabiles
516 4885 655 4940 intra
681 4893 922 4939 sanctam
959 4884 1253 4940 Ecclesium
1280 4883 1650 4952 continentur,

75 4986 170 5040 quo
205 4977 346 5032 aditu
389 4978 758 5034 introierunt?
787 4978 862 5032 De
892 4979 994 5033 hoc
1029 4977 1316 5033 Dominum
1347 4978 1650 5048 interroge-

77 5077 212 5134 mus;
243 5071 316 5125 ait
351 5072 496 5126 enim
529 5090 542 5126 :
588 5071 691 5139 Qui
733 5088 835 5125 non
875 5072 1034 5126 intrat
1076 5088 1167 5144 per
1206 5072 1392 5125 ostium
1436 5072 1488 5125 in
1525 5072 1655 5126 ovile

78 5159 258 5229 ovium,
305 5166 394 5221 sed
447 5166 680 5221 ascendit
730 5166 982 5232 aliunde;
1031 5166 1118 5220 ille
1169 5168 1257 5234 [ur
1305 5176 1379 5220 est
1428 5177 1475 5220 et
1516 5167 1650 5220 latro

77 5249 254 5321 (Joan.
280 5274 336 5325 ι,
366 5260 442 5332 1).
471 5261 810 5331 Quicumque
835 5275 967 5332 ergo
999 5261 1100 5316 hoc
1126 5261 1268 5329 quod
1302 5262 1354 5318 in
1383 5262 1651 5333 baptismo

75 5351 439 5422 promiserunt,
472 5356 766 5412 observare
809 5355 1024 5423 nolunt,
1065 5371 1171 5411 non
1219 5373 1315 5426 per
1354 5359 1553 5413 ostium
1594 5359 1646 5414 in

76 5443 210 5499 ovile
265 5450 476 5516 ovium,
528 5449 624 5507 sed
685 5449 904 5507 aliunde
973 5450 1360 5508 ascenderunt.
1417 5451 1481 5507 Et
1550 5470 1650 5511 uox

79 5535 251 5602 prima,
280 5557 430 5611 quant
459 5543 656 5611 audivi,
691 5553 952 5616 tamquam
979 5543 1115 5599 lubt!
1143 5545 1400 5616 loquentis
1422 5562 1646 5618 mecum,

143 5693 265 5779 “ita
288 5700 608 5779 mss.;_edit.
636 5711 818 5779 autem
853 5719 865 5755 :
895 5701 975 5756 Ad
1023 5719 1116 5757 nos
1159 5719 1274 5758 vero
1316 5707 1496 5772 intrat,
1531 5722 1646 5761 cum

78 5773 250 5848 nostris
279 5773 583 5848 profectibus
603 5777 814 5848 gaudet.

142 5832 168 5871 δ
205 5832 347 5900 Ratio
371 5832 762 5904 deoasciti...“
788 5847 1112 5920 manifestius
1137 5846 1483 5918 describatur,
1510 5847 1642 5905 edit.

1760 4706 1902 4761 nitas
1947 4703 2121 4759 nostri
2165 4701 2464 4759 Salvatoris
2498 4721 2510 4756 :
2546 4718 2641 4772 per
2671 4705 2928 4758 rulmrem
2974 4713 3154 4759 autem
3193 4705 3360 4761 sardii

1758 4799 1878 4868 ejus
1912 4798 2220 4852 humanitas
2244 4796 2580 4867 designatur.
2613 4796 2864 4852 Salvator
2893 4796 3058 4869 igitur
3098 4809 3286 4854 noster
3307 4810 3363 4854 et

1759 4891 2092 4949 viriditatem
2129 4891 2360 4962 jaspidis
2400 4891 2451 4944 in
2493 4905 2554 4946 se
2582 4893 2863 4959 continet;
2893 4893 3017 4963 quia
3059 4891 3358 4948 secundum

1757 4987 2101 5042 divinitatem
2133 5001 2229 5055 per
2256 4985 2438 5040 omnia
2467 4985 2694 5056 :rqualis
2714 4996 2798 5040 est
2819 4985 2963 5041 Patri
2986 5004 2998 5041 :
3025 4995 3080 5040 et
3103 4984 3356 5040 ruborem

1757 5081 1959 5146 sardii;
1988 5081 2111 5150 quia
2145 5079 2444 5136 secundum
2478 5080 2866 5136 humanitatem
2896 5081 3060 5133 homo
3085 5076 3358 5149 perlectus

1753 5175 1989 5239 exsistit,
2010 5174 2149 5229 sicut
2173 5174 2433 5244 scriptum
2463 5182 2549 5228 est
2573 5195 2585 5227 :
2616 5172 2886 5246 Perfectus
2913 5170 3074 5236 Deus,
3100 5174 3359 5242 perfectus

1749 5269 1902 5324 homo
1927 5310 1944 5336 ,
1983 5284 2046 5323 ea:
2071 5268 2248 5321 anima
2277 5268 2523 5324 rationali
2554 5277 2603 5322 et
2631 5266 2862 5320 humana
2889 5281 3044 5319 carne
3077 5264 3358 5322 subsistens

1751 5359 2020 5433 (Symbol.
2041 5361 2158 5416 sub.
2187 5357 2464 5416 Athanasii
2489 5358 2739 5428 nomine).

1743 5492 1748 5494 ~
1825 5454 1892 5510 Et
1922 5455 2018 5510 iris
2049 5465 2159 5509 erat
2185 5454 2238 5509 in
2269 5454 2491 5508 circuitu
2512 5453 2671 5517 sedis,
2703 5451 2884 5507 similis
2911 5451 3094 5506 risioni
3123 5469 3358 5524 smarag-

1750 5551 1903 5607 dinte.
1950 5550 2007 5606 In
2046 5546 2249 5606 Genesi
2290 5547 2542 5617 legimus,
2574 5546 2696 5614 quia
2741 5545 2880 5602 dixit
2918 5544 3060 5600 Deus
3101 5544 3168 5601 ad
3199 5544 3354 5604 Non;

1754 5708 1914 5767 Rom.
1940 5726 1971 5766 e
1997 5712 2176 5767 medio
2200 5713 2422 5769 tulerat.

1751 5854 1788 5908 ὀ
1825 5793 1847 5820 ο
1891 5783 2091 5907 Eadem
2128 5783 2285 5840 Rom.
2323 5782 2458 5840 edit.
2484 5781 2715 5838 Ascende
2755 5781 2854 5836 huc
2879 5823 2895 5850 ,
2925 5780 2982 5836 id
3018 5791 3119 5852 est,
3158 5790 3358 5838 terrena

1789 5869 1899 5908 eser
1933 5893 1946 5908 .
