3944 6310
101 353 191 410 797
252 311 256 314 ’

781 340 845 396 IN
885 335 1359 396 APOCALYPSIN
1403 333 1782 391 EXPOSITIO.
1830 333 1917 390 DE
1957 332 2228 390 VISIONE
2266 330 2604 389 SECUNDA.

3249 324 3354 382 798

98 466 267 537 pluvit,
296 464 424 521 situ!
449 460 572 517 dicit
604 458 893 530 Apes-talus
919 473 933 511 :
962 455 1274 511 Humiliavit
1295 463 1449 509 semet
1477 453 1647 524 ipsum
1678 469 1728 528 Α
1759 455 1866 510 t'at'i
1893 453 2236 524 cupientihua
2259 469 2410 524 spem
2447 453 2620 508 venia:
2640 450 2922 506 ltiliUet‘t-t.
2954 449 3207 504 Pltarisa‘i
3231 461 3360 501 vero

93 577 233 633 usque
259 559 324 614 ad
351 567 582 621 mortem,
621 563 835 608 mortem
863 563 1034 606 autem
1076 548 1246 604 crucis
1277 545 1446 618 (Phil.
1482 561 1543 612 tt,
1571 544 1649 617 8).

92 655 187 712 Nos
212 662 383 720 autem
409 651 496 722 qui
525 649 592 703 ab
621 648 736 718 ipsa
768 644 1089 718 perditionis
1118 646 1268 698 fovea
1309 639 1377 695 ad
1407 639 1650 695 cmlestia

89 747 425 809 sublevantur,
472 758 501 798 a
544 741 846 796 minoribus
882 736 1197 808 incipimus,
1242 741 1301 788 ut
1338 731 1407 787 ad
1440 731 1650 802 majora

88 842 360 902 crescendo
379 838 784 913 perveniamus.

146 934 411 1004 Quomodo
434 940 614 988 autem
643 930 758 984 huic
777 936 989 998 septem
1010 925 1155 980 dona
1180 937 1346 994 super
1367 919 1648 978 Christum

85 1027 462 1093 descenderint,
495 1032 653 1094 prout
684 1020 945 1077 Dominus
973 1018 1206 1083 dederit,
1242 1015 1476 1070 breviter
1503 1012 1652 1067 dica-

85 1137 207 1178 mus.
233 1121 456 1191 Spiritus
478 1115 758 1186 sapientire
785 1129 950 1182 super
968 1112 1241 1168 hominem
1270 1109 1544 1165 Christum
1571 1121 1651 1164 re-

82 1215 284 1287 quievit,
329 1212 541 1284 quando
584 1209 758 1266 Filius
803 1207 898 1264 Dei
937 1206 1236 1264 secundum
1283 1203 1646 1270 divinitatem,

81 1311 157 1380 qui
177 1309 430 1378 sapientia
458 1306 632 1361 Patris
658 1304 877 1366 dicitur,
905 1302 960 1357 in
991 1317 1113 1358 eum
1141 1297 1446 1355 descendit.

141 1401 358 1472 Spiritus
405 1397 775 1469 intelligentiae
820 1396 872 1452 iit
917 1412 1040 1451 eum
1093 1394 1381 1465 requievit,
1429 1389 1647 1462 quando

79 1494 306 1548 omnibus
335 1491 622 1547 virtutibus
664 1501 750 1546 est
789 1489 1016 1553 ditatus,
1069 1487 1215 1542 sicut
1251 1486 1306 1540 in
1350 1485 1648 1555 Evangelia

77 1587 316 1657 scriptum
343 1595 425 1642 est
453 1603 466 1639 :
497 1582 654 1638 Jesus
683 1583 985 1653 proﬁciebat
1016 1582 1291 1651 sapientia,
1329 1589 1377 1634 et
1407 1587 1576 1645 aetate,
1600 1587 1648 1632 et

76 1682 223 1752 gratia
244 1695 408 1734 eorum
436 1677 545 1734 Deo
576 1689 621 1732 et
648 1677 940 1731 hominibus
965 1675 1116 1746 (Luc.
1149 1691 1208 1741 tt,
1240 1671 1355 1744 5'2).

137 1772 254 1828 Post
299 1771 630 1828 intellectum
661 1770 950 1826 consilium
979 1770 1244 1839 sequitur.
1269 1765 1572 1826 Consilium
1613 1781 1642 1819 a

76 1866 384 1928 consulendo
410 1865 644 1931 dicitur;
679 1880 802 1919 nam
829 1865 876 1920 si
904 1862 1121 1934 aliquod
1156 1861 1454 1932 periculum
1488 1859 1644 1915 nobis
1676 1879 1721 1938 Β

75 1963 316 2028 imminet,
336 1961 622 2016 consilium
663 1973 694 2013 a
718 1960 962 2030 sapiente
999 1956 1380 2028 perquirimus,
1409 1954 1645 2026 qualiter

75 2060 352 2131 periculum
393 2059 709 2115 evadamus.
749 2056 1016 2113 Similiter
1046 2069 1097 2112 et
1141 2073 1264 2110 cum
1298 2055 1364 2110 ad
1405 2055 1641 2125 aliquam

73 2154 364 2224 dignitatem
407 2153 592 2209 saeculi
636 2151 1012 2208 conscendere
1041 2151 1313 2221 cupimus,
1351 2149 1641 2204 consilium

69 2248 333 2318 querimus
353 2247 589 2319 qualiter
610 2248 676 2301 ad
694 2246 745 2301 id
768 2245 913 2316 quod
930 2245 1332 2313 desideramus,
1355 2244 1642 2315 pervenire

70 2344 338 2398 valeamus.
362 2340 613 2397 Christus
644 2341 808 2410 igitur
834 2349 919 2396 est
961 2339 1276 2395 consiliator
1306 2350 1515 2404 noster,
1549 2337 1641 2408 qui

70 2439 326 2493 consilium
354 2438 444 2496 dat
465 2437 702 2508 qualiter
732 2435 970 2507 pericula
996 2448 1200 2489 aeterna
1232 2431 1554 2497 evadamus;
1587 2440 1642 2486 et

67 2533 329 2587 consilium
366 2531 514 2603 quod
549 2531 658 2595 dat,
707 2529 822 2600 ipse
869 2527 1103 2600 perlicit,
1153 2541 1276 2582 cum
1310 2541 1338 2580 a
1387 2524 1641 2596 periculis

69 2626 264 2679 :etcrnis
296 2639 392 2680 nos
424 2624 640 2678 liberat.
671 2622 937 2678 Similiter
978 2633 1030 2676 et
1063 2619 1353 2675 consilium
1385 2618 1477 2674 dat
1507 2631 1641 2688 qua-

67 2717 174 2772 liter
193 2719 256 2772 ad
281 2717 657 2781 hatreditatem
693 2715 930 2785 paradisi
961 2714 1241 2785 pervenire
1263 2713 1556 2784 possimus,
1586 2720 1637 2765 et

66 2812 122 2864 a'l
168 2812 275 2882 ipsa
316 2811 508 2882 gaudia
555 2812 672 2881 ipse
720 2825 820 2864 nos
869 2808 1137 2879 perducit.
1173 2807 1408 2877 Spiritus
1457 2806 1640 2876 itaque

66 2903 210 2976 51‘
255 2904 464 2960 consilii
511 2905 562 2958 in
597 2905 817 2957 homine
844 2902 1065 2959 Christo
1093 2902 1397 2967 descendit,
1434 2900 1559 2956 dum
1609 2913 1639 2952 a

66 3002 251 3061 Sim-itu
282 3009 470 3055 Sancto
503 3001 745 3070 percepit
775 2998 1074 3053 doctrinam
1108 2997 1406 3067 Evangelii,
1451 2997 1501 3049 in
1531 3009 1635 3065 qua

63 3092 332 3148 consilium
348 3093 601 3148 consistit
629 3091 868 3147 omnium
890 3091 1170 3150 hominum
1193 3089 1391 3144 salvari
1416 3090 1637 3158 cupien-

67 3187 204 3240 tiutn.

127 3281 348 3354 Spiritus
378 3282 545 3337 etiam
581 3279 914 3343 fortitudinis
943 3293 1107 3349 super
1129 3277 1400 3334 Christum
1423 3277 1637 3347 requie-
1665 3282 1710 3344 (ζ

67 3377 150 3440 vit,
179 3374 386 3444 quando
413 3377 480 3430 ad
514 3374 896 3430 debellandum
926 3373 1137 3430 hostem
1169 3376 1451 3444 antiquum
1487 3372 1641 3426 fortis

65 3471 190 3526 inter
223 3472 466 3527 homines
499 3469 770 3541 apparuit.
802 3469 879 3524 De
919 3469 1020 3524 hac
1048 3485 1144 3524 sua
1174 3469 1494 3522 fortitudine
1526 3469 1641 3537 ipse

64 3564 183 3618 dixit
205 3565 253 3618 in
280 3565 604 3635 Evangelii):
630 3561 765 3616 Dum
788 3564 1178 3634 fortisnrmatus
1206 3562 1428 3616 custodit
1452 3561 1641 3612 atrium

64 3672 220 3720 suurn,
250 3658 300 3710 in
330 3673 455 3728 pace
482 3668 601 3714 sunt
632 3673 712 3721 ea,
743 3671 856 3724 qua:
882 3655 1110 3728 possidet
1142 3670 1160 3708 :
1187 3655 1230 3707 si
1261 3664 1429 3708 autem
1461 3653 1644 3722 fortior

63 3747 146 3801 ilio
173 3751 530 3820 superueniens
558 3750 737 3806 uicerit
768 3766 903 3815 eum,
927 3750 1167 3804 universa
1189 3763 1334 3801 arma
1352 3748 1462 3817 ejus
1490 3749 1637 3814 aufe-

66 3854 150 3905 ret.
201 3844 252 3896 in
295 3843 482 3913 quibus
528 3842 840 3911 conﬁdebat,
888 3852 934 3896 et
986 3844 1155 3911 spolia
1210 3845 1324 3914 ejus
1370 3839 1640 3895 distribuat

69 3933 208 4003 (Luc.
239 3951 311 4003 ιιι,
343 3935 462 4008 il).

127 4027 250 4084 Post
273 4028 649 4086 fortitudinem
674 4030 919 4100 sequitur
943 4028 1195 4083 scientia.
1223 4028 1378 4099 Apud
1393 4027 1644 4082 homines

67 4122 236 4178 multae
264 4124 512 4180 scientias
541 4133 701 4189 sunt;
748 4135 873 4178 sunt
917 4138 1148 4194 namque
1183 4122 1520 4178 diversarum
1554 4136 1643 4176 ar-

69 4214 185 4271 tium
214 4216 446 4273 diversae
471 4215 734 4271 scientian.
770 4216 869 4272 ltist
895 4218 1122 4271 scientia
1153 4215 1205 4269 in
1240 4215 1456 4282 litteris,
1480 4231 1560 4270 est
1590 4214 1642 4270 in

67 4309 336 4366 mundanis
355 4309 678 4381 lcgibns,est
692 4311 744 4363 in
765 4307 1028 4380 augendis
1047 4309 1207 4364 rebus
1228 4309 1643 4379 temporalibus,

66 4415 140 4460 est
187 4406 344 4462 etiam
390 4404 619 4461 scientia
665 4404 720 4460 in
769 4404 1133 4476 pra-cavendis
1184 4403 1470 4474 periculis;
1521 4412 1648 4459 sunt

67 4502 218 4556 etiam
249 4502 427 4570 multi,
455 4502 546 4572 qni
582 4514 678 4571 per
702 4498 1060 4555 subtilitatem
1087 4513 1279 4554 sensus
1303 4498 1549 4570 quaedam
1566 4500 1649 4552 ln-

69 4603 175 4650 tura
215 4596 537 4667 pra-vident.
580 4594 687 4650 Sed
722 4595 818 4648 has
859 4595 1117 4651 scientias
1162 4593 1454 4665 aliquando
1497 4593 1646 4661 boni,

67 4689 338 4757 aliquando
386 4688 516 4744 mali
557 4686 837 4758 possident
882 4704 895 4740 :
944 4688 1227 4742 scientiam
1271 4702 1401 4741 vero
1436 4701 1557 4756 qua:
1595 4685 1646 4740 in
1675 4682 1730 4742 D

67 4779 324 4836 Christum
349 4779 650 4848 descendit,
685 4780 864 4836 nullus
891 4781 994 4837 nisi
1017 4781 1190 4840 bonus
1217 4780 1418 4835 habere
1446 4785 1645 4848 potest.

67 4878 186 4943 Quin
215 4885 361 4944 tanta
397 4876 516 4942 tnit,
539 4883 795 4945 quantum
829 4875 977 4929 nulla
1005 4890 1154 4930 mens
1181 4874 1651 4945 comprehendere

69 4971 265 5037 potuit:
301 4969 366 5024 In
396 4971 510 5044 ipso
541 4969 686 5024 enim
718 4977 834 5022 sunt
857 4983 1034 5023 attines
1066 4967 1294 5021 thesauri
1315 4968 1586 5039 sapientia:
1605 4976 1654 5021 et

66 5064 581 5120 scientiwabsconditi
599 5063 852 5136 (ϐρίθει,
875 5078 931 5128 ιι,
953 5061 1033 5134 3).
1069 5061 1292 5116 Videtur
1320 5065 1497 5134 itaque
1520 5062 1653 5117 mihi

69 5171 155 5227 per
192 5159 442 5229 spiritum
475 5157 717 5212 scientias
772 5153 989 5226 aliquod
1021 5154 1218 5208 factum
1261 5155 1378 5225 ejus
1419 5170 1524 5210 non
1559 5155 1657 5212 dc-

71 5252 190 5308 here
216 5255 555 5323 intelligere;
583 5250 887 5322 prtevidcns
917 5263 1150 5320 namque
1174 5250 1423 5306 Salvator
1443 5257 1654 5318 noster,

69 5347 110 5401 si
139 5363 415 5403 accessum
444 5345 722 5400 hominum
755 5353 1103 5415 peccatorum
1131 5343 1418 5410 devitarct,
1452 5347 1657 5402 multos

69 5444 351 5498 sceleratos
392 5443 445 5497 in
486 5439 876 5510 desperationis
904 5438 1115 5494 foveam
1148 5453 1271 5493 esse
1301 5439 1654 5506 decidendos,

73 5534 440 5604 peccatoribus
480 5549 575 5611 per
610 5532 922 5596 societatem
954 5531 1202 5604 corporis
1229 5546 1287 5586 se
1325 5530 1654 5602 conformari

70 5630 254 5694 voluit,
286 5627 618 5686 manducans
641 5626 892 5682 videlicet
915 5636 967 5682 et
991 5625 1181 5690 bibens
1209 5641 1332 5691 cum
1354 5627 1454 5693 eis,
1480 5634 1656 5686 tactus

71 5722 224 5776 etiam
257 5720 606 5776 meretricum
653 5734 761 5773 non
807 5734 1106 5790 respuens:
1140 5720 1230 5790 qui
1273 5721 1434 5775 etiam
1481 5727 1536 5774 et
1582 5720 1655 5795 la-

75 5815 207 5869 troni
265 5813 318 5869 in
374 5811 530 5867 initio
559 5811 918 5874 confessionis
947 5810 1066 5899 ejus
1110 5813 1419 5906 paradisum
1469 5828 1661 5888 repro-

78 5908 217 5967 misit
249 5907 402 5980 (an.
437 5922 594 5970 χχιιι,
622 5906 742 5977 45),
773 5916 830 5962 ttt
857 5907 1107 5968 omnibus
1138 5906 1512 5980 peccatoribus
1555 5905 1664 5967 sal-

1757 549 2010 619 spiritum
2061 548 2306 604 scientia:
2359 566 2466 604 non
2518 548 2824 613 habentes,
2885 543 3361 616 reprehendebant

1755 656 1909 708 eum;
1942 657 2010 698 eo
2035 641 2179 712 quod
2211 656 2334 697 eum
2367 640 2670 712 publicanis
2708 649 2766 697 et
2792 637 3171 711 peccatoribus
3200 653 3358 693 mauo

1755 738 1998 795 ducaret.
2038 737 2144 792 Sed
2178 737 2297 808 ipse
2326 737 2577 808 spiritum
2609 735 2854 790 scientia:
2884 732 3191 804 possidens,
3215 729 3356 787 dixit

1755 833 1835 886 eis
1863 847 1878 886 :
1913 830 2037 885 Non
2065 840 2139 886 est
2164 847 2294 900 opus
2317 830 2456 883 sanis
2478 829 2728 892 medicus,
2760 826 2852 882 sed
2865 826 2997 881 male
3015 825 3355 880 habentibus:

1756 944 1856 981 non
1890 925 2002 980 veni
2038 936 2219 978 uocare
2237 923 2434 993 justas,
2471 920 2562 976 sed
2589 930 2882 993 peccatores
2912 919 2980 974 ad
3003 918 3354 990 penitentiam

1756 1016 1974 1091 (Matth.
2006 1033 2078 1084 lx,
2110 1016 2177 1070 li
2199 1023 2247 1068 et
2273 1010 2427 1084 δρψ).

1828 1139 1903 1194 De
1949 1137 2142 1208 Spiritu
2191 1149 2321 1189 vero
2368 1131 2587 1205 pietatis
2639 1145 2746 1185 non
2793 1138 2874 1184 cst
2923 1143 3150 1186 necesse
3201 1127 3360 1184 nobis

1752 1235 2043 1308 quidquam
2089 1230 2293 1286 dicere.
2349 1213 2487 1296 Quid
2534 1224 2679 1280 enim
2722 1235 2828 1282 tam
2876 1223 3043 1292 pium,
3073 1236 3232 1292 quam
3267 1219 3359 1277 ille

1751 1331 1840 1400 qni
1890 1337 2170 1400 peccatum
2215 1338 2322 1379 non
2373 1321 2520 1387 fecit,
2568 1334 2664 1375 nec
2711 1318 2964 1373 inventus
2995 1325 3079 1372 est
3108 1315 3268 1370 dolus
3301 1317 3356 1372 itt

1751 1438 1846 1480 Ore
1873 1421 1993 1494 ejus
2025 1419 2066 1493 (l
2095 1418 2242 1473 Petr.
2273 1433 2330 1484 ll,
2369 1416 2463 1490 εἰ)
2489 1431 2504 1480 ;
2531 1422 2586 1471 et
2615 1427 2737 1468 cum
2767 1418 2955 1484 posset
2981 1423 3011 1462 a
3047 1419 3226 1464 morte
3256 1423 3355 1492 po-

1753 1527 1946 1574 testate
1976 1532 2069 1576 sna
2110 1514 2352 1588 liberari,
2380 1528 2438 1567 se
2468 1526 2568 1584 pro
2603 1509 2779 1564 salute
2805 1505 3021 1579 generis
3055 1503 3275 1560 humani
3301 1511 3358 1559 et

1752 1611 1945 1678 teneri,
1980 1619 2032 1663 et
2068 1608 2238 1679 ligari,
2267 1614 2326 1661 et
2346 1603 2594 1676 conSpui,
2624 1611 2679 1657 et
2706 1598 2876 1671 alapis
2898 1599 3054 1667 cat-di,
3084 1605 3139 1652 et
3168 1595 3357 1670 ﬂagel-

1749 1706 1867 1768 lari,
1894 1712 1946 1758 et
1977 1699 2218 1771 crncitigi
2251 1697 2530 1771 permisit?

1822 1818 2058 1888 Spiritus
2088 1831 2221 1870 vero
2250 1813 2459 1868 timoris
2489 1809 2725 1875 Domini,
2749 1807 2840 1879 qui
2865 1806 3086 1860 ultimus
3112 1804 3354 1876 ponitur,

1749 1911 1814 1965 ad
1848 1910 2159 1984 passionem
2194 1905 2460 1980 pertinet;
2488 1919 2594 1958 non
2624 1901 2768 1984 quod
2791 1901 2984 1956 timore
3009 1905 3231 1954 coactus
3261 1899 3353 1966 sit,

1749 2016 1804 2058 ut
1829 2019 1927 2082 pro
1956 2001 2131 2056 salute
2157 2001 2372 2072 generis
2407 1996 2626 2052 humani
2659 2002 3002 2050 moreretur:
3049 1990 3147 2046 sed
3189 1992 3353 2046 timo-

1747 2112 1861 2151 rem
1896 2111 1994 2165 pro
2035 2092 2346 2148 ohedientia
2384 2091 2635 2163 accipere
2672 2087 2957 2148 debemus,
2994 2085 3064 2144 de
3104 2099 3207 2153 qua
3238 2083 3355 2158 ipse

1746 2189 1879 2244 dicit
1911 2207 1922 2241 :
1958 2186 2080 2242 Non
2110 2187 2221 2241 veni
2247 2186 2417 2256 facere
2446 2186 2757 2238 voluntatem
2784 2197 2968 2248 meam,
2996 2178 3085 2243 sed
3115 2176 3354 2236 volunta-

1745 2294 1846 2339 tem
1880 2288 2015 2360 ejus,
2046 2283 2136 2354 qui
2163 2282 2300 2336 misit
2331 2297 2429 2345 me,
2465 2277 2645 2350 Patris
2673 2277 2856 2347 (Joan.
2886 2292 2960 2343 \‘I,
2989 2275 3106 2344 '56).
3137 2273 3269 2329 Nam
3295 2279 3352 2329 et

1749 2382 1941 2446 lilium,
1973 2379 2063 2449 qui
2089 2377 2229 2453 patri
2259 2375 2466 2452 carnali
2498 2383 2581 2430 est
2606 2371 2902 2445 peremnia
2937 2369 3218 2432 obediens.
3250 2383 3349 2442 pa-

1747 2484 1882 2530 trem
1917 2475 2111 2542 timerc
2139 2471 2394 2534 dicimus,
2431 2483 2555 2522 cum
2584 2467 2674 2522 illa
2710 2463 3018 2532 ohedientia
3052 2477 3160 2528 non
3183 2461 3254 2516 sit
3284 2460 3352 2518 Ii-

1746 2569 1933 2634 moris,
1969 2565 2063 2621 sed
2099 2564 2322 2634 amoris.
2373 2562 2448 2616 De
2475 2577 2582 2630 quo
2620 2561 2815 2624 timore
2845 2556 3130 2612 Psaltnista
3169 2553 3298 2608 dicit
3329 2566 3348 2608 :

1748 2662 1923 2716 Timor
1973 2659 2184 2714 Domini
2223 2665 2430 2716 sanctus
2461 2669 2765 2728 permanens
2793 2651 2860 2714 in,
2885 2650 3133 2706 sa’culum
3173 2646 3353 2706 δίει-ιιιὶ

1746 2754 1919 2828 (ρεοι.
1956 2770 2106 2822 xviii,
2145 2755 2261 2822 10);
2305 2765 2411 2806 non
2446 2759 2624 2803 autem
2656 2748 2836 2814 timor,
2873 2745 2968 2802 sed
2998 2742 3346 2800 cbaritasDei

1745 2852 1796 2904 in
1823 2849 2082 2912 sarculum
2111 2845 2296 2902 surculi
2326 2843 2685 2916 permanebit.

1813 2965 1964 3019 Nunc
2008 2962 2243 3030 qualiter
2285 2959 2403 3015 hare
2447 2967 2656 3028 septem
2699 2956 2842 3016 dona
2887 2955 3126 3027 Spiritus
3171 2952 3347 3010 sancti

1744 3056 2032 3126 unicuique
2081 3052 2319 3112 ﬁdelium
2375 3049 2728 3116 conveniant,
2773 3047 3012 3104 breviter
3051 3043 3347 3110 dicendum

1740 3158 1842 3206 cst.
1873 3150 1938 3218 Et
1961 3148 2080 3218 quia
2111 3162 2234 3213 nos,
2258 3143 2351 3215 qni
2385 3158 2481 3214 per
2514 3143 2705 3213 primae
2739 3137 3208 3210 praevaricationis
3235 3135 3354 3190 cul-

1745 3260 1864 3315 pam
1908 3244 1962 3300 in
2007 3239 2330 3320 perditionis
2367 3238 2564 3308 laqueo
2599 3235 2938 3306 jacehamus,
2980 3228 3352 3288 misericordia

1749 3340 1838 3393 hei
1870 3337 1936 3394 ad
1978 3348 2214 3405 superna
2248 3331 2562 3398 reducimttr
2591 3329 2661 3390 ab
2691 3326 3064 3390 inferioribus.
3098 3323 3148 3380 id
3183 3331 3287 3390 est,
3318 3335 3350 3378 a

1745 3435 1940 3496 timore
1964 3431 2055 3485 Dei
2086 3427 2400 3498 incipimus,
2426 3435 2486 3479 nt
2511 3425 2576 3478 ad
2610 3421 2918 3494 superiora,
2950 3419 3003 3474 id
3034 3429 3144 3486 εει,
3169 3417 3236 3470 ad
3265 3431 3354 3470 sa-

1747 3523 2004 3596 pientium
2038 3519 2372 3591 proliciendo
2401 3529 2739 3573 crescamus.
2774 3515 2837 3568 Et
2862 3511 3060 3583 quibus
3090 3508 3352 3581 gradibus

1744 3619 1996 3680 Christus
2018 3614 2359 3686 lnimiliando
2379 3628 2438 3670 se
2466 3611 2533 3674 ad
2556 3627 2651 3666 nos
2669 3609 2980 3674 descetnlit,
3007 3607 3350 3674 salutemque

1748 3722 1988 3768 nostram
2022 3709 2304 3774 moriendo
2339 3706 2584 3776 perit-cit,
2629 3703 2833 3764 eisdem
2865 3699 3130 3772 gradibus
3163 3711 3217 3754 et
3249 3713 3350 3755 nos

1748 3805 1813 3860 ad
1863 3818 1986 3860 eum
2041 3801 2414 3873 conscendere
2459 3798 2754 3860 debemus;
2803 3793 3050 3858 faciendo
3099 3791 3356 3858 videlicet

1751 3905 2019 3970 prmcepta
2054 3895 2192 3966 ejus.
2227 3909 2347 3964 qua:
2395 3893 2445 3948 in
2473 3889 2634 3948 donis
2658 3898 2866 3959 septem
2895 3884 3137 3956 Spiritus
3173 3885 3350 3942 sancti

1749 3990 2123 4058 continentur.
2175 3987 2416 4059 Spiritus
2459 3984 2622 4054 igitur
2668 3982 2883 4042 timoris
2930 3979 3142 4036 Domini
3186 3993 3355 4055 super

1752 4097 2190 4154 unumquemque
2221 4088 2562 4152 peccatorcm
2594 4078 2920 4147 requiescit,
2954 4091 3074 4132 cum
3099 4072 3353 4133 conside-

1751 4193 1876 4234 rans
1903 4184 2120 4248 peccata
2145 4191 2263 4246 sna,
2291 4173 2612 4244 jnstnmqne
2640 4169 2908 4241 judicium
2940 4169 3034 4224 Dei
3067 4168 3358 4239 pertimes-

1751 4287 1902 4339 cens,
1941 4284 2235 4342 pmnasque
2266 4267 2404 4339 ignis
2434 4265 2645 4330 attenti,
2679 4280 2800 4334 qua:
2826 4263 3006 4332 impiis
3039 4271 3358 4332 praeparatae

1749 4375 1899 4433 sunt,
1945 4365 2012 4430 ad
2059 4361 2436 4435 ptpnitentiam
2481 4360 2858 4430 lact-ymasque
2894 4358 3252 4417 convertitur.
3303 4364 3360 4410 et

1753 4457 2095 4528 amarissime
2139 4456 2272 4522 ﬂere
2333 4453 2544 4524 incipit,
2587 4451 2729 4524 quod
2781 4450 3180 4514 delectabiliter
3237 4463 3364 4519 gesv

1753 4555 1844 4610 sit.

1826 4669 2064 4741 Spiritus
2084 4683 2216 4724 vero
2243 4667 2467 4738 pietatis
2489 4681 2654 4735 super
2681 4662 2987 4734 quemlibet
3009 4671 3357 4732 peccotorum

1753 4761 2069 4834 requiescit,
2101 4758 2228 4815 dum
2253 4759 2479 4812 audiens
2502 4757 2831 4827 scripturam
2863 4754 3138 4809 dicentem
3167 4772 3180 4807 :
3215 4753 3364 4809 Sicut

1754 4873 1891 4928 aqua
1915 4853 2199 4925 exstinguit
2229 4853 2417 4924 ignem,
2451 4851 2522 4904 ita
2555 4851 2880 4919 etet-mosyna
2932 4847 3210 4918 exstinguit
3242 4861 3362 4917 pec-

1754 4958 1924 5005 catum
1953 4945 2145 5023 (Eceli.
2192 4961 2270 5011 ιιι,
2304 4941 2428 5015 55);
2459 4953 2512 4996 et
2554 4941 2844 4996 Dominum
2874 4943 3147 4995 dicentem
3179 4956 3191 4992 :
3227 4935 3362 4992 Date

1757 5046 2154 5113 eleemosynam.
2190 5051 2234 5092 ct
2253 5056 2364 5094 ecca
2381 5038 2553 5092 omnia
2581 5037 2774 5090 munda
2799 5045 2918 5090 sunt
2946 5035 3254 5106 t'obis(Luc.
3285 5047 3361 5098 ιιι,

1761 5138 1876 5209 Η),
1919 5139 2069 5192 alere
2095 5144 2341 5205 egentes,
2378 5132 2578 5186 vt-SIire
2609 5131 2805 5196 nudos,
2837 5140 2887 5183 et
2919 5136 3111 5182 cu-tcra
3146 5125 3365 5196 pictatis

1761 5247 1924 5302 opera
1974 5229 2166 5300 incipit
2212 5243 2503 5293 exercere;
2549 5235 2606 5280 ut
2652 5226 2818 5278 Deum
2869 5223 3006 5275 alios
3052 5217 3367 5273 miserando

1761 5323 2055 5394 propitium
2102 5321 2206 5377 sibi
2257 5320 2439 5386 faciat,
2492 5334 2652 5389 quem
2711 5315 2980 5384 peccando
3036 5312 3360 5367 oli'enderat.

1759 5417 1914 5474 Unde
1944 5428 1994 5470 et
2017 5416 2200 5470 Daniel
2229 5415 2488 5485 propheta
2519 5408 3120 5482 regemimpiissimum,
3146 5418 3203 5461 ut
3233 5422 3358 5476 pec-

1761 5519 1878 5566 cata
1935 5525 2029 5564 sua
2068 5508 2436 5582 eleemosynis
2486 5506 2802 5573 redimeret,
2855 5511 2908 5556 et
2969 5499 3370 5557 iniset'icordiis

1765 5619 2081 5675 pauperum.
2112 5603 2408 5657 admouere
2432 5597 2661 5666 studuit.

1835 5720 1877 5774 A
1912 5717 2111 5788 pietate
2133 5717 2199 5771 ad
2224 5715 2472 5770 scientiae
2502 5711 2752 5782 spiritum
2786 5711 3208 5788 conscenditur;
3246 5727 3372 5775 nam

1770 5811 2014 5902 quamvis
2040 5810 2290 5882 videatur
2311 5808 2508 5889 aliquis
2533 5805 2824 5880 scientiam
2850 5807 3157 5880 possidere,
3182 5807 3382 5862 stultus

1771 5901 1878 5974 εει,
1902 5907 1948 5962 si
1976 5905 2118 5961 male
2149 5904 2310 5961 vivit.
2337 5904 2477 5973 Quid
2504 5905 2647 5960 enim
2677 5906 2916 5976 stultius,
2946 5920 3106 5978 quam
3131 5901 3383 5964 timorem
