  <div class='ocr_page' id='page_1' title='image "/cluster/home/n/w/nwhite01/storage/ocr_20150623/17/hvd.32044015471329/405.png"; bbox 0 0 3944 6310; ppageno 0'>
   <div class='ocr_carea' id='block_1_1' title="bbox 603 238 2160 319">
    <p class='ocr_par' dir='ltr' id='par_1_1' title="bbox 603 238 2160 299">
     <span class='ocr_line' id='line_1_1' title="bbox 603 238 2160 299; baseline 0.001 -1"><span class='ocrx_word' id='word_1_1' title='bbox 603 238 716 299; x_wconf 79' lang='grc'><strong>799</strong></span> <span class='ocrx_word' id='word_1_2' title='bbox 1636 240 1729 297; x_wconf 81' lang='grc' dir='ltr'><strong>ΑΙ)</strong></span> <span class='ocrx_word' id='word_1_3' title='bbox 1765 238 1998 298; x_wconf 80' lang='lat' dir='ltr'><strong>OPERA</strong></span> <span class='ocrx_word' id='word_1_4' title='bbox 2035 241 2093 299; x_wconf 89' lang='lat' dir='ltr'><strong>S.</strong></span> <span class='ocrx_word' id='word_1_5' title='bbox 2138 243 2160 299; x_wconf 66' lang='grc' dir='ltr'><strong><em>Α</em></strong></span> 
     </span>
    </p>
   </div>
   <div class='ocr_carea' id='block_1_2' title="bbox 2203 238 3760 319">
    <p class='ocr_par' dir='ltr' id='par_1_2' title="bbox 2203 240 3760 319">
     <span class='ocr_line' id='line_1_2' title="bbox 2203 240 3760 319; baseline 0.001 -22"><span class='ocrx_word' id='word_1_6' title='bbox 2203 240 2467 300; x_wconf 75' lang='lat' dir='ltr'><strong>usuusu</strong></span> <span class='ocrx_word' id='word_1_7' title='bbox 2504 241 2871 300; x_wconf 82' lang='lat' dir='ltr'><strong>APPENDIX.</strong></span> <span class='ocrx_word' id='word_1_8' title='bbox 3697 256 3760 319; x_wconf 56' lang='grc' dir='ltr'>εδ,</span> 
     </span>
    </p>
   </div>
   <div class='ocr_carea' id='block_1_3' title="bbox 606 354 3766 439">
    <p class='ocr_par' dir='ltr' id='par_1_3' title="bbox 606 354 3766 439">
     <span class='ocr_line' id='line_1_3' title="bbox 606 354 3766 439; baseline 0.001 -26"><span class='ocrx_word' id='word_1_9' title='bbox 606 354 707 414; x_wconf 88' lang='lat' dir='ltr'><strong>Dei</strong></span> <span class='ocrx_word' id='word_1_10' title='bbox 737 372 767 413; x_wconf 90' lang='lat' dir='ltr'><strong>a</strong></span> <span class='ocrx_word' id='word_1_11' title='bbox 801 364 983 414; x_wconf 89' lang='lat' dir='ltr'><strong>mente</strong></span> <span class='ocrx_word' id='word_1_12' title='bbox 1011 355 1271 427; x_wconf 85' lang='lat' dir='ltr'><strong>abjicerc,</strong></span> <span class='ocrx_word' id='word_1_13' title='bbox 1306 364 1331 394; x_wconf 72' lang='grc' dir='ltr'>α</span> <span class='ocrx_word' id='word_1_14' title='bbox 1362 355 1506 413; x_wconf 88' lang='lat' dir='ltr'><strong>vitiis</strong></span> <span class='ocrx_word' id='word_1_15' title='bbox 1553 355 1855 426; x_wconf 84' lang='lat' dir='ltr'><strong>deservire,</strong></span> <span class='ocrx_word' id='word_1_16' title='bbox 1900 357 2199 428; x_wconf 90' lang='lat' dir='ltr'><strong>rapidoque</strong></span> <span class='ocrx_word' id='word_1_17' title='bbox 2226 359 2273 419; x_wconf 78' lang='grc' dir='ltr'>Α</span> <span class='ocrx_word' id='word_1_18' title='bbox 2300 372 2429 423; x_wconf 81' lang='lat' dir='ltr'><strong>me,</strong></span> <span class='ocrx_word' id='word_1_19' title='bbox 2460 358 2611 422; x_wconf 80' lang='lat' dir='ltr'><strong>vade,</strong></span> <span class='ocrx_word' id='word_1_20' title='bbox 2657 356 2814 411; x_wconf 79' lang='lat' dir='ltr'><strong>vende</strong></span> <span class='ocrx_word' id='word_1_21' title='bbox 2840 357 3012 413; x_wconf 85' lang='lat' dir='ltr'><strong><em>omnia</em></strong></span> <span class='ocrx_word' id='word_1_22' title='bbox 3036 373 3152 431; x_wconf 80' lang='lat' dir='ltr'><strong>qua:</strong></span> <span class='ocrx_word' id='word_1_23' title='bbox 3183 356 3356 426; x_wconf 78' lang='lat' dir='ltr'><strong>habes,</strong></span> <span class='ocrx_word' id='word_1_24' title='bbox 3384 368 3424 415; x_wconf 84' lang='lat' dir='ltr'><strong>et</strong></span> <span class='ocrx_word' id='word_1_25' title='bbox 3449 362 3504 417; x_wconf 80' lang='lat' dir='ltr'><strong>da</strong></span> <span class='ocrx_word' id='word_1_26' title='bbox 3533 372 3766 439; x_wconf 51' lang='grc' dir='ltr'><strong>παρηίδες,</strong></span> 
     </span>
    </p>
   </div>
   <div class='ocr_carea' id='block_1_4' title="bbox 606 450 3770 532">
    <p class='ocr_par' dir='ltr' id='par_1_4' title="bbox 606 450 3770 532">
     <span class='ocr_line' id='line_1_4' title="bbox 606 450 3770 532; baseline 0.002 -26"><span class='ocrx_word' id='word_1_27' title='bbox 606 465 767 507; x_wconf 83' lang='lat' dir='ltr'><strong>cursu</strong></span> <span class='ocrx_word' id='word_1_28' title='bbox 795 450 867 507; x_wconf 88' lang='lat' dir='ltr'><strong>ad</strong></span> <span class='ocrx_word' id='word_1_29' title='bbox 899 451 1181 508; x_wconf 90' lang='lat' dir='ltr'><strong>interitum</strong></span> <span class='ocrx_word' id='word_1_30' title='bbox 1216 451 1548 523; x_wconf 86' lang='lat' dir='ltr'><strong>properare?</strong></span> <span class='ocrx_word' id='word_1_31' title='bbox 1576 450 1634 507; x_wconf 91' lang='lat' dir='ltr'><strong>Si</strong></span> <span class='ocrx_word' id='word_1_32' title='bbox 1666 451 1832 522; x_wconf 91' lang='lat' dir='ltr'><strong>igitur</strong></span> <span class='ocrx_word' id='word_1_33' title='bbox 1854 452 2083 509; x_wconf 90' lang='lat' dir='ltr'><strong>stultitia</strong></span> <span class='ocrx_word' id='word_1_34' title='bbox 2123 459 2209 506; x_wconf 88' lang='lat' dir='ltr'><strong>est</strong></span> <span class='ocrx_word' id='word_1_35' title='bbox 2310 460 2357 505; x_wconf 88' lang='lat' dir='ltr'><strong>et</strong></span> <span class='ocrx_word' id='word_1_36' title='bbox 2406 450 2613 506; x_wconf 77' lang='lat' dir='ltr'><strong>habebis</strong></span> <span class='ocrx_word' id='word_1_37' title='bbox 2660 450 2960 507; x_wconf 75' lang='lat' dir='ltr'><strong>thesaurum</strong></span> <span class='ocrx_word' id='word_1_38' title='bbox 3000 454 3054 508; x_wconf 85' lang='lat' dir='ltr'><strong>in</strong></span> <span class='ocrx_word' id='word_1_39' title='bbox 3100 455 3262 521; x_wconf 71' lang='lat' dir='ltr'><strong>creto;</strong></span> <span class='ocrx_word' id='word_1_40' title='bbox 3305 468 3350 510; x_wconf 82' lang='lat' dir='ltr'><strong>et</strong></span> <span class='ocrx_word' id='word_1_41' title='bbox 3395 459 3508 523; x_wconf 80' lang='lat' dir='ltr'><strong>mi,</strong></span> <span class='ocrx_word' id='word_1_42' title='bbox 3540 478 3697 532; x_wconf 71' lang='lat' dir='ltr'><strong>sequere</strong></span> <span class='ocrx_word' id='word_1_43' title='bbox 3725 488 3770 523; x_wconf 61' lang='grc' dir='ltr'><strong>αι,</strong></span> 
     </span>
    </p>
   </div>
   <div class='ocr_carea' id='block_1_5' title="bbox 606 542 3775 627">
    <p class='ocr_par' dir='ltr' id='par_1_5' title="bbox 606 542 3775 627">
     <span class='ocr_line' id='line_1_5' title="bbox 606 542 3775 627; baseline 0.002 -29"><span class='ocrx_word' id='word_1_44' title='bbox 606 542 756 599; x_wconf 90' lang='lat' dir='ltr'><strong>vitiis</strong></span> <span class='ocrx_word' id='word_1_45' title='bbox 779 542 1086 611; x_wconf 87' lang='lat' dir='ltr'><strong>deservire,</strong></span> <span class='ocrx_word' id='word_1_46' title='bbox 1111 553 1160 599; x_wconf 90' lang='lat' dir='ltr'><strong>et</strong></span> <span class='ocrx_word' id='word_1_47' title='bbox 1190 544 1413 599; x_wconf 90' lang='lat' dir='ltr'><strong>scientia</strong></span> <span class='ocrx_word' id='word_1_48' title='bbox 1439 545 1645 615; x_wconf 88' lang='lat' dir='ltr'><strong>optima</strong></span> <span class='ocrx_word' id='word_1_49' title='bbox 1672 556 1754 602; x_wconf 92' lang='lat' dir='ltr'><strong>est</strong></span> <span class='ocrx_word' id='word_1_50' title='bbox 1776 546 1906 601; x_wconf 90' lang='lat' dir='ltr'><strong>vitia</strong></span> <span class='ocrx_word' id='word_1_51' title='bbox 1926 545 2206 609; x_wconf 83' lang='lat' dir='ltr'><strong>deserere,</strong></span> <span class='ocrx_word' id='word_1_52' title='bbox 2314 544 2529 619; x_wconf 78' lang='lat' dir='ltr'><strong>(Matth.</strong></span> <span class='ocrx_word' id='word_1_53' title='bbox 2572 560 2687 611; x_wconf 65' lang='grc' dir='ltr'>χιχ,</span> <span class='ocrx_word' id='word_1_54' title='bbox 2717 546 2833 616; x_wconf 74' lang='grc'><strong>21).</strong></span> <span class='ocrx_word' id='word_1_55' title='bbox 2886 546 3025 602; x_wconf 85' lang='lat' dir='ltr'><strong>Sunt</strong></span> <span class='ocrx_word' id='word_1_56' title='bbox 3062 562 3295 619; x_wconf 79' lang='lat' dir='ltr'><strong>namque</strong></span> <span class='ocrx_word' id='word_1_57' title='bbox 3337 548 3495 615; x_wconf 91' lang='lat' dir='ltr'><strong>multi,</strong></span> <span class='ocrx_word' id='word_1_58' title='bbox 3527 556 3600 623; x_wconf 86' lang='lat' dir='ltr'><strong>qui</strong></span> <span class='ocrx_word' id='word_1_59' title='bbox 3630 557 3677 610; x_wconf 71' lang='lat' dir='ltr'><strong>ad</strong></span> <span class='ocrx_word' id='word_1_60' title='bbox 3701 575 3775 627; x_wconf 75' lang='lat' dir='ltr'><strong>per.</strong></span> 
     </span>
    </p>
   </div>
   <div class='ocr_carea' id='block_1_6' title="bbox 606 636 3774 711">
    <p class='ocr_par' dir='ltr' id='par_1_6' title="bbox 606 636 3774 711">
     <span class='ocr_line' id='line_1_6' title="bbox 606 636 3774 711; baseline 0.003 -18"><span class='ocrx_word' id='word_1_61' title='bbox 606 646 771 711; x_wconf 87' lang='lat' dir='ltr'><strong>atque</strong></span> <span class='ocrx_word' id='word_1_62' title='bbox 797 637 866 694; x_wconf 91' lang='lat' dir='ltr'><strong>ad</strong></span> <span class='ocrx_word' id='word_1_63' title='bbox 888 638 1056 695; x_wconf 90' lang='lat' dir='ltr'><strong>Deum</strong></span> <span class='ocrx_word' id='word_1_64' title='bbox 1091 647 1202 693; x_wconf 88' lang='lat' dir='ltr'><strong>tota</strong></span> <span class='ocrx_word' id='word_1_65' title='bbox 1232 648 1414 694; x_wconf 90' lang='lat' dir='ltr'><strong>mente</strong></span> <span class='ocrx_word' id='word_1_66' title='bbox 1452 640 1730 704; x_wconf 84' lang='lat' dir='ltr'><strong>converti;</strong></span> <span class='ocrx_word' id='word_1_67' title='bbox 1755 640 2085 711; x_wconf 86' lang='lat' dir='ltr'><strong>quicumque</strong></span> <span class='ocrx_word' id='word_1_68' title='bbox 2115 654 2211 711; x_wconf 89' lang='lat' dir='ltr'><strong>per</strong></span> <span class='ocrx_word' id='word_1_69' title='bbox 2314 636 2564 695; x_wconf 86' lang='lat' dir='ltr'><strong>fectiouis</strong></span> <span class='ocrx_word' id='word_1_70' title='bbox 2592 638 2808 694; x_wconf 83' lang='lat' dir='ltr'><strong>culmen</strong></span> <span class='ocrx_word' id='word_1_71' title='bbox 2845 638 3029 693; x_wconf 91' lang='lat' dir='ltr'><strong>subito</strong></span> <span class='ocrx_word' id='word_1_72' title='bbox 3056 639 3421 696; x_wconf 80' lang='lat' dir='ltr'><strong>conscendere</strong></span> <span class='ocrx_word' id='word_1_73' title='bbox 3447 656 3691 702; x_wconf 84' lang='lat' dir='ltr'><strong>conantur:</strong></span> <span class='ocrx_word' id='word_1_74' title='bbox 3717 656 3774 707; x_wconf 77' lang='lat' dir='ltr'><strong>sed</strong></span> 
     </span>
    </p>
   </div>
   <div class='ocr_carea' id='block_1_7' title="bbox 604 731 3779 805">
    <p class='ocr_par' dir='ltr' id='par_1_7' title="bbox 604 731 3779 805">
     <span class='ocr_line' id='line_1_7' title="bbox 604 731 3779 805; baseline 0.003 -19"><span class='ocrx_word' id='word_1_75' title='bbox 604 731 826 787; x_wconf 84' lang='lat' dir='ltr'><strong>timoris</strong></span> <span class='ocrx_word' id='word_1_76' title='bbox 857 732 1108 802; x_wconf 82' lang='lat' dir='ltr'><strong>spiritum</strong></span> <span class='ocrx_word' id='word_1_77' title='bbox 1140 743 1360 803; x_wconf 89' lang='lat' dir='ltr'><strong>peccata</strong></span> <span class='ocrx_word' id='word_1_78' title='bbox 1392 747 1487 787; x_wconf 89' lang='lat' dir='ltr'><strong>sua</strong></span> <span class='ocrx_word' id='word_1_79' title='bbox 1518 733 1775 805; x_wconf 79' lang='lat' dir='ltr'><strong>plangere</strong></span> <span class='ocrx_word' id='word_1_80' title='bbox 1801 733 2015 804; x_wconf 90' lang='lat' dir='ltr'><strong>incipit,</strong></span> <span class='ocrx_word' id='word_1_81' title='bbox 2038 745 2091 788; x_wconf 92' lang='lat' dir='ltr'><strong>et</strong></span> <span class='ocrx_word' id='word_1_82' title='bbox 2119 748 2213 803; x_wconf 90' lang='lat' dir='ltr'><strong>per</strong></span> <span class='ocrx_word' id='word_1_83' title='bbox 2312 732 2435 803; x_wconf 90' lang='lat' dir='ltr'><strong>quia</strong></span> <span class='ocrx_word' id='word_1_84' title='bbox 2482 747 2580 803; x_wconf 91' lang='lat' dir='ltr'><strong>per</strong></span> <span class='ocrx_word' id='word_1_85' title='bbox 2616 731 2819 803; x_wconf 88' lang='lat' dir='ltr'><strong>gradus</strong></span> <span class='ocrx_word' id='word_1_86' title='bbox 2846 732 3107 787; x_wconf 91' lang='lat' dir='ltr'><strong>virtutum</strong></span> <span class='ocrx_word' id='word_1_87' title='bbox 3157 749 3265 788; x_wconf 91' lang='lat' dir='ltr'><strong>non</strong></span> <span class='ocrx_word' id='word_1_88' title='bbox 3313 735 3654 803; x_wconf 81' lang='lat' dir='ltr'><strong>conscendunt,</strong></span> <span class='ocrx_word' id='word_1_89' title='bbox 3686 742 3779 800; x_wconf 72' lang='lat' dir='ltr'><strong>laciie</strong></span> 
     </span>
    </p>
   </div>
   <div class='ocr_carea' id='block_1_8' title="bbox 605 823 3777 902">
    <p class='ocr_par' dir='ltr' id='par_1_8' title="bbox 605 823 3777 902">
     <span class='ocr_line' id='line_1_8' title="bbox 605 823 3777 902; baseline 0.003 -24"><span class='ocrx_word' id='word_1_90' title='bbox 605 823 825 895; x_wconf 88' lang='lat' dir='ltr'><strong>pietatis</strong></span> <span class='ocrx_word' id='word_1_91' title='bbox 850 824 1105 895; x_wconf 87' lang='lat' dir='ltr'><strong>spiritum</strong></span> <span class='ocrx_word' id='word_1_92' title='bbox 1125 824 1439 880; x_wconf 86' lang='lat' dir='ltr'><strong>misericors</strong></span> <span class='ocrx_word' id='word_1_93' title='bbox 1458 840 1582 896; x_wconf 83' lang='lat' dir='ltr'><strong>erga</strong></span> <span class='ocrx_word' id='word_1_94' title='bbox 1608 825 1917 896; x_wconf 83' lang='lat' dir='ltr'><strong>indigentes</strong></span> <span class='ocrx_word' id='word_1_95' title='bbox 1944 841 2067 882; x_wconf 87' lang='lat' dir='ltr'><strong>esse</strong></span> <span class='ocrx_word' id='word_1_96' title='bbox 2099 834 2214 880; x_wconf 87' lang='lat' dir='ltr'><strong>stu-</strong></span> <span class='ocrx_word' id='word_1_97' title='bbox 2314 835 2596 881; x_wconf 85' lang='lat' dir='ltr'><strong>corruunt.</strong></span> <span class='ocrx_word' id='word_1_98' title='bbox 2616 824 2755 892; x_wconf 84' lang='lat' dir='ltr'><strong>Quid</strong></span> <span class='ocrx_word' id='word_1_99' title='bbox 2773 825 2917 881; x_wconf 90' lang='lat' dir='ltr'><strong>enim</strong></span> <span class='ocrx_word' id='word_1_100' title='bbox 2948 824 3175 893; x_wconf 76' lang='lat' dir='ltr'><strong>prodest</strong></span> <span class='ocrx_word' id='word_1_101' title='bbox 3197 826 3530 883; x_wconf 83' lang='lat' dir='ltr'><strong>substantiam</strong></span> <span class='ocrx_word' id='word_1_102' title='bbox 3553 832 3777 902; x_wconf 72' lang='lat' dir='ltr'><strong>relinquere,</strong></span> 
     </span>
    </p>
   </div>
   <div class='ocr_carea' id='block_1_9' title="bbox 605 917 3780 993">
    <p class='ocr_par' dir='ltr' id='par_1_9' title="bbox 605 917 3780 993">
     <span class='ocr_line' id='line_1_9' title="bbox 605 917 3780 993; baseline 0.002 -19"><span class='ocrx_word' id='word_1_103' title='bbox 605 917 724 985; x_wconf 89' lang='lat' dir='ltr'><strong>det,</strong></span> <span class='ocrx_word' id='word_1_104' title='bbox 768 926 828 974; x_wconf 88' lang='lat' dir='ltr'><strong>ut</strong></span> <span class='ocrx_word' id='word_1_105' title='bbox 870 919 1043 977; x_wconf 89' lang='lat' dir='ltr'><strong>Deum</strong></span> <span class='ocrx_word' id='word_1_106' title='bbox 1091 918 1231 975; x_wconf 89' lang='lat' dir='ltr'><strong>alios</strong></span> <span class='ocrx_word' id='word_1_107' title='bbox 1280 920 1619 985; x_wconf 85' lang='lat' dir='ltr'><strong>miserando,</strong></span> <span class='ocrx_word' id='word_1_108' title='bbox 1658 920 2069 976; x_wconf 89' lang='lat' dir='ltr'><strong>misericordem</strong></span> <span class='ocrx_word' id='word_1_109' title='bbox 2110 920 2213 975; x_wconf 84' lang='lat' dir='ltr'><strong>sibi</strong></span> <span class='ocrx_word' id='word_1_110' title='bbox 2317 919 2361 973; x_wconf 88' lang='lat' dir='ltr'><strong>si</strong></span> <span class='ocrx_word' id='word_1_111' title='bbox 2408 919 2565 985; x_wconf 89' lang='lat' dir='ltr'><strong>iram,</strong></span> <span class='ocrx_word' id='word_1_112' title='bbox 2601 917 2812 985; x_wconf 88' lang='lat' dir='ltr'><strong>odium,</strong></span> <span class='ocrx_word' id='word_1_113' title='bbox 2858 918 3202 983; x_wconf 88' lang='lat' dir='ltr'><strong>ebrietatem,</strong></span> <span class='ocrx_word' id='word_1_114' title='bbox 3250 918 3512 987; x_wconf 79' lang='lat' dir='ltr'><strong>invidiam,</strong></span> <span class='ocrx_word' id='word_1_115' title='bbox 3551 925 3780 993; x_wconf 75' lang='lat' dir='ltr'><strong>superbiam,</strong></span> 
     </span>
    </p>
   </div>
   <div class='ocr_carea' id='block_1_10' title="bbox 606 1012 3781 1086">
    <p class='ocr_par' dir='ltr' id='par_1_10' title="bbox 606 1012 3781 1086">
     <span class='ocr_line' id='line_1_10' title="bbox 606 1012 3781 1086; baseline 0.002 -19"><span class='ocrx_word' id='word_1_116' title='bbox 606 1012 795 1079; x_wconf 90' lang='lat' dir='ltr'><strong>faciat,</strong></span> <span class='ocrx_word' id='word_1_117' title='bbox 847 1026 1076 1069; x_wconf 88' lang='lat' dir='ltr'><strong>necesse</strong></span> <span class='ocrx_word' id='word_1_118' title='bbox 1129 1024 1215 1070; x_wconf 90' lang='lat' dir='ltr'><strong>est</strong></span> <span class='ocrx_word' id='word_1_119' title='bbox 1256 1022 1316 1069; x_wconf 81' lang='grc' dir='ltr'><strong>ιη</strong></span> <span class='ocrx_word' id='word_1_120' title='bbox 1361 1028 1460 1084; x_wconf 91' lang='lat' dir='ltr'><strong>per</strong></span> <span class='ocrx_word' id='word_1_121' title='bbox 1500 1014 1703 1070; x_wconf 88' lang='lat' dir='ltr'><strong>donum</strong></span> <span class='ocrx_word' id='word_1_122' title='bbox 1751 1015 1926 1071; x_wconf 86' lang='lat' dir='ltr'><strong>sancti</strong></span> <span class='ocrx_word' id='word_1_123' title='bbox 1975 1015 2215 1086; x_wconf 90' lang='lat' dir='ltr'><strong>Spiritus</strong></span> <span class='ocrx_word' id='word_1_124' title='bbox 2316 1028 2508 1067; x_wconf 89' lang='lat' dir='ltr'><strong>vanam</strong></span> <span class='ocrx_word' id='word_1_125' title='bbox 2537 1014 2793 1085; x_wconf 79' lang='lat' dir='ltr'><strong>gloriam,</strong></span> <span class='ocrx_word' id='word_1_126' title='bbox 2819 1024 3129 1085; x_wconf 76' lang='lat' dir='ltr'><strong>caeteraqne</strong></span> <span class='ocrx_word' id='word_1_127' title='bbox 3159 1014 3319 1082; x_wconf 86' lang='lat' dir='ltr'><strong>vitia,</strong></span> <span class='ocrx_word' id='word_1_128' title='bbox 3356 1031 3466 1086; x_wconf 71' lang='lat' dir='ltr'><strong>qua:</strong></span> <span class='ocrx_word' id='word_1_129' title='bbox 3500 1018 3781 1076; x_wconf 78' lang='lat' dir='ltr'><strong>occiduntani-</strong></span> 
     </span>
    </p>
   </div>
   <div class='ocr_carea' id='block_1_11' title="bbox 608 1105 3783 1184">
    <p class='ocr_par' dir='ltr' id='par_1_11' title="bbox 608 1105 3783 1184">
     <span class='ocr_line' id='line_1_11' title="bbox 608 1105 3783 1184; baseline 0.002 -22"><span class='ocrx_word' id='word_1_130' title='bbox 608 1105 855 1162; x_wconf 64' lang='lat' dir='ltr'><strong>scientia:</strong></span> <span class='ocrx_word' id='word_1_131' title='bbox 897 1106 1147 1176; x_wconf 87' lang='lat' dir='ltr'><strong>spiritum</strong></span> <span class='ocrx_word' id='word_1_132' title='bbox 1181 1107 1483 1178; x_wconf 85' lang='lat' dir='ltr'><strong>possideat.</strong></span> <span class='ocrx_word' id='word_1_133' title='bbox 1530 1107 1869 1180; x_wconf 85' lang='lat' dir='ltr'><strong>Quicumque</strong></span> <span class='ocrx_word' id='word_1_134' title='bbox 1897 1110 2043 1164; x_wconf 92' lang='lat' dir='ltr'><strong>enim</strong></span> <span class='ocrx_word' id='word_1_135' title='bbox 2086 1124 2216 1165; x_wconf 87' lang='lat' dir='ltr'><strong>con-</strong></span> <span class='ocrx_word' id='word_1_136' title='bbox 2318 1124 2484 1174; x_wconf 88' lang='lat' dir='ltr'><strong>mam,</strong></span> <span class='ocrx_word' id='word_1_137' title='bbox 2528 1123 2557 1161; x_wconf 88' lang='lat' dir='ltr'><strong>a</strong></span> <span class='ocrx_word' id='word_1_138' title='bbox 2601 1118 2781 1164; x_wconf 90' lang='lat' dir='ltr'><strong>mente</strong></span> <span class='ocrx_word' id='word_1_139' title='bbox 2810 1122 2905 1163; x_wconf 90' lang='lat' dir='ltr'><strong>sua</strong></span> <span class='ocrx_word' id='word_1_140' title='bbox 2945 1126 3048 1163; x_wconf 88' lang='lat' dir='ltr'><strong>non</strong></span> <span class='ocrx_word' id='word_1_141' title='bbox 3079 1108 3333 1177; x_wconf 85' lang='lat' dir='ltr'><strong>abjiciat?</strong></span> <span class='ocrx_word' id='word_1_142' title='bbox 3368 1109 3475 1165; x_wconf 75' lang='lat' dir='ltr'><strong>Non</strong></span> <span class='ocrx_word' id='word_1_143' title='bbox 3502 1112 3620 1167; x_wconf 89' lang='lat' dir='ltr'><strong>enim</strong></span> <span class='ocrx_word' id='word_1_144' title='bbox 3647 1116 3783 1184; x_wconf 81' lang='lat' dir='ltr'><strong>prodest</strong></span> 
     </span>
    </p>
   </div>
   <div class='ocr_carea' id='block_1_12' title="bbox 608 1200 3783 1276">
    <p class='ocr_par' dir='ltr' id='par_1_12' title="bbox 608 1200 3783 1276">
     <span class='ocr_line' id='line_1_12' title="bbox 608 1200 3783 1276; baseline 0.002 -20"><span class='ocrx_word' id='word_1_145' title='bbox 608 1203 752 1257; x_wconf 84' lang='lat' dir='ltr'><strong>verti</strong></span> <span class='ocrx_word' id='word_1_146' title='bbox 781 1202 848 1257; x_wconf 91' lang='lat' dir='ltr'><strong>ad</strong></span> <span class='ocrx_word' id='word_1_147' title='bbox 875 1201 1044 1258; x_wconf 91' lang='lat' dir='ltr'><strong>Deum</strong></span> <span class='ocrx_word' id='word_1_148' title='bbox 1073 1201 1376 1269; x_wconf 88' lang='lat' dir='ltr'><strong>desiderat,</strong></span> <span class='ocrx_word' id='word_1_149' title='bbox 1406 1217 1632 1259; x_wconf 88' lang='lat' dir='ltr'><strong>necesse</strong></span> <span class='ocrx_word' id='word_1_150' title='bbox 1661 1214 1746 1257; x_wconf 91' lang='lat' dir='ltr'><strong>est</strong></span> <span class='ocrx_word' id='word_1_151' title='bbox 1770 1200 1798 1240; x_wconf 70' lang='grc' dir='ltr'><strong>ι)</strong></span> <span class='ocrx_word' id='word_1_152' title='bbox 1819 1211 1875 1257; x_wconf 92' lang='lat' dir='ltr'><strong>ut</strong></span> <span class='ocrx_word' id='word_1_153' title='bbox 1900 1201 2031 1258; x_wconf 89' lang='lat' dir='ltr'><strong>vitia</strong></span> <span class='ocrx_word' id='word_1_154' title='bbox 2057 1203 2217 1259; x_wconf 83' lang='lat' dir='ltr'><strong>dere-</strong></span> <span class='ocrx_word' id='word_1_155' title='bbox 2317 1202 2574 1257; x_wconf 83' lang='lat' dir='ltr'><strong>arborem</strong></span> <span class='ocrx_word' id='word_1_156' title='bbox 2612 1202 3011 1267; x_wconf 83' lang='lat' dir='ltr'><strong>conscendere,</strong></span> <span class='ocrx_word' id='word_1_157' title='bbox 3038 1211 3095 1257; x_wconf 93' lang='lat' dir='ltr'><strong>ut</strong></span> <span class='ocrx_word' id='word_1_158' title='bbox 3126 1202 3342 1258; x_wconf 84' lang='lat' dir='ltr'><strong>leonem</strong></span> <span class='ocrx_word' id='word_1_159' title='bbox 3365 1203 3563 1272; x_wconf 81' lang='lat' dir='ltr'><strong>evadat;</strong></span> <span class='ocrx_word' id='word_1_160' title='bbox 3589 1205 3624 1260; x_wconf 86' lang='lat' dir='ltr'><strong>si</strong></span> <span class='ocrx_word' id='word_1_161' title='bbox 3647 1223 3783 1276; x_wconf 62' lang='lat' dir='ltr'><strong>seqare</strong></span> 
     </span>
    </p>
   </div>
   <div class='ocr_carea' id='block_1_13' title="bbox 605 1293 3782 1368">
    <p class='ocr_par' dir='ltr' id='par_1_13' title="bbox 605 1293 3782 1368">
     <span class='ocr_line' id='line_1_13' title="bbox 605 1293 3782 1368; baseline 0.002 -20"><span class='ocrx_word' id='word_1_162' title='bbox 605 1293 857 1365; x_wconf 86' lang='lat' dir='ltr'><strong>linquat:</strong></span> <span class='ocrx_word' id='word_1_163' title='bbox 888 1305 945 1351; x_wconf 93' lang='lat' dir='ltr'><strong>et</strong></span> <span class='ocrx_word' id='word_1_164' title='bbox 972 1297 1306 1367; x_wconf 87' lang='lat' dir='ltr'><strong>quicumque</strong></span> <span class='ocrx_word' id='word_1_165' title='bbox 1327 1296 1457 1350; x_wconf 91' lang='lat' dir='ltr'><strong>vitia</strong></span> <span class='ocrx_word' id='word_1_166' title='bbox 1486 1295 1743 1351; x_wconf 88' lang='lat' dir='ltr'><strong>deserere</strong></span> <span class='ocrx_word' id='word_1_167' title='bbox 1782 1296 1956 1367; x_wconf 90' lang='lat' dir='ltr'><strong>cupit,</strong></span> <span class='ocrx_word' id='word_1_168' title='bbox 1991 1311 2219 1353; x_wconf 87' lang='lat' dir='ltr'><strong>necesse</strong></span> <span class='ocrx_word' id='word_1_169' title='bbox 2318 1304 2429 1353; x_wconf 87' lang='lat' dir='ltr'><strong>tem</strong></span> <span class='ocrx_word' id='word_1_170' title='bbox 2473 1298 2526 1353; x_wconf 91' lang='lat' dir='ltr'><strong>in</strong></span> <span class='ocrx_word' id='word_1_171' title='bbox 2560 1296 2682 1354; x_wconf 89' lang='lat' dir='ltr'><strong>sinu</strong></span> <span class='ocrx_word' id='word_1_172' title='bbox 2720 1305 2919 1368; x_wconf 84' lang='lat' dir='ltr'><strong>gestet,</strong></span> <span class='ocrx_word' id='word_1_173' title='bbox 2960 1296 3117 1367; x_wconf 83' lang='lat' dir='ltr'><strong>cujus</strong></span> <span class='ocrx_word' id='word_1_174' title='bbox 3157 1312 3369 1353; x_wconf 89' lang='lat' dir='ltr'><strong>veneno</strong></span> <span class='ocrx_word' id='word_1_175' title='bbox 3400 1308 3580 1367; x_wconf 79' lang='lat' dir='ltr'><strong>pereat.</strong></span> <span class='ocrx_word' id='word_1_176' title='bbox 3605 1298 3686 1355; x_wconf 82' lang='lat' dir='ltr'><strong>Nec</strong></span> <span class='ocrx_word' id='word_1_177' title='bbox 3712 1302 3782 1357; x_wconf 74' lang='lat' dir='ltr'><strong>diti!</strong></span> 
     </span>
    </p>
   </div>
   <div class='ocr_carea' id='block_1_14' title="bbox 610 1388 3785 1462">
    <p class='ocr_par' dir='ltr' id='par_1_14' title="bbox 610 1388 3785 1462">
     <span class='ocr_line' id='line_1_14' title="bbox 610 1388 3785 1462; baseline 0.001 -17"><span class='ocrx_word' id='word_1_178' title='bbox 610 1397 701 1445; x_wconf 88' lang='lat' dir='ltr'><strong>est</strong></span> <span class='ocrx_word' id='word_1_179' title='bbox 731 1399 789 1444; x_wconf 90' lang='lat' dir='ltr'><strong>ut</strong></span> <span class='ocrx_word' id='word_1_180' title='bbox 820 1406 918 1459; x_wconf 92' lang='lat' dir='ltr'><strong>per</strong></span> <span class='ocrx_word' id='word_1_181' title='bbox 953 1389 1257 1446; x_wconf 82' lang='lat' dir='ltr'><strong>doctrinam</strong></span> <span class='ocrx_word' id='word_1_182' title='bbox 1292 1390 1600 1446; x_wconf 90' lang='lat' dir='ltr'><strong>divinarum</strong></span> <span class='ocrx_word' id='word_1_183' title='bbox 1629 1391 2062 1462; x_wconf 89' lang='lat' dir='ltr'><strong>Scripturarum,</strong></span> <span class='ocrx_word' id='word_1_184' title='bbox 2106 1393 2220 1448; x_wconf 86' lang='lat' dir='ltr'><strong>sive</strong></span> <span class='ocrx_word' id='word_1_185' title='bbox 2319 1389 2585 1445; x_wconf 80' lang='lat' dir='ltr'><strong>Dominus</strong></span> <span class='ocrx_word' id='word_1_186' title='bbox 2616 1389 2765 1445; x_wconf 89' lang='lat' dir='ltr'><strong>illum</strong></span> <span class='ocrx_word' id='word_1_187' title='bbox 2794 1388 3096 1460; x_wconf 89' lang='lat' dir='ltr'><strong>perfectum</strong></span> <span class='ocrx_word' id='word_1_188' title='bbox 3128 1404 3273 1457; x_wconf 90' lang='lat' dir='ltr'><strong>esse,</strong></span> <span class='ocrx_word' id='word_1_189' title='bbox 3298 1389 3390 1461; x_wconf 93' lang='lat' dir='ltr'><strong>qui</strong></span> <span class='ocrx_word' id='word_1_190' title='bbox 3418 1392 3704 1447; x_wconf 78' lang='lat' dir='ltr'><strong>substantiam</strong></span> <span class='ocrx_word' id='word_1_191' title='bbox 3720 1408 3785 1449; x_wconf 68' lang='lat' dir='ltr'><strong>tan.</strong></span> 
     </span>
    </p>
   </div>
   <div class='ocr_carea' id='block_1_15' title="bbox 609 1480 3782 1560">
    <p class='ocr_par' dir='ltr' id='par_1_15' title="bbox 609 1480 3782 1560">
     <span class='ocr_line' id='line_1_15' title="bbox 609 1480 3782 1560; baseline 0.003 -23"><span class='ocrx_word' id='word_1_192' title='bbox 609 1497 712 1555; x_wconf 89' lang='lat' dir='ltr'><strong>per</strong></span> <span class='ocrx_word' id='word_1_193' title='bbox 743 1484 1190 1553; x_wconf 69' lang='lat' dir='ltr'><strong>praedicationem</strong></span> <span class='ocrx_word' id='word_1_194' title='bbox 1228 1493 1552 1541; x_wconf 89' lang='lat' dir='ltr'><strong>sanctorum</strong></span> <span class='ocrx_word' id='word_1_195' title='bbox 1596 1487 1867 1552; x_wconf 90' lang='lat' dir='ltr'><strong>virorum,</strong></span> <span class='ocrx_word' id='word_1_196' title='bbox 1895 1486 2070 1543; x_wconf 78' lang='lat' dir='ltr'><strong>discat</strong></span> <span class='ocrx_word' id='word_1_197' title='bbox 2097 1504 2221 1560; x_wconf 74' lang='lat' dir='ltr'><strong>qua:</strong></span> <span class='ocrx_word' id='word_1_198' title='bbox 2323 1481 2599 1538; x_wconf 90' lang='lat' dir='ltr'><strong>tummodo</strong></span> <span class='ocrx_word' id='word_1_199' title='bbox 2629 1480 2930 1547; x_wconf 82' lang='lat' dir='ltr'><strong>dimiserit;</strong></span> <span class='ocrx_word' id='word_1_200' title='bbox 2956 1481 3051 1536; x_wconf 67' lang='lat' dir='ltr'><strong>sed</strong></span> <span class='ocrx_word' id='word_1_201' title='bbox 3084 1497 3210 1537; x_wconf 72' lang='lat' dir='ltr'><strong>eum</strong></span> <span class='ocrx_word' id='word_1_202' title='bbox 3240 1482 3335 1552; x_wconf 84' lang='lat' dir='ltr'><strong>qui</strong></span> <span class='ocrx_word' id='word_1_203' title='bbox 3366 1482 3717 1539; x_wconf 63' lang='grc' dir='ltr'><strong>θῐευὺδῑτιηιὶθιιι</strong></span> <span class='ocrx_word' id='word_1_204' title='bbox 3738 1487 3782 1540; x_wconf 75' lang='lat' dir='ltr'><strong>di-</strong></span> 
     </span>
    </p>
   </div>
   <div class='ocr_carea' id='block_1_16' title="bbox 609 1575 3783 1652">
    <p class='ocr_par' dir='ltr' id='par_1_16' title="bbox 609 1575 3783 1652">
     <span class='ocr_line' id='line_1_16' title="bbox 609 1575 3783 1652; baseline -0 -18"><span class='ocrx_word' id='word_1_205' title='bbox 609 1577 729 1634; x_wconf 91' lang='lat' dir='ltr'><strong>sint</strong></span> <span class='ocrx_word' id='word_1_206' title='bbox 757 1593 959 1649; x_wconf 88' lang='lat' dir='ltr'><strong>genera</strong></span> <span class='ocrx_word' id='word_1_207' title='bbox 984 1579 1265 1648; x_wconf 89' lang='lat' dir='ltr'><strong>vitiorum,</strong></span> <span class='ocrx_word' id='word_1_208' title='bbox 1294 1578 1529 1652; x_wconf 90' lang='lat' dir='ltr'><strong>qualiter</strong></span> <span class='ocrx_word' id='word_1_209' title='bbox 1551 1581 1804 1637; x_wconf 89' lang='lat' dir='ltr'><strong>homines</strong></span> <span class='ocrx_word' id='word_1_210' title='bbox 1829 1583 2220 1652; x_wconf 76' lang='lat' dir='ltr'><strong>ill.iqucent,et</strong></span> <span class='ocrx_word' id='word_1_211' title='bbox 2322 1578 2553 1643; x_wconf 83' lang='lat' dir='ltr'><strong>miserit,</strong></span> <span class='ocrx_word' id='word_1_212' title='bbox 2600 1588 2655 1632; x_wconf 90' lang='lat' dir='ltr'><strong>et</strong></span> <span class='ocrx_word' id='word_1_213' title='bbox 2707 1576 2883 1647; x_wconf 91' lang='lat' dir='ltr'><strong>ipsum</strong></span> <span class='ocrx_word' id='word_1_214' title='bbox 2929 1585 3149 1631; x_wconf 90' lang='lat' dir='ltr'><strong>secutus</strong></span> <span class='ocrx_word' id='word_1_215' title='bbox 3194 1575 3381 1631; x_wconf 88' lang='lat' dir='ltr'><strong>fuerit.</strong></span> <span class='ocrx_word' id='word_1_216' title='bbox 3415 1575 3656 1647; x_wconf 89' lang='lat' dir='ltr'><strong>Sequimur</strong></span> <span class='ocrx_word' id='word_1_217' title='bbox 3680 1592 3783 1635; x_wconf 71' lang='lat' dir='ltr'><strong>autem</strong></span> 
     </span>
    </p>
   </div>
   <div class='ocr_carea' id='block_1_17' title="bbox 616 1672 3784 1747">
    <p class='ocr_par' dir='ltr' id='par_1_17' title="bbox 616 1672 3784 1747">
     <span class='ocr_line' id='line_1_17' title="bbox 616 1672 3784 1747; baseline 0.001 -21"><span class='ocrx_word' id='word_1_218' title='bbox 616 1672 819 1743; x_wconf 88' lang='lat' dir='ltr'><strong>quibus</strong></span> <span class='ocrx_word' id='word_1_219' title='bbox 841 1672 1018 1728; x_wconf 88' lang='lat' dir='ltr'><strong>modis</strong></span> <span class='ocrx_word' id='word_1_220' title='bbox 1045 1674 1319 1746; x_wconf 76' lang='lat' dir='ltr'><strong>exstingui</strong></span> <span class='ocrx_word' id='word_1_221' title='bbox 1362 1672 1607 1745; x_wconf 89' lang='lat' dir='ltr'><strong>possint;</strong></span> <span class='ocrx_word' id='word_1_222' title='bbox 1639 1691 1758 1747; x_wconf 80' lang='lat' dir='ltr'><strong>qua:</strong></span> <span class='ocrx_word' id='word_1_223' title='bbox 1797 1678 1905 1731; x_wconf 90' lang='lat' dir='ltr'><strong>sint</strong></span> <span class='ocrx_word' id='word_1_224' title='bbox 1934 1680 2097 1731; x_wconf 87' lang='lat' dir='ltr'><strong>etiam</strong></span> <span class='ocrx_word' id='word_1_225' title='bbox 2127 1678 2221 1731; x_wconf 85' lang='lat' dir='ltr'><strong>dc-</strong></span> <span class='ocrx_word' id='word_1_226' title='bbox 2324 1675 2495 1740; x_wconf 89' lang='lat' dir='ltr'><strong>illum,</strong></span> <span class='ocrx_word' id='word_1_227' title='bbox 2525 1673 2739 1745; x_wconf 86' lang='lat' dir='ltr'><strong>quando</strong></span> <span class='ocrx_word' id='word_1_228' title='bbox 2767 1672 3065 1728; x_wconf 83' lang='lat' dir='ltr'><strong>imitamur.</strong></span> <span class='ocrx_word' id='word_1_229' title='bbox 3097 1672 3178 1727; x_wconf 90' lang='lat' dir='ltr'><strong>Ad</strong></span> <span class='ocrx_word' id='word_1_230' title='bbox 3222 1672 3327 1727; x_wconf 91' lang='lat' dir='ltr'><strong>hoc</strong></span> <span class='ocrx_word' id='word_1_231' title='bbox 3370 1672 3521 1742; x_wconf 81' lang='lat' dir='ltr'><strong>igitur</strong></span> <span class='ocrx_word' id='word_1_232' title='bbox 3555 1672 3784 1744; x_wconf 68' lang='lat' dir='ltr'><strong>perfectioris</strong></span> 
     </span>
    </p>
   </div>
   <div class='ocr_carea' id='block_1_18' title="bbox 613 1764 3785 1848">
    <p class='ocr_par' dir='ltr' id='par_1_18' title="bbox 613 1764 3785 1848">
     <span class='ocr_line' id='line_1_18' title="bbox 613 1764 3785 1848; baseline -0.001 -26"><span class='ocrx_word' id='word_1_233' title='bbox 613 1772 901 1840; x_wconf 85' lang='lat' dir='ltr'><strong>ceptioues</strong></span> <span class='ocrx_word' id='word_1_234' title='bbox 927 1771 1262 1841; x_wconf 78' lang='lat' dir='ltr'><strong>daemonum,</strong></span> <span class='ocrx_word' id='word_1_235' title='bbox 1296 1784 1350 1829; x_wconf 89' lang='lat' dir='ltr'><strong>et</strong></span> <span class='ocrx_word' id='word_1_236' title='bbox 1377 1772 1611 1846; x_wconf 87' lang='lat' dir='ltr'><strong>qualiter</strong></span> <span class='ocrx_word' id='word_1_237' title='bbox 1635 1784 1826 1832; x_wconf 88' lang='lat' dir='ltr'><strong>contra</strong></span> <span class='ocrx_word' id='word_1_238' title='bbox 1854 1790 1950 1831; x_wconf 90' lang='lat' dir='ltr'><strong>eos</strong></span> <span class='ocrx_word' id='word_1_239' title='bbox 1978 1791 2223 1848; x_wconf 88' lang='lat' dir='ltr'><strong>pngnan-</strong></span> <span class='ocrx_word' id='word_1_240' title='bbox 2252 1766 2299 1827; x_wconf 87' lang='lat' dir='ltr'><strong>B</strong></span> <span class='ocrx_word' id='word_1_241' title='bbox 2325 1766 2544 1822; x_wconf 89' lang='lat' dir='ltr'><strong>culmen</strong></span> <span class='ocrx_word' id='word_1_242' title='bbox 2570 1766 2661 1821; x_wconf 90' lang='lat' dir='ltr'><strong>ille</strong></span> <span class='ocrx_word' id='word_1_243' title='bbox 2692 1765 3025 1836; x_wconf 90' lang='lat' dir='ltr'><strong>competenti</strong></span> <span class='ocrx_word' id='word_1_244' title='bbox 3056 1765 3227 1835; x_wconf 87' lang='lat' dir='ltr'><strong>gradu</strong></span> <span class='ocrx_word' id='word_1_245' title='bbox 3261 1764 3578 1830; x_wconf 87' lang='lat' dir='ltr'><strong>conscendit,</strong></span> <span class='ocrx_word' id='word_1_246' title='bbox 3610 1768 3675 1836; x_wconf 87' lang='lat' dir='ltr'><strong>qui</strong></span> <span class='ocrx_word' id='word_1_247' title='bbox 3702 1770 3785 1837; x_wconf 79' lang='lat' dir='ltr'><strong>prius</strong></span> 
     </span>
    </p>
   </div>
   <div class='ocr_carea' id='block_1_19' title="bbox 617 1856 2174 1940">
    <p class='ocr_par' dir='ltr' id='par_1_19' title="bbox 617 1866 2174 1940">
     <span class='ocr_line' id='line_1_19' title="bbox 617 1866 2174 1940; baseline 0.001 -18"><span class='ocrx_word' id='word_1_248' title='bbox 617 1866 751 1922; x_wconf 88' lang='lat' dir='ltr'><strong>dum</strong></span> <span class='ocrx_word' id='word_1_249' title='bbox 780 1866 849 1922; x_wconf 89' lang='lat' dir='ltr'><strong>sit</strong></span> <span class='ocrx_word' id='word_1_250' title='bbox 876 1882 890 1921; x_wconf 93' lang='lat'><strong>:</strong></span> <span class='ocrx_word' id='word_1_251' title='bbox 923 1868 1025 1922; x_wconf 91' lang='lat' dir='ltr'><strong>hoc</strong></span> <span class='ocrx_word' id='word_1_252' title='bbox 1051 1877 1135 1922; x_wconf 83' lang='lat' dir='ltr'><strong>est</strong></span> <span class='ocrx_word' id='word_1_253' title='bbox 1168 1868 1331 1938; x_wconf 88' lang='lat' dir='ltr'><strong>igitur</strong></span> <span class='ocrx_word' id='word_1_254' title='bbox 1356 1868 1601 1925; x_wconf 70' lang='lat' dir='ltr'><strong>scientia:</strong></span> <span class='ocrx_word' id='word_1_255' title='bbox 1631 1867 1879 1939; x_wconf 87' lang='lat' dir='ltr'><strong>spiritum</strong></span> <span class='ocrx_word' id='word_1_256' title='bbox 1912 1869 2174 1940; x_wconf 77' lang='lat' dir='ltr'><strong>possideri</strong></span> 
     </span>
    </p>
   </div>
   <div class='ocr_carea' id='block_1_20' title="bbox 2229 1856 3786 1940">
    <p class='ocr_par' dir='ltr' id='par_1_20' title="bbox 2326 1856 3786 1927">
     <span class='ocr_line' id='line_1_20' title="bbox 2326 1856 3786 1927; baseline -0.002 -14"><span class='ocrx_word' id='word_1_257' title='bbox 2326 1859 2471 1913; x_wconf 79' lang='lat' dir='ltr'><strong>vitiis</strong></span> <span class='ocrx_word' id='word_1_258' title='bbox 2500 1857 2922 1920; x_wconf 86' lang='lat' dir='ltr'><strong>abrenuntiatis,</strong></span> <span class='ocrx_word' id='word_1_259' title='bbox 2958 1872 3054 1926; x_wconf 87' lang='lat' dir='ltr'><strong>per</strong></span> <span class='ocrx_word' id='word_1_260' title='bbox 3082 1856 3357 1912; x_wconf 90' lang='lat' dir='ltr'><strong>actualem</strong></span> <span class='ocrx_word' id='word_1_261' title='bbox 3401 1857 3547 1910; x_wconf 88' lang='lat' dir='ltr'><strong>vitam</strong></span> <span class='ocrx_word' id='word_1_262' title='bbox 3585 1866 3603 1893; x_wconf 73' lang='grc' dir='ltr'><strong>ε</strong></span> <span class='ocrx_word' id='word_1_263' title='bbox 3628 1860 3786 1927; x_wconf 67' lang='lat' dir='ltr'><strong>querir-</strong></span> 
     </span>
    </p>
   </div>
   <div class='ocr_carea' id='block_1_21' title="bbox 696 1948 2253 2035">
    <p class='ocr_par' dir='ltr' id='par_1_21' title="bbox 696 1960 2217 2035">
     <span class='ocr_line' id='line_1_21' title="bbox 696 1960 2217 2035; baseline 0.001 -19"><span class='ocrx_word' id='word_1_264' title='bbox 696 1960 763 2016; x_wconf 86' lang='lat' dir='ltr'><strong>Et</strong></span> <span class='ocrx_word' id='word_1_265' title='bbox 804 1961 929 2031; x_wconf 84' lang='lat' dir='ltr'><strong>quia</strong></span> <span class='ocrx_word' id='word_1_266' title='bbox 971 1961 1231 2018; x_wconf 86' lang='lat' dir='ltr'><strong>Salomon</strong></span> <span class='ocrx_word' id='word_1_267' title='bbox 1280 1962 1411 2018; x_wconf 86' lang='lat' dir='ltr'><strong>dicit</strong></span> <span class='ocrx_word' id='word_1_268' title='bbox 1454 1965 1579 2032; x_wconf 85' lang='lat' dir='ltr'><strong>quia</strong></span> <span class='ocrx_word' id='word_1_269' title='bbox 1617 1965 1705 2035; x_wconf 86' lang='lat' dir='ltr'><strong>qui</strong></span> <span class='ocrx_word' id='word_1_270' title='bbox 1745 1964 1891 2018; x_wconf 80' lang='lat' dir='ltr'><strong>addit</strong></span> <span class='ocrx_word' id='word_1_271' title='bbox 1930 1964 2217 2033; x_wconf 79' lang='lat' dir='ltr'><strong>scientiam,</strong></span> 
     </span>
    </p>
   </div>
   <div class='ocr_carea' id='block_1_22' title="bbox 2226 1948 3783 2035">
    <p class='ocr_par' dir='ltr' id='par_1_22' title="bbox 2324 1948 3783 2021">
     <span class='ocr_line' id='line_1_22' title="bbox 2324 1948 3783 2021; baseline -0.003 -14"><span class='ocrx_word' id='word_1_272' title='bbox 2324 1952 2528 2008; x_wconf 77' lang='lat' dir='ltr'><strong>tatibus</strong></span> <span class='ocrx_word' id='word_1_273' title='bbox 2560 1949 2859 2021; x_wconf 85' lang='lat' dir='ltr'><strong>perficitur,</strong></span> <span class='ocrx_word' id='word_1_274' title='bbox 2892 1948 2958 2004; x_wconf 89' lang='lat' dir='ltr'><strong>ad</strong></span> <span class='ocrx_word' id='word_1_275' title='bbox 2989 1948 3467 2019; x_wconf 88' lang='lat' dir='ltr'><strong>contemplativam</strong></span> <span class='ocrx_word' id='word_1_276' title='bbox 3495 1949 3783 2017; x_wconf 60' lang='lat' dir='ltr'><strong>conscenditia</strong></span> 
     </span>
    </p>
   </div>
   <div class='ocr_carea' id='block_1_23' title="bbox 619 2042 3783 2127">
    <p class='ocr_par' dir='ltr' id='par_1_23' title="bbox 619 2042 3783 2127">
     <span class='ocr_line' id='line_1_23' title="bbox 619 2042 3783 2127; baseline 0.001 -18"><span class='ocrx_word' id='word_1_277' title='bbox 619 2053 770 2109; x_wconf 83' lang='lat' dir='ltr'><strong>addit</strong></span> <span class='ocrx_word' id='word_1_278' title='bbox 800 2061 848 2108; x_wconf 82' lang='lat' dir='ltr'><strong>et</strong></span> <span class='ocrx_word' id='word_1_279' title='bbox 878 2054 1101 2109; x_wconf 83' lang='lat' dir='ltr'><strong>laborem</strong></span> <span class='ocrx_word' id='word_1_280' title='bbox 1132 2053 1306 2124; x_wconf 80' lang='lat' dir='ltr'><strong>(Eccl.</strong></span> <span class='ocrx_word' id='word_1_281' title='bbox 1356 2072 1393 2121; x_wconf 88' lang='grc' dir='ltr'>ι,</span> <span class='ocrx_word' id='word_1_282' title='bbox 1439 2055 1551 2127; x_wconf 77' lang='lat' dir='ltr'><strong>l8);</strong></span> <span class='ocrx_word' id='word_1_283' title='bbox 1584 2072 1612 2110; x_wconf 89' lang='lat' dir='ltr'><strong>a</strong></span> <span class='ocrx_word' id='word_1_284' title='bbox 1654 2057 1880 2112; x_wconf 88' lang='lat' dir='ltr'><strong>scicntia</strong></span> <span class='ocrx_word' id='word_1_285' title='bbox 1912 2056 1978 2112; x_wconf 89' lang='lat' dir='ltr'><strong>ad</strong></span> <span class='ocrx_word' id='word_1_286' title='bbox 2008 2056 2224 2112; x_wconf 88' lang='lat' dir='ltr'><strong>fortitu-</strong></span> <span class='ocrx_word' id='word_1_287' title='bbox 2324 2060 2427 2116; x_wconf 73' lang='lat' dir='ltr'><strong>qua</strong></span> <span class='ocrx_word' id='word_1_288' title='bbox 2456 2044 2558 2099; x_wconf 85' lang='lat' dir='ltr'><strong>soli</strong></span> <span class='ocrx_word' id='word_1_289' title='bbox 2583 2042 2803 2099; x_wconf 76' lang='lat' dir='ltr'><strong>Christo</strong></span> <span class='ocrx_word' id='word_1_290' title='bbox 2825 2042 3197 2114; x_wconf 69' lang='lat' dir='ltr'><strong>coniungitur.</strong></span> <span class='ocrx_word' id='word_1_291' title='bbox 3222 2042 3315 2112; x_wconf 80' lang='lat' dir='ltr'><strong>qui</strong></span> <span class='ocrx_word' id='word_1_292' title='bbox 3336 2042 3783 2113; x_wconf 65' lang='lat' dir='ltr'><strong>estsapientiﬂ‘atm.</strong></span> 
     </span>
    </p>
   </div>
   <div class='ocr_carea' id='block_1_24' title="bbox 620 2136 2177 2223">
    <p class='ocr_par' dir='ltr' id='par_1_24' title="bbox 620 2146 2177 2223">
     <span class='ocr_line' id='line_1_24' title="bbox 620 2146 2177 2223; baseline 0.002 -19"><span class='ocrx_word' id='word_1_293' title='bbox 620 2147 769 2204; x_wconf 88' lang='lat' dir='ltr'><strong>diuis</strong></span> <span class='ocrx_word' id='word_1_294' title='bbox 785 2146 1033 2218; x_wconf 88' lang='lat' dir='ltr'><strong>spiritum</strong></span> <span class='ocrx_word' id='word_1_295' title='bbox 1065 2148 1476 2205; x_wconf 85' lang='lat' dir='ltr'><strong>conscenditur.</strong></span> <span class='ocrx_word' id='word_1_296' title='bbox 1503 2150 1637 2205; x_wconf 88' lang='lat' dir='ltr'><strong>Nam</strong></span> <span class='ocrx_word' id='word_1_297' title='bbox 1661 2152 1802 2207; x_wconf 91' lang='lat' dir='ltr'><strong>sicut</strong></span> <span class='ocrx_word' id='word_1_298' title='bbox 1829 2151 2059 2222; x_wconf 87' lang='lat' dir='ltr'><strong>quilibet</strong></span> <span class='ocrx_word' id='word_1_299' title='bbox 2088 2167 2177 2223; x_wconf 81' lang='lat' dir='ltr'><strong>pra</strong></span> 
     </span>
    </p>
   </div>
   <div class='ocr_carea' id='block_1_25' title="bbox 2227 2136 3784 2223">
    <p class='ocr_par' dir='ltr' id='par_1_25' title="bbox 2328 2136 3784 2209">
     <span class='ocr_line' id='line_1_25' title="bbox 2328 2136 3784 2209; baseline -0.001 -15"><span class='ocrx_word' id='word_1_300' title='bbox 2328 2139 2608 2209; x_wconf 82' lang='lat' dir='ltr'><strong>Filiusque</strong></span> <span class='ocrx_word' id='word_1_301' title='bbox 2656 2138 2776 2205; x_wconf 86' lang='lat' dir='ltr'><strong>Dei,</strong></span> <span class='ocrx_word' id='word_1_302' title='bbox 2832 2146 2888 2192; x_wconf 90' lang='lat' dir='ltr'><strong>et</strong></span> <span class='ocrx_word' id='word_1_303' title='bbox 2933 2136 3070 2193; x_wconf 84' lang='lat' dir='ltr'><strong>civis</strong></span> <span class='ocrx_word' id='word_1_304' title='bbox 3125 2136 3458 2193; x_wconf 87' lang='lat' dir='ltr'><strong>llierusalem</strong></span> <span class='ocrx_word' id='word_1_305' title='bbox 3503 2138 3689 2194; x_wconf 73' lang='lat' dir='ltr'><strong>cmlestis</strong></span> <span class='ocrx_word' id='word_1_306' title='bbox 3723 2139 3784 2193; x_wconf 67' lang='lat' dir='ltr'><strong>dir</strong></span> 
     </span>
    </p>
   </div>
   <div class='ocr_carea' id='block_1_26' title="bbox 617 2233 2489 2316">
    <p class='ocr_par' dir='ltr' id='par_1_26' title="bbox 617 2233 2489 2316">
     <span class='ocr_line' id='line_1_26' title="bbox 617 2233 2489 2316; baseline 0.004 -22"><span class='ocrx_word' id='word_1_307' title='bbox 617 2238 790 2295; x_wconf 90' lang='lat' dir='ltr'><strong>liator</strong></span> <span class='ocrx_word' id='word_1_308' title='bbox 820 2256 927 2296; x_wconf 92' lang='lat' dir='ltr'><strong>non</strong></span> <span class='ocrx_word' id='word_1_309' title='bbox 958 2250 1150 2296; x_wconf 89' lang='lat' dir='ltr'><strong>contra</strong></span> <span class='ocrx_word' id='word_1_310' title='bbox 1182 2256 1331 2309; x_wconf 91' lang='lat' dir='ltr'><strong>eum,</strong></span> <span class='ocrx_word' id='word_1_311' title='bbox 1361 2258 1524 2313; x_wconf 91' lang='lat' dir='ltr'><strong>quem</strong></span> <span class='ocrx_word' id='word_1_312' title='bbox 1555 2244 1611 2299; x_wconf 92' lang='lat' dir='ltr'><strong>in</strong></span> <span class='ocrx_word' id='word_1_313' title='bbox 1640 2243 1871 2299; x_wconf 81' lang='lat' dir='ltr'><strong>vinculis</strong></span> <span class='ocrx_word' id='word_1_314' title='bbox 1916 2253 2086 2312; x_wconf 91' lang='lat' dir='ltr'><strong>tenet,</strong></span> <span class='ocrx_word' id='word_1_315' title='bbox 2127 2261 2225 2316; x_wconf 90' lang='lat' dir='ltr'><strong>pu-</strong></span> <span class='ocrx_word' id='word_1_316' title='bbox 2327 2233 2489 2288; x_wconf 75' lang='grc' dir='ltr'><strong>είῑιιτο</strong></span> 
     </span>
    </p>
   </div>
   <div class='ocr_carea' id='block_1_27' title="bbox 620 2322 2177 2411">
    <p class='ocr_par' dir='ltr' id='par_1_27' title="bbox 620 2334 2174 2411">
     <span class='ocr_line' id='line_1_27' title="bbox 620 2334 2174 2411; baseline 0.002 -21"><span class='ocrx_word' id='word_1_317' title='bbox 620 2344 775 2407; x_wconf 88' lang='lat' dir='ltr'><strong>guat,</strong></span> <span class='ocrx_word' id='word_1_318' title='bbox 809 2334 905 2390; x_wconf 91' lang='lat' dir='ltr'><strong>sed</strong></span> <span class='ocrx_word' id='word_1_319' title='bbox 939 2336 1117 2406; x_wconf 90' lang='lat' dir='ltr'><strong>potius</strong></span> <span class='ocrx_word' id='word_1_320' title='bbox 1155 2346 1348 2393; x_wconf 88' lang='lat' dir='ltr'><strong>contra</strong></span> <span class='ocrx_word' id='word_1_321' title='bbox 1375 2352 1526 2405; x_wconf 90' lang='lat' dir='ltr'><strong>eum,</strong></span> <span class='ocrx_word' id='word_1_322' title='bbox 1559 2339 1651 2411; x_wconf 90' lang='lat' dir='ltr'><strong>qui</strong></span> <span class='ocrx_word' id='word_1_323' title='bbox 1682 2340 1942 2395; x_wconf 87' lang='lat' dir='ltr'><strong>resistere</strong></span> <span class='ocrx_word' id='word_1_324' title='bbox 1982 2340 2029 2395; x_wconf 91' lang='lat' dir='ltr'><strong>ei</strong></span> <span class='ocrx_word' id='word_1_325' title='bbox 2062 2339 2174 2394; x_wconf 90' lang='lat' dir='ltr'><strong>vult</strong></span> 
     </span>
    </p>
   </div>
   <div class='ocr_carea' id='block_1_28' title="bbox 2229 2322 3786 2411">
    <p class='ocr_par' dir='ltr' id='par_1_28' title="bbox 2400 2322 3786 2397">
     <span class='ocr_line' id='line_1_28' title="bbox 2400 2322 3786 2397; baseline -0.004 -17"><span class='ocrx_word' id='word_1_326' title='bbox 2400 2325 2552 2381; x_wconf 85' lang='lat' dir='ltr'><strong>Nunc</strong></span> <span class='ocrx_word' id='word_1_327' title='bbox 2576 2325 2809 2397; x_wconf 89' lang='lat' dir='ltr'><strong>qualiter</strong></span> <span class='ocrx_word' id='word_1_328' title='bbox 2830 2324 3179 2381; x_wconf 89' lang='lat' dir='ltr'><strong>descensioni</strong></span> <span class='ocrx_word' id='word_1_329' title='bbox 3208 2322 3414 2380; x_wconf 89' lang='lat' dir='ltr'><strong>Christi</strong></span> <span class='ocrx_word' id='word_1_330' title='bbox 3441 2339 3525 2396; x_wconf 89' lang='lat' dir='ltr'><strong>per</strong></span> <span class='ocrx_word' id='word_1_331' title='bbox 3556 2322 3703 2394; x_wconf 83' lang='lat' dir='ltr'><strong>gradus</strong></span> <span class='ocrx_word' id='word_1_332' title='bbox 3724 2339 3786 2389; x_wconf 68' lang='lat' dir='ltr'><strong>sep</strong></span> 
     </span>
    </p>
   </div>
   <div class='ocr_carea' id='block_1_29' title="bbox 622 2415 2179 2504">
    <p class='ocr_par' dir='ltr' id='par_1_29' title="bbox 622 2427 2179 2504">
     <span class='ocr_line' id='line_1_29' title="bbox 622 2427 2179 2504; baseline 0.002 -21"><span class='ocrx_word' id='word_1_333' title='bbox 622 2428 699 2483; x_wconf 86' lang='lat' dir='ltr'><strong>ita</strong></span> <span class='ocrx_word' id='word_1_334' title='bbox 729 2437 783 2483; x_wconf 91' lang='lat' dir='ltr'><strong>et</strong></span> <span class='ocrx_word' id='word_1_335' title='bbox 822 2427 1071 2483; x_wconf 84' lang='lat' dir='ltr'><strong>diabolus</strong></span> <span class='ocrx_word' id='word_1_336' title='bbox 1102 2445 1212 2485; x_wconf 90' lang='lat' dir='ltr'><strong>non</strong></span> <span class='ocrx_word' id='word_1_337' title='bbox 1242 2441 1433 2487; x_wconf 90' lang='lat' dir='ltr'><strong>contra</strong></span> <span class='ocrx_word' id='word_1_338' title='bbox 1472 2446 1618 2498; x_wconf 90' lang='lat' dir='ltr'><strong>eum,</strong></span> <span class='ocrx_word' id='word_1_339' title='bbox 1646 2449 1807 2504; x_wconf 89' lang='lat' dir='ltr'><strong>quem</strong></span> <span class='ocrx_word' id='word_1_340' title='bbox 1844 2432 2077 2489; x_wconf 91' lang='lat' dir='ltr'><strong>vinculis</strong></span> <span class='ocrx_word' id='word_1_341' title='bbox 2105 2450 2179 2504; x_wconf 71' lang='lat' dir='ltr'><strong>pet</strong></span> 
     </span>
    </p>
   </div>
   <div class='ocr_carea' id='block_1_30' title="bbox 2229 2415 3786 2504">
    <p class='ocr_par' dir='ltr' id='par_1_30' title="bbox 2332 2415 3786 2487">
     <span class='ocr_line' id='line_1_30' title="bbox 2332 2415 3786 2487; baseline -0.004 -14"><span class='ocrx_word' id='word_1_342' title='bbox 2332 2426 2438 2473; x_wconf 93' lang='lat' dir='ltr'><strong>tem</strong></span> <span class='ocrx_word' id='word_1_343' title='bbox 2471 2418 2737 2473; x_wconf 89' lang='lat' dir='ltr'><strong>donorum</strong></span> <span class='ocrx_word' id='word_1_344' title='bbox 2778 2417 3014 2487; x_wconf 90' lang='lat' dir='ltr'><strong>Spiritus</strong></span> <span class='ocrx_word' id='word_1_345' title='bbox 3038 2416 3214 2472; x_wconf 85' lang='lat' dir='ltr'><strong>sancti</strong></span> <span class='ocrx_word' id='word_1_346' title='bbox 3258 2416 3500 2472; x_wconf 86' lang='lat' dir='ltr'><strong>ascensio</strong></span> <span class='ocrx_word' id='word_1_347' title='bbox 3525 2415 3702 2472; x_wconf 83' lang='lat' dir='ltr'><strong>ﬁdelium</strong></span> <span class='ocrx_word' id='word_1_348' title='bbox 3719 2430 3786 2468; x_wconf 63' lang='lat' dir='ltr'><strong>con.</strong></span> 
     </span>
    </p>
   </div>
   <div class='ocr_carea' id='block_1_31' title="bbox 626 2508 2183 2597">
    <p class='ocr_par' dir='ltr' id='par_1_31' title="bbox 626 2524 2183 2597">
     <span class='ocr_line' id='line_1_31' title="bbox 626 2524 2183 2597; baseline 0.003 -19"><span class='ocrx_word' id='word_1_349' title='bbox 626 2530 877 2578; x_wconf 87' lang='lat' dir='ltr'><strong>catorum</strong></span> <span class='ocrx_word' id='word_1_350' title='bbox 901 2524 1259 2579; x_wconf 86' lang='lat' dir='ltr'><strong>constrictum</strong></span> <span class='ocrx_word' id='word_1_351' title='bbox 1285 2533 1435 2581; x_wconf 89' lang='lat' dir='ltr'><strong>tenet</strong></span> <span class='ocrx_word' id='word_1_352' title='bbox 1451 2524 1696 2593; x_wconf 88' lang='lat' dir='ltr'><strong>dimicat;</strong></span> <span class='ocrx_word' id='word_1_353' title='bbox 1721 2525 1815 2581; x_wconf 91' lang='lat' dir='ltr'><strong>sed</strong></span> <span class='ocrx_word' id='word_1_354' title='bbox 1834 2527 2015 2597; x_wconf 91' lang='lat' dir='ltr'><strong>potius</strong></span> <span class='ocrx_word' id='word_1_355' title='bbox 2035 2535 2183 2582; x_wconf 89' lang='lat' dir='ltr'><strong>contt</strong></span> 
     </span>
    </p>
   </div>
   <div class='ocr_carea' id='block_1_32' title="bbox 2273 2508 3830 2597">
    <p class='ocr_par' dir='ltr' id='par_1_32' title="bbox 2331 2508 3783 2574">
     <span class='ocr_line' id='line_1_32' title="bbox 2331 2508 3783 2574; baseline -0.003 -9"><span class='ocrx_word' id='word_1_356' title='bbox 2331 2511 2554 2574; x_wconf 85' lang='lat' dir='ltr'><strong>veniat;</strong></span> <span class='ocrx_word' id='word_1_357' title='bbox 2588 2510 2829 2566; x_wconf 87' lang='lat' dir='ltr'><strong>breviter</strong></span> <span class='ocrx_word' id='word_1_358' title='bbox 2853 2512 3323 2566; x_wconf 78' lang='lat' dir='ltr'><strong>demonStremus.</strong></span> <span class='ocrx_word' id='word_1_359' title='bbox 3358 2509 3566 2566; x_wconf 88' lang='lat' dir='ltr'><strong>Ultimus</strong></span> <span class='ocrx_word' id='word_1_360' title='bbox 3593 2508 3783 2563; x_wconf 61' lang='lat' dir='ltr'><strong>descendi»</strong></span> 
     </span>
    </p>
   </div>
   <div class='ocr_carea' id='block_1_33' title="bbox 625 2606 2182 2687">
    <p class='ocr_par' dir='ltr' id='par_1_33' title="bbox 625 2617 2182 2687">
     <span class='ocr_line' id='line_1_33' title="bbox 625 2617 2182 2687; baseline 0.003 -16"><span class='ocrx_word' id='word_1_361' title='bbox 625 2631 778 2682; x_wconf 85' lang='lat' dir='ltr'><strong>eum,</strong></span> <span class='ocrx_word' id='word_1_362' title='bbox 824 2617 915 2687; x_wconf 90' lang='lat' dir='ltr'><strong>qui</strong></span> <span class='ocrx_word' id='word_1_363' title='bbox 957 2630 1183 2686; x_wconf 88' lang='lat' dir='ltr'><strong>peccare</strong></span> <span class='ocrx_word' id='word_1_364' title='bbox 1223 2618 1456 2685; x_wconf 79' lang='lat' dir='ltr'><strong>desistit,</strong></span> <span class='ocrx_word' id='word_1_365' title='bbox 1493 2628 1547 2674; x_wconf 91' lang='lat' dir='ltr'><strong>et</strong></span> <span class='ocrx_word' id='word_1_366' title='bbox 1585 2618 1651 2673; x_wconf 91' lang='lat' dir='ltr'><strong>ad</strong></span> <span class='ocrx_word' id='word_1_367' title='bbox 1683 2619 1852 2674; x_wconf 90' lang='lat' dir='ltr'><strong>Deum</strong></span> <span class='ocrx_word' id='word_1_368' title='bbox 1901 2628 2013 2675; x_wconf 89' lang='lat' dir='ltr'><strong>tota</strong></span> <span class='ocrx_word' id='word_1_369' title='bbox 2046 2631 2182 2675; x_wconf 90' lang='lat' dir='ltr'><strong>menl</strong></span> 
     </span>
    </p>
   </div>
   <div class='ocr_carea' id='block_1_34' title="bbox 2273 2606 3830 2687">
    <p class='ocr_par' dir='ltr' id='par_1_34' title="bbox 2333 2606 3781 2678">
     <span class='ocr_line' id='line_1_34' title="bbox 2333 2606 3781 2678; baseline -0.001 -17"><span class='ocrx_word' id='word_1_370' title='bbox 2333 2606 2419 2661; x_wconf 90' lang='lat' dir='ltr'><strong>nis</strong></span> <span class='ocrx_word' id='word_1_371' title='bbox 2447 2606 2648 2661; x_wconf 88' lang='lat' dir='ltr'><strong>Christi</strong></span> <span class='ocrx_word' id='word_1_372' title='bbox 2668 2606 2870 2677; x_wconf 87' lang='lat' dir='ltr'><strong>gradus</strong></span> <span class='ocrx_word' id='word_1_373' title='bbox 2890 2618 2972 2662; x_wconf 90' lang='lat' dir='ltr'><strong>est</strong></span> <span class='ocrx_word' id='word_1_374' title='bbox 2993 2608 3155 2662; x_wconf 90' lang='lat' dir='ltr'><strong>timor</strong></span> <span class='ocrx_word' id='word_1_375' title='bbox 3177 2607 3296 2675; x_wconf 88' lang='lat' dir='ltr'><strong>Dei,</strong></span> <span class='ocrx_word' id='word_1_376' title='bbox 3323 2622 3420 2678; x_wconf 87' lang='lat' dir='ltr'><strong>per</strong></span> <span class='ocrx_word' id='word_1_377' title='bbox 3436 2621 3573 2677; x_wconf 86' lang='lat' dir='ltr'><strong>quem</strong></span> <span class='ocrx_word' id='word_1_378' title='bbox 3593 2606 3781 2675; x_wconf 68' lang='lat' dir='ltr'><strong>[assionem</strong></span> 
     </span>
    </p>
   </div>
   <div class='ocr_carea' id='block_1_35' title="bbox 626 2700 3782 2781">
    <p class='ocr_par' dir='ltr' id='par_1_35' title="bbox 626 2700 3782 2781">
     <span class='ocr_line' id='line_1_35' title="bbox 626 2700 3782 2781; baseline -0.004 -16"><span class='ocrx_word' id='word_1_379' title='bbox 626 2708 944 2765; x_wconf 87' lang='lat' dir='ltr'><strong>revertitur.</strong></span> <span class='ocrx_word' id='word_1_380' title='bbox 977 2708 1318 2781; x_wconf 86' lang='lat' dir='ltr'><strong>Quicumque</strong></span> <span class='ocrx_word' id='word_1_381' title='bbox 1347 2726 1476 2780; x_wconf 84' lang='lat' dir='ltr'><strong>ergo</strong></span> <span class='ocrx_word' id='word_1_382' title='bbox 1508 2725 1602 2781; x_wconf 84' lang='lat' dir='ltr'><strong>per</strong></span> <span class='ocrx_word' id='word_1_383' title='bbox 1630 2713 2025 2781; x_wconf 70' lang='lat' dir='ltr'><strong>pmnitcntiam,</strong></span> <span class='ocrx_word' id='word_1_384' title='bbox 2057 2712 2230 2781; x_wconf 81' lang='lat' dir='ltr'><strong>pieta—</strong></span> <span class='ocrx_word' id='word_1_385' title='bbox 2334 2711 2387 2758; x_wconf 92' lang='lat' dir='ltr'><strong>et</strong></span> <span class='ocrx_word' id='word_1_386' title='bbox 2408 2710 2638 2756; x_wconf 82' lang='lat' dir='ltr'><strong>mortem</strong></span> <span class='ocrx_word' id='word_1_387' title='bbox 2663 2703 2781 2770; x_wconf 82' lang='lat' dir='ltr'><strong>ejus</strong></span> <span class='ocrx_word' id='word_1_388' title='bbox 2807 2701 3044 2757; x_wconf 83' lang='lat' dir='ltr'><strong>diximus</strong></span> <span class='ocrx_word' id='word_1_389' title='bbox 3068 2701 3238 2758; x_wconf 82' lang='lat' dir='ltr'><strong>fuisse</strong></span> <span class='ocrx_word' id='word_1_390' title='bbox 3265 2700 3782 2773; x_wconf 79' lang='lat' dir='ltr'><strong>designatam,etprinns</strong></span> 
     </span>
    </p>
   </div>
   <div class='ocr_carea' id='block_1_36' title="bbox 627 2792 3831 2876">
    <p class='ocr_par' dir='ltr' id='par_1_36' title="bbox 627 2792 3831 2876">
     <span class='ocr_line' id='line_1_36' title="bbox 627 2792 3831 2876; baseline -0.003 -22"><span class='ocrx_word' id='word_1_391' title='bbox 627 2800 806 2871; x_wconf 92' lang='lat' dir='ltr'><strong>tisque</strong></span> <span class='ocrx_word' id='word_1_392' title='bbox 828 2815 991 2871; x_wconf 87' lang='lat' dir='ltr'><strong>opera</strong></span> <span class='ocrx_word' id='word_1_393' title='bbox 1014 2818 1041 2855; x_wconf 90' lang='lat' dir='ltr'><strong>a</strong></span> <span class='ocrx_word' id='word_1_394' title='bbox 1065 2801 1268 2857; x_wconf 88' lang='lat' dir='ltr'><strong>diaboli</strong></span> <span class='ocrx_word' id='word_1_395' title='bbox 1293 2803 1525 2858; x_wconf 89' lang='lat' dir='ltr'><strong>vinculis</strong></span> <span class='ocrx_word' id='word_1_396' title='bbox 1548 2804 1754 2860; x_wconf 88' lang='lat' dir='ltr'><strong>absolvi</strong></span> <span class='ocrx_word' id='word_1_397' title='bbox 1783 2816 2044 2871; x_wconf 88' lang='lat' dir='ltr'><strong>meretur,</strong></span> <span class='ocrx_word' id='word_1_398' title='bbox 2069 2814 2230 2876; x_wconf 84' lang='lat' dir='ltr'><strong>atque</strong></span> <span class='ocrx_word' id='word_1_399' title='bbox 2334 2794 2678 2851; x_wconf 85' lang='lat' dir='ltr'><strong>ascensionis</strong></span> <span class='ocrx_word' id='word_1_400' title='bbox 2699 2795 2765 2849; x_wconf 86' lang='lat' dir='ltr'><strong>ad</strong></span> <span class='ocrx_word' id='word_1_401' title='bbox 2796 2796 2963 2851; x_wconf 88' lang='lat' dir='ltr'><strong>Deum</strong></span> <span class='ocrx_word' id='word_1_402' title='bbox 2990 2796 3450 2851; x_wconf 87' lang='lat' dir='ltr'><strong>convertentium.</strong></span> <span class='ocrx_word' id='word_1_403' title='bbox 3472 2792 3781 2865; x_wconf 77' lang='lat' dir='ltr'><strong>Congruitauten</strong></span> <span class='ocrx_word' id='word_1_404' title='bbox 3830 2840 3831 2863; x_wconf 18' lang='grc' dir='ltr'><strong>ἶ</strong></span> 
     </span>
    </p>
   </div>
   <div class='ocr_carea' id='block_1_37' title="bbox 626 2886 3831 2969">
    <p class='ocr_par' dir='ltr' id='par_1_37' title="bbox 626 2886 3831 2969">
     <span class='ocr_line' id='line_1_37' title="bbox 626 2886 3831 2969; baseline 0.003 -20"><span class='ocrx_word' id='word_1_405' title='bbox 626 2905 824 2949; x_wconf 86' lang='lat' dir='ltr'><strong>contra</strong></span> <span class='ocrx_word' id='word_1_406' title='bbox 855 2910 979 2949; x_wconf 90' lang='lat' dir='ltr'><strong>eum</strong></span> <span class='ocrx_word' id='word_1_407' title='bbox 1022 2911 1121 2966; x_wconf 91' lang='lat' dir='ltr'><strong>per</strong></span> <span class='ocrx_word' id='word_1_408' title='bbox 1153 2896 1400 2952; x_wconf 73' lang='lat' dir='ltr'><strong>scientiae</strong></span> <span class='ocrx_word' id='word_1_409' title='bbox 1449 2898 1702 2968; x_wconf 83' lang='lat' dir='ltr'><strong>Spiritum</strong></span> <span class='ocrx_word' id='word_1_410' title='bbox 1742 2898 1943 2954; x_wconf 90' lang='lat' dir='ltr'><strong>bellum</strong></span> <span class='ocrx_word' id='word_1_411' title='bbox 1975 2902 2124 2969; x_wconf 90' lang='lat' dir='ltr'><strong>cupit</strong></span> <span class='ocrx_word' id='word_1_412' title='bbox 2151 2899 2232 2954; x_wconf 92' lang='lat' dir='ltr'><strong>in-</strong></span> <span class='ocrx_word' id='word_1_413' title='bbox 2336 2903 2483 2944; x_wconf 83' lang='lat' dir='ltr'><strong>mOI&#39;S</strong></span> <span class='ocrx_word' id='word_1_414' title='bbox 2510 2888 2723 2943; x_wconf 60' lang='lat' dir='ltr'><strong>D‘tmilli</strong></span> <span class='ocrx_word' id='word_1_415' title='bbox 2758 2889 2846 2955; x_wconf 62' lang='lat' dir='ltr'><strong>“Si</strong></span> <span class='ocrx_word' id='word_1_416' title='bbox 2886 2888 2979 2959; x_wconf 75' lang='grc' dir='ltr'>(ιιιί</span> <span class='ocrx_word' id='word_1_417' title='bbox 3025 2904 3121 2960; x_wconf 67' lang='lat' dir='ltr'><strong>Per</strong></span> <span class='ocrx_word' id='word_1_418' title='bbox 3151 2888 3408 2959; x_wconf 61' lang='lat' dir='ltr'><strong>5P&quot;in</strong></span> <span class='ocrx_word' id='word_1_419' title='bbox 3453 2888 3628 2943; x_wconf 71' lang='grc' dir='ltr'><strong>ιίωοτίε</strong></span> <span class='ocrx_word' id='word_1_420' title='bbox 3661 2886 3781 2941; x_wconf 57' lang='lat' dir='ltr'><strong>Dm“</strong></span> <span class='ocrx_word' id='word_1_421' title='bbox 3830 2890 3831 2959; x_wconf 47' lang='grc' dir='ltr'>ἰ</span> 
     </span>
    </p>
   </div>
   <div class='ocr_carea' id='block_1_38' title="bbox 628 2980 3831 3061">
    <p class='ocr_par' dir='ltr' id='par_1_38' title="bbox 628 2980 3831 3061">
     <span class='ocr_line' id='line_1_38' title="bbox 628 2980 3831 3061; baseline -0.004 -19"><span class='ocrx_word' id='word_1_422' title='bbox 628 2998 875 3051; x_wconf 80' lang='lat' dir='ltr'><strong>Struere;</strong></span> <span class='ocrx_word' id='word_1_423' title='bbox 911 3003 1138 3045; x_wconf 90' lang='lat' dir='ltr'><strong>necesse</strong></span> <span class='ocrx_word' id='word_1_424' title='bbox 1180 2989 1341 3044; x_wconf 85' lang='lat' dir='ltr'><strong>habet</strong></span> <span class='ocrx_word' id='word_1_425' title='bbox 1379 3001 1436 3045; x_wconf 91' lang='lat' dir='ltr'><strong>ut</strong></span> <span class='ocrx_word' id='word_1_426' title='bbox 1470 3006 1499 3045; x_wconf 90' lang='lat' dir='ltr'><strong>a</strong></span> <span class='ocrx_word' id='word_1_427' title='bbox 1535 2991 1739 3061; x_wconf 78' lang='lat' dir='ltr'><strong>Spiritu</strong></span> <span class='ocrx_word' id='word_1_428' title='bbox 1782 3002 1971 3047; x_wconf 84' lang='lat' dir='ltr'><strong>sancto</strong></span> <span class='ocrx_word' id='word_1_429' title='bbox 2018 2992 2233 3047; x_wconf 85' lang='lat' dir='ltr'><strong>fortitu-</strong></span> <span class='ocrx_word' id='word_1_430' title='bbox 2337 2992 2558 3054; x_wconf 77' lang='lat' dir='ltr'><strong>peccata</strong></span> <span class='ocrx_word' id='word_1_431' title='bbox 2588 2998 2682 3037; x_wconf 71' lang='lat' dir='ltr'><strong>sua</strong></span> <span class='ocrx_word' id='word_1_432' title='bbox 2711 2982 2944 3050; x_wconf 80' lang='lat' dir='ltr'><strong>deﬂent;</strong></span> <span class='ocrx_word' id='word_1_433' title='bbox 2978 2984 3102 3054; x_wconf 88' lang='lat' dir='ltr'><strong>quia</strong></span> <span class='ocrx_word' id='word_1_434' title='bbox 3135 2983 3190 3038; x_wconf 89' lang='lat' dir='ltr'><strong>in</strong></span> <span class='ocrx_word' id='word_1_435' title='bbox 3221 2992 3397 3038; x_wconf 88' lang='lat' dir='ltr'><strong>morte</strong></span> <span class='ocrx_word' id='word_1_436' title='bbox 3438 2981 3617 3037; x_wconf 80' lang='lat' dir='ltr'><strong>Domini</strong></span> <span class='ocrx_word' id='word_1_437' title='bbox 3640 2980 3784 3035; x_wconf 69' lang='lat' dir='ltr'><strong>remisit</strong></span> <span class='ocrx_word' id='word_1_438' title='bbox 3830 3002 3831 3009; x_wconf 57' lang='grc' dir='ltr'>ι</span> 
     </span>
    </p>
   </div>
   <div class='ocr_carea' id='block_1_39' title="bbox 629 3075 3781 3156">
    <p class='ocr_par' dir='ltr' id='par_1_39' title="bbox 629 3075 3781 3156">
     <span class='ocr_line' id='line_1_39' title="bbox 629 3075 3781 3156; baseline -0.003 -21"><span class='ocrx_word' id='word_1_439' title='bbox 629 3080 779 3135; x_wconf 89' lang='lat' dir='ltr'><strong>diuis</strong></span> <span class='ocrx_word' id='word_1_440' title='bbox 807 3080 1009 3135; x_wconf 88' lang='lat' dir='ltr'><strong>donum</strong></span> <span class='ocrx_word' id='word_1_441' title='bbox 1040 3083 1274 3153; x_wconf 89' lang='lat' dir='ltr'><strong>accipiat</strong></span> <span class='ocrx_word' id='word_1_442' title='bbox 1314 3102 1327 3139; x_wconf 89' lang='lat'><strong>:</strong></span> <span class='ocrx_word' id='word_1_443' title='bbox 1369 3100 1477 3156; x_wconf 90' lang='lat' dir='ltr'><strong>quo</strong></span> <span class='ocrx_word' id='word_1_444' title='bbox 1505 3085 1822 3151; x_wconf 86' lang='lat' dir='ltr'><strong>instructus,</strong></span> <span class='ocrx_word' id='word_1_445' title='bbox 1857 3095 1912 3141; x_wconf 89' lang='lat' dir='ltr'><strong>et</strong></span> <span class='ocrx_word' id='word_1_446' title='bbox 1945 3086 2233 3143; x_wconf 89' lang='lat' dir='ltr'><strong>interiores</strong></span> <span class='ocrx_word' id='word_1_447' title='bbox 2336 3077 2587 3133; x_wconf 83' lang='lat' dir='ltr'><strong>consistit</strong></span> <span class='ocrx_word' id='word_1_448' title='bbox 2609 3078 2849 3133; x_wconf 86' lang='lat' dir='ltr'><strong>omnium</strong></span> <span class='ocrx_word' id='word_1_449' title='bbox 2880 3086 3265 3149; x_wconf 85' lang='lat' dir='ltr'><strong>peceatorum:</strong></span> <span class='ocrx_word' id='word_1_450' title='bbox 3296 3094 3395 3134; x_wconf 90' lang='lat' dir='ltr'><strong>nec</strong></span> <span class='ocrx_word' id='word_1_451' title='bbox 3423 3080 3618 3149; x_wconf 82' lang='lat' dir='ltr'><strong>perlecta</strong></span> <span class='ocrx_word' id='word_1_452' title='bbox 3640 3075 3781 3131; x_wconf 60' lang='lat' dir='ltr'><strong>remissa</strong></span> 
     </span>
    </p>
   </div>
   <div class='ocr_carea' id='block_1_40' title="bbox 632 3164 3781 3250">
    <p class='ocr_par' dir='ltr' id='par_1_40' title="bbox 632 3164 3781 3250">
     <span class='ocr_line' id='line_1_40' title="bbox 632 3164 3781 3250; baseline -0.002 -25"><span class='ocrx_word' id='word_1_453' title='bbox 632 3172 846 3239; x_wconf 85' lang='lat' dir='ltr'><strong>hostes,</strong></span> <span class='ocrx_word' id='word_1_454' title='bbox 893 3172 945 3228; x_wconf 91' lang='lat' dir='ltr'><strong>id</strong></span> <span class='ocrx_word' id='word_1_455' title='bbox 984 3182 1091 3240; x_wconf 91' lang='lat' dir='ltr'><strong>est,</strong></span> <span class='ocrx_word' id='word_1_456' title='bbox 1121 3175 1247 3231; x_wconf 90' lang='lat' dir='ltr'><strong>vitia</strong></span> <span class='ocrx_word' id='word_1_457' title='bbox 1292 3177 1529 3232; x_wconf 85' lang='lat' dir='ltr'><strong>funditus</strong></span> <span class='ocrx_word' id='word_1_458' title='bbox 1555 3177 1725 3248; x_wconf 60' lang='lat' dir='ltr'><strong>possit</strong></span> <span class='ocrx_word' id='word_1_459' title='bbox 1770 3180 2140 3250; x_wconf 78' lang='lat' dir='ltr'><strong>exstinguere,</strong></span> <span class='ocrx_word' id='word_1_460' title='bbox 2182 3164 2309 3235; x_wconf 89' lang='lat' dir='ltr'><strong>etC</strong></span> <span class='ocrx_word' id='word_1_461' title='bbox 2344 3182 2694 3244; x_wconf 89' lang='lat' dir='ltr'><strong>peccatorum</strong></span> <span class='ocrx_word' id='word_1_462' title='bbox 2738 3187 2860 3230; x_wconf 87' lang='lat' dir='ltr'><strong>esse</strong></span> <span class='ocrx_word' id='word_1_463' title='bbox 2891 3181 3101 3245; x_wconf 84' lang='lat' dir='ltr'><strong>posset,</strong></span> <span class='ocrx_word' id='word_1_464' title='bbox 3152 3174 3199 3230; x_wconf 87' lang='lat' dir='ltr'><strong>si</strong></span> <span class='ocrx_word' id='word_1_465' title='bbox 3248 3174 3340 3230; x_wconf 89' lang='lat' dir='ltr'><strong>ille</strong></span> <span class='ocrx_word' id='word_1_466' title='bbox 3380 3188 3471 3245; x_wconf 90' lang='lat' dir='ltr'><strong>pro</strong></span> <span class='ocrx_word' id='word_1_467' title='bbox 3498 3172 3781 3228; x_wconf 72' lang='lat' dir='ltr'><strong>nobismortuus</strong></span> 
     </span>
    </p>
   </div>
   <div class='ocr_carea' id='block_1_41' title="bbox 631 3266 2679 3342">
    <p class='ocr_par' dir='ltr' id='par_1_41' title="bbox 631 3266 2679 3342">
     <span class='ocr_line' id='line_1_41' title="bbox 631 3266 2679 3342; baseline 0.001 -21"><span class='ocrx_word' id='word_1_468' title='bbox 631 3266 960 3335; x_wconf 78' lang='lat' dir='ltr'><strong>exteriores,</strong></span> <span class='ocrx_word' id='word_1_469' title='bbox 987 3267 1248 3325; x_wconf 89' lang='lat' dir='ltr'><strong>videlicet</strong></span> <span class='ocrx_word' id='word_1_470' title='bbox 1287 3269 1557 3333; x_wconf 83' lang='lat' dir='ltr'><strong>homines,</strong></span> <span class='ocrx_word' id='word_1_471' title='bbox 1595 3286 1692 3342; x_wconf 90' lang='lat' dir='ltr'><strong>per</strong></span> <span class='ocrx_word' id='word_1_472' title='bbox 1718 3272 2032 3341; x_wconf 89' lang='lat' dir='ltr'><strong>patientiam</strong></span> <span class='ocrx_word' id='word_1_473' title='bbox 2074 3285 2236 3342; x_wconf 91' lang='lat' dir='ltr'><strong>snpc-</strong></span> <span class='ocrx_word' id='word_1_474' title='bbox 2337 3282 2445 3324; x_wconf 91' lang='lat' dir='ltr'><strong>non</strong></span> <span class='ocrx_word' id='word_1_475' title='bbox 2467 3266 2679 3323; x_wconf 82' lang='lat' dir='ltr'><strong>fuisset.</strong></span> 
     </span>
    </p>
   </div>
   <div class='ocr_carea' id='block_1_42' title="bbox 636 3360 3831 3439">
    <p class='ocr_par' dir='ltr' id='par_1_42' title="bbox 636 3360 3831 3439">
     <span class='ocr_line' id='line_1_42' title="bbox 636 3360 3831 3439; baseline -0.003 -24"><span class='ocrx_word' id='word_1_476' title='bbox 636 3374 786 3425; x_wconf 88' lang='lat' dir='ltr'><strong>rare,</strong></span> <span class='ocrx_word' id='word_1_477' title='bbox 812 3361 1106 3433; x_wconf 88' lang='lat' dir='ltr'><strong>omniaque</strong></span> <span class='ocrx_word' id='word_1_478' title='bbox 1122 3363 1303 3435; x_wconf 89' lang='lat' dir='ltr'><strong>jacnla</strong></span> <span class='ocrx_word' id='word_1_479' title='bbox 1325 3365 1637 3421; x_wconf 58' lang='lat' dir='ltr'><strong>daemonum</strong></span> <span class='ocrx_word' id='word_1_480' title='bbox 1670 3376 1824 3423; x_wconf 87' lang='lat' dir='ltr'><strong>scuto</strong></span> <span class='ocrx_word' id='word_1_481' title='bbox 1856 3365 1979 3423; x_wconf 80' lang='lat' dir='ltr'><strong>fidei</strong></span> <span class='ocrx_word' id='word_1_482' title='bbox 2006 3382 2035 3421; x_wconf 88' lang='lat' dir='ltr'><strong>a</strong></span> <span class='ocrx_word' id='word_1_483' title='bbox 2058 3382 2117 3423; x_wconf 90' lang='lat' dir='ltr'><strong>se</strong></span> <span class='ocrx_word' id='word_1_484' title='bbox 2150 3383 2236 3423; x_wconf 84' lang='lat' dir='ltr'><strong>re-</strong></span> <span class='ocrx_word' id='word_1_485' title='bbox 2411 3360 2608 3417; x_wconf 72' lang='lat' dir='ltr'><strong>Sextus</strong></span> <span class='ocrx_word' id='word_1_486' title='bbox 2638 3360 3021 3417; x_wconf 83' lang='lat' dir='ltr'><strong>descensionis</strong></span> <span class='ocrx_word' id='word_1_487' title='bbox 3067 3360 3271 3417; x_wconf 87' lang='lat' dir='ltr'><strong>Christi</strong></span> <span class='ocrx_word' id='word_1_488' title='bbox 3300 3361 3493 3433; x_wconf 88' lang='lat' dir='ltr'><strong>gradus</strong></span> <span class='ocrx_word' id='word_1_489' title='bbox 3523 3370 3591 3415; x_wconf 85' lang='lat' dir='ltr'><strong>est</strong></span> <span class='ocrx_word' id='word_1_490' title='bbox 3618 3360 3783 3430; x_wconf 77' lang='lat' dir='ltr'><strong>pietas,et</strong></span> <span class='ocrx_word' id='word_1_491' title='bbox 3830 3360 3831 3439; x_wconf 54' lang='grc' dir='ltr'>ξ</span> 
     </span>
    </p>
   </div>
   <div class='ocr_carea' id='block_1_43' title="bbox 637 3453 3782 3528">
    <p class='ocr_par' dir='ltr' id='par_1_43' title="bbox 637 3453 3782 3528">
     <span class='ocr_line' id='line_1_43' title="bbox 637 3453 3782 3528; baseline -0.008 -8"><span class='ocrx_word' id='word_1_492' title='bbox 637 3453 867 3526; x_wconf 75' lang='lat' dir='ltr'><strong>Pellel‘c-</strong></span> <span class='ocrx_word' id='word_1_493' title='bbox 2338 3455 2612 3513; x_wconf 89' lang='lat' dir='ltr'><strong>secundus</strong></span> <span class='ocrx_word' id='word_1_494' title='bbox 2652 3456 2996 3511; x_wconf 83' lang='lat' dir='ltr'><strong>ascensionis</strong></span> <span class='ocrx_word' id='word_1_495' title='bbox 3028 3456 3432 3528; x_wconf 74' lang='lat' dir='ltr'><strong>ptenitentium.</strong></span> <span class='ocrx_word' id='word_1_496' title='bbox 3460 3454 3666 3525; x_wconf 77' lang='lat' dir='ltr'><strong>Congrnit</strong></span> <span class='ocrx_word' id='word_1_497' title='bbox 3687 3461 3782 3504; x_wconf 64' lang='lat' dir='ltr'><strong>intra</strong></span> 
     </span>
    </p>
   </div>
   <div class='ocr_carea' id='block_1_44' title="bbox 706 3542 3782 3624">
    <p class='ocr_par' dir='ltr' id='par_1_44' title="bbox 706 3542 3782 3624">
     <span class='ocr_line' id='line_1_44' title="bbox 706 3542 3782 3624; baseline -0.002 -20"><span class='ocrx_word' id='word_1_498' title='bbox 706 3550 749 3604; x_wconf 86' lang='lat' dir='ltr'><strong>A</strong></span> <span class='ocrx_word' id='word_1_499' title='bbox 777 3548 1094 3606; x_wconf 85' lang='lat' dir='ltr'><strong>fortitudine</strong></span> <span class='ocrx_word' id='word_1_500' title='bbox 1112 3551 1178 3608; x_wconf 90' lang='lat' dir='ltr'><strong>ad</strong></span> <span class='ocrx_word' id='word_1_501' title='bbox 1193 3553 1477 3609; x_wconf 87' lang='lat' dir='ltr'><strong>consilium</strong></span> <span class='ocrx_word' id='word_1_502' title='bbox 1500 3554 1923 3611; x_wconf 87' lang='lat' dir='ltr'><strong>conscenditur:</strong></span> <span class='ocrx_word' id='word_1_503' title='bbox 1949 3555 2235 3611; x_wconf 88' lang='lat' dir='ltr'><strong>consilium</strong></span> <span class='ocrx_word' id='word_1_504' title='bbox 2340 3553 2518 3624; x_wconf 86' lang='lat' dir='ltr'><strong>pietas</strong></span> <span class='ocrx_word' id='word_1_505' title='bbox 2548 3550 2785 3607; x_wconf 88' lang='lat' dir='ltr'><strong>fidelium</strong></span> <span class='ocrx_word' id='word_1_506' title='bbox 2816 3566 2938 3607; x_wconf 89' lang='lat' dir='ltr'><strong>cum</strong></span> <span class='ocrx_word' id='word_1_507' title='bbox 2965 3552 3167 3620; x_wconf 83' lang='lat' dir='ltr'><strong>pietate</strong></span> <span class='ocrx_word' id='word_1_508' title='bbox 3194 3550 3409 3606; x_wconf 90' lang='lat' dir='ltr'><strong>Domini</strong></span> <span class='ocrx_word' id='word_1_509' title='bbox 3434 3567 3449 3616; x_wconf 93' lang='lat'><strong>;</strong></span> <span class='ocrx_word' id='word_1_510' title='bbox 3476 3551 3580 3620; x_wconf 86' lang='lat' dir='ltr'><strong>quia</strong></span> <span class='ocrx_word' id='word_1_511' title='bbox 3604 3547 3669 3600; x_wconf 87' lang='lat' dir='ltr'><strong>ille</strong></span> <span class='ocrx_word' id='word_1_512' title='bbox 3690 3544 3727 3597; x_wconf 83' lang='lat' dir='ltr'><strong>iis</strong></span> <span class='ocrx_word' id='word_1_513' title='bbox 3741 3542 3782 3609; x_wconf 67' lang='lat' dir='ltr'><strong>qn</strong></span> 
     </span>
    </p>
   </div>
   <div class='ocr_carea' id='block_1_45' title="bbox 637 3640 3783 3718">
    <p class='ocr_par' dir='ltr' id='par_1_45' title="bbox 637 3640 3783 3718">
     <span class='ocr_line' id='line_1_45' title="bbox 637 3640 3783 3718; baseline -0.003 -20"><span class='ocrx_word' id='word_1_514' title='bbox 637 3653 819 3698; x_wconf 89' lang='lat' dir='ltr'><strong>autem</strong></span> <span class='ocrx_word' id='word_1_515' title='bbox 848 3645 1042 3700; x_wconf 85' lang='lat' dir='ltr'><strong>salutis</strong></span> <span class='ocrx_word' id='word_1_516' title='bbox 1076 3654 1278 3701; x_wconf 71' lang='lat' dir='ltr'><strong>nostra:</strong></span> <span class='ocrx_word' id='word_1_517' title='bbox 1316 3646 1367 3701; x_wconf 91' lang='lat' dir='ltr'><strong>in</strong></span> <span class='ocrx_word' id='word_1_518' title='bbox 1408 3648 1693 3718; x_wconf 66' lang='lat' dir='ltr'><strong>prazceptis</strong></span> <span class='ocrx_word' id='word_1_519' title='bbox 1725 3648 1973 3703; x_wconf 88' lang='lat' dir='ltr'><strong>consistit</strong></span> <span class='ocrx_word' id='word_1_520' title='bbox 2006 3663 2239 3718; x_wconf 86' lang='lat' dir='ltr'><strong>evange-</strong></span> <span class='ocrx_word' id='word_1_521' title='bbox 2342 3646 2639 3704; x_wconf 89' lang='lat' dir='ltr'><strong>secundmu</strong></span> <span class='ocrx_word' id='word_1_522' title='bbox 2664 3648 2900 3702; x_wconf 90' lang='lat' dir='ltr'><strong>animam</strong></span> <span class='ocrx_word' id='word_1_523' title='bbox 2918 3654 3078 3703; x_wconf 87' lang='lat' dir='ltr'><strong>erant</strong></span> <span class='ocrx_word' id='word_1_524' title='bbox 3100 3647 3311 3711; x_wconf 89' lang='lat' dir='ltr'><strong>miseri,</strong></span> <span class='ocrx_word' id='word_1_525' title='bbox 3334 3640 3783 3700; x_wconf 63' lang='lat' dir='ltr'><strong>misericordiantsustt</strong></span> 
     </span>
    </p>
   </div>
   <div class='ocr_carea' id='block_1_46' title="bbox 638 3734 3831 3813">
    <p class='ocr_par' dir='ltr' id='par_1_46' title="bbox 638 3734 3831 3813">
     <span class='ocr_line' id='line_1_46' title="bbox 638 3734 3831 3813; baseline -0.002 -22"><span class='ocrx_word' id='word_1_526' title='bbox 638 3736 779 3792; x_wconf 86' lang='lat' dir='ltr'><strong>Iicis.</strong></span> <span class='ocrx_word' id='word_1_527' title='bbox 818 3735 1075 3809; x_wconf 86' lang='lat' dir='ltr'><strong>Quisquis</strong></span> <span class='ocrx_word' id='word_1_528' title='bbox 1106 3739 1268 3809; x_wconf 80' lang='lat' dir='ltr'><strong>igitur</strong></span> <span class='ocrx_word' id='word_1_529' title='bbox 1294 3740 1423 3795; x_wconf 90' lang='lat' dir='ltr'><strong>vitia</strong></span> <span class='ocrx_word' id='word_1_530' title='bbox 1449 3740 1501 3795; x_wconf 94' lang='lat' dir='ltr'><strong>in</strong></span> <span class='ocrx_word' id='word_1_531' title='bbox 1533 3755 1591 3796; x_wconf 90' lang='lat' dir='ltr'><strong>se</strong></span> <span class='ocrx_word' id='word_1_532' title='bbox 1621 3741 1969 3812; x_wconf 80' lang='lat' dir='ltr'><strong>exstinguere</strong></span> <span class='ocrx_word' id='word_1_533' title='bbox 2000 3758 2095 3813; x_wconf 92' lang='lat' dir='ltr'><strong>per</strong></span> <span class='ocrx_word' id='word_1_534' title='bbox 2127 3742 2238 3797; x_wconf 88' lang='lat' dir='ltr'><strong>for-</strong></span> <span class='ocrx_word' id='word_1_535' title='bbox 2345 3741 2633 3812; x_wconf 85' lang='lat' dir='ltr'><strong>impendit,</strong></span> <span class='ocrx_word' id='word_1_536' title='bbox 2659 3741 2727 3797; x_wconf 89' lang='lat' dir='ltr'><strong>ab</strong></span> <span class='ocrx_word' id='word_1_537' title='bbox 2754 3750 2959 3795; x_wconf 57' lang='lat' dir='ltr'><strong>aitet-na</strong></span> <span class='ocrx_word' id='word_1_538' title='bbox 3004 3750 3183 3795; x_wconf 90' lang='lat' dir='ltr'><strong>morte</strong></span> <span class='ocrx_word' id='word_1_539' title='bbox 3219 3755 3318 3795; x_wconf 88' lang='lat' dir='ltr'><strong>sua</strong></span> <span class='ocrx_word' id='word_1_540' title='bbox 3344 3748 3511 3794; x_wconf 90' lang='lat' dir='ltr'><strong>morte</strong></span> <span class='ocrx_word' id='word_1_541' title='bbox 3530 3734 3784 3792; x_wconf 74' lang='lat' dir='ltr'><strong>coslibems.</strong></span> <span class='ocrx_word' id='word_1_542' title='bbox 3830 3742 3831 3763; x_wconf 70' lang='grc'><em>³</em></span> 
     </span>
    </p>
   </div>
   <div class='ocr_carea' id='block_1_47' title="bbox 639 3820 3787 3904">
    <p class='ocr_par' dir='ltr' id='par_1_47' title="bbox 639 3820 3787 3904">
     <span class='ocr_line' id='line_1_47' title="bbox 639 3820 3787 3904; baseline -0.004 -19"><span class='ocrx_word' id='word_1_543' title='bbox 639 3830 888 3887; x_wconf 90' lang='lat' dir='ltr'><strong>titudinis</strong></span> <span class='ocrx_word' id='word_1_544' title='bbox 914 3833 1169 3902; x_wconf 85' lang='lat' dir='ltr'><strong>spiritum</strong></span> <span class='ocrx_word' id='word_1_545' title='bbox 1188 3832 1382 3904; x_wconf 82' lang='lat' dir='ltr'><strong>potuit,</strong></span> <span class='ocrx_word' id='word_1_546' title='bbox 1411 3849 1635 3890; x_wconf 90' lang='lat' dir='ltr'><strong>necesse</strong></span> <span class='ocrx_word' id='word_1_547' title='bbox 1661 3844 1747 3890; x_wconf 89' lang='lat' dir='ltr'><strong>est</strong></span> <span class='ocrx_word' id='word_1_548' title='bbox 1768 3846 1790 3875; x_wconf 77' lang='grc' dir='ltr'><strong>ο</strong></span> <span class='ocrx_word' id='word_1_549' title='bbox 1812 3845 1871 3891; x_wconf 92' lang='lat' dir='ltr'><strong>ut</strong></span> <span class='ocrx_word' id='word_1_550' title='bbox 1896 3837 1962 3890; x_wconf 91' lang='lat' dir='ltr'><strong>ad</strong></span> <span class='ocrx_word' id='word_1_551' title='bbox 1991 3835 2240 3890; x_wconf 86' lang='lat' dir='ltr'><strong>mandata</strong></span> <span class='ocrx_word' id='word_1_552' title='bbox 2350 3833 2443 3890; x_wconf 72' lang='lat' dir='ltr'><strong>fet</strong></span> <span class='ocrx_word' id='word_1_553' title='bbox 2470 3834 2559 3889; x_wconf 88' lang='lat' dir='ltr'><strong>isti</strong></span> <span class='ocrx_word' id='word_1_554' title='bbox 2586 3835 2651 3889; x_wconf 91' lang='lat' dir='ltr'><strong>iis</strong></span> <span class='ocrx_word' id='word_1_555' title='bbox 2671 3834 2765 3903; x_wconf 87' lang='lat' dir='ltr'><strong>qui</strong></span> <span class='ocrx_word' id='word_1_556' title='bbox 2789 3832 3087 3888; x_wconf 88' lang='lat' dir='ltr'><strong>secundum</strong></span> <span class='ocrx_word' id='word_1_557' title='bbox 3117 3847 3320 3901; x_wconf 90' lang='lat' dir='ltr'><strong>corpus</strong></span> <span class='ocrx_word' id='word_1_558' title='bbox 3348 3839 3470 3886; x_wconf 87' lang='lat' dir='ltr'><strong>sunt</strong></span> <span class='ocrx_word' id='word_1_559' title='bbox 3495 3820 3787 3889; x_wconf 73' lang='lat' dir='ltr'><strong>miseri,misrri</strong></span> 
     </span>
    </p>
   </div>
   <div class='ocr_carea' id='block_1_48' title="bbox 642 3924 3788 4000">
    <p class='ocr_par' dir='ltr' id='par_1_48' title="bbox 642 3924 3788 4000">
     <span class='ocr_line' id='line_1_48' title="bbox 642 3924 3788 4000; baseline -0.004 -19"><span class='ocrx_word' id='word_1_560' title='bbox 642 3926 805 3998; x_wconf 79' lang='lat'><strong>515</strong></span> <span class='ocrx_word' id='word_1_561' title='bbox 829 3924 1110 3997; x_wconf 85' lang='lat' dir='ltr'><strong>Evangelii</strong></span> <span class='ocrx_word' id='word_1_562' title='bbox 1135 3928 1547 3999; x_wconf 88' lang='lat' dir='ltr'><strong>perscrutanda,</strong></span> <span class='ocrx_word' id='word_1_563' title='bbox 1566 3937 1727 4000; x_wconf 89' lang='lat' dir='ltr'><strong>atque</strong></span> <span class='ocrx_word' id='word_1_564' title='bbox 1757 3929 1812 3984; x_wconf 91' lang='lat' dir='ltr'><strong>in</strong></span> <span class='ocrx_word' id='word_1_565' title='bbox 1847 3930 2013 3986; x_wconf 89' lang='lat' dir='ltr'><strong>corde</strong></span> <span class='ocrx_word' id='word_1_566' title='bbox 2038 3946 2137 3985; x_wconf 88' lang='lat' dir='ltr'><strong>suo</strong></span> <span class='ocrx_word' id='word_1_567' title='bbox 2161 3945 2244 3984; x_wconf 89' lang='lat' dir='ltr'><strong>re—</strong></span> <span class='ocrx_word' id='word_1_568' title='bbox 2345 3928 2585 3985; x_wconf 87' lang='lat' dir='ltr'><strong>cordiatu</strong></span> <span class='ocrx_word' id='word_1_569' title='bbox 2615 3926 2958 3998; x_wconf 82' lang='lat' dir='ltr'><strong>impendunt,</strong></span> <span class='ocrx_word' id='word_1_570' title='bbox 2993 3925 3280 3997; x_wconf 86' lang='lat' dir='ltr'><strong>largiendo</strong></span> <span class='ocrx_word' id='word_1_571' title='bbox 3321 3926 3405 3980; x_wconf 90' lang='lat' dir='ltr'><strong>eis</strong></span> <span class='ocrx_word' id='word_1_572' title='bbox 3433 3935 3668 3993; x_wconf 84' lang='lat' dir='ltr'><strong>corporum</strong></span> <span class='ocrx_word' id='word_1_573' title='bbox 3691 3929 3788 3969; x_wconf 65' lang='lat' dir='ltr'><strong>nete-</strong></span> 
     </span>
    </p>
   </div>
   <div class='ocr_carea' id='block_1_49' title="bbox 639 4010 3831 4095">
    <p class='ocr_par' dir='ltr' id='par_1_49' title="bbox 639 4010 3831 4095">
     <span class='ocr_line' id='line_1_49' title="bbox 639 4010 3831 4095; baseline -0.001 -24"><span class='ocrx_word' id='word_1_574' title='bbox 639 4017 927 4073; x_wconf 89' lang='lat' dir='ltr'><strong>coudenda</strong></span> <span class='ocrx_word' id='word_1_575' title='bbox 975 4028 1247 4086; x_wconf 87' lang='lat' dir='ltr'><strong>transeat;</strong></span> <span class='ocrx_word' id='word_1_576' title='bbox 1280 4021 1371 4077; x_wconf 91' lang='lat' dir='ltr'><strong>ubi</strong></span> <span class='ocrx_word' id='word_1_577' title='bbox 1405 4021 1694 4076; x_wconf 83' lang='lat' dir='ltr'><strong>consilium</strong></span> <span class='ocrx_word' id='word_1_578' title='bbox 1724 4025 1979 4092; x_wconf 85' lang='lat' dir='ltr'><strong>reperiet,</strong></span> <span class='ocrx_word' id='word_1_579' title='bbox 2010 4023 2245 4095; x_wconf 85' lang='lat' dir='ltr'><strong>qualiter</strong></span> <span class='ocrx_word' id='word_1_580' title='bbox 2346 4024 2515 4087; x_wconf 86' lang='lat' dir='ltr'><strong>saria,</strong></span> <span class='ocrx_word' id='word_1_581' title='bbox 2545 4022 2741 4094; x_wconf 89' lang='lat' dir='ltr'><strong>quibus</strong></span> <span class='ocrx_word' id='word_1_582' title='bbox 2771 4023 2821 4076; x_wconf 89' lang='lat' dir='ltr'><strong>in</strong></span> <span class='ocrx_word' id='word_1_583' title='bbox 2849 4020 3057 4091; x_wconf 86' lang='lat' dir='ltr'><strong>judicio</strong></span> <span class='ocrx_word' id='word_1_584' title='bbox 3089 4021 3210 4091; x_wconf 86' lang='lat' dir='ltr'><strong>ipse</strong></span> <span class='ocrx_word' id='word_1_585' title='bbox 3251 4018 3495 4074; x_wconf 89' lang='lat' dir='ltr'><strong>dicturus</strong></span> <span class='ocrx_word' id='word_1_586' title='bbox 3514 4027 3613 4072; x_wconf 88' lang='lat' dir='ltr'><strong>est:</strong></span> <span class='ocrx_word' id='word_1_587' title='bbox 3639 4010 3789 4077; x_wconf 58' lang='grc' dir='ltr'><strong>Οιυάιξῖ</strong></span> <span class='ocrx_word' id='word_1_588' title='bbox 3830 4084 3831 4087; x_wconf 17' lang='grc' dir='ltr'><strong>η</strong></span> 
     </span>
    </p>
   </div>
   <div class='ocr_carea' id='block_1_50' title="bbox 643 4098 3791 4187">
    <p class='ocr_par' dir='ltr' id='par_1_50' title="bbox 643 4098 3791 4187">
     <span class='ocr_line' id='line_1_50' title="bbox 643 4098 3791 4187; baseline -0.002 -24"><span class='ocrx_word' id='word_1_589' title='bbox 643 4108 710 4163; x_wconf 87' lang='lat' dir='ltr'><strong>ad</strong></span> <span class='ocrx_word' id='word_1_590' title='bbox 741 4109 1091 4176; x_wconf 89' lang='lat' dir='ltr'><strong>perfectionis</strong></span> <span class='ocrx_word' id='word_1_591' title='bbox 1118 4114 1334 4168; x_wconf 89' lang='lat' dir='ltr'><strong>culmen</strong></span> <span class='ocrx_word' id='word_1_592' title='bbox 1368 4115 1739 4170; x_wconf 87' lang='lat' dir='ltr'><strong>conscendere</strong></span> <span class='ocrx_word' id='word_1_593' title='bbox 1767 4116 1965 4172; x_wconf 88' lang='lat' dir='ltr'><strong>valeat.</strong></span> <span class='ocrx_word' id='word_1_594' title='bbox 2348 4134 2410 4173; x_wconf 82' lang='lat' dir='ltr'><strong>ea;</strong></span> <span class='ocrx_word' id='word_1_595' title='bbox 2437 4117 2662 4171; x_wconf 79' lang='lat' dir='ltr'><strong>minimis</strong></span> <span class='ocrx_word' id='word_1_596' title='bbox 2688 4117 2813 4170; x_wconf 80' lang='lat' dir='ltr'><strong>meis</strong></span> <span class='ocrx_word' id='word_1_597' title='bbox 2864 4116 3083 4187; x_wconf 77' lang='lat' dir='ltr'><strong>fecistis,</strong></span> <span class='ocrx_word' id='word_1_598' title='bbox 3119 4113 3248 4168; x_wconf 85' lang='lat' dir='ltr'><strong>mihi</strong></span> <span class='ocrx_word' id='word_1_599' title='bbox 3276 4114 3470 4183; x_wconf 73' lang='lat' dir='ltr'><strong>fecistis</strong></span> <span class='ocrx_word' id='word_1_600' title='bbox 3490 4106 3659 4181; x_wconf 76' lang='lat' dir='ltr'><strong>(Matth.</strong></span> <span class='ocrx_word' id='word_1_601' title='bbox 3682 4118 3707 4165; x_wconf 85' lang='lat' dir='ltr'><strong>l,</strong></span> <span class='ocrx_word' id='word_1_602' title='bbox 3734 4098 3791 4163; x_wconf 23' lang='lat' dir='ltr'><strong>ii}.</strong></span> 
     </span>
    </p>
   </div>
   <div class='ocr_carea' id='block_1_51' title="bbox 721 4190 3789 4280">
    <p class='ocr_par' dir='ltr' id='par_1_51' title="bbox 721 4190 3789 4280">
     <span class='ocr_line' id='line_1_51' title="bbox 721 4190 3789 4280; baseline 0 -25"><span class='ocrx_word' id='word_1_603' title='bbox 721 4200 789 4256; x_wconf 84' lang='lat' dir='ltr'><strong>Et</strong></span> <span class='ocrx_word' id='word_1_604' title='bbox 823 4207 949 4273; x_wconf 89' lang='lat' dir='ltr'><strong>quia</strong></span> <span class='ocrx_word' id='word_1_605' title='bbox 981 4204 1231 4259; x_wconf 87' lang='lat' dir='ltr'><strong>mandata</strong></span> <span class='ocrx_word' id='word_1_606' title='bbox 1266 4206 1545 4276; x_wconf 86' lang='lat' dir='ltr'><strong>Evangelii</strong></span> <span class='ocrx_word' id='word_1_607' title='bbox 1576 4207 1700 4262; x_wconf 88' lang='lat' dir='ltr'><strong>sine</strong></span> <span class='ocrx_word' id='word_1_608' title='bbox 1740 4208 2031 4263; x_wconf 86' lang='lat' dir='ltr'><strong>virtutibus</strong></span> <span class='ocrx_word' id='word_1_609' title='bbox 2058 4220 2244 4265; x_wconf 82' lang='lat' dir='ltr'><strong>custo-</strong></span> <span class='ocrx_word' id='word_1_610' title='bbox 2420 4211 2656 4280; x_wconf 91' lang='lat' dir='ltr'><strong>Quintus</strong></span> <span class='ocrx_word' id='word_1_611' title='bbox 2683 4208 3057 4265; x_wconf 83' lang='lat' dir='ltr'><strong>descensionis</strong></span> <span class='ocrx_word' id='word_1_612' title='bbox 3097 4207 3303 4262; x_wconf 91' lang='lat' dir='ltr'><strong>Christi</strong></span> <span class='ocrx_word' id='word_1_613' title='bbox 3347 4203 3536 4278; x_wconf 87' lang='lat' dir='ltr'><strong>gradus</strong></span> <span class='ocrx_word' id='word_1_614' title='bbox 3557 4208 3622 4257; x_wconf 85' lang='lat' dir='ltr'><strong>est</strong></span> <span class='ocrx_word' id='word_1_615' title='bbox 3646 4190 3789 4251; x_wconf 65' lang='grc' dir='ltr'><strong>εείευιίέιι</strong></span> 
     </span>
    </p>
   </div>
   <div class='ocr_carea' id='block_1_52' title="bbox 649 4282 3831 4368">
    <p class='ocr_par' dir='ltr' id='par_1_52' title="bbox 649 4282 3831 4368">
     <span class='ocr_line' id='line_1_52' title="bbox 649 4282 3831 4368; baseline -0.002 -21"><span class='ocrx_word' id='word_1_616' title='bbox 649 4292 754 4349; x_wconf 86' lang='lat' dir='ltr'><strong>diri</strong></span> <span class='ocrx_word' id='word_1_617' title='bbox 806 4310 911 4350; x_wconf 92' lang='lat' dir='ltr'><strong>non</strong></span> <span class='ocrx_word' id='word_1_618' title='bbox 951 4307 1203 4367; x_wconf 90' lang='lat' dir='ltr'><strong>possunt,</strong></span> <span class='ocrx_word' id='word_1_619' title='bbox 1241 4314 1269 4350; x_wconf 92' lang='lat' dir='ltr'><strong>a</strong></span> <span class='ocrx_word' id='word_1_620' title='bbox 1307 4298 1503 4368; x_wconf 90' lang='lat' dir='ltr'><strong>spiritu</strong></span> <span class='ocrx_word' id='word_1_621' title='bbox 1550 4299 1767 4354; x_wconf 88' lang='lat' dir='ltr'><strong>consilii</strong></span> <span class='ocrx_word' id='word_1_622' title='bbox 1816 4298 1882 4354; x_wconf 88' lang='lat' dir='ltr'><strong>ad</strong></span> <span class='ocrx_word' id='word_1_623' title='bbox 1916 4300 2247 4357; x_wconf 89' lang='lat' dir='ltr'><strong>intellectum</strong></span> <span class='ocrx_word' id='word_1_624' title='bbox 2348 4314 2405 4361; x_wconf 90' lang='lat' dir='ltr'><strong>et</strong></span> <span class='ocrx_word' id='word_1_625' title='bbox 2447 4305 2643 4361; x_wconf 89' lang='lat' dir='ltr'><strong>tertius</strong></span> <span class='ocrx_word' id='word_1_626' title='bbox 2672 4302 3013 4359; x_wconf 82' lang='lat' dir='ltr'><strong>ascensionis</strong></span> <span class='ocrx_word' id='word_1_627' title='bbox 3059 4283 3790 4356; x_wconf 72' lang='lat' dir='ltr'><strong>fidelium.Convenitautemspi-</strong></span> 
     </span>
    </p>
   </div>
   <div class='ocr_carea' id='block_1_53' title="bbox 645 4377 3787 4467">
    <p class='ocr_par' dir='ltr' id='par_1_53' title="bbox 645 4377 3787 4467">
     <span class='ocr_line' id='line_1_53' title="bbox 645 4377 3787 4467; baseline -0.003 -25"><span class='ocrx_word' id='word_1_628' title='bbox 645 4389 1059 4457; x_wconf 88' lang='lat' dir='ltr'><strong>conscenditur,</strong></span> <span class='ocrx_word' id='word_1_629' title='bbox 1091 4390 1145 4445; x_wconf 93' lang='lat' dir='ltr'><strong>in</strong></span> <span class='ocrx_word' id='word_1_630' title='bbox 1175 4405 1282 4462; x_wconf 90' lang='lat' dir='ltr'><strong>quo</strong></span> <span class='ocrx_word' id='word_1_631' title='bbox 1314 4390 1577 4462; x_wconf 84' lang='lat' dir='ltr'><strong>perfectio</strong></span> <span class='ocrx_word' id='word_1_632' title='bbox 1605 4392 1866 4447; x_wconf 90' lang='lat' dir='ltr'><strong>virtutum</strong></span> <span class='ocrx_word' id='word_1_633' title='bbox 1895 4401 2005 4447; x_wconf 89' lang='lat' dir='ltr'><strong>tota</strong></span> <span class='ocrx_word' id='word_1_634' title='bbox 2036 4394 2248 4450; x_wconf 79' lang='lat' dir='ltr'><strong>consis-</strong></span> <span class='ocrx_word' id='word_1_635' title='bbox 2352 4397 2489 4453; x_wconf 90' lang='lat' dir='ltr'><strong>ritus</strong></span> <span class='ocrx_word' id='word_1_636' title='bbox 2518 4397 2765 4453; x_wconf 80' lang='lat' dir='ltr'><strong>scientiae</strong></span> <span class='ocrx_word' id='word_1_637' title='bbox 2794 4394 2887 4467; x_wconf 89' lang='lat' dir='ltr'><strong>qui</strong></span> <span class='ocrx_word' id='word_1_638' title='bbox 2917 4394 3168 4451; x_wconf 80' lang='lat' dir='ltr'><strong>ﬁdelibus</strong></span> <span class='ocrx_word' id='word_1_639' title='bbox 3193 4393 3513 4458; x_wconf 89' lang='lat' dir='ltr'><strong>datur,cum</strong></span> <span class='ocrx_word' id='word_1_640' title='bbox 3534 4385 3677 4459; x_wconf 86' lang='lat' dir='ltr'><strong>spiritu</strong></span> <span class='ocrx_word' id='word_1_641' title='bbox 3696 4377 3787 4433; x_wconf 70' lang='lat' dir='ltr'><strong>scien-</strong></span> 
     </span>
    </p>
   </div>
   <div class='ocr_carea' id='block_1_54' title="bbox 653 4473 3787 4561">
    <p class='ocr_par' dir='ltr' id='par_1_54' title="bbox 653 4473 3787 4561">
     <span class='ocr_line' id='line_1_54' title="bbox 653 4473 3787 4561; baseline -0.007 -21"><span class='ocrx_word' id='word_1_642' title='bbox 653 4484 736 4540; x_wconf 91' lang='lat' dir='ltr'><strong>tit.</strong></span> <span class='ocrx_word' id='word_1_643' title='bbox 779 4484 1094 4542; x_wconf 82' lang='lat' dir='ltr'><strong>Intellectus</strong></span> <span class='ocrx_word' id='word_1_644' title='bbox 1125 4503 1257 4543; x_wconf 76' lang='lat' dir='ltr'><strong>vrro</strong></span> <span class='ocrx_word' id='word_1_645' title='bbox 1286 4487 1487 4543; x_wconf 92' lang='lat' dir='ltr'><strong>donum</strong></span> <span class='ocrx_word' id='word_1_646' title='bbox 1529 4505 1557 4542; x_wconf 91' lang='lat' dir='ltr'><strong>a</strong></span> <span class='ocrx_word' id='word_1_647' title='bbox 1587 4488 1796 4558; x_wconf 88' lang='lat' dir='ltr'><strong>Spiritu</strong></span> <span class='ocrx_word' id='word_1_648' title='bbox 1825 4499 2018 4545; x_wconf 87' lang='lat' dir='ltr'><strong>sancto</strong></span> <span class='ocrx_word' id='word_1_649' title='bbox 2065 4488 2250 4546; x_wconf 85' lang='lat' dir='ltr'><strong>fideles</strong></span> <span class='ocrx_word' id='word_1_650' title='bbox 2354 4493 2463 4558; x_wconf 69' lang='lat' dir='ltr'><strong>tiae,</strong></span> <span class='ocrx_word' id='word_1_651' title='bbox 2512 4490 2600 4561; x_wconf 91' lang='lat' dir='ltr'><strong>qui</strong></span> <span class='ocrx_word' id='word_1_652' title='bbox 2650 4490 2853 4545; x_wconf 89' lang='lat' dir='ltr'><strong>homini</strong></span> <span class='ocrx_word' id='word_1_653' title='bbox 2901 4489 3125 4545; x_wconf 87' lang='lat' dir='ltr'><strong>Christo</strong></span> <span class='ocrx_word' id='word_1_654' title='bbox 3170 4488 3392 4543; x_wconf 85' lang='lat' dir='ltr'><strong>oblatus</strong></span> <span class='ocrx_word' id='word_1_655' title='bbox 3437 4495 3535 4549; x_wconf 88' lang='lat' dir='ltr'><strong>est;</strong></span> <span class='ocrx_word' id='word_1_656' title='bbox 3568 4479 3658 4551; x_wconf 84' lang='lat' dir='ltr'><strong>quia</strong></span> <span class='ocrx_word' id='word_1_657' title='bbox 3687 4473 3787 4528; x_wconf 67' lang='lat' dir='ltr'><strong>illest</strong></span> 
     </span>
    </p>
   </div>
   <div class='ocr_carea' id='block_1_55' title="bbox 652 4562 3787 4656">
    <p class='ocr_par' dir='ltr' id='par_1_55' title="bbox 652 4562 3787 4656">
     <span class='ocr_line' id='line_1_55' title="bbox 652 4562 3787 4656; baseline -0.003 -24"><span class='ocrx_word' id='word_1_658' title='bbox 652 4578 949 4648; x_wconf 84' lang='lat' dir='ltr'><strong>accipiunt,</strong></span> <span class='ocrx_word' id='word_1_659' title='bbox 977 4595 1103 4635; x_wconf 90' lang='lat' dir='ltr'><strong>cum</strong></span> <span class='ocrx_word' id='word_1_660' title='bbox 1128 4582 1381 4638; x_wconf 90' lang='lat' dir='ltr'><strong>omnibus</strong></span> <span class='ocrx_word' id='word_1_661' title='bbox 1424 4582 1716 4637; x_wconf 89' lang='lat' dir='ltr'><strong>virtutibus</strong></span> <span class='ocrx_word' id='word_1_662' title='bbox 1741 4581 1905 4638; x_wconf 89' lang='lat' dir='ltr'><strong>ditari</strong></span> <span class='ocrx_word' id='word_1_663' title='bbox 1936 4593 2246 4649; x_wconf 90' lang='lat' dir='ltr'><strong>merentur;</strong></span> <span class='ocrx_word' id='word_1_664' title='bbox 2278 4562 2330 4623; x_wconf 86' lang='grc' dir='ltr'><strong>Ῑ)</strong></span> <span class='ocrx_word' id='word_1_665' title='bbox 2357 4594 2672 4656; x_wconf 86' lang='lat' dir='ltr'><strong>peccatores</strong></span> <span class='ocrx_word' id='word_1_666' title='bbox 2712 4583 2897 4639; x_wconf 89' lang='lat' dir='ltr'><strong>salvos</strong></span> <span class='ocrx_word' id='word_1_667' title='bbox 2925 4586 3152 4648; x_wconf 83' lang='lat' dir='ltr'><strong>faceret,</strong></span> <span class='ocrx_word' id='word_1_668' title='bbox 3192 4581 3534 4652; x_wconf 88' lang='lat' dir='ltr'><strong>semetipsum</strong></span> <span class='ocrx_word' id='word_1_669' title='bbox 3576 4562 3787 4629; x_wconf 67' lang='lat' dir='ltr'><strong>illisconftt&#39;</strong></span> 
     </span>
    </p>
   </div>
   <div class='ocr_carea' id='block_1_56' title="bbox 654 4659 3785 4751">
    <p class='ocr_par' dir='ltr' id='par_1_56' title="bbox 654 4659 3785 4751">
     <span class='ocr_line' id='line_1_56' title="bbox 654 4659 3785 4751; baseline -0.006 -23"><span class='ocrx_word' id='word_1_670' title='bbox 654 4672 747 4728; x_wconf 93' lang='lat' dir='ltr'><strong>ille</strong></span> <span class='ocrx_word' id='word_1_671' title='bbox 772 4672 916 4728; x_wconf 90' lang='lat' dir='ltr'><strong>enim</strong></span> <span class='ocrx_word' id='word_1_672' title='bbox 947 4690 1131 4730; x_wconf 90' lang='lat' dir='ltr'><strong>verum</strong></span> <span class='ocrx_word' id='word_1_673' title='bbox 1180 4676 1513 4732; x_wconf 89' lang='lat' dir='ltr'><strong>intellectum</strong></span> <span class='ocrx_word' id='word_1_674' title='bbox 1557 4676 1823 4748; x_wconf 89' lang='lat' dir='ltr'><strong>possidet,</strong></span> <span class='ocrx_word' id='word_1_675' title='bbox 1863 4676 1953 4748; x_wconf 91' lang='lat' dir='ltr'><strong>qui</strong></span> <span class='ocrx_word' id='word_1_676' title='bbox 1988 4676 2092 4732; x_wconf 89' lang='lat' dir='ltr'><strong>fide</strong></span> <span class='ocrx_word' id='word_1_677' title='bbox 2121 4676 2250 4731; x_wconf 89' lang='lat' dir='ltr'><strong>illu-</strong></span> <span class='ocrx_word' id='word_1_678' title='bbox 2353 4692 2505 4734; x_wconf 88' lang='lat' dir='ltr'><strong>mare</strong></span> <span class='ocrx_word' id='word_1_679' title='bbox 2528 4694 2637 4734; x_wconf 89' lang='lat' dir='ltr'><strong>non</strong></span> <span class='ocrx_word' id='word_1_680' title='bbox 2664 4677 3095 4751; x_wconf 86' lang='lat' dir='ltr'><strong>estdedignatus</strong></span> <span class='ocrx_word' id='word_1_681' title='bbox 3125 4696 3138 4731; x_wconf 89' lang='lat'>:</span> <span class='ocrx_word' id='word_1_682' title='bbox 3170 4686 3225 4734; x_wconf 83' lang='lat' dir='ltr'><strong>et</strong></span> <span class='ocrx_word' id='word_1_683' title='bbox 3253 4675 3343 4731; x_wconf 88' lang='lat' dir='ltr'><strong>isti</strong></span> <span class='ocrx_word' id='word_1_684' title='bbox 3376 4684 3434 4730; x_wconf 93' lang='lat' dir='ltr'><strong>ut</strong></span> <span class='ocrx_word' id='word_1_685' title='bbox 3457 4677 3633 4745; x_wconf 78' lang='lat' dir='ltr'><strong>peccata</strong></span> <span class='ocrx_word' id='word_1_686' title='bbox 3649 4659 3785 4719; x_wconf 75' lang='lat' dir='ltr'><strong>evadant.</strong></span> 
     </span>
    </p>
   </div>
   <div class='ocr_carea' id='block_1_57' title="bbox 657 4756 3785 4842">
    <p class='ocr_par' dir='ltr' id='par_1_57' title="bbox 657 4756 3785 4842">
     <span class='ocr_line' id='line_1_57' title="bbox 657 4756 3785 4842; baseline -0.001 -20"><span class='ocrx_word' id='word_1_687' title='bbox 657 4766 918 4833; x_wconf 85' lang='lat' dir='ltr'><strong>minatur,</strong></span> <span class='ocrx_word' id='word_1_688' title='bbox 949 4768 1040 4840; x_wconf 91' lang='lat' dir='ltr'><strong>qui</strong></span> <span class='ocrx_word' id='word_1_689' title='bbox 1086 4768 1340 4839; x_wconf 88' lang='lat' dir='ltr'><strong>pudicitia</strong></span> <span class='ocrx_word' id='word_1_690' title='bbox 1382 4770 1697 4837; x_wconf 83' lang='lat' dir='ltr'><strong>inundatur,</strong></span> <span class='ocrx_word' id='word_1_691' title='bbox 1731 4769 1988 4839; x_wconf 86' lang='lat' dir='ltr'><strong>patientia</strong></span> <span class='ocrx_word' id='word_1_692' title='bbox 2027 4768 2253 4825; x_wconf 87' lang='lat' dir='ltr'><strong>decora-</strong></span> <span class='ocrx_word' id='word_1_693' title='bbox 2353 4770 2420 4825; x_wconf 91' lang='lat' dir='ltr'><strong>ad</strong></span> <span class='ocrx_word' id='word_1_694' title='bbox 2450 4786 2576 4825; x_wconf 89' lang='lat' dir='ltr'><strong>eum</strong></span> <span class='ocrx_word' id='word_1_695' title='bbox 2615 4786 2711 4842; x_wconf 88' lang='lat' dir='ltr'><strong>per</strong></span> <span class='ocrx_word' id='word_1_696' title='bbox 2734 4770 2988 4842; x_wconf 81' lang='lat' dir='ltr'><strong>Spiritum</strong></span> <span class='ocrx_word' id='word_1_697' title='bbox 3022 4769 3265 4827; x_wconf 70' lang='lat' dir='ltr'><strong>scientia:</strong></span> <span class='ocrx_word' id='word_1_698' title='bbox 3292 4767 3599 4839; x_wconf 86' lang='lat' dir='ltr'><strong>confugiunt,</strong></span> <span class='ocrx_word' id='word_1_699' title='bbox 3620 4756 3785 4830; x_wconf 52' lang='lat' dir='ltr'><strong>quifit?!&quot;</strong></span> 
     </span>
    </p>
   </div>
   <div class='ocr_carea' id='block_1_58' title="bbox 655 4861 3342 4935">
    <p class='ocr_par' dir='ltr' id='par_1_58' title="bbox 655 4861 3342 4935">
     <span class='ocr_line' id='line_1_58' title="bbox 655 4861 3342 4935; baseline 0.001 -20"><span class='ocrx_word' id='word_1_700' title='bbox 655 4870 765 4929; x_wconf 91' lang='lat' dir='ltr'><strong>tur,</strong></span> <span class='ocrx_word' id='word_1_701' title='bbox 804 4861 896 4933; x_wconf 92' lang='lat' dir='ltr'><strong>qui</strong></span> <span class='ocrx_word' id='word_1_702' title='bbox 939 4862 1247 4918; x_wconf 88' lang='lat' dir='ltr'><strong>lmmilitate</strong></span> <span class='ocrx_word' id='word_1_703' title='bbox 1274 4864 1539 4931; x_wconf 91' lang='lat' dir='ltr'><strong>munitur,</strong></span> <span class='ocrx_word' id='word_1_704' title='bbox 1582 4863 1672 4932; x_wconf 88' lang='lat' dir='ltr'><strong>qui</strong></span> <span class='ocrx_word' id='word_1_705' title='bbox 1701 4863 1969 4920; x_wconf 85' lang='lat' dir='ltr'><strong>charitate</strong></span> <span class='ocrx_word' id='word_1_706' title='bbox 1999 4864 2251 4934; x_wconf 82' lang='lat' dir='ltr'><strong>refulget,</strong></span> <span class='ocrx_word' id='word_1_707' title='bbox 2355 4873 2520 4921; x_wconf 89' lang='lat' dir='ltr'><strong>tatem</strong></span> <span class='ocrx_word' id='word_1_708' title='bbox 2563 4865 2727 4921; x_wconf 87' lang='lat' dir='ltr'><strong>habet</strong></span> <span class='ocrx_word' id='word_1_709' title='bbox 2756 4864 3063 4921; x_wconf 91' lang='lat' dir='ltr'><strong>dimittendi</strong></span> <span class='ocrx_word' id='word_1_710' title='bbox 3095 4873 3342 4935; x_wconf 88' lang='lat' dir='ltr'><strong>peccata.</strong></span> 
     </span>
    </p>
   </div>
   <div class='ocr_carea' id='block_1_59' title="bbox 651 4932 3780 5027">
    <p class='ocr_par' dir='ltr' id='par_1_59' title="bbox 651 4932 3780 5027">
     <span class='ocr_line' id='line_1_59' title="bbox 651 4932 3780 5027; baseline -0.004 -19"><span class='ocrx_word' id='word_1_711' title='bbox 651 4932 977 5025; x_wconf 81' lang='lat' dir='ltr'><strong>caeterisque</strong></span> <span class='ocrx_word' id='word_1_712' title='bbox 1007 4955 1300 5011; x_wconf 88' lang='lat' dir='ltr'><strong>virtutibus</strong></span> <span class='ocrx_word' id='word_1_713' title='bbox 1322 4964 1747 5011; x_wconf 87' lang='lat' dir='ltr'><strong>consummatur.</strong></span> <span class='ocrx_word' id='word_1_714' title='bbox 2147 4932 2165 4934; x_wconf 43' lang='lat'>_</span> <span class='ocrx_word' id='word_1_715' title='bbox 2429 4956 2666 5025; x_wconf 89' lang='lat' dir='ltr'><strong>Quartus</strong></span> <span class='ocrx_word' id='word_1_716' title='bbox 2693 4957 3063 5012; x_wconf 85' lang='lat' dir='ltr'><strong>descensionis</strong></span> <span class='ocrx_word' id='word_1_717' title='bbox 3090 4954 3295 5011; x_wconf 88' lang='lat' dir='ltr'><strong>Christi</strong></span> <span class='ocrx_word' id='word_1_718' title='bbox 3330 4952 3520 5025; x_wconf 86' lang='lat' dir='ltr'><strong>gradus</strong></span> <span class='ocrx_word' id='word_1_719' title='bbox 3541 4955 3604 5004; x_wconf 90' lang='lat' dir='ltr'><strong>est</strong></span> <span class='ocrx_word' id='word_1_720' title='bbox 3626 4932 3780 5027; x_wconf 51' lang='lat' dir='ltr'><strong>fortilttdit</strong></span> 
     </span>
    </p>
   </div>
   <div class='ocr_carea' id='block_1_60' title="bbox 729 5032 3781 5121">
    <p class='ocr_par' dir='ltr' id='par_1_60' title="bbox 729 5032 3781 5121">
     <span class='ocr_line' id='line_1_60' title="bbox 729 5032 3781 5121; baseline -0.002 -18"><span class='ocrx_word' id='word_1_721' title='bbox 729 5048 797 5103; x_wconf 87' lang='lat' dir='ltr'><strong>Et</strong></span> <span class='ocrx_word' id='word_1_722' title='bbox 839 5050 961 5119; x_wconf 87' lang='lat' dir='ltr'><strong>quia</strong></span> <span class='ocrx_word' id='word_1_723' title='bbox 1015 5045 1041 5085; x_wconf 76' lang='grc' dir='ltr'>ἀ</span> <span class='ocrx_word' id='word_1_724' title='bbox 1073 5064 1168 5121; x_wconf 89' lang='lat' dir='ltr'><strong>per</strong></span> <span class='ocrx_word' id='word_1_725' title='bbox 1215 5051 1588 5121; x_wconf 86' lang='lat' dir='ltr'><strong>operationem</strong></span> <span class='ocrx_word' id='word_1_726' title='bbox 1616 5049 1878 5105; x_wconf 88' lang='lat' dir='ltr'><strong>virtutum</strong></span> <span class='ocrx_word' id='word_1_727' title='bbox 1925 5050 1992 5105; x_wconf 89' lang='lat' dir='ltr'><strong>ad</strong></span> <span class='ocrx_word' id='word_1_728' title='bbox 2035 5049 2251 5104; x_wconf 88' lang='lat' dir='ltr'><strong>culmen</strong></span> <span class='ocrx_word' id='word_1_729' title='bbox 2360 5059 2417 5103; x_wconf 91' lang='lat' dir='ltr'><strong>et</strong></span> <span class='ocrx_word' id='word_1_730' title='bbox 2449 5060 2676 5120; x_wconf 88' lang='lat' dir='ltr'><strong>quartus</strong></span> <span class='ocrx_word' id='word_1_731' title='bbox 2714 5048 2969 5105; x_wconf 90' lang='lat' dir='ltr'><strong>similiter</strong></span> <span class='ocrx_word' id='word_1_732' title='bbox 2999 5048 3346 5103; x_wconf 87' lang='lat' dir='ltr'><strong>ascensionis</strong></span> <span class='ocrx_word' id='word_1_733' title='bbox 3388 5044 3610 5102; x_wconf 84' lang='lat' dir='ltr'><strong>fidelium.</strong></span> <span class='ocrx_word' id='word_1_734' title='bbox 3640 5032 3781 5094; x_wconf 69' lang='lat' dir='ltr'><strong>Coniw“</strong></span> 
     </span>
    </p>
   </div>
   <div class='ocr_carea' id='block_1_61' title="bbox 660 5124 3778 5213">
    <p class='ocr_par' dir='ltr' id='par_1_61' title="bbox 660 5124 3778 5213">
     <span class='ocr_line' id='line_1_61' title="bbox 660 5124 3778 5213; baseline -0.004 -16"><span class='ocrx_word' id='word_1_735' title='bbox 660 5142 1017 5212; x_wconf 87' lang='lat' dir='ltr'><strong>perfectionis</strong></span> <span class='ocrx_word' id='word_1_736' title='bbox 1044 5142 1452 5208; x_wconf 87' lang='lat' dir='ltr'><strong>conscenditur,</strong></span> <span class='ocrx_word' id='word_1_737' title='bbox 1491 5141 1755 5213; x_wconf 84' lang='lat' dir='ltr'><strong>sapientia</strong></span> <span class='ocrx_word' id='word_1_738' title='bbox 1786 5142 2082 5197; x_wconf 88' lang='lat' dir='ltr'><strong>intellectui</strong></span> <span class='ocrx_word' id='word_1_739' title='bbox 2116 5156 2255 5211; x_wconf 82' lang='lat' dir='ltr'><strong>prae-</strong></span> <span class='ocrx_word' id='word_1_740' title='bbox 2363 5152 2543 5199; x_wconf 89' lang='lat' dir='ltr'><strong>autem</strong></span> <span class='ocrx_word' id='word_1_741' title='bbox 2579 5143 2840 5200; x_wconf 85' lang='lat' dir='ltr'><strong>fortitudo</strong></span> <span class='ocrx_word' id='word_1_742' title='bbox 2874 5142 3113 5199; x_wconf 90' lang='lat' dir='ltr'><strong>fidelium</strong></span> <span class='ocrx_word' id='word_1_743' title='bbox 3138 5141 3447 5198; x_wconf 87' lang='lat' dir='ltr'><strong>fortitudini</strong></span> <span class='ocrx_word' id='word_1_744' title='bbox 3472 5124 3778 5197; x_wconf 64' lang='lat' dir='ltr'><strong>Cltristi;qtliad</strong></span> 
     </span>
    </p>
   </div>
   <div class='ocr_carea' id='block_1_62' title="bbox 661 5219 3781 5316">
    <p class='ocr_par' dir='ltr' id='par_1_62' title="bbox 661 5219 3781 5316">
     <span class='ocr_line' id='line_1_62' title="bbox 661 5219 3781 5316; baseline -0.001 -28"><span class='ocrx_word' id='word_1_745' title='bbox 661 5237 900 5304; x_wconf 87' lang='lat' dir='ltr'><strong>ponitur,</strong></span> <span class='ocrx_word' id='word_1_746' title='bbox 939 5237 991 5293; x_wconf 89' lang='lat' dir='ltr'><strong>in</strong></span> <span class='ocrx_word' id='word_1_747' title='bbox 1023 5254 1128 5309; x_wconf 89' lang='lat' dir='ltr'><strong>qua</strong></span> <span class='ocrx_word' id='word_1_748' title='bbox 1158 5247 1269 5293; x_wconf 90' lang='lat' dir='ltr'><strong>tota</strong></span> <span class='ocrx_word' id='word_1_749' title='bbox 1300 5235 1560 5308; x_wconf 85' lang='lat' dir='ltr'><strong>perfectio</strong></span> <span class='ocrx_word' id='word_1_750' title='bbox 1587 5236 1857 5292; x_wconf 88' lang='lat' dir='ltr'><strong>consistit.</strong></span> <span class='ocrx_word' id='word_1_751' title='bbox 1895 5236 1970 5292; x_wconf 89' lang='lat' dir='ltr'><strong>De</strong></span> <span class='ocrx_word' id='word_1_752' title='bbox 2002 5236 2103 5291; x_wconf 89' lang='lat' dir='ltr'><strong>hac</strong></span> <span class='ocrx_word' id='word_1_753' title='bbox 2136 5252 2255 5306; x_wconf 91' lang='lat' dir='ltr'><strong>per-</strong></span> <span class='ocrx_word' id='word_1_754' title='bbox 2364 5237 2682 5293; x_wconf 88' lang='lat' dir='ltr'><strong>fortitudine</strong></span> <span class='ocrx_word' id='word_1_755' title='bbox 2714 5234 2836 5293; x_wconf 65' lang='lat' dir='ltr'><strong>&#39;isti‘</strong></span> <span class='ocrx_word' id='word_1_756' title='bbox 2861 5238 3085 5293; x_wconf 82' lang='lat' dir='ltr'><strong>vincunt</strong></span> <span class='ocrx_word' id='word_1_757' title='bbox 3138 5236 3437 5301; x_wconf 88' lang='lat' dir='ltr'><strong>diabolum,</strong></span> <span class='ocrx_word' id='word_1_758' title='bbox 3474 5247 3560 5306; x_wconf 85' lang='lat' dir='ltr'><strong>qua</strong></span> <span class='ocrx_word' id='word_1_759' title='bbox 3595 5238 3632 5283; x_wconf 85' lang='lat' dir='ltr'><strong>et</strong></span> <span class='ocrx_word' id='word_1_760' title='bbox 3653 5219 3781 5316; x_wconf 56' lang='lat' dir='ltr'><strong>Chfifi&#39;“</strong></span> 
     </span>
    </p>
   </div>
   <div class='ocr_carea' id='block_1_63' title="bbox 661 5316 3779 5403">
    <p class='ocr_par' dir='ltr' id='par_1_63' title="bbox 661 5316 3779 5403">
     <span class='ocr_line' id='line_1_63' title="bbox 661 5316 3779 5403; baseline -0.001 -22"><span class='ocrx_word' id='word_1_761' title='bbox 661 5324 898 5385; x_wconf 76' lang='lat' dir='ltr'><strong>lectione</strong></span> <span class='ocrx_word' id='word_1_762' title='bbox 923 5332 1178 5388; x_wconf 91' lang='lat' dir='ltr'><strong>Dominus</strong></span> <span class='ocrx_word' id='word_1_763' title='bbox 1203 5332 1335 5389; x_wconf 91' lang='lat' dir='ltr'><strong>dicit</strong></span> <span class='ocrx_word' id='word_1_764' title='bbox 1362 5331 1416 5388; x_wconf 88' lang='lat' dir='ltr'><strong>in</strong></span> <span class='ocrx_word' id='word_1_765' title='bbox 1446 5331 1779 5403; x_wconf 81' lang='lat' dir='ltr'><strong>Evangelia:</strong></span> <span class='ocrx_word' id='word_1_766' title='bbox 1815 5331 1877 5387; x_wconf 89' lang='lat' dir='ltr'><strong>Si</strong></span> <span class='ocrx_word' id='word_1_767' title='bbox 1904 5331 1978 5386; x_wconf 83' lang='lat' dir='ltr'><strong>vis</strong></span> <span class='ocrx_word' id='word_1_768' title='bbox 2001 5331 2257 5402; x_wconf 73' lang='lat' dir='ltr'><strong>perfectus</strong></span> <span class='ocrx_word' id='word_1_769' title='bbox 2368 5332 2524 5399; x_wconf 90' lang='lat' dir='ltr'><strong>vicit,</strong></span> <span class='ocrx_word' id='word_1_770' title='bbox 2568 5332 2895 5388; x_wconf 89' lang='lat' dir='ltr'><strong>fortitudine</strong></span> <span class='ocrx_word' id='word_1_771' title='bbox 2932 5331 3192 5387; x_wconf 82' lang='lat' dir='ltr'><strong>videlicet</strong></span> <span class='ocrx_word' id='word_1_772' title='bbox 3231 5328 3463 5395; x_wconf 88' lang='lat' dir='ltr'><strong>Christi,</strong></span> <span class='ocrx_word' id='word_1_773' title='bbox 3510 5316 3779 5380; x_wconf 43' lang='lat' dir='ltr'><strong>nonsatis”;</strong></span> 
     </span>
    </p>
   </div>
   <div class='ocr_carea' id='block_1_64' title="bbox 740 5454 3781 5541">
    <p class='ocr_par' dir='ltr' id='par_1_64' title="bbox 740 5454 3781 5541">
     <span class='ocr_line' id='line_1_64' title="bbox 740 5454 3781 5541; baseline -0.008 -22"><span class='ocrx_word' id='word_1_774' title='bbox 740 5469 767 5497; x_wconf 76' lang='grc'><strong><em>⁸</em></strong></span> <span class='ocrx_word' id='word_1_775' title='bbox 794 5464 968 5532; x_wconf 86' lang='lat' dir='ltr'><strong>Edit.,</strong></span> <span class='ocrx_word' id='word_1_776' title='bbox 1008 5470 1142 5524; x_wconf 74' lang='lat' dir='ltr'><strong>vitiis</strong></span> <span class='ocrx_word' id='word_1_777' title='bbox 1170 5471 1463 5529; x_wconf 82' lang='lat' dir='ltr'><strong>deservire?</strong></span> <span class='ocrx_word' id='word_1_778' title='bbox 1493 5473 1724 5528; x_wconf 83' lang='lat' dir='ltr'><strong>Scientia</strong></span> <span class='ocrx_word' id='word_1_779' title='bbox 1749 5487 1868 5526; x_wconf 80' lang='lat' dir='ltr'><strong>vero</strong></span> <span class='ocrx_word' id='word_1_780' title='bbox 1898 5472 2127 5526; x_wconf 74' lang='lat' dir='ltr'><strong>maxima</strong></span> <span class='ocrx_word' id='word_1_781' title='bbox 2166 5479 2261 5537; x_wconf 73' lang='lat' dir='ltr'><strong>est,</strong></span> <span class='ocrx_word' id='word_1_782' title='bbox 2440 5470 2467 5507; x_wconf 69' lang='grc' dir='ltr'><strong>(ί</strong></span> <span class='ocrx_word' id='word_1_783' title='bbox 2496 5470 2653 5539; x_wconf 89' lang='lat' dir='ltr'><strong>Gill.,</strong></span> <span class='ocrx_word' id='word_1_784' title='bbox 2681 5488 2771 5541; x_wconf 88' lang='lat' dir='ltr'><strong>per</strong></span> <span class='ocrx_word' id='word_1_785' title='bbox 2809 5473 3095 5527; x_wconf 85' lang='lat' dir='ltr'><strong>orationem</strong></span> <span class='ocrx_word' id='word_1_786' title='bbox 3124 5472 3408 5537; x_wconf 78' lang='lat' dir='ltr'><strong>virtutum;</strong></span> <span class='ocrx_word' id='word_1_787' title='bbox 3439 5468 3588 5527; x_wconf 80' lang='lat' dir='ltr'><strong>Rom.,</strong></span> <span class='ocrx_word' id='word_1_788' title='bbox 3612 5454 3781 5525; x_wconf 56' lang='lat' dir='ltr'><strong>perorata</strong></span> 
     </span>
    </p>
   </div>
   <div class='ocr_carea' id='block_1_65' title="bbox 676 5541 3728 5610">
    <p class='ocr_par' dir='ltr' id='par_1_65' title="bbox 676 5541 3728 5610">
     <span class='ocr_line' id='line_1_65' title="bbox 676 5541 3728 5610; baseline -0.003 -17"><span class='ocrx_word' id='word_1_789' title='bbox 676 5544 978 5610; x_wconf 66' lang='lat' dir='ltr'><strong>etq.:_tnss.</strong></span> <span class='ocrx_word' id='word_1_790' title='bbox 1011 5553 1068 5595; x_wconf 90' lang='lat' dir='ltr'><strong>ut</strong></span> <span class='ocrx_word' id='word_1_791' title='bbox 1098 5544 1150 5597; x_wconf 93' lang='lat' dir='ltr'><strong>in</strong></span> <span class='ocrx_word' id='word_1_792' title='bbox 1176 5554 1457 5600; x_wconf 80' lang='lat' dir='ltr'><strong>contextu.</strong></span> <span class='ocrx_word' id='word_1_793' title='bbox 2369 5559 2493 5596; x_wconf 83' lang='lat' dir='ltr'><strong>nam</strong></span> <span class='ocrx_word' id='word_1_794' title='bbox 2517 5544 2793 5610; x_wconf 79' lang='lat' dir='ltr'><strong>uirtutem,-</strong></span> <span class='ocrx_word' id='word_1_795' title='bbox 2844 5558 2979 5598; x_wconf 89' lang='lat' dir='ltr'><strong>mss.</strong></span> <span class='ocrx_word' id='word_1_796' title='bbox 3009 5558 3141 5600; x_wconf 90' lang='lat' dir='ltr'><strong>vero</strong></span> <span class='ocrx_word' id='word_1_797' title='bbox 3167 5544 3329 5598; x_wconf 90' lang='lat' dir='ltr'><strong>nobis</strong></span> <span class='ocrx_word' id='word_1_798' title='bbox 3358 5541 3629 5610; x_wconf 83' lang='lat' dir='ltr'><strong>congruunt.</strong></span> <span class='ocrx_word' id='word_1_799' title='bbox 3685 5589 3728 5610; x_wconf 44' lang='grc' dir='ltr'><em>Η</em></span> 
     </span>
    </p>
   </div>
   <div class='ocr_carea' id='block_1_66' title="bbox 750 5592 3778 5687">
    <p class='ocr_par' dir='ltr' id='par_1_66' title="bbox 750 5592 3778 5687">
     <span class='ocr_line' id='line_1_66' title="bbox 750 5592 3778 5687; baseline 0.003 -28"><span class='ocrx_word' id='word_1_800' title='bbox 750 5601 778 5642; x_wconf 73' lang='lat' dir='ltr'><strong>b</strong></span> <span class='ocrx_word' id='word_1_801' title='bbox 810 5604 880 5687; x_wconf 82' lang='lat' dir='ltr'><strong>_Ui</strong></span> <span class='ocrx_word' id='word_1_802' title='bbox 918 5592 1478 5687; x_wconf 57' lang='grc' dir='ltr'><strong>ὁειεῖάὲξᾶἐῆἧιῖᾶιῖῖξ.</strong></span> <span class='ocrx_word' id='word_1_803' title='bbox 1528 5634 1729 5673; x_wconf 80' lang='lat' dir='ltr'><strong>necesse</strong></span> <span class='ocrx_word' id='word_1_804' title='bbox 1775 5626 1867 5684; x_wconf 77' lang='lat' dir='ltr'><strong>est,</strong></span> <span class='ocrx_word' id='word_1_805' title='bbox 1897 5630 1962 5671; x_wconf 77' lang='lat' dir='ltr'><strong>ex</strong></span> <span class='ocrx_word' id='word_1_806' title='bbox 1994 5613 2099 5669; x_wconf 70' lang='lat' dir='ltr'><strong>nite</strong></span> <span class='ocrx_word' id='word_1_807' title='bbox 2127 5628 2261 5669; x_wconf 86' lang='lat' dir='ltr'><strong>mss.</strong></span> <span class='ocrx_word' id='word_1_808' title='bbox 2371 5592 2491 5687; x_wconf 56' lang='grc' dir='ltr'><strong>’ξξῖ</strong></span> <span class='ocrx_word' id='word_1_809' title='bbox 2522 5592 3136 5685; x_wconf 41' lang='lat' dir='ltr'><strong>maestissima;</strong></span> <span class='ocrx_word' id='word_1_810' title='bbox 3168 5592 3325 5685; x_wconf 46' lang='lat' dir='ltr'><strong>si;</strong></span> <span class='ocrx_word' id='word_1_811' title='bbox 3349 5592 3585 5669; x_wconf 51' lang='lat' dir='ltr'><strong>ansa...</strong></span> <span class='ocrx_word' id='word_1_812' title='bbox 3616 5592 3778 5669; x_wconf 53' lang='lat' dir='ltr'><strong>add“</strong></span> 
     </span>
    </p>
   </div>
   <div class='ocr_carea' id='block_1_67' title="bbox 680 5684 3779 5771">
    <p class='ocr_par' dir='ltr' id='par_1_67' title="bbox 680 5684 3779 5771">
     <span class='ocr_line' id='line_1_67' title="bbox 680 5684 3779 5771; baseline 0.004 -42"><span class='ocrx_word' id='word_1_813' title='bbox 680 5684 1321 5771; x_wconf 31' lang='lat' dir='ltr'><strong>pmﬁni&#39;t‘tmreposuimusx</strong></span> <span class='ocrx_word' id='word_1_814' title='bbox 1391 5761 1405 5771; x_wconf 37' lang='grc' dir='ltr'><strong>Δ</strong></span> <span class='ocrx_word' id='word_1_815' title='bbox 1482 5761 1497 5771; x_wconf 41' lang='grc'><strong>“</strong></span> <span class='ocrx_word' id='word_1_816' title='bbox 1709 5763 1719 5771; x_wconf 80' lang='lat'>_</span> <span class='ocrx_word' id='word_1_817' title='bbox 1892 5759 1904 5771; x_wconf 44' lang='lat'><strong><em>.</em></strong></span> <span class='ocrx_word' id='word_1_818' title='bbox 2030 5757 2052 5771; x_wconf 39' lang='grc' dir='ltr'><em>η</em></span> <span class='ocrx_word' id='word_1_819' title='bbox 2133 5760 2145 5771; x_wconf 44' lang='grc'><strong>.</strong></span> <span class='ocrx_word' id='word_1_820' title='bbox 2256 5759 2268 5771; x_wconf 38' lang='grc'><strong><em>⁸</em></strong></span> <span class='ocrx_word' id='word_1_821' title='bbox 2374 5684 2701 5771; x_wconf 54' lang='lat' dir='ltr'><strong>Hierusalem</strong></span> <span class='ocrx_word' id='word_1_822' title='bbox 2725 5687 3248 5771; x_wconf 58' lang='lat' dir='ltr'><strong>crpigstisperﬁcitur.</strong></span> <span class='ocrx_word' id='word_1_823' title='bbox 3368 5750 3437 5759; x_wconf 23' lang='grc' dir='ltr'>Α,</span> <span class='ocrx_word' id='word_1_824' title='bbox 3580 5732 3779 5771; x_wconf 29' lang='grc' dir='ltr'><strong>,ΛΜΝ</strong></span> 
     </span>
    </p>
   </div>
   <div class='ocr_carea' id='block_1_68' title="bbox 681 5740 3771 5833">
    <p class='ocr_par' dir='ltr' id='par_1_68' title="bbox 681 5740 3771 5833">
     <span class='ocr_line' id='line_1_68' title="bbox 681 5740 3771 5833; baseline 0.003 -33"><span class='ocrx_word' id='word_1_825' title='bbox 681 5745 785 5833; x_wconf 51' lang='grc' dir='ltr'><strong>θηῆ</strong></span> <span class='ocrx_word' id='word_1_826' title='bbox 812 5740 1191 5833; x_wconf 68' lang='lat' dir='ltr'><strong>Fragmentqu</strong></span> <span class='ocrx_word' id='word_1_827' title='bbox 1222 5740 1344 5813; x_wconf 89' lang='lat' dir='ltr'><strong>cod.</strong></span> <span class='ocrx_word' id='word_1_828' title='bbox 1380 5761 1547 5830; x_wconf 78' lang='lat' dir='ltr'><strong>Aud.,</strong></span> <span class='ocrx_word' id='word_1_829' title='bbox 1568 5771 1624 5815; x_wconf 86' lang='lat' dir='ltr'><strong>ut</strong></span> <span class='ocrx_word' id='word_1_830' title='bbox 1651 5763 1719 5816; x_wconf 79' lang='lat' dir='ltr'><strong>ad</strong></span> <span class='ocrx_word' id='word_1_831' title='bbox 1749 5759 1992 5815; x_wconf 82' lang='lat' dir='ltr'><strong>mandata</strong></span> <span class='ocrx_word' id='word_1_832' title='bbox 2020 5757 2170 5831; x_wconf 82' lang='lat' dir='ltr'><strong>Legis</strong></span> <span class='ocrx_word' id='word_1_833' title='bbox 2191 5759 2268 5814; x_wconf 80' lang='lat' dir='ltr'><strong>vel</strong></span> <span class='ocrx_word' id='word_1_834' title='bbox 2400 5756 2470 5833; x_wconf 41' lang='grc' dir='ltr'>ηε</span> <span class='ocrx_word' id='word_1_835' title='bbox 2502 5740 2666 5823; x_wconf 53' lang='lat' dir='ltr'><strong>fidit,</strong></span> <span class='ocrx_word' id='word_1_836' title='bbox 2693 5768 2739 5812; x_wconf 82' lang='lat' dir='ltr'><strong>et</strong></span> <span class='ocrx_word' id='word_1_837' title='bbox 2761 5740 2979 5833; x_wconf 71' lang='lat' dir='ltr'><strong>isti</strong></span> <span class='ocrx_word' id='word_1_838' title='bbox 2993 5740 3277 5833; x_wconf 62' lang='lat' dir='ltr'><strong>secundum</strong></span> <span class='ocrx_word' id='word_1_839' title='bbox 3299 5750 3479 5828; x_wconf 64' lang='lat' dir='ltr'><strong>corpus</strong></span> <span class='ocrx_word' id='word_1_840' title='bbox 3500 5759 3605 5816; x_wconf 71' lang='lat' dir='ltr'><strong>sunt,</strong></span> <span class='ocrx_word' id='word_1_841' title='bbox 3626 5740 3771 5797; x_wconf 44' lang='lat' dir='ltr'><strong>NW”</strong></span> 
     </span>
    </p>
   </div>
   <div class='ocr_carea' id='block_1_69' title="bbox 686 5812 3288 5901">
    <p class='ocr_par' dir='ltr' id='par_1_69' title="bbox 686 5812 3288 5901">
     <span class='ocr_line' id='line_1_69' title="bbox 686 5812 3288 5901; baseline 0.007 -31"><span class='ocrx_word' id='word_1_842' title='bbox 686 5812 971 5886; x_wconf 64' lang='lat' dir='ltr'><strong>Evangelii;</strong></span> <span class='ocrx_word' id='word_1_843' title='bbox 1336 5812 1339 5813; x_wconf 37' lang='grc'><strong><em>⁷</em></strong></span> <span class='ocrx_word' id='word_1_844' title='bbox 1945 5812 1972 5814; x_wconf 15' lang='lat' dir='ltr'><strong><em>ﬂ</em></strong></span> <span class='ocrx_word' id='word_1_845' title='bbox 2024 5812 2035 5813; x_wconf 20' lang='grc' dir='ltr'>ί</span> <span class='ocrx_word' id='word_1_846' title='bbox 2094 5812 2118 5831; x_wconf 64' lang='grc'><strong>⁶’</strong></span> <span class='ocrx_word' id='word_1_847' title='bbox 2226 5812 2235 5814; x_wconf 36' lang='grc'>⁷</span> <span class='ocrx_word' id='word_1_848' title='bbox 2374 5829 2547 5894; x_wconf 66' lang='lat' dir='ltr'><strong>diem:</strong></span> <span class='ocrx_word' id='word_1_849' title='bbox 2579 5812 2710 5884; x_wconf 73' lang='lat' dir='ltr'><strong>mss.</strong></span> <span class='ocrx_word' id='word_1_850' title='bbox 2747 5812 2805 5884; x_wconf 80' lang='lat' dir='ltr'><strong>ut</strong></span> <span class='ocrx_word' id='word_1_851' title='bbox 2832 5812 3288 5901; x_wconf 12' lang='lat' dir='ltr'><strong>ndsiuﬁcorpoi’es</strong></span> 
     </span>
    </p>
   </div>
  </div>
