3944 6310
67 287 147 342 801
766 282 829 339 ΙΝ
870 276 1350 341 APOCALYPSIN
1390 278 1661 339 EXPOSI'I

1767 322 1772 334 .
1814 279 1902 335 DE
1947 279 2214 339 VISIONE
2255 279 2599 342 SECUNDA.
3222 280 3331 341 803

67 406 163 473 ipse
189 398 347 454 dicit:
385 400 508 456 Sine
537 416 616 455 me
642 401 775 455 nihil
805 402 1017 472 potestis
1032 401 1202 473 facere
1225 402 1407 475 (Joan.
1436 399 1623 473 xv,5).
1656 408 1704 462 Α
1736 414 1918 453 merus
1965 411 2021 455 et
2060 402 2324 458 ambitum
2366 404 2533 472 sedis,
2580 413 2635 459 et
2684 401 3033 460 medietatem
3078 402 3332 461 obtinere

121 491 319 549 Tertius
365 492 741 549 descensionis
778 493 982 551 Christi
1027 494 1225 566 gradus
1271 503 1355 551 est
1398 495 1629 565 Spiritus
1734 501 1984 561 poterat:
2025 494 2119 549 sed
2152 496 2467 566 spiritaliter
2500 495 2913 568 intelligendum
2943 504 3048 553 est.
3087 498 3334 565 Quatuor

62 585 274 650 consilii,
305 586 594 656 etquintus
618 586 958 643 ascensionis
986 586 1250 644 ﬁdelium.
1271 586 1630 659 Conjungitur
1732 584 1892 656 igitur
1912 586 2169 642 animalia
2216 591 2323 643 hon
2354 589 2532 644 solum
2560 602 2793 661 quatuor
2813 590 3204 659 evangelistas,
3236 589 3333 646 sed

62 688 222 736 autem
250 677 531 733 consilium
574 679 815 735 ﬁdelium
843 679 1077 735 consilio
1104 680 1334 748 Christi,
1382 695 1507 737 cum
1560 678 1629 735 ad
1732 690 1789 736 et
1814 695 2004 736 omnes
2034 681 2292 739 doctores
2338 682 2619 751 Ecclesiae,
2665 684 2757 755 qui
2788 699 2977 741 eorum
3027 684 3335 741 doctrinam

62 781 305 846 prmeepta
349 771 625 845 Evangelii
658 773 921 830 servanda
950 789 1011 831 se
1041 775 1400 843 transierunt,
1432 777 1485 832 in
1509 777 1631 848 qui-
1733 784 2053 845 sequuntur.
2081 776 2393 849 designant.
2422 778 2480 834 In
2507 778 2738 836 circuitu
2767 796 2899 836 vero
2928 779 3077 837 sedis
3103 790 3339 852 quatuor

60 869 147 924 bus
188 866 479 938 perlectum
508 868 795 923 consilium
824 868 1073 924 consistit
1114 868 1357 925 omnium
1404 878 1629 927 sancto-
1732 866 1985 923 animalia
2010 878 2187 937 stant;
2216 870 2341 941 quia
2366 870 2623 928 doctores
2653 872 2915 930 Ecclesiae
2942 873 3199 946 populum
3226 873 3335 931 sibi

62 980 187 1020 rum,
1734 962 2086 1018 commissum
2105 972 2159 1019 et
2186 978 2214 1017 a
2244 964 2555 1021 visibilibus
2579 977 2632 1023 et
2658 967 2728 1021 ah
2759 968 3125 1026 invisibilibus
3167 967 3340 1025 hosti-

120 1056 383 1114 Secundus
408 1056 783 1114 descensionis
804 1055 1015 1113 Christi
1045 1058 1247 1130 gradus
1272 1067 1357 1115 est
1380 1057 1631 1115 intellee-
1734 1054 1835 1110 bus
1862 1066 2062 1127 quanta
2083 1057 2283 1114 virtute
2306 1068 2553 1129 possunt,
2582 1059 2905 1117 defendunt.
2932 1061 2991 1119 In
3024 1063 3208 1120 medio
3244 1078 3335 1120 se-

62 1163 154 1218 tus,
175 1161 225 1208 et
265 1160 453 1207 sextus
488 1152 827 1208 ascensionis
857 1150 1117 1207 ﬁdelium.
1148 1150 1415 1223 Congruit
1450 1161 1632 1209 autem
1734 1147 1823 1204 dis
1850 1152 2183 1219 consistunt,
2217 1151 2342 1224 quia
2380 1169 2829 1227 unumquemque
2850 1172 3040 1213 eorum
3074 1167 3129 1213 ut
3156 1157 3209 1213 iu
3234 1158 3344 1215 vir-

62 1244 345 1301 intellectus
384 1243 623 1300 ﬁdelium
665 1244 961 1301 intellectui
989 1244 1217 1311 Christi,
1248 1260 1370 1302 cum
1410 1244 1632 1302 easdem

61 1338 265 1393 virtutes
292 1353 427 1406 quas
465 1335 583 1408 ipse
616 1352 647 1392 a
674 1338 875 1409 Spiritu
904 1353 1003 1394 suo
1038 1339 1304 1409 percepit,
1331 1339 1553 1396 easdem
1580 1348 1638 1396 et

62 1430 215 1487 sancti
242 1428 354 1500 ejus
379 1429 447 1484 ab
479 1430 599 1500 ipso
626 1430 908 1503 percipere
937 1440 1237 1488 merentur.

127 1523 326 1579 Primus
363 1522 740 1580 descensionis
765 1523 966 1580 Christi
991 1526 1195 1597 gradus
1223 1535 1308 1583 est
1346 1527 1635 1596 sapientia,

62 1634 107 1677 et
138 1622 389 1691 septimus
430 1621 775 1677 ascensionis
805 1620 1084 1686 ﬁdelium;
1114 1622 1241 1693 quia
1274 1622 1521 1677 Christus
1555 1631 1639 1679 est

62 1717 309 1788 sapientia
340 1715 539 1781 Patris,
581 1724 636 1771 et
665 1716 734 1771 ab
776 1716 895 1785 ipso
928 1716 1109 1771 omnis
1140 1716 1407 1786 sapientia
1438 1717 1635 1772 oritur.

1738 1244 1948 1301 tutibus
1985 1247 2357 1318 omnibusque
2401 1247 2561 1303 bonis
2592 1249 2853 1319 operibus
2890 1250 3197 1322 proﬁciant,
3244 1251 3342 1309 ad-

1739 1353 1966 1395 monere
2013 1355 2120 1396 non
2162 1340 2442 1397 desinunt.
2475 1342 2727 1407 Quatuor
2757 1360 2892 1416 ergo
2923 1344 3040 1401 haec
3086 1347 3345 1403 animalia

1738 1440 1862 1488 ante
1888 1442 1943 1489 et
1972 1442 2120 1489 retro
2149 1434 2337 1491 oculos
2368 1434 2624 1493 habuisse
2655 1437 2769 1493 visa
2799 1448 2953 1505 sunt,
2986 1441 3112 1508 quia
3145 1440 3345 1512 praedi-

1738 1537 1955 1583 catores
1984 1528 2158 1583 sancti
2184 1538 2241 1585 et
2266 1528 2447 1586 l‘utura
2474 1539 2531 1587 ct
2559 1532 2833 1603 prteterita
2859 1533 3170 1604 inspiciunt.
3202 1536 3346 1594 Ante

1739 1623 1927 1676 oculos
1966 1621 2188 1690 habent,
2222 1625 2349 1695 quia
2387 1626 2532 1682 diem
2574 1627 2787 1697 judicii,
2824 1628 3349 1703 damnationemque

1742 1714 2053 1784 impiorum,
2116 1716 2457 1789 gloriamque
2503 1719 2775 1791 iustorum
2827 1722 2956 1780 dum
3017 1725 3342 1796 inspiciunt,

62 1810 230 1867 Sancti
261 1811 423 1881 igitur
447 1810 540 1881 qui
572 1825 668 1880 per
706 1810 1083 1882 operationem
1116 1811 1378 1866 virtutum
1410 1812 1638 1869 Domino
1668 1812 1715 1874 B
1743 1807 2080 1865 auditoribus
2106 1811 2222 1866 suis
2248 1811 2377 1882 quid
2407 1827 2631 1883 cavere,
2673 1825 2727 1871 et
2770 1816 2903 1888 quid
2946 1828 3205 1891 appetere
3249 1818 3351 1876 de-

60 1906 385 1976 copnlantur,
428 1905 495 1961 ab
527 1905 644 1976 ipso
667 1906 1014 1976 sapientiam.
1060 1905 1113 1960 iu
1142 1921 1246 1976 qua
1289 1904 1453 1960 totius
1481 1906 1637 1961 boni-

60 2000 175 2053 tatis
216 2015 425 2054 summa
474 1999 745 2066 consistit,
791 1998 1102 2071 percipiunt
1148 1998 1330 2073 (Prov.
1385 2015 1468 2064 ιη,
1521 1999 1636 2070 l5).

62 2093 247 2160 Quibus
294 2094 410 2164 ipse
452 2108 547 2165 per
586 2092 943 2150 Salomonem
985 2093 1247 2165 IOquitur,
1295 2092 1529 2149 dicens:
1581 2092 1640 2148 Si

62 2189 170 2257 quis
195 2186 367 2259 diligit
394 2188 742 2260 sapientiam,
770 2186 837 2243 ad
860 2203 945 2243 me
972 2187 1236 2254 declinet,
1262 2196 1316 2244 et
1344 2202 1463 2244 eam
1492 2186 1645 2244 inve-

64 2282 163 2336 niet
191 2300 204 2337 :
241 2290 294 2336 et
323 2296 444 2337 eam
475 2296 598 2337 eum
632 2281 923 2346 invenerit,
962 2281 1158 2337 beatus
1185 2290 1288 2348 est,
1322 2282 1367 2337 si
1411 2282 1648 2337 tenuerit

61 2391 192 2431 eam.

125 2471 298 2544 (Vers.
327 2471 410 2543 6.)
440 2472 730 2542 Sequitur:
762 2470 825 2525 Et
846 2472 896 2526 in
925 2480 1199 2545 conspectu
1217 2472 1353 2527 sedis
1377 2481 1647 2543 tamquam

62 2582 189 2619 mare
217 2566 455 2630 vitreum,
488 2565 657 2620 simile
681 2566 948 2637 crystallo.
985 2566 1039 2621 ltt
1092 2566 1299 2637 templo
1339 2565 1649 2621 SalomOuis

64 2674 201 2713 mare
231 2674 441 2714 aeneum
492 2658 658 2714 fuisse
691 2657 945 2730 legimus,
983 2660 1035 2713 in
1064 2674 1171 2729 quo
1214 2658 1540 2715 lavabantur
1562 2674 1650 2715 sa-

60 2750 321 2817 cerdotes,
356 2762 651 2822 antequam
682 2750 1096 2807 accederentad
1125 2751 1319 2819 altare,
1354 2752 1421 2807 ad
1445 2752 1650 2808 hostias

64 2845 360 2902 oﬁ‘erendas
385 2846 454 2920 (Ii
486 2845 616 2901 Par.
645 2862 721 2914 tv,
772 2845 830 2918 6)
859 2865 870 2900 :
901 2846 1028 2902 teris
1056 2862 1189 2902 vero
1231 2846 1492 2919 splendor
1513 2862 1650 2919 qua-

64 2937 177 2992 dam
224 2938 509 3011 nigredine
554 2940 665 2994 cito
710 2938 1079 2995 obnubilatur.
1123 2940 1229 2996 Per
1269 2956 1420 2997 utare
1467 2942 1653 3011 itaque

62 3046 261 3086 ameum
289 3032 384 3087 lex
419 3031 589 3103 Moysi
625 3032 965 3103 designatur,
1014 3050 1135 3105 qua:
1178 3033 1444 3106 fulgorem
1495 3036 1654 3107 Spiri-

64 3123 181 3179 talis
232 3124 617 3196 intelligentiae
668 3126 867 3183 littera:
918 3127 1202 3198 nigredine
1249 3128 1527 3185 obscurat.
1589 3129 1655 3183 Et

1742 1902 1927 1969 beant,
1971 1904 2289 1961 ostendunt.
2323 1906 2491 1965 Retro
2532 1908 2724 1964 oculos
2745 1909 2969 1977 habent,
3002 1915 3129 1984 quia
3180 1914 3348 1971 vitam

1743 1999 2169 2069 pneeedentium
2202 2012 2415 2073 patrum
2444 2002 2579 2059 dum
2610 2004 2916 2072 intuentur,
2949 2018 3002 2062 et
3036 2008 3136 2078 ipsi
3168 2008 3221 2063 in
3254 2023 3350 2064 eo-

1744 2107 1863 2146 rum
1909 2093 2215 2151 imitatione
2266 2095 2579 2165 proﬁciunt,
2623 2112 2929 2170 eorumque
2973 2100 3136 2155 vitam
3185 2109 3352 2172 atque

1746 2186 2049 2242 doctrinam
2092 2189 2432 2246 auditoribus
2456 2192 2571 2247 suis
2596 2201 2965 2264 anteponunt;
2995 2205 3051 2251 ut
3080 2205 3135 2253 et
3165 2195 3267 2268 ipsi
3294 2198 3351 2256 in

1747 2294 1937 2335 eorum
1972 2290 1998 2318 τι
2026 2280 2331 2339 imitatione
2360 2283 2669 2354 proﬁciant.

1821 2375 2004 2448 (Vers.
2041 2374 2120 2447 7.)
2151 2376 2219 2430 Et
2242 2379 2438 2433 animal
2468 2380 2693 2449 primunt
2723 2381 2894 2437 simile
2914 2382 3071 2452 leoni,
3101 2394 3149 2439 et
3173 2401 3357 2443 secun-

1750 2470 1871 2524 dum
1918 2471 2117 2525 animal
2148 2472 2318 2528 simile
2346 2473 2527 2540 vitulo,
2576 2484 2625 2530 et
2670 2476 2880 2531 tertium
2922 2478 3120 2535 animal
3162 2479 3355 2537 habens

1751 2564 1937 2633 [acient
1954 2566 2101 2636 quasi
2130 2564 2375 2635 hominis,
2410 2575 2458 2621 et
2487 2576 2725 2636 quartam
2750 2569 2949 2625 animal
2973 2572 3140 2627 simile
3168 2572 3359 2644 aquila:

1754 2659 1961 2714 volanti.
1999 2659 2222 2732 Figuras
2251 2669 2485 2733 quatuor
2512 2662 2836 2719 animalium
2867 2679 2974 2720 non
3005 2682 3194 2722 omnes
3235 2682 3363 2723 aue-

1752 2764 1899 2812 tores
1929 2772 2037 2811 uno
2070 2757 2234 2814 modo
2274 2771 2678 2830 exposuerunt;
2707 2758 2805 2816 sed
2848 2759 2918 2815 ab
2963 2760 3363 2829 antiquioribus

1754 2852 1911 2907 nobis
1943 2853 2199 2910 traditum
2230 2863 2336 2921 est,
2377 2862 2437 2910 ut
2459 2869 2558 2925 per
2584 2854 2799 2910 leonem
2824 2855 3068 2911 Marcum
3096 2855 3365 2929 intellige-

1754 2962 1957 3015 remus,
1979 2963 2077 3017 per
2104 2948 2330 3004 vitulum
2353 2949 2577 3017 Lucam,
2596 2964 2693 3020 per
2719 2949 2998 3008 hominem
3020 2950 3361 3021 Matthteunt,

1757 3054 1852 3109 per
1875 3040 2111 3111 aquilam
2155 3040 2428 3097 volantem
2459 3041 2757 3109 Joannem;
2804 3058 2872 3099 eo
2899 3042 3043 3115 quod
3090 3045 3306 3102 Marcus
3332 3060 3366 3103 ι

1756 3131 1992 3187 desertis
2042 3134 2285 3205 incipiat,
2347 3134 2520 3190 Lucas
2577 3151 2607 3190 a
2659 3135 2969 3193 sacerdotio
3022 3135 3366 3206 Judaeorum,

65 3218 197 3273 sicut
234 3234 309 3275 tes
338 3220 384 3275 si
413 3220 538 3274 lima
579 3227 810 3287 teratur,
844 3220 1104 3290 splendor
1138 3221 1257 3292 ejus
1285 3221 1558 3293 aperitur;
1584 3220 1653 3275 ita
1683 3214 1729 3278 C
1761 3218 2045 3274 Matthaeus
2070 3220 2139 3276 ab
2180 3221 2423 3287 homine,
2463 3220 2516 3276 id
2547 3232 2653 3287 est,
2687 3238 2716 3275 a
2743 3220 2944 3277 Christi
2988 3224 3370 3293 generatione,

66 3322 115 3366 et
142 3312 401 3382 spiritalis
448 3313 826 3385 intelligentia,
866 3329 985 3384 quae
1017 3314 1215 3369 litterae
1242 3313 1536 3384 superﬁcie
1562 3313 1659 3367 ob-
1760 3309 2002 3368 Joannes
2023 3328 2155 3368 vero
2174 3328 2203 3367 a
2221 3312 2507 3369 divinitate
2532 3312 2757 3369 Christi.
2782 3314 3013 3382 Quidam
3037 3330 3171 3372 vero
3195 3316 3367 3375 alium

65 3416 305 3463 scuratur
325 3409 378 3464 in
414 3407 578 3479 Lege,
601 3408 699 3463 sia
725 3406 978 3464 ﬁdelibus
1008 3407 1145 3462 viris
1171 3407 1459 3479 diligenter
1480 3408 1660 3463 discu-
1762 3402 2009 3460 ordinem
2053 3416 2365 3476 sequentes,
2399 3421 2496 3475 per
2542 3406 2759 3463 leonem
2788 3408 3124 3476 Matthreum,
3159 3424 3258 3481 per
3287 3414 3373 3467 vt-

67 3500 244 3566 tiatur,
283 3517 385 3571 per
423 3501 652 3573 gratiam
688 3502 781 3557 Dei
817 3499 1219 3557 manifestatur.
1265 3501 1321 3556 In
1362 3501 1464 3557 hoc
1499 3502 1663 3572 igitur
1764 3495 1936 3550 tolum
1985 3493 2246 3563 Marcum,
2292 3511 2392 3564 per
2421 3496 2697 3554 hominem
2727 3497 2953 3567 Lucam,
3003 3515 3100 3571 per
3129 3502 3369 3572 aquilam

67 3592 196 3645 mari
222 3592 539 3649 sacerdotes
561 3594 917 3660 lavabantur;
947 3593 1070 3665 quia
1094 3610 1188 3664 per
1205 3594 1467 3650 sacriﬁcia
1491 3604 1545 3649 et
1570 3609 1665 3664 per
1765 3605 1895 3645 vero
1942 3588 2211 3645 Joannem
2256 3590 2595 3661 designatum
2641 3591 2809 3648 fuisse
2850 3604 3061 3664 putant.
3094 3593 3227 3649 Nam
3273 3610 3373 3667 per

65 3686 316 3755 quasdam
342 3688 757 3744 observationes
786 3687 1009 3760 legales,
1040 3688 1287 3760 quaadam
1328 3701 1545 3761 peccata
1573 3704 1667 3745 ve-

69 3777 194 3834 teris
235 3780 427 3851 populi
472 3780 815 3837 delebantur.
871 3780 975 3837 Per
1032 3797 1181 3838 mare
1243 3797 1375 3853 ergo
1433 3784 1666 3837 vitreum

64 3879 220 3943 atque
258 3874 586 3945 crystallum
629 3891 737 3930 non
770 3875 1216 3930 ineonveuienter
1250 3890 1445 3931 novmu
1478 3875 1669 3931 Testa-

68 3977 303 4022 mentum
353 3968 699 4039 intelligitur.
734 3968 790 4024 ln
824 3970 925 4026 hoc
950 3977 1132 4025 autem
1162 3972 1298 4025 mari
1330 3968 1434 4025 tria
1462 3970 1671 4025 inveni-

66 4076 206 4126 mus,
262 4080 444 4132 mare,
498 4064 718 4131 vitrum,
768 4076 931 4137 atque
968 4064 1324 4137 crystallum:
1380 4080 1474 4136 per
1520 4078 1669 4121 mare

69 4154 226 4225 igitur
254 4157 515 4226 historia,
547 4175 644 4230 per
668 4160 864 4215 vitrum
898 4160 1122 4215 moralis
1162 4158 1542 4231 intelligentia,
1576 4176 1673 4230 per

68 4250 382 4322 crystallum
425 4263 605 4308 autem
648 4253 913 4325 spiritalis
948 4253 1301 4325 intelligentia
1332 4255 1667 4328 designatur.

68 4340 169 4397 Per
197 4344 403 4400 vitrum
446 4360 597 4417 ergo,
639 4360 705 4400 ex
746 4360 854 4416 quo
880 4345 1096 4416 specula
1130 4346 1284 4414 ﬁunt,
1334 4362 1440 4402 non
1485 4348 1675 4403 iueon~

69 4452 198 4506 grue
227 4440 462 4496 moralis
486 4439 843 4511 intelligentia
866 4442 1158 4512 accipitur;
1191 4440 1317 4512 quia
1342 4442 1481 4497 sicut
1511 4441 1675 4498 homo

1768 3683 2009 3749 leonem,
2042 3682 2134 3753 qui
2159 3699 2252 3739 rex
2277 3692 2363 3739 est
2384 3683 2707 3751 bestiarum,
2737 3685 2861 3742 ideo
2888 3686 3204 3742 Mattlueum
3224 3687 3376 3744 desi-

1766 3784 1987 3846 gnatum
2018 3773 2186 3831 fuisse
2214 3776 2426 3845 dicunt,
2457 3792 2525 3833 eo
2548 3777 2693 3847 quod
2721 3778 2839 3847 ipse
2866 3778 3141 3835 Christum
3168 3794 3374 3838 secun-

1769 3867 1897 3923 dum
1936 3868 2227 3925 humanam
2256 3879 2504 3926 naturam
2535 3888 2601 3927 ex
2642 3870 2789 3942 regia
2817 3872 2991 3944 stirpe
3021 3872 3377 3935 descendisse

1771 3962 2074 4018 narraverit
2102 3961 2321 4035 (Matth.
2354 3980 2413 4033 tt,
2445 3963 2504 4037 2)
2543 3982 2557 4020 :
2606 3965 2723 4036 ipse
2754 3966 2916 4023 etiam
2961 3977 3207 4040 tempore
3235 3972 3378 4027 nati-

1772 4055 1953 4111 vitatis
1976 4054 2094 4126 ejus
2120 4056 2328 4111 stellam
2352 4057 2672 4127 apparuisse
2696 4057 2849 4128 dicit,
2874 4077 2995 4133 quae
3019 4076 3143 4117 eum
3171 4062 3377 4135 Regem

1773 4149 1896 4204 cteli
1934 4158 1989 4204 et
2027 4157 2211 4216 terr-.e,
2250 4150 2595 4222 angelorum,
2634 4151 3026 4227 hominumque
3066 4156 3238 4213 fuisse
3273 4158 3378 4217 de-

1774 4244 2144 4299 monstravit:
2195 4242 2379 4316 Magos
2421 4245 2585 4300 etiam
2624 4245 2790 4301 veluti
2840 4246 3040 4319 Regem
3084 4249 3272 4305 mundi
3310 4252 3382 4309 ad

1778 4334 2114 4391 adorandum
2143 4351 2267 4392 eum
2296 4336 2365 4391 ab
2394 4336 2616 4394 Oriente
2651 4338 2908 4409 perduxit
2941 4358 2954 4394 :
2989 4341 3087 4397 sed
3113 4351 3169 4399 et
3196 4359 3383 4415 regem

1780 4440 1963 4497 terrae,
1995 4430 2049 4486 id
2068 4439 2174 4498 est,
2200 4430 2491 4498 Herodem,
2523 4440 2771 4503 tempore
2793 4434 3095 4491 nativitatis
3112 4436 3234 4509 ejus
3255 4454 3381 4498 cum

70 4530 333 4601 quidquid
367 4542 529 4602 turpe
572 4532 625 4586 in
658 4531 791 4588 lacte
832 4534 995 4604 gerit,
1033 4534 1086 4588 in
1119 4533 1341 4605 speculo
1371 4532 1677 4604 deprehen-
1779 4526 2028 4582 omnibus
2070 4526 2335 4581 ministris
2366 4525 2483 4583 suis
2528 4526 2802 4582 turbatum
2833 4527 3003 4586 fuisse
3044 4530 3209 4597 dicit;
3253 4532 3385 4605 quia

72 4622 200 4681 dere
228 4635 419 4696 potest
444 4644 459 4681 :
507 4626 579 4681 ita
610 4634 667 4681 et
700 4625 959 4697 quidquid
1000 4624 1255 4682 vitiosum
1298 4626 1350 4681 in
1395 4626 1679 4682 animabus
1705 4616 1756 4677 D
1782 4622 1928 4677 sicut
1955 4621 2187 4692 quilibet
2212 4637 2308 4678 rex
2331 4621 2425 4693 qui
2455 4636 2635 4693 parvae
2663 4624 2918 4694 potentia:
2946 4634 3049 4692 est,
3083 4626 3128 4681 si
3150 4628 3385 4686 alterum

74 4714 360 4773 hominum
381 4734 506 4775 esse
536 4728 736 4790 potest,
769 4719 995 4774 moralis
1018 4719 1376 4791 intelligentia
1404 4718 1677 4790 patefacit.

1785 4730 1967 4785 regem
1992 4716 2083 4786 qui
2114 4730 2323 4785 magna:
2352 4716 2611 4787 potentia:
2631 4726 2739 4785 est,
2758 4726 2951 4773 contra
2966 4734 3046 4783 se.
3077 4731 3135 4777 ut
3158 4737 3386 4793 regnum

75 4808 177 4866 Per
223 4812 552 4886 crystallum
602 4821 806 4882 autem,
863 4829 984 4885 quae
1036 4814 1240 4871 clarior
1291 4822 1377 4869 est
1425 4813 1683 4870 onmibus
1784 4809 1900 4878 ejus
1930 4808 2172 4875 invadat,
2205 4810 2397 4867 venire
2418 4812 3393 4882 cognoverit,contremiscitetcon-

73 4907 329 4975 gemmis,
365 4918 424 4965 et
452 4924 574 4980 quat
613 4907 859 4965 ﬂammas
886 4908 1217 4981 splendoris,
1248 4925 1395 4981 smpe
1435 4911 1599 4965 etiam
1629 4916 1687 4965 et

77 4998 255 5071 ignem
299 5002 375 5059 de
420 5018 481 5059 se
520 5002 775 5060 emittere
816 5003 975 5069 solet,
1023 5004 1290 5075 spiritalis
1322 5003 1684 5074 intelligentia

76 5097 434 5167 exprimitur,
463 5113 585 5170 qua:
611 5098 839 5154 obscura
869 5113 1098 5169 qureque
1125 5099 1176 5153 in
1204 5097 1411 5153 divinis
1442 5096 1687 5168 Scriptu-

80 5192 153 5247 ris
193 5191 471 5261 elueidat,
513 5200 726 5249 mentes
771 5193 1097 5263 Spiritalium
1144 5207 1403 5248 sensuum
1453 5190 1689 5248 ﬂammis

82 5283 387 5350 illuminat,
413 5286 679 5356 quosdam
720 5288 883 5343 etiam
911 5288 963 5342 in
1000 5301 1244 5344 amorem
1274 5282 1393 5352 Dei,
1417 5300 1690 5341 amorem-

81 5395 188 5451 que
217 5381 474 5437 cmlestis
501 5383 688 5453 patri-.e
715 5380 983 5437 accendit.

155 5475 228 5531 Et
249 5477 307 5533 in
335 5476 511 5532 medio
530 5478 665 5532 sedis
694 5487 742 5531 et
762 5478 816 5531 in
842 5477 1061 5532 circuitu
1088 5476 1223 5531 sedis
1249 5484 1475 5548 quatuor
1495 5476 1697 5531 anima-

85 5568 157 5623 lia
180 5572 343 5643 plena
371 5571 538 5626 oculis
551 5581 672 5627 ante
692 5580 741 5625 et
758 5580 916 5626 retro.
942 5569 1057 5626 Hoc
1085 5570 1385 5627 secundum
1410 5570 1697 5627 historiam

84 5673 233 5722 stare
261 5680 377 5721 non
408 5674 630 5737 potest;
662 5680 835 5736 neque
864 5665 1008 5721 enim
1038 5665 1202 5739 516
1222 5675 1329 5722 tam
1366 5682 1566 5739 parvus
1592 5681 1695 5722 nu-

1788 4901 2035 4958 turbatur
2074 4900 2242 4972 (Ibid.
2280 4900 2366 4975 3):
2396 4904 2467 4959 ita
2500 4912 2555 4959 et
2582 4901 2806 4963 Christo
2840 4905 2891 4962 in
2914 4921 3081 4963 carne
3110 4908 3387 4977 veniente,

1788 4998 1880 5069 qui
1920 4997 2035 5055 Rex
2065 4998 2280 5055 iuturus
2308 5009 2427 5055 erat
2456 4998 2671 5069 mundi,
2716 4998 2965 5057 Herodes
2996 5001 3245 5056 turbatus
3280 5012 3387 5068 est,

1790 5106 1845 5153 et
1871 5094 2052 5151 omnis
2078 5091 2455 5164 Hierosolyma
2476 5107 2601 5148 cum
2631 5092 2763 5160 illo;
2797 5110 2921 5149 natn
2941 5104 2995 5149 et
3016 5108 3240 5149 munera
3266 5109 3393 5165 qua:

1793 5194 1975 5264 Magos
2000 5191 2221 5248 Christo
2244 5189 2514 5246 obtulisse
2539 5200 2749 5256 narrat,
2780 5204 2904 5247 eum
2933 5188 3162 5260 Regem,
3196 5188 3394 5257 Deum,

1794 5299 1849 5344 et
1868 5287 2157 5343 Dominum
2180 5298 2303 5342 esse
2325 5285 2567 5341 omnium
2585 5292 2964 5341 creaturarum
2986 5284 3393 5345 demonstrant.

1797 5382 2036 5438 Marcum
2070 5396 2204 5438 vero
2234 5389 2453 5452 propter
2482 5378 2890 5451 simplicitatem
2915 5378 3117 5449 eloquii
3138 5394 3242 5451 per
3262 5378 3402 5437 vitu-

1804 5479 1911 5535 lum
1943 5478 2211 5548 signatum
2245 5475 2415 5533 fuisse
2454 5473 2647 5530 dicunt
2676 5490 2692 5529 :
2732 5472 2934 5528 Lucam
2969 5488 3067 5545 per
3097 5474 3400 5547 hominem,

1805 5590 1871 5631 eo
1898 5571 2043 5646 quod
2069 5573 2186 5643 ipse
2206 5568 2618 5643 generationem
2642 5564 2849 5622 Christi
2881 5564 3180 5623 secundum
3209 5567 3405 5625 humao

1808 5667 2033 5723 nitatem
2063 5663 2281 5736 plenius
2308 5674 2471 5732 quam
2496 5656 2685 5714 caeteri
2724 5667 3047 5737 prosecutus
3086 5668 3199 5731 cst;
3249 5677 3410 5726 nam-

168 5872 419 5933 “Codex
471 5876 651 5948 Gctn.,
703 5877 991 5934 imitatione
1047 5887 1197 5953 atque
1252 5879 1489 5936 doctrina
1543 5876 1841 5953 proficiant.
