3944 6310
64 258 152 315 80⁸5
738 251 805 308 ΙΝ
842 251 1328 310 Αροαέιιγρειθι
1369 251 1631 311 EXPOSI'

1748 293 1757 308 .
1802 253 1893 310 DE
1937 254 2211 315 VISIONE
2252 259 2595 317 SECUNDA.
3205 255 3312 318 800

57 386 144 440 ret,
167 375 260 429 iste
288 384 495 424 manum
521 384 682 441 quam
704 371 1044 437 extenderat,
1061 371 1163 428 sub
1184 372 1304 428 luto
1320 370 1602 428 demersit.
1635 371 1684 432 Α
1712 369 2032 429 desinenter
2061 373 2312 432 invocant
2339 375 2382 449 (Ι
2415 377 2535 432 Cor.
2568 393 2625 444 rt,
2649 377 2764 451 3t).
2797 377 2952 446 Quod
3003 388 3184 434 autem
3231 395 3319 433 se-

57 470 263 536 Cumque
285 462 367 518 ille
395 462 487 533 qui
516 462 582 518 ad
614 463 1012 520 extrahendum
1055 475 1296 532 venerat,
1348 465 1606 521 recedere
1709 467 1933 536 quitur:
1968 466 2071 534 Qui
2111 478 2240 532 erat,
2293 479 2341 524 et
2366 473 2453 541 qui
2479 481 2575 539 est,
2603 481 2649 526 et
2672 473 2761 541 qui
2790 482 3030 528 venturus
3060 483 3176 538 est;
3205 472 3314 542 j:.m

54 561 212 624 vellet,
241 557 334 612 iste
354 556 546 612 iterum
577 566 634 612 ut
661 569 969 624 erueretur,
1000 559 1333 630 postulabat.
1361 557 1607 628 Cumque
1713 559 1969 627 superius
1989 557 2194 615 dictum
2218 571 2324 618 est.
2763 544 2775 557 ’

55 658 130 713 ille
154 652 376 710 secundo
397 652 461 707 ad
494 653 799 709 eruendum
833 670 1052 710 manmn
1099 654 1452 718 extenderet,
1507 654 1608 708 iste

50 750 169 806 sicut
193 748 329 817 prius
361 759 574 800 manum
605 747 707 803 sub
739 747 852 802 luto
876 747 1157 803 demersit.
1189 745 1433 818 Cumque
1487 761 1609 801 cre-

50 838 178 896 brius
204 837 299 893 hoc
325 835 546 900 faceret,
575 838 666 893 ille
694 840 866 894 iratus
891 839 1060 894 dixit:
1085 839 1195 894 Cur
1217 839 1356 909 petis
1381 849 1435 893 ut
1453 854 1611 894 erua-

46 935 129 1000 ris,
155 948 267 988 cum
294 931 346 986 in
378 940 467 986 tuo
497 933 740 1002 periculo
764 935 1058 1004 persistere
1082 933 1252 988 velis?
1283 932 1352 988 Et
1377 932 1501 1002 quia
1533 932 1613 986 in-

46 1028 234 1083 teritum
268 1034 408 1079 tuum
438 1023 640 1095 diligis,
669 1026 886 1096 posside
918 1025 1062 1096 quod
1092 1026 1324 1094 elegiSIi.
1351 1024 1612 1082 Similiter

41 1132 88 1178 et
108 1121 184 1176 isti
211 1120 372 1175 Deum
396 1118 757 1187 deprecantur
781 1121 1022 1188 assidue,
1057 1132 1115 1177 ut
1143 1141 1170 1174 a
1200 1123 1348 1177 vitiis
1403 1135 1604 1175 eruan-

42 1222 147 1280 tur;
169 1221 220 1266 et
249 1222 418 1268 tamen
453 1213 566 1283 ipsa
612 1215 740 1268 vitia
770 1214 842 1270 ita
871 1217 1304 1287 amplectuntur,
1355 1224 1413 1269 ut
1435 1213 1504 1268 ab
1533 1213 1613 1268 eis

39 1308 172 1364 nullo
194 1306 345 1360 mrdo
374 1305 559 1362 divelli
593 1309 827 1379 possint.
880 1307 1155 1364 Ponamus
1174 1323 1306 1380 ergo
1331 1318 1460 1364 ante
1486 1321 1616 1364 ocu-

40 1398 130 1465 los,
159 1398 288 1453 duos
317 1415 328 1450 :
363 1412 526 1454 unum
558 1397 778 1454 doctum
808 1399 1031 1456 assidue
1059 1410 1331 1465 orantem,
1380 1397 1613 1470 psallen-

1785 649 1965 720 (Vers.
1999 650 2051 708 9.
2085 651 2200 720 10.)
2241 653 2308 706 Et
2339 669 2455 706 cum
2477 656 2660 710 darent
2690 656 2782 710 illa
2808 655 3062 710 animalia
3092 656 3316 730 gloriam

1713 753 1760 796 et
1791 741 2038 799 honorem
2066 755 2110 800 et
2134 745 2534 803 benedictionem
2565 751 2763 806 sedenti
2783 767 2939 822 super
2961 751 3225 814 thronum,
3246 751 3319 804 vi-

1713 839 1846 890 venti
1878 839 1931 891 in
1957 839 2148 892 sa'cula
2174 841 2521 906 sa'culorum;
2563 843 2909 913 procedebant
2961 843 3141 915 viginti
3193 861 3322 912 qna-

1717 942 1835 985 tuor
1868 933 2090 988 seniores
2117 942 2235 987 ante
2262 935 2520 990 sedentem
2544 937 2596 989 in
2626 937 2830 1003 throno,
2860 948 2906 992 et
2937 937 3226 992 adorabunt
3251 942 3323 992 vi-

1716 1033 1911 1078 ventem
1933 1026 1988 1079 in
2018 1025 2210 1080 uacula
2239 1028 2566 1082 surculorum.
2604 1028 2656 1082 In
2684 1028 2787 1085 hoc
2817 1029 2937 1086 loro
2970 1047 3065 1100 per
3091 1043 3323 1100 quatuor

1717 1119 1996 1187 animalia,
2025 1129 2254 1190 quatuor
2283 1119 2404 1176 libri
2455 1121 2874 1192 Evangeliurum
2925 1123 3279 1196 designantur
3309 1144 3321 1179 :

1721 1227 1816 1280 per
1849 1211 2033 1283 viginti
2059 1225 2291 1283 quatuor
2313 1215 2582 1281 seniores,
2608 1215 2799 1271 Patres
2831 1218 2953 1270 novi
2983 1217 3221 1273 Testan‘u
3247 1219 3324 1272 uti

1717 1303 1892 1373 accipi
1916 1318 2161 1376 possunt.
2189 1307 2434 1374 Quatuor
2459 1324 2590 1376 ergo
2615 1307 2870 1363 animalia
2893 1309 3120 1380 glorianti
3151 1323 3202 1366 et
3235 1312 3327 1366 ho-

1719 1414 1907 1453 norem
1931 1407 1990 1454 et
2017 1398 2458 1457 benedictionem
2484 1403 2700 1458 sedenti
2729 1414 2894 1474 super
2926 1403 3202 1462 thronum.
3242 1409 3322 1458 ri-

40 1502 150 1560 tem,
184 1494 368 1549 missas
422 1493 827 1550 celebrantem:
861 1505 914 1549 ct
949 1505 1128 1550 tamen
1161 1494 1490 1564 quibusdam
1530 1493 1610 1546 vi-

37 1586 112 1641 tiis
161 1585 429 1641 subditum
460 1605 474 1642 :
507 1589 736 1643 alterum
786 1605 918 1644 vrro
978 1589 1296 1652 indoctum,
1349 1587 1615 1652 idiotam,

34 1687 250 1734 attamen
277 1677 518 1747 ﬁdelem,
564 1680 733 1736 Deum
768 1681 1054 1736 timentem
1099 1690 1262 1751 atque
1314 1692 1616 1747 amantem,

1723 1492 1871 1545 venti
1924 1492 1977 1546 in
2031 1494 2228 1548 Strcnla
2285 1495 2612 1550 smeulorum
2666 1496 2843 1562 dunt;
2895 1495 3020 1567 quia
3078 1497 3332 1553 doctrina

1723 1586 2001 1656 Evangelii
2056 1586 2110 1640 in
2167 1589 2421 1642 universo
2473 1587 2608 1642 orbe
2669 1588 2866 1659 legitur
2895 1598 2948 1642 et
2975 1589 3322 1658 prtedicatur,

1723 1695 1998 1750 perquam
2025 1682 2193 1752 gloria
2249 1695 2303 1737 et
2358 1682 2534 1738 honor
2560 1694 2612 1738 et
2645 1683 2956 1738 benedictio
2984 1684 3126 1739 l'atri
3159 1694 3213 1739 et
3239 1685 3329 1740 Fi-

32 1774 323 1844 pruximum
376 1773 721 1844 diligentem,
779 1776 1097 1846 patientem,
1149 1774 1430 1829 humilem.
1486 1773 1617 1841 Quis
1649 1776 1698 1836 Β
1725 1775 1798 1832 lio
1822 1787 1876 1832 et
1901 1777 2130 1848 Spiritui
2156 1792 2348 1833 sancto
2377 1779 2556 1834 datur.
2593 1781 2670 1834 Ad
2696 1795 2880 1834 vocent
2914 1780 3076 1850 igitur
3095 1791 3278 1851 quatnt
3305 1798 3330 1834 r

31 1868 204 1922 horum
251 1866 345 1920 tibi
402 1865 619 1922 videtur
659 1869 900 1938 Aposroli
961 1867 1287 1922 seut-utinm
1337 1881 1609 1926 SCI'VnSSC.

29 1977 118 2031 qua
171 1961 300 2017 dicit
329 1979 341 2015 :
370 1960 500 2018 Sine
545 1961 926 2017 intermissione
956 1971 1098 2016 orate
1125 1960 1325 2036 (lbid.)
1353 1979 1368 2027 ;
1403 1962 1494 2017 ille
1523 1960 1616 2031 qui

29 2056 229 2112 assidue
274 2064 419 2123 erat,
467 2067 522 2111 et
562 2056 887 2127 quibusdam
922 2058 1066 2112 vitiis
1093 2057 1342 2127 subiacet
1372 2074 1384 2109 :
1415 2072 1483 2109 an
1514 2055 1617 2111 iste

29 2151 103 2220 qui
153 2150 322 2205 nescit
368 2164 556 2216 orare,
585 2159 638 2205 et
663 2159 839 2206 tamen
899 2151 1134 2205 mundus
1186 2161 1267 2206 eet
1299 2166 1326 2202 a
1359 2150 1531 2215 vitiis,
1561 2157 1619 2205 et

29 2242 261 2313 operibus
331 2243 496 2299 bonis
567 2244 828 2300 deditus?
889 2243 1170 2309 Dmnibus
1242 2243 1415 2299 claret
1464 2243 1620 2298 istius

29 2339 370 2395 innocentiam
434 2348 602 2410 atque
673 2341 808 2396 bona
881 2355 1046 2407 opera
1103 2340 1274 2408 magis
1347 2337 1618 2393 exaudire-

29 2431 198 2498 Deum,
221 2449 382 2504 quam
416 2432 570 2488 illius
599 2448 784 2500 voces,
818 2435 979 2504 cujus
1014 2433 1127 2487 vita
1179 2431 1510 2503 quibusdam
1544 2433 1625 2485 vi-

29 2525 97 2581 llis
123 2525 410 2582 sordescit.
444 2525 547 2580 [lle
579 2526 741 2596 igitur
773 2526 892 2581 sine
926 2526 1342 2582 intermissione
1363 2534 1506 2591 orat,
1529 2524 1624 2596 qui

29 2620 259 2692 congruis
315 2621 663 2692 temperihns
694 2630 875 2677 mcutc
898 2629 955 2675 et
978 2621 1154 2692 iingua
1209 2620 1380 2676 Deum
1433 2619 1627 2690 depre-

29 2723 177 2777 talur.
208 2721 264 2770 et
295 2715 349 2770 in
380 2714 552 2770 bonis
574 2715 831 2787 operibus
864 2716 1120 2770 assiduus
1150 2726 1256 2771 est.
1278 2714 1380 2782 Qui
1410 2713 1628 2785 quando

29 2806 228 2876 lormit,
256 2819 349 2863 aut
384 2809 671 2879 aliquibus
700 2809 968 2879 operibus
998 2808 1249 2864 humana:
1280 2809 1406 2863 vitae
1439 2823 1628 2864 neces-

29 2903 162 2958 ;ariis
207 2914 291 2960 est
349 2913 686 2974 occupatus,
747 2919 914 2972 epera
966 2903 1087 2974 ejus
1116 2901 1394 2974 refulgent
1421 2901 1475 2956 in
1499 2917 1631 2958 con-

29 3006 195 3065 spectu
249 2998 370 3065 Dei,
425 3006 487 3053 et
547 2998 665 3067 ipsa
720 3008 853 3053 sunt
909 2997 1307 3053 intercessores
1332 2995 1450 3068 ejus
1491 2994 1630 3066 apud

30 3093 198 3161 Deum,
228 3091 468 3149 sicutad
500 3092 819 3148 Cornelium
849 3091 1088 3163 loquitur
1110 3091 1362 3162 angelus,
1389 3089 1581 3145 dicens
1608 3105 1622 3142 :

1717 1870 2060 1937 animalium,
2091 1870 2280 1942 viginti
2303 1883 2536 1941 quatuor
2585 1873 2832 1927 seniores
2863 1872 3178 1928 ceciderunt
3204 1887 3330 1928 ante

1718 1965 1997 2020 sedentem
2054 1963 2108 2020 in
2159 1965 2387 2034 throno,
2445 1976 2502 2021 et
2548 1965 2916 2022 adoravcrunt
2949 1969 3222 2022 viventem
3275 1970 3326 2022 in

1720 2059 1920 2114 smcula
1968 2061 2314 2126 siliculorum,
2367 2059 2494 2130 quia
2540 2060 2711 2116 sancti
2765 2060 2860 2115 Dei
2885 2077 2980 2131 per
3012 2061 3325 2116 universum

1723 2150 1915 2206 orbem
1966 2153 2248 2207 constituti
2303 2152 2588 2208 audientes
2641 2153 2950 2208 doctrinam
3009 2152 3326 2222 Evangelii,

1726 2243 2022 2300 humiliant
2049 2264 2106 2300 sc
2131 2248 2183 2302 in
2207 2256 2509 2316 conspectu
2541 2247 2656 2310 Dei,
2695 2257 2752 2300 ut
2783 2263 2904 2301 cum
2932 2248 3049 2316 ipso
3079 2246 3256 2302 vivant
3278 2250 3328 2302 in

1726 2337 1929 2393 swcula
1962 2339 2313 2393 saeculorum.
2344 2338 2413 2393 Et
2454 2341 2724 2393 mittebant
2772 2356 2990 2394 coronas
3018 2340 3184 2413 51.8
3209 2357 3332 2393 suus

1726 2442 1844 2486 ante
1872 2431 2134 2496 thronum,
2160 2435 2406 2488 dicentes.
2438 2434 2541 2490 Per
2555 2449 2788 2489 enrunas
2814 2449 2978 2504 opera
3009 2436 3148 2491 bona
3169 2436 3332 2491 fuisse

1728 2521 2007 2594 designata
2035 2527 2286 2596 superius
2313 2527 2580 2582 diximus:
2605 2529 2775 2583 saneti
2798 2545 2928 2599 ergo
2950 2544 3181 2585 coronas
3206 2546 3335 2585 suas

1730 2629 1857 2674 ante
1907 2618 2158 2675 thronum
2213 2621 2456 2688 mittunt,
2517 2622 2645 2676 dum
2703 2623 2965 2693 quidquid
2998 2624 3122 2680 boni
3145 2637 3334 2694 agunt,

1735 2710 1846 2766 Dro
1876 2710 2143 2780 tribuunt,
2173 2729 2281 2768 non
2315 2713 2444 2780 sibi,
2472 2715 2772 2770 secundum
2805 2714 3054 2786 Apostoli
3086 2733 3335 2789 praecp-

1735 2813 1846 2858 tum
1883 2823 1894 2858 :
1931 2804 2033 2870 Qui
2079 2806 2356 2878 gloriatur,
2388 2807 2440 2861 in.
2469 2805 2694 2863 Domino
2747 2809 2998 2882 glorietur
3024 2811 3095 2884 (11
3125 2811 3244 2868 Cor.
3280 2830 3331 2881 Εἰ,

1738 2898 1862 2968 l7).

1812 2988 1993 3062 (Vers.
2025 2991 2138 3063 ll.)
2174 2991 2314 3060 Quid
2339 3001 2518 3049 autem
2544 2993 2752 3062 dicant,
2777 2996 3066 3052 audiamus
3093 3015 3106 3054 :
3135 2996 3342 3071 Dignus

1740 3099 1814 3149 es,
1846 3082 2062 3138 Domine
2087 3082 2230 3138 Deus
2258 3096 2448 3154 noster,
2466 3089 2700 3158 accipere
2711 3089 2932 3160 gloriam
2963 3102 3010 3145 et
3039 3092 3347 3146 Itonoremrt

29 3187 284 3243 Orationes
315 3197 426 3242 tute
466 3197 517 3242 et
548 3188 889 3258 eleemosynte
919 3197 1021 3240 tute
1067 3194 1480 3241 commemorata
1516 3191 1635 3237 sunt
1665 3175 1712 3244 ο
1741 3176 2002 3230 virtutem.
2035 3176 2300 3245 Superius
2340 3178 2478 3234 dixit
2507 3191 2742 3250 quatuor
2799 3183 3054 3238 animalia
3117 3186 3224 3255 glut
3246 3188 3347 3242 iam

30 3282 59 3334 η
83 3292 365 3353 conspectu
396 3281 500 3336 Dei
523 3280 664 3352 (Act.
719 3296 774 3346 κ,
797 3279 875 3348 4).

77 3376 214 3443 Quid
235 3386 432 3432 autem
463 3385 705 3447 quatuor
729 3373 985 3428 an-imaiia
1027 3372 1400 3428 indesinenter
1428 3369 1634 3436 dicant,

29 3471 292 3525 tudiamus
328 3488 342 3525 :
381 3470 651 3534 Sanctus,
682 3477 914 3533 sanctus,
946 3476 1175 3531 sanctus,
1213 3463 1470 3518 Dominus
1500 3462 1642 3517 Dens

29 3566 357 3634 armipotens,
415 3563 513 3632 qui
564 3571 696 3628 erat,
753 3570 800 3614 ct
843 3560 929 3632 qui
969 3568 1064 3622 est,
1092 3558 1522 3626 etquiuenturus
1541 3563 1634 3608 est.

29 3667 34 3694 ι
63 3657 167 3714 Ter
193 3666 467 3714 sanctum
496 3655 671 3710 Deum
703 3664 984 3714 vocantes,
1023 3651 1401 3706 demenstrant
1424 3647 1642 3701 Patrem

29 3762 59 3805 :t
81 3751 279 3808 Filium
309 3760 372 3808 et
396 3749 680 3820 Spiritum
713 3754 980 3802 sanctum.
1012 3743 1165 3812 Quod
1199 3751 1376 3798 autem
1409 3740 1598 3795 dicunt
1626 3756 1639 3790 :

29 3841 263 3899 rlaminas
315 3842 472 3899 Deus
505 3841 860 3908 omnipotens,
885 3855 912 3891 a
949 3836 1266 3908 pluralitate
1299 3842 1648 3889 transeuntes-

30 3938 68 3992 Id
113 3938 581 4011 singularitatem
610 3975 625 3998 ,
673 3932 969 3990 ostendunt
1019 3932 1237 3986 Patrem
1265 3937 1321 3984 et
1349 3927 1541 3983 Filium
1594 3934 1650 3982 et

29 4031 270 4102 ipiritum
315 4037 594 4086 Sanctum
650 4027 809 4082 unius
859 4040 980 4081 esse
1036 4020 1449 4088 dominationis,
1488 4019 1648 4075 unius

29 4127 245 4195 leitalis,
275 4128 453 4183 unius
484 4121 929 4193 omnipmeutitu.
961 4120 1066 4175 Sed
1092 4117 1446 4191 qnatrenduui
1493 4114 1650 4169 nobis

30 4232 103 4289 st,
135 4222 184 4277 si
217 4229 482 4293 quatuor
511 4215 768 4272 animalia
821 4229 926 4270 non
955 4212 1130 4268 solum
1160 4219 1392 4283 quatuor
1419 4223 1648 4279 evange-

29 4313 180 4373 istas.
217 4312 323 4369 sed
353 4323 415 4368 et
447 4322 657 4366 omnes
701 4305 954 4362 doctores
1005 4303 1267 4360 Ecclesitc
1313 4301 1602 4372 designant
1632 4315 1648 4365 ;

35 4422 98 4461 ur
119 4417 381 4462 sanctam
414 4401 754 4459 Trinitatem
784 4398 1157 4453 indesinenter
1184 4397 1442 4451 invocare
1463 4392 1652 4450 dican—

29 4516 108 4566 ur,
172 4516 304 4556 cum
367 4496 566 4554 sancti
601 4494 696 4548 Dci
721 4489 1016 4562 aliquando
1048 4490 1099 4544 in
1134 4487 1504 4553 orationibus,
1550 4486 1650 4540 ali-

1739 3280 1792 3324 et
1825 3269 2085 3326 honorem
2118 3269 2142 3308 ι’
2174 3283 2226 3326 et
2255 3273 2688 3329 benedicﬁonem
2723 3275 2834 3331 Deo
2863 3277 3115 3334 dedisse:
3143 3279 3227 3334 hic
3256 3297 3354 3335 au-

1743 3372 1850 3419 tem
1881 3363 2070 3434 viginti
2091 3375 2324 3435 quatuor
2341 3366 2587 3422 seniores
2613 3368 2802 3424 dicunt
2825 3372 3051 3440 gloriam
3081 3385 3134 3427 et
3181 3374 3353 3430 hono-

1744 3473 1858 3513 rem
1887 3466 1942 3512 et
1975 3457 2230 3515 virtutem
2265 3459 2377 3515 Deo
2406 3462 2713 3532 accepisse,
2743 3463 2998 3519 virtutem
3049 3482 3146 3536 pro
3190 3467 3355 3525 lene-

1745 3547 1986 3605 dictione
2033 3561 2451 3608 commutantes.
2507 3553 2646 3620 Quid
2694 3568 2824 3610 Vrro
2851 3556 3051 3624 aliquis
3079 3558 3192 3612 Deo
3223 3562 3355 3618 dare

1749 3651 1948 3711 potest,
2001 3652 2097 3698 aut
2145 3645 2272 3715 quid
2333 3645 2477 3700 Deus
2507 3647 2785 3718 abaliquo
2826 3650 3081 3720 accipere
3137 3665 3353 3722 petest;

1748 3753 1870 3792 cum
1905 3738 2021 3809 ipse
2050 3739 2322 3794 creat-crit
2352 3741 2570 3806 euntis;
2595 3750 2648 3796 et
2677 3744 2796 3798 sine
2826 3759 2934 3814 quo
2959 3745 3090 3799 nihil
3105 3761 3228 3801 esse
3259 3763 3359 3818 po-

1752 3838 1878 3898 test,
1907 3842 1965 3888 et
1997 3832 2088 3904 qui
2129 3832 2259 3888 dicit
2292 3835 2344 3888 in
2377 3833 2672 3906 Evangelio
2702 3854 2720 3890 ι
2747 3837 2874 3892 Sine
2894 3854 2976 3892 me
3017 3839 3153 3893 nihil
3190 3851 3362 3911 potes-

1752 3924 1817 3977 tis
1839 3927 2010 3995 facere
2039 3923 2225 3994 (Joon.
2260 3941 2348 3990 xv,
2376 3927 2459 3997 5)?
2489 3927 2546 3982 Si
2570 3930 2714 3982 enim
2740 3931 2910 3985 sancti
2937 3933 3056 3987 sine
3087 3934 3197 3988 Deo
3225 3935 3360 3992 nihil

1755 4029 1979 4088 po~sunt
2036 4018 2236 4084 facere,
2294 4020 2419 4089 quid
2473 4031 2697 4091 possunt
2727 4023 2858 4080 dare
2885 4025 3006 4081 illi?
3039 4027 3203 4099 lg'tur
3234 4030 3358 4100 quia

1754 4113 2034 4166 hominum
2062 4113 2183 4168 talis
2210 4123 2294 4168 est
2321 4126 2532 4184 natura,
2564 4127 2618 4172 ut
2665 4117 2806 4172 nihil
2856 4119 2981 4175 boni
3011 4136 3040 4176 a
3069 4137 3126 4176 se
3159 4121 3362 4180 habere

1757 4202 1986 4272 possint,
2015 4205 2118 4260 nisi
2147 4205 2214 4261 ab
2244 4207 2363 4276 ipso
2391 4203 2685 4278 accipiant,
2713 4213 2900 4282 quiest
2925 4227 3138 4269 summe
3161 4215 3358 4283 bonus;

1755 4297 1843 4352 dat
1875 4297 2018 4354 Deus
2047 4300 2253 4354 sanctis
2283 4301 2420 4368 suis,
2459 4313 2479 4341 ο
2511 4302 2654 4358 unde
2685 4304 2786 4374 ipsi
2813 4322 2942 4362 eum
2985 4319 3358 4365 remanerent.

1757 4389 2002 4462 Regnum
2055 4408 2292 4464 namque
2340 4392 2606 4450 caelorum
2657 4395 2798 4454 Deus
2854 4400 3102 4468 promisit
3158 4405 3365 4458 sanctis

1759 4487 1895 4552 suis,
1951 4492 2192 4541 attamen
2217 4487 2261 4541 si
2293 4487 2526 4554 pretium
2557 4488 2822 4544 bonorum
2873 4507 3100 4561 operum
3145 4508 3249 4564 pro
3297 4510 3368 4551 eo

29 4595 224 4667 quando
252 4596 312 4652 in
338 4593 627 4654 lectione,
678 4587 968 4660 aliquando
999 4587 1050 4641 in
1102 4584 1509 4656 prwdicatione,
1561 4591 1654 4636 aut
1680 4583 1733 4646 1)
1759 4576 2010 4632 dederint
2039 4594 2051 4632 :
2085 4587 2140 4634 et
2162 4578 2283 4648 quia
2312 4580 2468 4636 electi
2497 4581 2597 4636 hoc
2623 4583 2854 4651 preti-um
2880 4593 2990 4639 non
3013 4584 3234 4650 habent,
3261 4588 3367 4643 nisi

38 4690 239 4745 iversis
310 4682 769 4743 necessitatibus
825 4689 1179 4749 occupentur.
1250 4674 1654 4731 Prmdicatorcs

30 4796 136 4853 rgo
188 4780 382 4836 sancti
433 4777 583 4833 dum
631 4773 790 4830 [idem
833 4779 1036 4827 sanctae
1081 4767 1362 4826 Trinitatis
1393 4776 1450 4822 et
1479 4775 1658 4821 mente

29 4876 276 4942 etineut,
307 4881 370 4930 et
403 4885 517 4927 ore
552 4867 901 4938 proﬁtentur,
955 4864 1082 4918 dum
1131 4877 1294 4934 opera
1340 4860 1462 4915 lidei
1487 4859 1661 4915 adim-

29 4970 180 5035 ilenl,
207 4969 354 5024 dum
390 4965 669 5020 eamdem
703 4960 861 5016 lidem
890 4969 938 5014 et
967 4974 1130 5028 opera
1160 4957 1281 5012 lidei
1312 4955 1661 5026 quibuscum-

30 5085 110 5134 1ue
139 5077 420 5136 possunt,
449 5058 791 5134 prmtlicant,
811 5056 938 5110 dum
967 5054 1128 5109 etiam
1160 5053 1212 5106 in
1245 5049 1586 5106 orationibus
1610 5057 1666 5104 ct

29 5178 53 5218 tt
82 5161 414 5234 gratiarum
450 5151 776 5209 actionibus
802 5149 979 5219 ipsum
1011 5146 1102 5217 qui
1133 5153 1218 5201 est
1247 5144 1421 5199 tritius
1450 5152 1505 5196 et
1529 5157 1668 5196 unus

29 5232 171 5323 iens,
232 5259 498 5312 exorant
545 5255 608 5302 et
640 5241 888 5305 laudant,
927 5240 1054 5295 dum
1087 5236 1391 5293 secundum
1436 5232 1672 5303 Aposto-

30 5368 141 5419 um,
179 5352 310 5407 sire
347 5346 736 5404 manducaui,
769 5337 885 5392 sive
919 5334 1130 5401 bibunt,
1166 5333 1346 5386 omnia
1379 5331 1428 5384 in
1455 5329 1672 5384 nomine

30 5449 235 5506 )omini
267 5448 415 5504 .lcsu
451 5435 679 5497 Christi
715 5434 934 5497 faciunt,
961 5429 1281 5485 Trinitatem
1312 5437 1552 5482 sanctam
1589 5427 1668 5479 in-

80 5651 105 5676 a
152 5637 344 5695 Emi"
378 5619 500 5686 Ter
525 5621 776 5692 spiritum
823 5613 1032 5674 Domini
1086 5625 1362 5682 uocantes;
1393 5626 1522 5668 mss.
1573 5603 1673 5665 Ter

33 5676 482 5767 ana‘Jiii‘tieum
517 5676 792 5751 nscanm.

79 5753 255 5840 fit;
493 5768 644 5826 edit.
672 5780 830 5840 vero,
855 5760 1326 5840 et__benedictieneut
1349 5777 1380 5813 α
1403 5753 1512 5840 Deo
1534 5772 1680 5812 acce-

29 5831 613 5924 tisserltic'uirt'ntent
637 5854 732 5910 pro
758 5835 1104 5893 benedictione
1151 5831 1499 5889 commutavit.

1762 4669 1830 4724 ab
1858 4671 1976 4740 ipso
2005 4671 2312 4741 accipiant;
2353 4672 2472 4743 ipse
2518 4673 2606 4729 dat
2662 4677 2919 4745 pretium,
2976 4681 3120 4736 unde
3151 4683 3222 4736 ab
3247 4683 3370 4752 ipse

1763 4775 1948 4820 emant
1996 4767 2160 4821 vitam
2209 4775 2494 4823 aeternam.
2548 4769 2681 4825 Dant
2707 4772 2887 4842 itaque
2921 4777 3097 4830 sancti
3128 4767 3366 4847 gloriam

1766 4857 1880 4912 Deo
1917 4858 2132 4928 quando
2162 4859 2422 4930 quidquid
2456 4861 2581 4916 boni
2613 4863 2837 4929 iaciunt,
2862 4882 2928 4922 eo
2955 4868 3140 4923 studio
3164 4869 3374 4926 fuci-unt

1767 4950 1792 4988 ἀ
1820 4962 1875 5007 ut
1922 4953 2252 5024 gloriﬁcetur
2309 4955 2450 5012 Deus
2476 4972 2574 5028 per
2602 4959 2772 5030 ipsus,
2797 4963 2939 5020 sicut
2985 4965 3102 5036 ipse
3153 4965 3281 5023 dicit
3319 4969 3370 5024 in

1767 5045 2061 5117 EVangclio
2091 5064 2103 5102 :
2148 5045 2366 5103 Videant
2415 5060 2583 5106 uestra
2635 5055 2767 5110 bona
2787 5073 2967 5127 opera,
3000 5071 3046 5114 et
3076 5061 3374 5133 glori/irem

1772 5137 1983 5194 Patrem
2011 5149 2254 5209 vestrum,
2285 5142 2373 5212 qui
2399 5144 2450 5197 iu
2479 5147 2619 5200 aclis
2643 5158 2715 5202 est
2738 5148 2954 5219 (Matth.
3000 5169 3056 5222 v,
3095 5155 3205 5226 Its).
3240 5153 3378 5211 Nam

1773 5243 1826 5290 et
1851 5232 2092 5290 Joannes
2125 5234 2341 5291 Petrum
2370 5237 2502 5293 dicit
2535 5251 2710 5297 πῖθι-ιε
2727 5256 2824 5298 sua
2855 5245 3021 5300 Deum
3048 5248 3379 5307 cla-rltlcasse

1777 5329 1955 5403 (Joan.
1991 5344 2101 5394 xxi,
2133 5327 2244 5400 19).
2296 5331 2432 5386 Dant
2467 5331 2754 5398 honorem,
2807 5338 3098 5407 quasillum
3129 5342 3386 5401 munitius

1778 5440 1898 5494 qua:
1927 5431 2111 5492 agunt,
2140 5423 2402 5479 honorem
2437 5425 2530 5478 Dei
2555 5438 2794 5496 qmerunl
2823 5471 2834 5492 ,
2865 5445 2971 5484 non
3004 5445 3180 5488 suum.
3211 5435 3383 5507 Supe-

1861 5619 1882 5647 ε
1926 5607 2098 5672 Edit.,
2128 5613 2263 5666 unde
2292 5611 2404 5678 ipse
2435 5627 2520 5666 sos
2548 5627 2840 5669 remaneret
2873 5635 2892 5671 .-
2913 5625 3047 5673 mss.
3103 5623 3242 5678 unde
3288 5626 3390 5692 ipsi

1789 5698 1905 5737 eum
1925 5694 2267 5738 remanerent.

1861 5752 1886 5789 εί
1918 5752 2008 5810 Sic
2037 5755 2754 5834 οτξιηθελγξξε-ςριιὲικῖςως
2812 5770 2872 5834 ut.
2895 5761 3185 5834 gloriﬁcent
3233 5762 3398 5822 Deum

1794 5821 2026 5891 Patrem,
2061 5825 2194 5880 sicut
2216 5823 2390 5884 Filius
2418 5823 2516 5884 Dei
2566 5821 2788 5885 dicit...
2828 5821 3155 5908 Utvoia‘e'mt,
3183 5845 3288 5895 etc.
