3944 6310
637 295 745 350 807
1705 273 1797 330 AD
1832 267 2064 329 οΡΕιιΑ
2105 267 2164 324 S.

2216 262 2534 322 annuosn
2573 257 2943 319 APPENDIX.
3698 265 3773 320 ως

633 410 748 463 rius
776 399 1079 465 benedictio
1107 395 1267 452 tertio
1297 394 1420 450 loco
1443 391 1678 464 ponitur,
1711 388 1800 444 hic
1823 395 2000 442 autem
2033 383 2226 438 virtus:
2257 381 2311 441 Α
2334 388 2382 433 et
2408 377 2606 432 solvere
2631 373 2903 449 signacula
2927 370 3082 445 ejus?
3127 366 3472 438 interrogatio
3493 370 3617 440 angeli
3636 372 3775 430 deside-

630 509 686 556 ct
707 499 831 569 quia
857 493 1050 553 sancti.
1083 489 1213 567 dum
1243 460 1696 558 magna-faciunt,
1727 479 2127 538 benedicuntur
2156 473 2226 528 ab
2331 470 2473 526 rium
2505 462 3141 538 sanctorumsiguiﬁcat;
3171 460 3530 518 desiderabant
3547 464 3648 519 enim
3661 469 3775 522 sancti

629 588 961 651 hominibus,
991 556 1244 640 convenit
1289 579 1461 634 virtus
1517 592 1640 634 cum
1679 572 2085 632 benedictione.
2118 567 2225 624 Sed
2329 565 2515 622 videre
2541 562 2813 619 tlhristum
2845 561 2898 617 in
2924 573 3112 624 carne,
3140 565 3197 612 et
3217 556 3407 612 audire
3447 571 3650 613 sermones
3671 561 3776 630 ejus;

625 693 892 757 quantum
915 648 1087 734 sancti
1119 689 1218 746 pro
1265 671 1478 746 magnis
1523 669 1786 744 operibus
1830 680 1953 738 qua:
1995 663 2225 726 iaciunt,
2332 673 2398 714 eo
2429 655 2571 729 quod
2599 655 2804 712 scirent
2833 653 3016 710 omnia
3046 649 3305 723 mysteria
3349 648 3525 705 veteris
3559 649 3779 709 Testamenti

630 740 822 836 laudes
850 740 1131 830 hominum
1157 740 1528 834 detestantur,
1560 740 1700 820 liber
1720 763 1951 819 Actuum
2005 765 2229 830 apostoo
2331 751 2400 806 ab
2429 766 2497 806 eo
2520 763 2642 805 esse
2669 746 2982 811 revelanda,
3012 745 3155 801 sicut
3186 744 3310 814 ipse
3333 741 3462 798 dixit
3483 740 3778 813 discipulissois:

627 874 804 930 lorum
848 865 1006 924 nobis
1054 863 1279 920 indicat.
1323 860 1458 916 Nam
1514 857 1711 915 Petrus
1738 865 1794 912 et
1821 853 2059 910 Joannes
2107 863 2229 904 cum
2334 848 2495 902 Amen
2521 847 2637 902 dico
2662 845 2826 911 vobis,
2856 845 2980 916 quia
3000 842 3150 898 multi
3167 838 3783 912 prophetwetregesrolwm

625 964 878 1021 claudum
925 966 1234 1024 sanassent,
1283 965 1341 1011 et
1378 953 1622 1011 omnium
1647 949 1789 1006 oculi
1820 952 2006 1004 essent
2049 945 2233 1000 inteu-
2337 941 2509 996 videre
2533 955 2648 1010 quia
2677 955 2764 994 vos
2787 934 2992 1001 videtis,
3023 944 3072 990 et
3099 951 3201 990 non
3231 933 3463 989 viderunt
3481 951 3497 998 ;
3519 942 3556 988 et
3575 934 3784 1005 audireque

628 1062 826 1120 dentes
855 1059 909 1114 in
938 1071 1056 1125 eos,
1083 1052 1240 1126 quasi
1267 1066 1364 1109 sua
1391 1051 1596 1106 virtute
1626 1046 1734 1102 hoc
1757 1043 2007 1107 fecerint,
2043 1039 2232 1096 Petrus
2335 1034 2550 1099 auditis,
2583 1041 2630 1087 et
2660 1049 2762 1087 non
2793 1029 3073 1086 audierunt
3103 1027 3257 1101 (Luc.
3311 1043 3363 1089 x,
3385 1024 3490 1095 24).

625 1154 911 1212 oculorum
941 1120 1351 1207 benedictiones
1373 1143 1643 1205 devitans,
1686 1137 1821 1195 dixit
1849 1135 1916 1191 ad
1946 1147 2078 1191 eos:
2121 1129 2234 1186 Viri
2409 1126 2595 1199 (Vers.
2627 1125 2715 1198 5.)
2753 1122 2824 1178 Et
2871 1139 3018 1178 nemo
3059 1123 3250 1193 dignus
3292 1120 3509 1174 inventus
3547 1127 3602 1174 est
3637 1122 3786 1191 metu

625 1253 837 1320 fratres,
887 1242 1014 1316 quid
1053 1258 1148 1298 nos
1181 1237 1478 1303 intuemini,
1529 1235 1676 1307 quasi
1703 1233 1757 1286 in
1785 1240 1961 1286 nostra
1989 1236 2015 1264 ἰ
2047 1227 2233 1281 virtute
2335 1223 2484 1288 caelo,
2506 1237 2668 1291 neque
2687 1221 2740 1274 in
2763 1231 2924 1283 terra,
2947 1233 3109 1288 neque
3133 1215 3318 1271 subtus
3335 1224 3506 1268 terram
3521 1215 3788 1285 aperirelibrm
3870 1215 3871 1266 l

625 1309 715 1396 aut
745 1309 936 1412 pietate
959 1335 1235 1407 fecerimus
1275 1335 1412 1386 hunc
1440 1326 1744 1384 ambulare?
1771 1323 1914 1380 Deus
1950 1321 2226 1384 Abraham,
2337 1326 2382 1371 et
2409 1316 2605 1371 solvere
2629 1313 2901 1386 signacula
2925 1313 3055 1382 ejus.
3089 1310 3283 1366 Nullus
3307 1324 3521 1379 namque
3538 1309 3704 1379 Angelus
3720 1326 3788 1365 tae-

627 1443 679 1489 et
709 1402 850 1486 licus
880 1402 1054 1492 Isaac,
1081 1436 1128 1482 et
1151 1424 1293 1480 Deus
1323 1420 1486 1477 Iacob
1515 1417 1778 1474 suscitavit
1831 1413 2032 1468 Filium
2081 1426 2234 1466 suum
2337 1410 2445 1464 lum
2476 1404 3198 1475 inhabitans,nullusjustus
3217 1403 3270 1459 in
3298 1413 3436 1459 terra
3461 1402 3791 1468 consistens,aul-

623 1525 807 1583 Jesum
831 1523 974 1598 (Act.
1006 1538 1087 1589 ιιι,
1118 1521 1232 1592 12).
1260 1518 1329 1574 Εῑ
1361 1519 1414 1572 in
1442 1513 1790 1586 sequentibus
1822 1528 1837 1567 :
1866 1509 1932 1564 In
1961 1510 2111 1582 cujus
2137 1523 2233 1560 no-
2339 1502 2423 1558 lus
2471 1503 2632 1558 etiam
2684 1516 2749 1556 ex
2803 1500 2869 1555 iis
2913 1499 3004 1571 qui
3051 1498 3242 1553 mortis
3263 1495 3495 1552 debitum
3535 1496 3739 1560 solverant,
3759 1500 3789 1552 in

626 1624 766 1679 mine
786 1588 921 1677 as‘tat
948 1620 1031 1675 hic
1051 1588 1226 1674 curam
1266 1614 1407 1670 vobis
1452 1626 1630 1666 sanus.
1663 1606 1926 1666 Similiter
1954 1603 2151 1660 Paulus
2180 1611 2236 1658 et
2338 1595 2542 1651 mundo
2568 1607 2821 1664 umquam
2872 1591 3148 1662 apparuit,
3190 1591 3282 1662 qui
3338 1605 3499 1661 genus
3529 1588 3736 1645 humanum
3751 1590 3793 1646 de

627 1715 907 1774 Barnabas
933 1729 1058 1769 cum
1090 1717 1358 1782 aegrotum
1395 1706 1446 1761 in
1473 1703 1686 1777 Lystris
1716 1709 2026 1763 sanassent,
2055 1707 2108 1752 et
2138 1710 2236 1767 po-
2339 1697 2612 1760 petestate
2659 1685 2864 1741 diaboli
2898 1684 3214 1751 redimeret,
3243 1699 3366 1754 qua:
3396 1681 3647 1754 redemptio
3666 1681 3794 1752 apertis

627 1813 743 1886 puli
774 1811 978 1868 vellent
1005 1809 1086 1865 eis
1114 1805 1444 1867 sacriﬁcare,
1465 1798 1745 1856 sciderunt
1765 1794 2087 1852 vestimenta
2114 1806 2232 1855 sua,
2266 1784 2316 1844 B
2342 1791 2426 1839 est
2449 1780 2646 1836 veteris
2675 1778 3029 1835 Testatnenti.

626 1872 874 1964 dicentes
908 1921 922 1958 ε
964 1901 1094 1966 Viri,
1123 1884 1249 1970 quid
1273 1899 1384 1952 hac
1424 1892 1644 1966 facitis?
1671 1899 1720 1946 et
1742 1905 1836 1944 nos
1865 1886 2101 1942 homines
2149 1899 2239 1938 su-
2415 1875 2596 1950 (Vers.
2626 1874 2708 1947 4.)
2749 1872 2816 1928 Et
2849 1890 2944 1945 ego
2969 1873 3160 1944 flebam
3209 1873 3449 1940 ntnltum,
3492 1873 3678 1942 quoniam
3708 1890 3795 1927 arm

629 2017 767 2066 mus,
799 1997 994 2054 similes
1018 1968 1158 2051 vobis
1183 1991 1324 2066 (Act.
1353 2004 1464 2053 xlv,
1493 1985 1610 2058 14).
1640 1984 1937 2040 Possumus
1968 1979 2148 2035 ethoc
2171 1977 2240 2033 de
2341 1971 2528 2042 dignus
2579 1971 2813 2025 inventus
2837 1980 2911 2025 est
2938 1971 3139 2043 aperire
3167 1969 3382 2034 librum,
3438 1984 3519 2023 nec
3556 1968 3683 2021 videre
3710 1984 3794 2021 ira.

626 2095 852 2154 Christo
876 2091 1204 2162 intelligere,
1235 2100 1395 2158 quem
1419 2081 1717 2139 secundum
1758 2075 2154 2133 humanitatem
2185 2079 2241 2128 et
2342 2064 2580 2121 Joannes
2611 2064 2662 2119 in
2697 2063 2802 2120 hoc
2828 2063 2948 2119 loco
2978 2079 3270 2134 personam
3321 2062 3458 2134 gerit
3483 2059 3799 2130 eorum,dequi-

627 2187 880 2261 gloriam,
909 2192 966 2241 et
995 2183 1284 2244 honorem,
1307 2187 1362 2234 et
1386 2177 1646 2232 virtutem
1677 2170 1958 2242 accepisse
1984 2165 2182 2223 manile

2343 2156 2443 2213 bus
2469 2155 2632 2212 modo
2658 2155 2916 2221 diximus,
2942 2155 2992 2210 id
3023 2164 3129 2223 est,
3159 2155 3383 2211 Patrum
3409 2153 3798 2210 veteris'l‘esnmea.

631 2246 749 2338 ἶιηη
777 2246 881 2337 est:
2345 2250 2423 2317 ti;
2451 2249 2654 2306 ﬂebant
2703 2251 2850 2305 enim
2891 2249 3067 2306 sancti
3113 2249 3366 2314 multum,
3400 2263 3464 2305 eo
3489 2246 3605 2317 quod
3640 2247 3800 2317 mysteria

707 2373 736 2412 ι)
773 2371 1037 2445 Sequitur
1071 2387 1084 2424 ;
1120 2368 1260 2437 ρυία
1289 2375 1344 2422 fu
1363 2364 1555 2421 ενεαειξ
1607 2361 1870 2425 omnia,“
1917 2351 2241 2431 ρτορεειέισο-
2343 2341 2748 2424 δωριυτειυηι
2784 2342 2887 2397 Sibi
2911 2341 3228 2397 abscondita
3262 2340 3441 2397 nullus
3460 2339 3803 2410 essetqnieisuu-

640 2470 895 2525 iuntatem
943 2473 1084 2519 tuam
1131 2471 1296 2528 erant,
1323 2467 1370 2514 et
1397 2467 1569 2513 creata
1593 2465 1732 2511 sunt.
1766 2455 1823 2512 Si
1855 2453 1957 2508 hoc
1981 2467 2049 2507 eo
2077 2463 2197 2507 sens

2339 2437 2647 2528 pii-testaret,
2673 2435 2979 2518 nullusque
3006 2445 3150 2492 esset
3179 2436 3271 2508 qui
3304 2452 3470 2508 genus
3492 2433 3714 2490 humanum
3733 2449 3801 2501 ier-

637 2521 1050 2634 intelligendum
1080 2565 1188 2624 est,
1209 2521 1318 2628 quo
1346 2565 1400 2610 et
1425 2552 1558 2609 illud
1583 2567 1600 2607 :
1635 2550 1738 2619 Qui
1767 2549 1908 2622 fecit,
1931 2562 2046 2616 qua:
2063 2545 2242 2616 futura
2271 2527 2274 2530 ’
2343 2521 2516 2634 (iitum
2544 2521 2613 2588 de
2642 2541 2910 2603 potestate
2931 2530 3135 2588 diaboli
3167 2539 3407 2586 erueret.
3452 2528 3544 2587 Sed
3569 2526 3802 2599 querenda

636 2619 1017 2722 sanuomnes
1045 2665 1178 2722 ergo
1205 2657 1477 2706 creatura:
1499 2652 1655 2701 erant
1680 2643 1734 2699 in
1767 2619 2040 2714 potestate
2065 2648 2117 2694 et
2149 2651 2243 2692 vo—
2344 2624 2501 2683 nobis
2521 2634 2628 2694 est,
2647 2639 2745 2681 cur
2767 2625 2912 2681 dicat
2940 2623 3085 2680 hunc
3111 2625 3309 2681 librum
3334 2638 3362 2678 a
3393 2623 3527 2679 nullo
3544 2635 3666 2693 posse
3685 2619 3803 2682 videri.

639 2752 853 2809 luntate
888 2746 1008 2811 Dei,
1039 2753 1332 2814 antequam
1362 2745 1684 2796 crearentur
1713 2751 1727 2789 :
1754 2742 1938 2791 creata
1963 2745 2095 2787 vero
2115 2734 2245 2784 sunt
2344 2737 2469 2778 cum
2527 2722 2779 2794 superius
2821 2721 2987 2788 dicat,
3017 2719 3161 2792 quod
3195 2736 3318 2776 eum
3366 2719 3418 2775 in
3456 2717 3637 2775 dextera
3656 2714 3807 2770 sedentis

637 2805 1005 2912 eetempore,
1026 2851 1136 2909 quo
1164 2805 1436 2906 disposuit
1463 2831 1624 2887 Deus.
1652 2828 1773 2900 Ipse
1805 2827 1970 2899 igitur
2000 2824 2094 2896 qui
2119 2837 2243 2878 eun-
2345 2827 2510 2885 super
2541 2818 2798 2869 thronum
2825 2811 3569 2882 viderit-Videbantnamque
3588 2805 3808 2878 sntiqniPa-

639 2947 728 2994 cta
759 2932 970 2990 creavit
987 2947 1054 2988 ex
1077 2928 1270 2997 nihilo,
1301 2940 1493 2983 creare
1521 2922 1778 2995 dignetur
1829 2921 1884 2975 in
1932 2918 2090 2974 nobis
2146 2929 2245 2972 cor
2348 2917 2481 2975 tres,
2511 2923 2739 2978 quorum
2767 2917 2951 2979 typum
2981 2906 3222 2962 Joannes
3250 2907 3305 2960 in
3339 2905 3442 2961 hoc
3464 2904 3567 2959 loco
3592 2896 3809 2961 tcnet.‘te

641 3026 930 3094 mundum,
987 3025 1081 3096 qui
1125 3021 1262 3078 vivit
1287 3027 1343 3076 et
1367 3024 1559 3091 regnat
1585 2991 1642 3072 in
1671 3013 1868 3071 saecula
1895 3011 2240 3073 saeculorum,
2348 3000 2478 3056 teris
2507 2999 2838 3056 'l‘estamenti
2869 2999 3090 3066 librum,
3123 3008 3309 3055 etnon
3357 2997 3623 3054 videbant:
3648 2991 3810 3048 ridebant

644 3138 830 3181 amen.
2278 3166 2318 3181 Α
2347 3095 2645 3152 secundum
2701 3095 2960 3161 litteram,
2991 3105 3043 3150 et
3072 3108 3184 3149 non
3215 3093 3472 3149 videbant
3500 3089 3730 3148 secundum
3747 3084 3809 3154 sii-

999 3234 1105 3296 DE
1147 3230 1477 3296 VISIONE
1521 3226 1855 3292 TERTIA.
2273 3166 2319 3230 C
2354 3189 2566 3296 νίιξιεηι
2595 3187 3042 3296 ξηιειιίεειιιίειιη.

2394 3281 2573 3354 (Vers.
2592 3282 2673 3355 ὅ.)
2691 3281 2760 3336 Et
2773 3299 2909 3337 unus
2920 3282 2985 3336 de
2998 3278 3285 3336 senioribus
3299 3277 3555 3334 dixitmihi
3576 3270 3809 3343 :Neﬂerm't.

723 3400 747 3428 ο
775 3386 905 3462 ‘Non
955 3383 1402 3442 inconvenienter
1453 3389 1578 3452 post
1609 3377 1937 3448 descriptam
1989 3371 2248 3429 Ecclesia:
2359 3377 2496 3432 Vicit
2518 3378 2597 3431 [eo
2615 3377 2682 3431 de
2705 3375 2838 3431 tribu
2864 3373 3030 3443 Juda,
3061 3369 3226 3446 519
3253 3372 3412 3427 radix
3437 3369 3604 3434 David,
3624 3361 3812 3434 ape:th-

648 3459 882 3541 formam
913 3479 1123 3551 aPeruo
1153 3475 1282 3533 “bri
1335 3475 1574 3548 βοηίιυτν
1605 3488 1703 3545 Per
1732 3485 1894 3543 quam
1925 3464 2138 3540 ³1³⁸1⁸⁸ίο
2166 3463 2251 3520 ἀί·
2353 3469 2520 3538 brum,
2568 3479 2616 3524 et
2643 3469 2837 3523 solvere
2872 3477 3066 3539 septem
3096 3465 3369 3539 signacula
3396 3467 3520 3537 ejus.
3549 3455 3809 3516 Videturmihl

651 3579 901 3634 vinarum
929 3573 1334 3645 Scripturarum
1382 3568 1723 3640 designatur;
1757 3565 1879 3636 quia
1911 3570 2192 3634 postquam
2219 3574 2249 3613 ιι
2354 3560 2602 3617 eamdem
2637 3560 3097 3632 signiﬁcationem
3139 3558 3342 3614 habere
3379 3557 3642 3620 seniorem,
3666 3555 3812 3622 quanti:

643 3674 848 3730 sanctis
882 3666 1148 3740 apostolis
1173 3663 1500 3733 exterisque
1521 3656 1972 3732 praedicatoribus
2005 3653 2200 3709 Eccles‘

2354 3657 2644 3725 Joannem,
2693 3671 2859 3728 quam
2908 3656 3072 3712 etiam
3100 3654 3352 3727 angelum
3389 3652 3606 3713 fortem;
3646 3644 3811 3718 signiﬁcat

649 3769 704 3824 in
733 3763 992 3838 gentibus
1021 3759 1246 3818 fundata
1270 3766 1377 3824 est,
1409 3754 1536 3812 libri
1586 3754 1790 3810 veteris
1816 3767 1880 3808 ac
1911 3749 2035 3805 novi
2061 3747 2253 3804 Testa-
2353 3752 2499 3809 enim
2556 3753 2746 3808 Pati-es
2775 3751 2978 3807 veteris
3021 3748 3382 3806 Testamenti.
3428 3744 3635 3818 Angelus
3675 3749 3813 3806 uanique

651 3835 821 3918 menti
853 3855 1154 3914 secundum
1181 3850 1536 3924 apostolicam
1579 3847 1783 3905 ﬁdema
1810 3845 2010 3904 sanctis
2060 3841 2249 3899 docto-
2357 3848 2510 3904 fortis
2546 3847 2845 3919 interrogat
2889 3845 3016 3917 quis
3057 3853 3205 3900 esset
3235 3843 3436 3913 dignus
3459 3839 3646 3913 aperire
3665 3835 3812 3890 librum:

651 3953 804 4011 ribus
840 3947 1074 4020 θκβοείιί
1103 3922 1252 4003 δυηί·
1794 3976 1796 3978 τ
2354 3941 2594 3998 Joannes
2624 3941 2744 4007 ﬂet,
2775 3955 2843 3995 eo
2864 3938 3011 4011 quod
3039 3937 3225 3993 nullus
3246 3936 3442 4008 dignus
3469 3943 3600 3991 esset
3627 3927 3770 4000 aperire
3783 3922 3814 3974 li-

722 4042 952 4100 CAPU'I‘
994 4041 1058 4096 ν.
1083 4069 1155 4082 —-
1182 4038 1364 4114 (Vers.
1391 4036 1472 4110 1.)
1511 4035 1578 4090 Et
1604 4036 1710 4091 vidi
1738 4035 1792 4090 in
1828 4034 2040 4089 dextera
2067 4031 2252 4086 seden-

2356 4038 2510 4092 brum
2531 4035 2746 4092 :seuior
2762 4050 2896 4090 vero
2918 4032 3072 4097 dicit,
3097 4030 3238 4102 quod
3265 4046 3364 4102 per
3384 4030 3625 4093 Leonem,
3639 4023 3678 4078 id
3693 4027 3813 4085 esum

653 4141 718 4196 tis
743 4153 897 4210 super
917 4135 1162 4192 thronum
1185 4111 1376 4190 librum
1397 4134 1648 4204 scriptum
1669 4130 1806 4185 intus
1834 4137 1882 4184 et
1906 4127 2056 4200 foris,
2080 4125 2255 4196 signa-
2355 4129 2656 4196 Christum,
2678 4127 3008 4200 aperiendus
3030 4136 3176 4183 esset
3201 4125 3364 4181 liber.
3383 4124 3484 4180 Pet-
3506 4119 3712 4193 angelum
3731 4111 3815 4182 igitur

655 4244 763 4288 tum
791 4209 980 4302 sigillis
1010 4237 1225 4302 septem.
1258 4228 1334 4284 De
1361 4226 1581 4283 dextera
1605 4235 1660 4282 et
1677 4223 1872 4296 sigillis
1895 4221 2040 4294 quod
2075 4219 2256 4276 Domi—
2359 4224 2557 4280 fortem
2591 4223 2646 4280 hi
2676 4222 3052 4294 designantur,
3100 4221 3192 4292 qui
3242 4218 3605 4274 desiderantes
3639 4209 3815 4266 adventui

654 4341 758 4381 nus
783 4324 1019 4392 dederit,
1038 4325 1090 4380 in
1105 4321 1460 4394 sequentibus
1481 4319 1756 4377 dicemus:
1783 4317 1921 4373 liber
1940 4330 2072 4372 vero
2085 4315 2258 4386 scrip-
2357 4314 2590 4385 Christi,
2617 4313 3026 4386 interrogabant
3050 4328 3157 4384 quo
3181 4321 3429 4382 tempore
3458 4317 3682 4366 venturus
3715 4303 3814 4354 esset:

659 4427 744 4475 tus
770 4418 914 4473 intus
941 4428 992 4474 et
1016 4416 1146 4473 foris
1178 4431 1284 4472 non
1316 4415 1493 4472 solum
1525 4423 1684 4471 vetus
1704 4412 2137 4476 Testamentum,
2157 4405 2254 4463 sed
2357 4411 2600 4469 Joannes
2631 4425 2762 4466 vero
2788 4424 2885 4465 eos
2907 4407 3176 4479 signiﬁcat
3205 4405 3301 4477 qui
3324 4394 3816 4469 ﬂebammoquudlanlﬂ

651 4522 709 4570 et
738 4528 934 4569 novum
961 4511 1248 4584 signiﬁcat,
1290 4510 1380 4583 qui
1414 4511 1559 4565 intus
1583 4508 1822 4579 scriptus
1847 4512 1934 4562 est
1956 4502 2252 4560 secundum
2287 4567 2331 4584 η
2359 4512 2607 4576 tempore
2638 4502 2877 4559 tardaret
2909 4518 2922 4554 :
2947 4500 3130 4556 senior
3157 4505 3342 4555 autem
3371 4495 3640 4570 prophetas
3659 4486 3816 4555 desigtul.

654 4606 994 4678 allegoriam,
1029 4605 1164 4661 foris
1193 4567 1494 4662 secundum
1524 4567 1828 4658 historiam.
1865 4599 1966 4656 Hic
1993 4599 2156 4670 igitur
2185 4596 2249 4652 li-
2287 4567 2333 4627 υ
2359 4601 2451 4672 qui
2477 4567 2732 4656 dixerunt
2761 4611 2868 4668 quo
2894 4594 3057 4651 modo
3087 4601 3143 4650 et
3160 4608 3268 4664 Quo
3293 4567 3532 4663 tempore
3573 4588 3816 4643 venturtIStS'

654 4701 757 4758 ber
775 4709 931 4758 vetus
949 4710 1004 4756 et
1015 4715 1212 4756 novum
1237 4698 1641 4755 Testamentum
1667 4696 1718 4752 in
1751 4711 1810 4752 se
1835 4667 2098 4758 continet;
2125 4691 2250 4761 quia
2357 4667 2460 4750 set.
2485 4694 2590 4750 Per
2623 4667 2862 4749 Leonem
2892 4689 3058 4762 igitur
3077 4687 3146 4745 de
3174 4687 3315 4744 tribu
3344 4686 3481 4742 Juda
3507 4683 3715 4743 Christus
3733 4667 3816 4728 initl-

654 4793 919 4867 spiritalis
941 4792 1298 4866 intelligentia
1327 4791 1381 4846 in
1416 4790 1588 4847 veteri
1611 4789 1958 4845 Testamento
2000 4783 2136 4842 nihil
2168 4792 2254 4839 est
2356 4787 2559 4859 ligitur,
2587 4785 2680 4858 qui
2707 4800 2774 4840 ex
2806 4784 2948 4839 tribu
2970 4781 3131 4848 Juda,
3170 4789 3226 4838 et
3276 4780 3533 4853 progenie
3583 4770 3712 4832 David
3742 4771 3817 4821 ortu!

651 4886 820 4956 aliud,
846 4901 1006 4959 quam
1046 4901 1244 4942 novum
1275 4883 1704 4941 Testamentum.
2355 4856 2456 4939 est.
2512 4856 2625 4936 Leo
2650 4889 2830 4935 autem
2860 4887 3083 4950 propter
3115 4874 3489 4932 fortitudinem
3517 4879 3724 4932 vocatur;
3757 4856 3817 4952 qui?

728 4948 912 5054 (νει-ὲ.
938 4978 1022 5052 2.)
1063 4977 1134 5034 Et
1182 4977 1293 5034 vidi
1340 4975 1596 5050 Angelum
1645 4979 1852 5047 fortem,
1886 4975 2250 5048 pradicantem
2358 4967 2634 5030 diabolum
2662 4970 2814 5037 vicit,
2843 4948 2899 5026 et
2921 4948 3126 5025 electos
3150 4983 3284 5024 suos
3309 4968 3380 5024 ab
3403 4968 3521 5037 ejus
3539 4967 3747 5037 potestate
3768 4948 3818 5006 επὶ-

656 5045 778 5132 voce
806 5045 1017 5146 ntagna:
1050 5071 1292 5145 Angelus
1310 5045 1467 5126 fortis
1487 5045 1677 5125 Patres
1701 5045 1902 5125 veteris
1917 5068 2248 5125 Testamenti
2360 5068 2498 5140 puit.
2528 5066 2669 5122 Vicit
2698 5081 2830 5137 ergo
2861 5064 2968 5120 Leo
2994 5065 3061 5120 de
3082 5064 3224 5120 tribu
3249 5062 3412 5127 Juda,
3443 5062 3584 5118 radix
3610 5051 3748 5115 David,
3764 5045 3818 5098 dis

653 5168 971 5243 signiﬁcat,
1025 5167 1119 5239 qui
1177 5179 1314 5223 voce
1359 5179 1554 5236 magna
1600 5162 2082 5236 praedicaverunt;
2125 5163 2249 5234 quia
2357 5164 2538 5220 bolum
2565 5179 2586 5230 ;
2614 5172 2672 5218 ut
2698 5161 2941 5234 aperiret
2968 5158 3166 5215 librqu
3195 5167 3248 5214 ct
3276 5167 3483 5224 septem
3509 5149 3730 5226 signacula
3748 5141 3816 5211 eius?

650 5261 928 5319 Christum
959 5259 1028 5317 ad
1059 5258 1491 5331 redemptionem
1543 5257 1760 5327 generis
1809 5257 2030 5313 humani
2059 5266 2251 5314 ventu-
2356 5256 2482 5328 quia
2510 5255 2651 5312 liber
2672 5271 2779 5311 non
2805 5262 2991 5325 posset
3020 5248 3243 5323 aperiri,
3299 5251 3401 5307 nisi
3455 5250 3592 5322 prius
3628 5242 3818 5300 vinceremf

649 5371 769 5413 rum
795 5371 920 5414 esse
947 5355 1338 5429 praedixerunt.
1373 5353 1502 5422 Quis
1529 5362 1606 5410 est
1630 5353 1817 5424 dignus
1842 5354 2046 5424 aperire
2063 5352 2251 5408 librum
2359 5351 2638 5420 diabolus,
2667 5367 2788 5424 quae
2817 5349 3040 5407 victoria
3073 5342 3286 5421 apertio
3309 5340 3818 5405 fuitveterisTesuW‘

725 5573 752 5604 ⁸
792 5565 963 5632 Edit.,
1009 5555 1196 5620 virtute
1225 5571 1314 5618 aut
1339 5569 1590 5631 potestate
1639 5562 1936 5632 fecerimus.
1981 5559 2050 5615 Et
2079 5559 2242 5623 infra,
2349 5559 2581 5632 musLSi
2607 5567 2775 5632 erant,
2801 5557 3060 5632 quomodo
3081 5567 3257 5613 creata
3285 5567 3424 5612 sunt.
3454 5557 3627 5611 Omnes
3643 5549 3815 5632 ergone“:

652 5634 857 5705 Iesum,
1011 5638 1184 5721 cujus-
1211 5615 1417 5721 nontine
1443 5615 1860 5689 hicstai—coram
1885 5632 2026 5688 vobis
2046 5649 2064 5700 ;
2082 5615 2089 5616 ί
2106 5615 2241 5688 mss;
2427 5615 2649 5721 cI'Rom.
2681 5615 3060 5721 editIprojpr'i‘o
3072 5639 3245 5721 mathe
3261 5630 3593 5701 jugulaverat
3610 5615 3816 5680 totum”

652 5700 855 5774 autem;
887 5716 946 5764 ut
974 5707 1029 5763 in
1061 5700 1341 5763 contextu.
2353 5705 2661 5774 prologum,
2693 5700 2954 5774 usquead
2986 5700 3056 5756 Et
3084 5702 3214 5762 vidi,
3243 5700 3350 5774 etc;

722 5781 751 5822 δ
790 5756 1011 5838 Eaedem
1039 5778 1202 5844 edit.,
1239 5790 1287 5833 et
1323 5786 1496 5832 creata
1522 5778 1688 5833 sunt?
1711 5777 1900 5833 Omnes
1926 5791 2067 5846 ergo,
2101 5786 2206 5832 etc.
2234 5792 2249 5828 :
2355 5756 2403 5774 Γ
2423 5756 2558 5830 (Vl—lia
2587 5756 2718 5830 mss.
2743 5756 2906 5839 {edit
2930 5789 3088 5846 vero,
3115 5756 3299 5829 veteris
3326 5769 3621 5828 Τεεεαπκηιί
3642 5756 3812 5846 (feriunti

651 5851 902 5913 lacunam
923 5865 1058 5909 vero
1089 5838 1345 5922 reparant
1371 5863 1564 5906 omnes
1589 5864 1724 5908 mss.
1755 5838 2096 5920 excepto'ubi
2120 5847 2253 5921 legi-
2358 5863 2462 5902 non
2482 5847 2721 5903 videbant
2743 5838 3024 5901 secundum
3044 5846 3365 5919 spiritualem
3393 5838 3736 5917 intelligentiam.
