3944 6310
96 293 189 352 309
793 273 859 330 IN
902 271 1372 332 APOCALYI’SIN
1418 271 1804 328 EXPOSITlO.
1849 271 1938 328 DE
1982 273 2253 330 VISIONE
2294 274 2573 331 TERTIA.
3254 277 3362 333 δίο

97 411 149 466 ii,
175 394 439 472 Quomodo
463 397 672 464 septem
701 390 982 463 signacula
1011 390 1306 462 aperuerit,
1334 389 1387 445 in
1417 403 1651 460 sequeu-
1677 390 1726 450 A
1755 389 1820 444 ad
1846 389 2067 445 eosdem
2091 390 2345 448 doctores
2380 391 2636 450 Ecclesia:
2670 391 2939 464 pertinet;
2966 393 3183 464 quoties
3215 394 3361 449 enim

95 499 222 555 tibus
249 491 500 548 dicemus.
1760 485 2130 550 nativitatem,
2163 487 2496 557 passionem,
2539 498 2592 544 et
2640 487 3097 545 resurrectionem
3149 489 3364 544 Domini

156 587 330 662 (Vers.
352 578 433 653 6.)
468 577 536 633 Et
555 576 661 632 vidi
686 576 739 632 in
766 575 934 631 medio
954 575 1126 630 throni
1146 585 1190 630 et
1217 585 1436 647 quatuor
1455 575 1656 629 anima-

92 687 225 747 lium,
256 689 301 734 et
318 675 590 738 seniorum,
616 687 812 744 agnum
840 679 1059 727 stantem
1087 670 1237 741 quasi
1262 669 1506 735 occisum,
1561 670 1654 723 ha-

89 781 265 832 bentem
305 783 490 825 cornua
537 772 748 835 septem,
801 773 852 820 et
900 763 1077 818 oculos
1126 774 1342 833 septem,
1400 763 1488 834 qui
1529 769 1653 818 sunt

87 880 259 943 septem
301 863 510 938 spiritus
536 858 652 924 Dei,
682 860 830 914 missi
854 859 908 913 in
921 873 1121 913 omnem
1145 868 1356 913 terram.
1380 857 1484 914 Per
1501 855 1655 913 thro-

86 981 197 1024 num
241 969 295 1019 et
338 968 567 1032 quatuor
621 954 874 1011 animalia
903 961 959 1010 et
986 954 1238 1010 seniores
1272 968 1376 1008 una
1401 951 1649 1008 Ecclesia

88 1073 195 1115 cum
216 1052 418 1112 cunctis
442 1050 554 1106 suis
581 1047 866 1105 ordinibus
911 1046 1228 1118 designatur
1259 1063 1273 1098 :
1306 1045 1490 1118 Agnus
1522 1059 1658 1100 vero

88 1169 180 1210 non
203 1148 426 1213 occisus,
458 1143 554 1201 sed
583 1153 856 1214 tamquam
907 1145 1124 1198 occisus
1177 1141 1326 1196 visus
1363 1147 1480 1207 est;
1531 1138 1655 1210 quia

87 1256 295 1303 mortem
324 1243 376 1298 in
397 1241 623 1297 transitu
650 1240 907 1310 gustavit,
937 1248 990 1294 et
1008 1237 1169 1309 paulo
1198 1245 1318 1309 post
1342 1250 1655 1305 resurgens,

78 1343 179 1413 jam
222 1352 317 1392 non
361 1337 613 1398 moritur,
663 1348 802 1386 mors
851 1330 932 1386 illi
974 1332 1114 1386 ultra
1155 1347 1257 1385 non
1309 1329 1659 1385 dominabitur

87 1431 244 1504 (Itoni.
277 1444 347 1495 vn,
381 1425 437 1499 9)
465 1443 479 1478 :
512 1423 602 1496 qui
633 1439 838 1480 cornua
873 1431 1080 1495 septem
1127 1431 1184 1478 et
1213 1423 1400 1479 oculos
1445 1429 1654 1493 septem

84 1523 318 1579 habuisse
361 1521 514 1575 visus
567 1527 673 1574 est.
705 1515 846 1584 Quid
899 1517 1008 1572 sint
1037 1524 1218 1571 autem
1253 1526 1462 1586 septem
1488 1513 1657 1582 oculi,

1760 576 1829 633 ad
1891 579 2210 635 memoriam
2269 579 2561 648 reducunt,
2619 590 2672 637 et
2701 583 3137 653 quibuscumque
3182 584 3365 639 modis

1758 671 1878 729 haec
1905 690 1933 728 a
1973 675 2178 731 sanctis
2209 675 2450 745 patribus
2519 677 2878 749 praeﬁgurata,
2931 689 2986 736 et
3011 695 3042 734 a
3082 679 3368 750 prophetis

1756 769 2015 840 praedicta
2045 779 2192 836 sunt,
2222 769 2469 826 recolunt
2502 788 2515 824 :
2543 772 2988 844 quotiescumque
3020 773 3136 828 haec
3163 788 3282 844 quae
3313 772 3367 827 in

1758 860 2062 931 Evangelio
2117 861 2352 918 obscure
2388 860 2566 934 posita
2598 874 2745 928 sunt,
2784 865 3115 936 invesﬁgare
3140 879 3244 920 non
3273 865 3370 920 de-

1758 953 1962 1016 sinunt.
1997 954 2159 1011 teties
2187 955 2267 1010 eis
2289 954 2428 1011 liber
2453 954 2700 1026 signatus
2732 957 2995 1026 aperitur.
3029 956 3242 1014 Cadunt
3267 973 3366 1015 ve-

1759 1063 1822 1103 ro
1849 1063 2032 1104 coram
2061 1047 2238 1120 Agno,
2284 1064 2406 1104 cum
2461 1064 2557 1120 per
2592 1049 3002 1107 meditationem
3058 1051 3368 1108 divinarum

1759 1141 2166 1212 Seripturarum
2198 1143 2608 1199 considerantes
2646 1144 2967 1200 immensam
3015 1147 3368 1203 clementiam

1762 1238 1879 1304 Dei,
1915 1238 2201 1294 humiliant
2250 1257 2310 1295 se
2364 1239 2416 1294 in
2476 1250 2772 1310 conspectu
2829 1244 3093 1297 creatoris
3147 1243 3230 1298 sui
3269 1263 3280 1298 :
3315 1253 3372 1300 et

1760 1342 1962 1403 quanto
1989 1350 2050 1389 se
2079 1349 2176 1404 per
2205 1333 2570 1390 humilitatem
2622 1333 2906 1404 dejieiunt,
2964 1346 3111 1390 tanto
3138 1337 3372 1406 amplius

1763 1426 1814 1480 in
1848 1442 2089 1483 amorem
2119 1427 2236 1498 ejus
2266 1427 2659 1494 exardescunt;
2694 1428 2816 1498 quia
2848 1428 3124 1483 humilitas-
3157 1445 3278 1501 qum
3316 1434 3374 1487 lit

1764 1519 1815 1575 in
1846 1533 2150 1592 conspectu
2185 1521 2300 1585 Dei,
2359 1522 2530 1576 nutrit
2586 1537 2827 1578 amorem
2865 1523 2976 1578 Dei.
3001 1523 3108 1578 Per
3135 1523 3373 1580 citharas

84 1617 186 1689 ipse
210 1613 423 1683 esponit
452 1628 576 1667 cum
602 1611 879 1682 subiungit
911 1627 924 1665 :
958 1611 1062 1679 Qui
1080 1617 1200 1666 sunt
1228 1618 1420 1680 septem
1445 1608 1659 1680 spiritus
1761 1623 1944 1669 autem
1974 1628 2093 1684 qua?
2133 1613 2388 1668 animalia
2416 1623 2470 1669 et
2500 1615 2749 1670 seniores
2801 1614 3053 1672 habuisse
3093 1616 3372 1687 dicuntur,

80 1708 186 1777 Dei,
224 1707 365 1762 missi
407 1707 460 1760 in
507 1721 710 1760 onmem
737 1713 948 1759 terram.
996 1703 1103 1758 Per
1126 1718 1326 1759 cornua
1349 1717 1481 1758 vero
1512 1715 1658 1772 saspe
1763 1706 2108 1760 mortiﬁcatio
2134 1706 2314 1760 carnis
2343 1705 2680 1777 designatur,
2712 1706 2851 1762 sicut
2876 1707 3010 1764 dicit
3033 1707 3329 1780 Apostolus
3361 1728 3377 1764 :

88 1816 236 1874 regna
266 1800 642 1871 designantur.
669 1797 937 1854 Videntur
964 1811 1093 1867 ergo
1124 1796 1256 1851 mihi
1289 1796 1452 1850 aliam
1500 1794 1666 1866 signi-
1697 1791 1745 1852 B
1773 1798 2086 1869 Mortiﬁcate
2109 1799 2332 1854 membra
2355 1809 2522 1854 ucstra
2552 1817 2667 1869 qua:
2681 1813 2802 1856 sunt
2834 1819 2989 1874 super
3019 1812 3234 1870 terram,
3267 1804 3381 1875 for-

85 1898 372 1953 iicationem
404 1893 612 1950 habere
636 1908 862 1961 cornua,
905 1892 1065 1947 aliam
1097 1891 1278 1956 oculi;
1309 1905 1410 1961 per
1458 1898 1664 1961 septem
1768 1892 2102 1958 mirationem,
2142 1893 2548 1958 immunditiam,
2605 1896 2898 1963 avaritiam,
2931 1906 2985 1952 et
3009 1907 3202 1953 caetera
3235 1899 3252 1971 (
3281 1896 3382 1953 Co-

80 2004 294 2061 namque
344 2004 551 2044 cornua
591 2003 796 2043 omnes
847 1986 1011 2042 electi
1048 1987 1422 2058 designantur,
1460 1985 1548 2055 qui
1580 2001 1669 2041 re—
1771 1985 1897 2042 loss.
1942 2003 2020 2054 Ill,
2055 1988 2130 2058 5).
2164 1987 2364 2042 Phiala:
2393 2005 2530 2044 vero
2557 2005 2739 2046 aurea:
2779 1992 2944 2046 corda
2985 2002 3112 2047 sunt
3162 2005 3372 2050 sancto-

1772 2093 1916 2144 rum,
1975 2079 2204 2149 spiritali
2253 2081 2518 2153 sapientia
2553 2083 2791 2153 repleta,
2833 2101 2955 2156 qum
3004 2087 3379 2145 odoramentis

1781 2170 1944 2241 plena
1981 2171 2150 2228 fuisse
2182 2172 2461 2228 dicuntur.
2495 2175 2635 2241 Quid
2679 2177 2785 2231 sint
2817 2189 2998 2234 autem
3028 2179 3388 2238 odoramenta

1775 2263 1889 2334 ipse
1922 2265 2181 2333 cxiionit,
2234 2282 2356 2322 cum
2407 2268 2688 2340 snbjungit
2723 2286 2734 2323 :
2768 2271 2898 2336 Qum
2942 2285 3064 2327 sunt
3121 2277 3384 2331 orationes

1775 2366 2091 2414 sanctorum.
2136 2359 2201 2414 Et
2231 2367 2292 2414 ut
2325 2358 2437 2414 ha'e
2493 2361 2848 2418 odoramenta
2879 2364 2944 2419 ad
2982 2365 3150 2421 Deum
3191 2383 3385 2424 ascen-

1777 2449 1929 2520 dant,
1959 2452 2242 2521 psalmista
2276 2463 2549 2523 precatur,
2579 2471 2703 2510 cum
2733 2456 2861 2511 dicit
2890 2456 3196 2531 :Dirigalur
3215 2461 3382 2516 oratio

1778 2561 1912 2606 mea.
1945 2546 2081 2600 sicut
2108 2547 2375 2601 incensum
2407 2549 2458 2601 in
2482 2561 2757 2622 conspectu
2790 2562 2896 2605 luo.

1855 2637 2037 2710 (Vers.
2065 2639 2146 2708 9.)
2185 2639 2255 2696 Et
2290 2641 2572 2696 cantabant
2615 2646 2875 2699 canticum
2906 2663 3093 2703 novum
3123 2649 3379 2708 dicentes.

1779 2731 2019 2804 Populus
2077 2749 2249 2790 novus
2297 2736 2566 2792 canticum
2623 2755 2820 2794 novum
2853 2753 3036 2797 cantat
3069 2763 3082 2797 :
3113 2745 3383 2802 canticum

1782 2841 1981 2880 novum
2035 2827 2304 2883 canticum
2345 2838 2429 2884 est
2455 2829 2760 2901 Evangelii.
2817 2831 3026 2905 Dignus
3048 2852 3121 2903 es,
3164 2835 3388 2894 Domine

1781 2916 1943 2986 Deus,
1968 2919 2199 2992 accipere
2227 2919 2435 2989 librant,
2469 2932 2516 2977 et
2537 2925 2741 2992 aperire
2770 2926 3042 2997 signacula
3073 2932 3186 3002 ejus
3209 2929 3387 3003 (Psal.

1783 3026 1906 3078 cn,
1937 3013 2014 3087 2).
2049 3014 2163 3070 Hoc
2192 3017 2334 3087 quod
2365 3017 2518 3083 dicit,
2555 3019 2620 3074 ad
2652 3020 3041 3079 immanitatem
3075 3027 3192 3097 ejus
3220 3030 3392 3098 perti-

1785 3115 1898 3172 net;
1931 3120 2054 3159 nam
2081 3106 2379 3163 secundum
2399 3109 2745 3166 divinitatem
2775 3113 2909 3169 nihil
2929 3118 3386 3190 aeciperepotuit,

75 2099 222 2155 gnum
263 2082 359 2139 Dei
381 2089 677 2148 vocantur,
704 2095 938 2152 quorum
988 2095 1208 2136 omnem
1264 2078 1666 2134 multitudinem

77 2177 310 2248 superius
358 2175 413 2231 in
465 2185 683 2246 septem
731 2185 914 2244 partes
967 2172 1275 2227 divisimus.
1321 2169 1669 2242 Adprimum

77 2268 229 2339 igitur
253 2283 422 2324 cornu
444 2267 614 2324 electi
643 2266 735 2338 qui
763 2274 890 2321 ante
916 2264 1176 2320 diluvium
1218 2263 1460 2327 fuerunt,
1503 2265 1672 2335 perti-

77 2371 228 2416 nent:
256 2360 320 2415 ad
359 2359 668 2416 secundum
713 2372 846 2414 vero
871 2356 910 2413 ii
937 2358 1026 2428 qui
1057 2365 1180 2427 post
1204 2355 1469 2412 diluvium
1502 2368 1673 2426 usque

73 2453 131 2509 ad
156 2452 343 2526 Legem
369 2452 598 2510 fuerunt
624 2469 638 2506 :
672 2451 740 2508 ad
769 2449 984 2507 tertium
1009 2460 1192 2506 autem
1222 2450 1257 2504 ii
1278 2449 1372 2521 qui
1401 2449 1502 2505 sub
1528 2448 1674 2518 Lege

73 2549 312 2607 luerunt:
341 2551 409 2606 ad
481 2559 741 2623 quartum
796 2547 1074 2620 prophetae
1106 2567 1120 2603 :
1148 2546 1214 2603 ad
1238 2546 1485 2618 quintum
1516 2544 1553 2599 ii
1584 2543 1676 2614 qui

71 2660 128 2699 ex
155 2643 356 2702 Iudaeis
409 2645 774 2712 crediderunt
800 2643 854 2699 in
881 2641 1157 2699 Christum
1185 2660 1198 2696 :
1243 2643 1308 2697 ad
1337 2651 1550 2697 sextum
1579 2652 1676 2709 po-

72 2739 216 2809 pulus
237 2740 456 2812 gentilis
487 2757 501 2793 :
531 2739 601 2795 ad
637 2740 1093 2809 septimumvero
1125 2735 1159 2792 ii
1189 2737 1279 2808 qui
1304 2736 1355 2790 in
1379 2735 1488 2790 ﬁne
1516 2749 1674 2790 mun-

69 2830 118 2887 di
147 2833 400 2889 nascitnri
422 2843 576 2900 sunt,
611 2841 674 2888 et
701 2847 824 2888 cum
853 2829 1196 2887 Antichristo
1224 2829 1530 2901 pugnaturi.

131 2930 302 2996 (νει-ε.
336 2931 422 2999 7.)
463 2927 537 2985 Et
567 2929 738 2994 venit,
761 2936 806 2983 et
828 2927 1026 2998 accepit
1048 2926 1234 2981 librum
1261 2926 1324 2979 de
1340 2923 1551 2978 dextera
1598 2937 1680 2976 se-

69 3021 223 3078 dentis
268 3039 426 3096 super
472 3023 752 3078 thronum.
785 3019 1048 3091 Superius
1075 3018 1313 3076 diximus
1346 3032 1443 3089 per
1471 3015 1672 3073 seden-

68 3124 165 3169 tem
188 3116 240 3170 in
263 3115 463 3172 throno
484 3115 780 3171 Christum
808 3111 1152 3185 designatum
1181 3111 1352 3167 fuisse
1382 3127 1395 3165 :
1429 3111 1522 3166 sed
1552 3109 1678 3181 quia

68 3207 176 3278 ipse
201 3211 331 3266 dixit
363 3227 376 3266 :
409 3210 527 3284 Ego
547 3211 608 3265 in
640 3208 824 3276 Patre,
855 3218 903 3265 et
937 3207 1096 3264 Pater
1120 3209 1174 3264 in
1205 3225 1285 3262 me
1312 3216 1386 3263 est
1414 3217 1464 3263 et
1485 3207 1573 3277 qui
1602 3207 1676 3261 vi-
1704 3193 1750 3256 C
1781 3197 1902 3268 quia
1935 3199 2117 3253 omnia
2147 3214 2367 3271 semper
2393 3201 2604 3258 habuit.
2633 3202 2741 3260 Cur
2767 3218 2947 3263 autem
2981 3210 3177 3283 dignus
3223 3212 3394 3271 fuerit

67 3301 142 3356 det
167 3319 264 3369 me,
289 3304 426 3358 uidet
447 3314 497 3359 et
531 3303 756 3358 Patrem
787 3301 968 3374 (Joan.
999 3317 1109 3366 xw,
1133 3301 1168 3357 9
1195 3312 1242 3355 et
1267 3298 1433 3372 seq.);
1466 3299 1521 3354 in
1567 3298 1674 3355 hoc

66 3393 176 3452 loco
200 3397 401 3454 sedens
421 3397 478 3453 in
511 3397 724 3453 throno
747 3395 958 3452 Patrem
981 3395 1232 3466 designat
1264 3412 1277 3448 :
1305 3396 1526 3448 dextera
1545 3407 1675 3448 vero

64 3491 230 3549 Patris
281 3495 462 3552 Filius
522 3504 615 3552 est
651 3511 665 3549 :
699 3493 885 3567 Agnus
930 3505 1114 3550 autem
1177 3493 1476 3560 hominem,
1511 3507 1674 3564 quem

63 3583 300 3645 Christus
322 3589 678 3660 assumpsit,
710 3588 976 3660 designat.
1010 3589 1196 3660 Agnus
1220 3603 1350 3660 ergo
1375 3587 1572 3643 librum
1606 3587 1674 3644 de

60 3680 277 3739 dextera
299 3685 557 3742 sedentis
598 3699 770 3756 super
795 3686 1051 3740 thronum
1076 3685 1320 3754 accepit;
1352 3685 1475 3755 quia
1508 3683 1675 3738 homo

59 3773 301 3834 Christus
326 3793 355 3832 a
380 3794 481 3834 sua
505 3777 806 3836 divinitate
832 3777 1064 3850 accepit,
1095 3785 1156 3833 ut
1177 3787 1517 3833 sacramenta
1540 3775 1678 3831 divi-

57 3882 238 3926 narum
267 3870 693 3944 Scripturarum
719 3879 1011 3928 reseraret.

124 3961 300 4033 (Vers.
326 3964 412 4034 8.)
456 3964 683 4021 Etcum
732 3965 1016 4035 aperuisset
1063 3965 1270 4031 librum,
1319 3973 1541 4037 quatuor
1567 3964 1680 4019 ani-

55 4057 203 4110 utalia
222 4067 271 4113 et
295 4059 493 4133 uiginti
509 4069 746 4129 quatuor
758 4059 984 4114 seniores
1009 4059 1304 4114 ceciderunt
1333 4075 1507 4113 coram
1531 4059 1678 4131 Agno

55 4146 289 4206 habentes
323 4153 531 4226 singuli
557 4151 818 4220 citharas,
842 4161 892 4208 et
920 4152 1124 4224 phialas
1141 4168 1328 4208 aureas
1355 4152 1534 4224 plenas
1555 4151 1680 4206 odo-

1779 3296 2028 3364 accipere
2060 3295 2280 3364 librum,
2313 3306 2369 3352 et
2397 3297 2611 3354 solvere
2638 3299 2913 3371 signacula
2938 3304 3077 3374 ejus,
3108 3309 3392 3367 subdendo

1779 3389 2088 3445 manifestat
2114 3407 2126 3443 :
2162 3390 2417 3457 Quoniam
2450 3393 2648 3448 occisus
2675 3411 2749 3462 es,
2796 3405 2843 3450 et
2864 3398 3126 3454 redemisti
3156 3419 3250 3457 nos
3279 3403 3392 3460 Deo

1779 3483 1832 3537 in
1873 3485 2128 3555 sanguine
2169 3495 2258 3538 tuo
2286 3501 2350 3539 ea:
2379 3486 2520 3540 omni
2553 3485 2714 3556 tribu,
2764 3499 2809 3543 et
2837 3493 3053 3562 populo,
3086 3505 3132 3548 et
3163 3499 3390 3552 natione.

1781 3573 1881 3631 Hie
1934 3575 2275 3632 demonsuat
2329 3593 2395 3632 ex
2446 3580 2700 3634 omnibus
2761 3583 3016 3652 gentibus
3088 3587 3393 3646 Ecclesium

1781 3669 1950 3726 luisse
1973 3669 2292 3736 collectam;
2326 3686 2449 3726 nam
2477 3672 2696 3729 inerunt
2725 3676 2944 3746 quidam
2976 3678 3252 3752 haeretici,
3299 3683 3392 3753 qui

1778 3759 1884 3817 hoc
1936 3771 2284 3834 negaverunt.

1855 3858 2034 3931 (Vers.
2066 3861 2180 3934 10.)
2213 3861 2278 3917 Et
2321 3866 2493 3935 fecisti
2533 3884 2625 3922 nos
2655 3869 2765 3923 Deo
2793 3879 2967 3924 nostro
2993 3887 3210 3944 regnum
3232 3883 3278 3928 et
3305 3891 3392 3928 sa-

1784 3956 2030 4022 cerdotes,
2068 3968 2092 3994 ιί
2123 3965 2171 4012 et
2219 3958 2506 4030 regnabant
2557 3978 2713 4032 super
2741 3971 2949 4019 terrant.
2991 3966 3044 4022 Si
3085 3971 3256 4025 sancti
3293 3970 3387 4027 Dei

1783 4065 2011 4121 regnum
2059 4050 2155 4106 Dei
2214 4062 2363 4120 sunt,
2423 4055 2698 4124 quomodo
2747 4073 2913 4125 super
2941 4068 3167 4130 terram,
3201 4061 3250 4117 id
3281 4075 3384 4130 est,

1785 4157 2028 4202 Sanctam
2081 4145 2384 4203 Eeclesiam
2443 4164 2677 4221 regnare
2721 4151 3014 4209 dicuntur?
3044 4156 3229 4212 Sancti
3255 4174 3389 4231 ergo

1787 4237 1881 4294 Dei
1915 4255 2136 4311 regnum
2167 4239 2260 4296 Dei
2292 4249 2416 4296 sunt
2445 4258 2456 4292 :
2487 4242 2610 4313 quia
2642 4244 2693 4298 in
2715 4242 2845 4314 ipsis
2894 4259 3083 4318 regnat
3112 4249 3256 4306 Deus
3289 4269 3302 4305 :
3333 4263 3389 4310 et

1786 4346 1944 4403 reges
1975 4341 2130 4398 sunt;
2164 4332 2286 4404 quia
2316 4347 2375 4389 se
2403 4344 2458 4389 et
2485 4333 2622 4391 alios
2650 4338 2854 4408 optime
2871 4355 3060 4411 regere
3091 4356 3380 4402 noverunt:

50 4258 422 4319 ramentoruns,
450 4265 578 4321 qua:
606 4256 736 4303 sunt
775 4248 1033 4304 orationes
1062 4258 1383 4303 sanctorum.
1421 4246 1682 4316 Quaeren-

50 4337 170 4394 dum
195 4341 359 4398 nobis
392 4352 506 4409 est,
563 4341 848 4413 quomodo
879 4351 1006 4398 ante
1037 4342 1436 4399 reserationem
1477 4339 1684 4412 sigillo-

48 4447 160 4488 rum
195 4434 336 4492 liber
368 4434 594 4505 aperiri
637 4433 898 4505 potuerit.
937 4433 1047 4491 Sed
1079 4433 1432 4505 spiritualiter
1482 4431 1668 4488 intelli'

1788 4423 2068 4495 quietiam
2101 4433 2155 4480 et
2201 4426 2516 4481 sacerdotes
2575 4425 2858 4496 dicuntur;
2887 4432 3015 4502 quia
3057 4437 3385 4507 semetipsos

46 4529 276 4598 gendum
325 4539 437 4588 εει,
493 4529 804 4602 propheta
859 4544 1095 4601 namque
1134 4529 1426 4585 adventum
1454 4526 1728 4602 Christi,_
1787 4517 2026 4589 quotidie
2072 4517 2194 4588 igne
2245 4515 2526 4573 charitatis
2555 4522 2828 4588 succensi,
2879 4538 2976 4592 per
3002 4531 3380 4597 compunctio—

44 4626 352 4691 passionem
382 4667 398 4692 ,
461 4633 524 4680 et
576 4623 1044 4680 resurrectionem
1090 4621 1208 4693 ejus
1240 4619 1534 4694 aliquando
1582 4635 1668 4691 pet

1785 4627 1906 4668 nem
1956 4613 2136 4668 cordis
2161 4623 2218 4669 et
2244 4613 2511 4686 lacrymas
2542 4613 2653 4670 Deo
2696 4614 2897 4672 oﬂerre
2952 4633 3383 4692 consueverunt,

43 4719 304 4787 quasdam
333 4722 575 4791 ﬁgurae;
612 4717 912 4789 aliquando
938 4717 1146 4787 apertis
1173 4715 1399 4772 vocibus
1413 4713 1678 4786 pandite.
1783 4707 1925 4761 sicut
1952 4707 2084 4764 dicit
2114 4707 2397 4763 Psalmista
2426 4725 2437 4759 :
2472 4706 2804 4778 Sacriﬁcium
2833 4710 2941 4767 Deo
2961 4716 3174 4784 spiritus
3194 4723 3388 4776 contri-

40 4824 162 4867 runt
192 4831 206 4868 :
233 4814 332 4870 sed
358 4823 418 4870 et
445 4809 792 4885 patriarcha:
831 4811 886 4866 in
911 4810 1024 4866 suis
1065 4810 1278 4866 actibus
1327 4807 1444 4864 haec
1497 4806 1676 4862 omnia
1784 4798 1990 4853 bulam:
2011 4799 2182 4862 (Psal.
2214 4815 2266 4865 ι,
2307 4797 2417 4871 19).
2450 4799 2577 4857 Sive
2601 4801 2915 4861 sacerdotes
2961 4807 3054 4863 Dei
3103 4809 3380 4881 dicuntur,

41 4905 576 4979 praeﬁguravernnt.
639 4903 899 4960 Christus
945 4917 1074 4958 vero
1119 4901 1338 4974 quando
1364 4917 1429 4957 ex
1458 4899 1678 4970 Virgine
1783 4906 1852 4948 eo
1880 4893 2041 4966 520
2067 4893 2208 4964 quod
2229 4894 2469 4950 membra
2501 4894 2610 4951 sint
2630 4899 2825 4953 summi
2859 4899 3165 4960 Sacerdotis
3195 4906 3381 4978 dequo

39 5011 195 5057 natus
245 5013 357 5069 est,
407 4999 654 5074 quando
706 5013 902 5069 passus
956 5008 1063 5067 est,
1109 5010 1163 5055 et
1193 4996 1513 5055 resurrexit.
1542 5003 1597 5051 et
1624 4995 1676 5050 in
1785 4986 1914 5043 dit'il
1948 4987 2233 5044 Psalmista
2268 4988 2386 5043 :Tu
2425 5005 2477 5044 es
2526 4989 2782 5048 Sacerdos
2826 4995 2878 5048 in
2909 5006 3178 5066 a'ternum,
3204 5017 3386 5058 secun-

37 5096 234 5152 cmlum
258 5097 555 5162 ascendit,
588 5095 795 5150 librum
827 5093 1029 5150 veteris
1055 5091 1394 5149 Testamenti
1417 5090 1628 5160 aperuit
1658 5106 1673 5157 ;
1784 5083 1907 5138 dum
1939 5083 2172 5139 ordinem
2202 5083 2578 5141 Melchisedech
2601 5085 2773 5161 (Psal.
2797 5105 2903 5156 Ctx,
2933 5090 3015 5163 4).

37 5191 156 5260 quia
190 5207 319 5264 quas
346 5191 424 5248 ibi
458 5187 952 5262 signiﬁcabantur,
975 5202 1138 5258 opere
1162 5185 1408 5257 implevit
1441 5201 1455 5236 :
1489 5193 1677 5255 postea
1861 5178 2041 5252 (Vers.
2067 5180 2091 5235 1
2113 5180 2158 5246 l,
2190 5178 2305 5252 12.)
2345 5180 2412 5235 Et
2441 5182 2546 5236 uidi
2574 5191 2621 5236 et
2643 5183 2819 5236 audiri
2863 5201 3035 5240 vocem
3085 5191 3384 5260 angelorum

37 5299 165 5339 vero
187 5300 254 5342 ea
283 5301 415 5356 qua:
450 5287 510 5340 in
543 5283 728 5340 veteri
759 5282 1110 5338 Testamento
1153 5280 1384 5336 obseura
1431 5285 1589 5334 erant
1627 5283 1683 5332 et
1784 5273 2070 5328 multorum
2116 5273 2170 5327 in
2222 5274 2440 5328 circuitu
2487 5274 2682 5342 throni,
2731 5286 2778 5330 et
2797 5278 3077 5345 seniorum,
3101 5293 3147 5336 et
3169 5295 3386 5354 quatuor

35 5376 90 5434 in
118 5395 285 5448 novo,
321 5377 675 5437 doctoribus
709 5374 973 5432 Ecclesiae
1001 5391 1098 5446 per
1120 5373 1531 5445 inspirationem
1555 5370 1681 5441 Spi-
1783 5367 2086 5423 animalium
2113 5384 2133 5422 :
2159 5379 2207 5424 et
2232 5380 2338 5423 erat
2363 5385 2606 5424 numerus
2628 5385 2806 5424 eorum
2827 5372 2994 5429 millia
3035 5377 3276 5446 millium,
3304 5383 3387 5438 di-

35 5472 170 5529 ritus
198 5474 386 5530 sancti
411 5471 674 5541 aperuit.
708 5468 837 5539 Qua.-
865 5471 1075 5540 apertio
1099 5468 1363 5526 reseratio
1408 5475 1491 5522 est
1534 5465 1686 5537 sigil-
1786 5461 2007 5516 centium
2027 5476 2147 5516 voce
2168 5477 2354 5534 magna
2373 5477 2393 5515 :
2414 5460 2610 5532 Dignus
2639 5470 2712 5516 est
2745 5463 2942 5533 Agnus,
2973 5469 3061 5538 qui
3087 5472 3285 5529 occisus
3306 5489 3382 5533 εει

34 5566 234 5625 lorum.
259 5567 432 5638 Quod
456 5575 660 5623 autem
693 5566 962 5637 sequitur,
992 5563 1136 5635 quod
1166 5571 1397 5634 quatuor
1426 5560 1682 5616 animalia
1788 5555 2025 5623 accipere
2066 5554 2301 5609 virtutem
2327 5565 2374 5608 et
2404 5553 2743 5622 divinitatem,
2776 5565 2823 5610 et
2844 5559 3175 5633 sapientiam,
3206 5577 3255 5622 et
3278 5572 3388 5642 for-

37 5675 94 5720 et
121 5664 320 5738 viginti
351 5670 611 5738 quatuor
641 5660 894 5717 seniores
942 5659 1264 5717 ceciderunt
1289 5672 1474 5715 coram
1506 5655 1685 5728 Agno,
1790 5648 2086 5716 titudinem,
2127 5658 2176 5703 et
2206 5647 2473 5715 honorem,
2513 5655 2561 5701 et
2587 5646 2824 5718 gloriam,
2875 5661 2922 5706 et
2965 5653 3384 5725 benedictionem.

107 5819 135 5848 η
176 5809 355 5877 Edit.,
388 5819 444 5865 et
471 5803 829 5878 regnabimus
871 5813 1289 5878 sttperilerram.
1323 5803 1459 5878 Sunt
1487 5800 1709 5878 quidam,
1809 5794 2015 5855 hiatum
2046 5795 2208 5853 simul
2255 5794 2592 5865 conspirant.

37 5881 126 5958 qui
152 5899 208 5938 se
237 5891 290 5939 et
318 5875 490 5949 alios,
515 5875 636 5937 etc.
674 5892 809 5934 mss.
834 5875 967 5934 vero
993 5877 1063 5934 ad
1092 5875 1457 5950 supplendum
1502 5875 1710 5932 ’totum'

494 5977 806 6039 Ριτιιοι..
857 5970 1061 6036 XVII.
2839 5963 2918 6029 26
