  <div class='ocr_page' id='page_1' title='image "/cluster/home/n/w/nwhite01/storage/ocr_20150623/17/hvd.32044015471329/411.png"; bbox 0 0 4042 6314; ppageno 0'>
   <div class='ocr_carea' id='block_1_1' title="bbox 457 244 620 304">
    <p class='ocr_par' dir='ltr' id='par_1_1' title="bbox 457 244 620 304">
     <span class='ocr_line' id='line_1_1' title="bbox 457 244 620 304; baseline -0.012 0"><span class='ocrx_word' id='word_1_1' title='bbox 457 265 476 282; x_wconf 61' lang='grc' dir='ltr'><strong>ν</strong></span> <span class='ocrx_word' id='word_1_2' title='bbox 516 244 620 304; x_wconf 77' lang='grc'><strong>811</strong></span> 
     </span>
    </p>
   </div>
   <div class='ocr_carea' id='block_1_2' title="bbox 1469 234 2881 299">
    <p class='ocr_par' dir='ltr' id='par_1_2' title="bbox 1469 234 2881 299">
     <span class='ocr_line' id='line_1_2' title="bbox 1469 234 2881 299; baseline 0.001 -5"><span class='ocrx_word' id='word_1_3' title='bbox 1469 236 1562 294; x_wconf 81' lang='grc' dir='ltr'><strong>ΔΟ</strong></span> <span class='ocrx_word' id='word_1_4' title='bbox 1599 235 1829 295; x_wconf 79' lang='lat' dir='ltr'><strong>OPERA</strong></span> <span class='ocrx_word' id='word_1_5' title='bbox 1863 236 2110 294; x_wconf 77' lang='lat' dir='ltr'><strong>SANCT]</strong></span> <span class='ocrx_word' id='word_1_6' title='bbox 2151 234 2474 297; x_wconf 77' lang='lat' dir='ltr'><strong>AMBROSII</strong></span> <span class='ocrx_word' id='word_1_7' title='bbox 2513 240 2881 299; x_wconf 74' lang='lat' dir='ltr'><strong>APPENDIX.</strong></span> 
     </span>
    </p>
   </div>
   <div class='ocr_carea' id='block_1_3' title="bbox 515 351 3804 432">
    <p class='ocr_par' dir='ltr' id='par_1_3' title="bbox 515 351 3804 432">
     <span class='ocr_line' id='line_1_3' title="bbox 515 351 3804 432; baseline -0.002 -13"><span class='ocrx_word' id='word_1_8' title='bbox 515 361 621 419; x_wconf 85' lang='lat' dir='ltr'><strong>Per</strong></span> <span class='ocrx_word' id='word_1_9' title='bbox 652 359 929 426; x_wconf 76' lang='lat' dir='ltr'><strong>thronum,</strong></span> <span class='ocrx_word' id='word_1_10' title='bbox 962 363 1017 413; x_wconf 91' lang='lat' dir='ltr'><strong>et</strong></span> <span class='ocrx_word' id='word_1_11' title='bbox 1047 361 1278 430; x_wconf 92' lang='lat' dir='ltr'><strong>quatuor</strong></span> <span class='ocrx_word' id='word_1_12' title='bbox 1322 351 1605 422; x_wconf 82' lang='lat' dir='ltr'><strong>animalia,</strong></span> <span class='ocrx_word' id='word_1_13' title='bbox 1637 363 1691 410; x_wconf 91' lang='lat' dir='ltr'><strong>et</strong></span> <span class='ocrx_word' id='word_1_14' title='bbox 1733 355 1979 412; x_wconf 85' lang='lat' dir='ltr'><strong>seniores</strong></span> <span class='ocrx_word' id='word_1_15' title='bbox 2006 354 2124 410; x_wconf 82' lang='lat' dir='ltr'><strong>uni-</strong></span> <span class='ocrx_word' id='word_1_16' title='bbox 2152 355 2198 416; x_wconf 84' lang='lat' dir='ltr'><strong>A</strong></span> <span class='ocrx_word' id='word_1_17' title='bbox 2231 358 2463 415; x_wconf 90' lang='lat' dir='ltr'><strong>hocloeo</strong></span> <span class='ocrx_word' id='word_1_18' title='bbox 2483 359 2729 416; x_wconf 82' lang='lat' dir='ltr'><strong>eamdem</strong></span> <span class='ocrx_word' id='word_1_19' title='bbox 2750 355 3411 432; x_wconf 82' lang='lat' dir='ltr'><strong>babentsignilieationem</strong></span> <span class='ocrx_word' id='word_1_20' title='bbox 3429 369 3588 426; x_wconf 87' lang='lat' dir='ltr'><strong>quam</strong></span> <span class='ocrx_word' id='word_1_21' title='bbox 3611 365 3662 412; x_wconf 90' lang='lat' dir='ltr'><strong>et</strong></span> <span class='ocrx_word' id='word_1_22' title='bbox 3684 373 3804 430; x_wconf 50' lang='lat' dir='ltr'><strong>quas</strong></span> 
     </span>
    </p>
   </div>
   <div class='ocr_carea' id='block_1_4' title="bbox 522 448 2130 520">
    <p class='ocr_par' dir='ltr' id='par_1_4' title="bbox 522 448 2130 520">
     <span class='ocr_line' id='line_1_4' title="bbox 522 448 2130 520; baseline -0.003 -11"><span class='ocrx_word' id='word_1_23' title='bbox 522 471 677 514; x_wconf 80' lang='lat' dir='ltr'><strong>versa</strong></span> <span class='ocrx_word' id='word_1_24' title='bbox 731 451 969 511; x_wconf 82' lang='lat' dir='ltr'><strong>Ecclesia</strong></span> <span class='ocrx_word' id='word_1_25' title='bbox 992 467 1116 509; x_wconf 91' lang='lat' dir='ltr'><strong>cum</strong></span> <span class='ocrx_word' id='word_1_26' title='bbox 1147 453 1260 508; x_wconf 88' lang='lat' dir='ltr'><strong>suis</strong></span> <span class='ocrx_word' id='word_1_27' title='bbox 1281 449 1597 507; x_wconf 87' lang='lat' dir='ltr'><strong>doctoribus</strong></span> <span class='ocrx_word' id='word_1_28' title='bbox 1640 448 1952 520; x_wconf 75' lang='lat' dir='ltr'><strong>designatur</strong></span> <span class='ocrx_word' id='word_1_29' title='bbox 1985 467 1998 504; x_wconf 91' lang='lat'><strong>:</strong></span> <span class='ocrx_word' id='word_1_30' title='bbox 2032 463 2130 505; x_wconf 90' lang='lat' dir='ltr'><strong>an-</strong></span> 
     </span>
    </p>
   </div>
   <div class='ocr_carea' id='block_1_5' title="bbox 523 542 2130 623">
    <p class='ocr_par' dir='ltr' id='par_1_5' title="bbox 523 542 2130 623">
     <span class='ocr_line' id='line_1_5' title="bbox 523 542 2130 623; baseline -0.004 -16"><span class='ocrx_word' id='word_1_31' title='bbox 523 549 630 623; x_wconf 91' lang='lat' dir='ltr'><strong>geli</strong></span> <span class='ocrx_word' id='word_1_32' title='bbox 657 563 810 614; x_wconf 89' lang='lat' dir='ltr'><strong>vero,</strong></span> <span class='ocrx_word' id='word_1_33' title='bbox 865 545 956 620; x_wconf 88' lang='lat' dir='ltr'><strong>qui</strong></span> <span class='ocrx_word' id='word_1_34' title='bbox 991 542 1271 613; x_wconf 83' lang='lat' dir='ltr'><strong>thronum,</strong></span> <span class='ocrx_word' id='word_1_35' title='bbox 1306 543 1357 600; x_wconf 89' lang='lat' dir='ltr'><strong>id</strong></span> <span class='ocrx_word' id='word_1_36' title='bbox 1387 552 1492 612; x_wconf 90' lang='lat' dir='ltr'><strong>est,</strong></span> <span class='ocrx_word' id='word_1_37' title='bbox 1545 542 1846 600; x_wconf 86' lang='lat' dir='ltr'><strong>Ecclesiam</strong></span> <span class='ocrx_word' id='word_1_38' title='bbox 1891 543 2130 600; x_wconf 85' lang='lat' dir='ltr'><strong>cinxisse</strong></span> 
     </span>
    </p>
   </div>
   <div class='ocr_carea' id='block_1_6' title="bbox 525 635 2131 713">
    <p class='ocr_par' dir='ltr' id='par_1_6' title="bbox 525 635 2131 713">
     <span class='ocr_line' id='line_1_6' title="bbox 525 635 2131 713; baseline -0.006 -12"><span class='ocrx_word' id='word_1_39' title='bbox 525 644 627 702; x_wconf 92' lang='lat' dir='ltr'><strong>visi</strong></span> <span class='ocrx_word' id='word_1_40' title='bbox 675 652 822 708; x_wconf 89' lang='lat' dir='ltr'><strong>sunt,</strong></span> <span class='ocrx_word' id='word_1_41' title='bbox 864 639 1042 713; x_wconf 81' lang='lat' dir='ltr'><strong>angeli</strong></span> <span class='ocrx_word' id='word_1_42' title='bbox 1073 647 1201 696; x_wconf 89' lang='lat' dir='ltr'><strong>sunt</strong></span> <span class='ocrx_word' id='word_1_43' title='bbox 1228 637 1320 711; x_wconf 88' lang='lat' dir='ltr'><strong>qui</strong></span> <span class='ocrx_word' id='word_1_44' title='bbox 1362 635 1431 692; x_wconf 92' lang='lat' dir='ltr'><strong>ad</strong></span> <span class='ocrx_word' id='word_1_45' title='bbox 1461 637 1764 692; x_wconf 80' lang='lat' dir='ltr'><strong>custodiam</strong></span> <span class='ocrx_word' id='word_1_46' title='bbox 1815 636 2131 694; x_wconf 76' lang='lat' dir='ltr'><strong>Ecclesiaea</strong></span> 
     </span>
    </p>
   </div>
   <div class='ocr_carea' id='block_1_7' title="bbox 523 729 2130 802">
    <p class='ocr_par' dir='ltr' id='par_1_7' title="bbox 523 729 2130 802">
     <span class='ocr_line' id='line_1_7' title="bbox 523 729 2130 802; baseline -0.005 -8"><span class='ocrx_word' id='word_1_47' title='bbox 523 739 638 796; x_wconf 89' lang='lat' dir='ltr'><strong>Deo</strong></span> <span class='ocrx_word' id='word_1_48' title='bbox 665 735 921 794; x_wconf 87' lang='lat' dir='ltr'><strong>destinati</strong></span> <span class='ocrx_word' id='word_1_49' title='bbox 954 737 1101 798; x_wconf 86' lang='lat' dir='ltr'><strong>sunt,</strong></span> <span class='ocrx_word' id='word_1_50' title='bbox 1127 733 1268 788; x_wconf 87' lang='lat' dir='ltr'><strong>sicut</strong></span> <span class='ocrx_word' id='word_1_51' title='bbox 1296 729 1498 786; x_wconf 85' lang='lat' dir='ltr'><strong>Paulus</strong></span> <span class='ocrx_word' id='word_1_52' title='bbox 1527 729 1809 802; x_wconf 87' lang='lat' dir='ltr'><strong>apostolus</strong></span> <span class='ocrx_word' id='word_1_53' title='bbox 1859 730 2130 802; x_wconf 86' lang='lat' dir='ltr'><strong>loquitur,</strong></span> 
     </span>
    </p>
   </div>
   <div class='ocr_carea' id='block_1_8' title="bbox 523 824 2134 898">
    <p class='ocr_par' dir='ltr' id='par_1_8' title="bbox 523 824 2134 898">
     <span class='ocr_line' id='line_1_8' title="bbox 523 824 2134 898; baseline -0.006 -8"><span class='ocrx_word' id='word_1_54' title='bbox 523 833 711 891; x_wconf 90' lang='lat' dir='ltr'><strong>dicens</strong></span> <span class='ocrx_word' id='word_1_55' title='bbox 737 848 750 885; x_wconf 90' lang='lat'><strong>:</strong></span> <span class='ocrx_word' id='word_1_56' title='bbox 782 828 973 885; x_wconf 85' lang='lat' dir='ltr'><strong>Nonne</strong></span> <span class='ocrx_word' id='word_1_57' title='bbox 1003 844 1178 884; x_wconf 88' lang='lat' dir='ltr'><strong>omnes</strong></span> <span class='ocrx_word' id='word_1_58' title='bbox 1209 825 1639 881; x_wconf 83' lang='lat' dir='ltr'><strong>administratorii</strong></span> <span class='ocrx_word' id='word_1_59' title='bbox 1667 834 1786 880; x_wconf 87' lang='lat' dir='ltr'><strong>sunt</strong></span> <span class='ocrx_word' id='word_1_60' title='bbox 1816 825 2048 898; x_wconf 76' lang='lat' dir='ltr'><strong>spiritus,</strong></span> <span class='ocrx_word' id='word_1_61' title='bbox 2079 824 2134 880; x_wconf 86' lang='lat' dir='ltr'><strong>in</strong></span> 
     </span>
    </p>
   </div>
   <div class='ocr_carea' id='block_1_9' title="bbox 525 915 2136 992">
    <p class='ocr_par' dir='ltr' id='par_1_9' title="bbox 525 915 2136 992">
     <span class='ocr_line' id='line_1_9' title="bbox 525 915 2136 992; baseline -0.008 -9"><span class='ocrx_word' id='word_1_62' title='bbox 525 923 865 983; x_wconf 78' lang='lat' dir='ltr'><strong>ministerium</strong></span> <span class='ocrx_word' id='word_1_63' title='bbox 893 921 1038 977; x_wconf 87' lang='lat' dir='ltr'><strong>missi</strong></span> <span class='ocrx_word' id='word_1_64' title='bbox 1062 929 1273 992; x_wconf 85' lang='lat' dir='ltr'><strong>prapter</strong></span> <span class='ocrx_word' id='word_1_65' title='bbox 1297 934 1407 984; x_wconf 87' lang='lat' dir='ltr'><strong>eos,</strong></span> <span class='ocrx_word' id='word_1_66' title='bbox 1438 915 1894 988; x_wconf 73' lang='lat' dir='ltr'><strong>quihwreditatem</strong></span> <span class='ocrx_word' id='word_1_67' title='bbox 1923 916 2136 985; x_wconf 85' lang='lat' dir='ltr'><strong>capiunt</strong></span> 
     </span>
    </p>
   </div>
   <div class='ocr_carea' id='block_1_10' title="bbox 525 1010 2134 1089">
    <p class='ocr_par' dir='ltr' id='par_1_10' title="bbox 525 1010 2134 1089">
     <span class='ocr_line' id='line_1_10' title="bbox 525 1010 2134 1089; baseline -0.008 -13"><span class='ocrx_word' id='word_1_68' title='bbox 525 1017 714 1076; x_wconf 86' lang='lat' dir='ltr'><strong>salutis</strong></span> <span class='ocrx_word' id='word_1_69' title='bbox 739 1013 929 1089; x_wconf 84' lang='lat' dir='ltr'><strong>(Hebr.</strong></span> <span class='ocrx_word' id='word_1_70' title='bbox 959 1031 996 1081; x_wconf 87' lang='lat' dir='ltr'><strong>t,</strong></span> <span class='ocrx_word' id='word_1_71' title='bbox 1035 1011 1161 1085; x_wconf 59' lang='lat' dir='ltr'><strong>id)?</strong></span> <span class='ocrx_word' id='word_1_72' title='bbox 1187 1012 1293 1069; x_wconf 89' lang='lat' dir='ltr'><strong>Per</strong></span> <span class='ocrx_word' id='word_1_73' title='bbox 1322 1010 1619 1067; x_wconf 81' lang='lat' dir='ltr'><strong>maximum</strong></span> <span class='ocrx_word' id='word_1_74' title='bbox 1649 1019 1828 1066; x_wconf 89' lang='lat' dir='ltr'><strong>autem</strong></span> <span class='ocrx_word' id='word_1_75' title='bbox 1848 1023 2134 1065; x_wconf 87' lang='lat' dir='ltr'><strong>numerum</strong></span> 
     </span>
    </p>
   </div>
   <div class='ocr_carea' id='block_1_11' title="bbox 527 1097 2136 1176">
    <p class='ocr_par' dir='ltr' id='par_1_11' title="bbox 527 1097 2136 1176">
     <span class='ocr_line' id='line_1_11' title="bbox 527 1097 2136 1176; baseline -0.009 -5"><span class='ocrx_word' id='word_1_76' title='bbox 527 1123 716 1171; x_wconf 82' lang='lat' dir='ltr'><strong>eerum</strong></span> <span class='ocrx_word' id='word_1_77' title='bbox 740 1105 1033 1167; x_wconf 89' lang='lat' dir='ltr'><strong>multitudo</strong></span> <span class='ocrx_word' id='word_1_78' title='bbox 1051 1103 1468 1163; x_wconf 87' lang='lat' dir='ltr'><strong>innumerabilis</strong></span> <span class='ocrx_word' id='word_1_79' title='bbox 1481 1097 1798 1176; x_wconf 82' lang='lat' dir='ltr'><strong>designatur</strong></span> <span class='ocrx_word' id='word_1_80' title='bbox 1816 1104 1906 1174; x_wconf 89' lang='lat' dir='ltr'><strong>qui</strong></span> <span class='ocrx_word' id='word_1_81' title='bbox 1926 1105 2136 1173; x_wconf 82' lang='lat' dir='ltr'><strong>Aguum</strong></span> 
     </span>
    </p>
   </div>
   <div class='ocr_carea' id='block_1_12' title="bbox 533 1195 2142 1280">
    <p class='ocr_par' dir='ltr' id='par_1_12' title="bbox 533 1195 2142 1280">
     <span class='ocr_line' id='line_1_12' title="bbox 533 1195 2142 1280; baseline -0.011 -15"><span class='ocrx_word' id='word_1_82' title='bbox 533 1221 728 1280; x_wconf 88' lang='lat' dir='ltr'><strong>magna</strong></span> <span class='ocrx_word' id='word_1_83' title='bbox 754 1218 891 1260; x_wconf 83' lang='lat' dir='ltr'><strong>voce</strong></span> <span class='ocrx_word' id='word_1_84' title='bbox 932 1200 1260 1258; x_wconf 83' lang='lat' dir='ltr'><strong>benedicere</strong></span> <span class='ocrx_word' id='word_1_85' title='bbox 1293 1197 1583 1264; x_wconf 89' lang='lat' dir='ltr'><strong>dicuntur;</strong></span> <span class='ocrx_word' id='word_1_86' title='bbox 1613 1195 1737 1266; x_wconf 86' lang='lat' dir='ltr'><strong>quia</strong></span> <span class='ocrx_word' id='word_1_87' title='bbox 1771 1195 1836 1251; x_wconf 90' lang='lat' dir='ltr'><strong>ad</strong></span> <span class='ocrx_word' id='word_1_88' title='bbox 1863 1209 2142 1268; x_wconf 67' lang='lat' dir='ltr'><strong>quaecum-</strong></span> 
     </span>
    </p>
   </div>
   <div class='ocr_carea' id='block_1_13' title="bbox 535 1287 2142 1374">
    <p class='ocr_par' dir='ltr' id='par_1_13' title="bbox 535 1287 2142 1374">
     <span class='ocr_line' id='line_1_13' title="bbox 535 1287 2142 1374; baseline -0.009 -16"><span class='ocrx_word' id='word_1_89' title='bbox 535 1315 643 1374; x_wconf 90' lang='lat' dir='ltr'><strong>que</strong></span> <span class='ocrx_word' id='word_1_90' title='bbox 668 1297 848 1355; x_wconf 77' lang='lat' dir='ltr'><strong>ofﬁcia</strong></span> <span class='ocrx_word' id='word_1_91' title='bbox 887 1294 1064 1368; x_wconf 77' lang='lat' dir='ltr'><strong>angeli</strong></span> <span class='ocrx_word' id='word_1_92' title='bbox 1114 1287 1380 1364; x_wconf 76' lang='lat' dir='ltr'><strong>explenda</strong></span> <span class='ocrx_word' id='word_1_93' title='bbox 1431 1291 1793 1358; x_wconf 86' lang='lat' dir='ltr'><strong>destinantur,</strong></span> <span class='ocrx_word' id='word_1_94' title='bbox 1826 1305 1855 1346; x_wconf 88' lang='lat' dir='ltr'><strong>a</strong></span> <span class='ocrx_word' id='word_1_95' title='bbox 1887 1288 2142 1346; x_wconf 89' lang='lat' dir='ltr'><strong>laudibus</strong></span> 
     </span>
    </p>
   </div>
   <div class='ocr_carea' id='block_1_14' title="bbox 541 1381 2143 1462">
    <p class='ocr_par' dir='ltr' id='par_1_14' title="bbox 541 1381 2143 1462">
     <span class='ocr_line' id='line_1_14' title="bbox 541 1381 2143 1462; baseline -0.01 -10"><span class='ocrx_word' id='word_1_96' title='bbox 541 1393 638 1452; x_wconf 90' lang='lat' dir='ltr'><strong>Dei</strong></span> <span class='ocrx_word' id='word_1_97' title='bbox 676 1403 973 1462; x_wconf 89' lang='lat' dir='ltr'><strong>numquam</strong></span> <span class='ocrx_word' id='word_1_98' title='bbox 1025 1395 1242 1444; x_wconf 91' lang='lat' dir='ltr'><strong>cessant</strong></span> <span class='ocrx_word' id='word_1_99' title='bbox 1268 1404 1281 1440; x_wconf 94' lang='lat'>:</span> <span class='ocrx_word' id='word_1_100' title='bbox 1307 1393 1363 1441; x_wconf 91' lang='lat' dir='ltr'><strong>et</strong></span> <span class='ocrx_word' id='word_1_101' title='bbox 1403 1385 1544 1440; x_wconf 86' lang='lat' dir='ltr'><strong>sicut</strong></span> <span class='ocrx_word' id='word_1_102' title='bbox 1575 1381 1664 1440; x_wconf 92' lang='lat' dir='ltr'><strong>hic</strong></span> <span class='ocrx_word' id='word_1_103' title='bbox 1694 1381 1833 1438; x_wconf 88' lang='lat' dir='ltr'><strong>liber</strong></span> <span class='ocrx_word' id='word_1_104' title='bbox 1879 1382 1932 1438; x_wconf 92' lang='lat' dir='ltr'><strong>in</strong></span> <span class='ocrx_word' id='word_1_105' title='bbox 1962 1390 2143 1454; x_wconf 88' lang='lat' dir='ltr'><strong>septe-</strong></span> 
     </span>
    </p>
   </div>
   <div class='ocr_carea' id='block_1_15' title="bbox 538 1472 2146 1547">
    <p class='ocr_par' dir='ltr' id='par_1_15' title="bbox 538 1472 2146 1547">
     <span class='ocr_line' id='line_1_15' title="bbox 538 1472 2146 1547; baseline -0.011 -2"><span class='ocrx_word' id='word_1_106' title='bbox 538 1486 696 1544; x_wconf 86' lang='lat' dir='ltr'><strong>nario</strong></span> <span class='ocrx_word' id='word_1_107' title='bbox 719 1495 951 1541; x_wconf 90' lang='lat' dir='ltr'><strong>numero</strong></span> <span class='ocrx_word' id='word_1_108' title='bbox 973 1489 1120 1536; x_wconf 87' lang='lat' dir='ltr'><strong>totus</strong></span> <span class='ocrx_word' id='word_1_109' title='bbox 1143 1478 1412 1544; x_wconf 88' lang='lat' dir='ltr'><strong>consistit,</strong></span> <span class='ocrx_word' id='word_1_110' title='bbox 1438 1475 1622 1547; x_wconf 78' lang='lat' dir='ltr'><strong>utique</strong></span> <span class='ocrx_word' id='word_1_111' title='bbox 1641 1485 1848 1546; x_wconf 82' lang='lat' dir='ltr'><strong>septem</strong></span> <span class='ocrx_word' id='word_1_112' title='bbox 1868 1472 2146 1544; x_wconf 88' lang='lat' dir='ltr'><strong>donaSpi-</strong></span> 
     </span>
    </p>
   </div>
   <div class='ocr_carea' id='block_1_16' title="bbox 541 1566 2140 1645">
    <p class='ocr_par' dir='ltr' id='par_1_16' title="bbox 541 1566 2140 1645">
     <span class='ocr_line' id='line_1_16' title="bbox 541 1566 2140 1645; baseline -0.011 -8"><span class='ocrx_word' id='word_1_113' title='bbox 541 1577 684 1636; x_wconf 85' lang='lat' dir='ltr'><strong>ritus</strong></span> <span class='ocrx_word' id='word_1_114' title='bbox 714 1576 884 1633; x_wconf 84' lang='lat' dir='ltr'><strong>sancti</strong></span> <span class='ocrx_word' id='word_1_115' title='bbox 912 1572 1172 1645; x_wconf 84' lang='lat' dir='ltr'><strong>prepheta</strong></span> <span class='ocrx_word' id='word_1_116' title='bbox 1203 1571 1255 1627; x_wconf 91' lang='lat' dir='ltr'><strong>in</strong></span> <span class='ocrx_word' id='word_1_117' title='bbox 1285 1569 1566 1626; x_wconf 87' lang='lat' dir='ltr'><strong>Christum</strong></span> <span class='ocrx_word' id='word_1_118' title='bbox 1593 1567 1932 1640; x_wconf 89' lang='lat' dir='ltr'><strong>requievisse</strong></span> <span class='ocrx_word' id='word_1_119' title='bbox 1981 1566 2140 1633; x_wconf 88' lang='lat' dir='ltr'><strong>dicit;</strong></span> 
     </span>
    </p>
   </div>
   <div class='ocr_carea' id='block_1_17' title="bbox 541 1661 2143 1741">
    <p class='ocr_par' dir='ltr' id='par_1_17' title="bbox 541 1661 2143 1741">
     <span class='ocr_line' id='line_1_17' title="bbox 541 1661 2143 1741; baseline -0.011 -11"><span class='ocrx_word' id='word_1_120' title='bbox 541 1673 697 1730; x_wconf 85' lang='lat' dir='ltr'><strong>itaet</strong></span> <span class='ocrx_word' id='word_1_121' title='bbox 725 1674 931 1741; x_wconf 84' lang='lat' dir='ltr'><strong>septem</strong></span> <span class='ocrx_word' id='word_1_122' title='bbox 966 1665 1384 1723; x_wconf 85' lang='lat' dir='ltr'><strong>benedictioncs</strong></span> <span class='ocrx_word' id='word_1_123' title='bbox 1442 1662 1496 1718; x_wconf 92' lang='lat' dir='ltr'><strong>in</strong></span> <span class='ocrx_word' id='word_1_124' title='bbox 1541 1661 1642 1718; x_wconf 92' lang='lat' dir='ltr'><strong>hoc</strong></span> <span class='ocrx_word' id='word_1_125' title='bbox 1688 1661 1806 1716; x_wconf 91' lang='lat' dir='ltr'><strong>loco</strong></span> <span class='ocrx_word' id='word_1_126' title='bbox 1844 1669 2143 1732; x_wconf 87' lang='lat' dir='ltr'><strong>ponuntur,</strong></span> 
     </span>
    </p>
   </div>
   <div class='ocr_carea' id='block_1_18' title="bbox 539 1755 1950 1838">
    <p class='ocr_par' dir='ltr' id='par_1_18' title="bbox 539 1755 1950 1838">
     <span class='ocr_line' id='line_1_18' title="bbox 539 1755 1950 1838; baseline -0.011 -15"><span class='ocrx_word' id='word_1_127' title='bbox 539 1763 736 1838; x_wconf 89' lang='lat' dir='ltr'><strong>quibus</strong></span> <span class='ocrx_word' id='word_1_128' title='bbox 758 1761 976 1820; x_wconf 88' lang='lat' dir='ltr'><strong>assidue</strong></span> <span class='ocrx_word' id='word_1_129' title='bbox 1009 1759 1197 1830; x_wconf 80' lang='lat' dir='ltr'><strong>Angeii</strong></span> <span class='ocrx_word' id='word_1_130' title='bbox 1225 1758 1395 1813; x_wconf 91' lang='lat' dir='ltr'><strong>Deum</strong></span> <span class='ocrx_word' id='word_1_131' title='bbox 1427 1755 1647 1812; x_wconf 89' lang='lat' dir='ltr'><strong>laudare</strong></span> <span class='ocrx_word' id='word_1_132' title='bbox 1677 1755 1950 1811; x_wconf 87' lang='lat' dir='ltr'><strong>dicuntur.</strong></span> 
     </span>
    </p>
   </div>
   <div class='ocr_carea' id='block_1_19' title="bbox 614 1849 2144 1936">
    <p class='ocr_par' dir='ltr' id='par_1_19' title="bbox 614 1849 2144 1936">
     <span class='ocr_line' id='line_1_19' title="bbox 614 1849 2144 1936; baseline -0.01 -17"><span class='ocrx_word' id='word_1_133' title='bbox 614 1857 798 1936; x_wconf 83' lang='lat' dir='ltr'><strong>(Vers.</strong></span> <span class='ocrx_word' id='word_1_134' title='bbox 833 1855 950 1930; x_wconf 78' lang='grc'><strong>15.)</strong></span> <span class='ocrx_word' id='word_1_135' title='bbox 996 1855 1058 1910; x_wconf 83' lang='lat' dir='ltr'><strong>Et</strong></span> <span class='ocrx_word' id='word_1_136' title='bbox 1083 1870 1286 1910; x_wconf 85' lang='lat' dir='ltr'><strong>onmem</strong></span> <span class='ocrx_word' id='word_1_137' title='bbox 1318 1862 1614 1907; x_wconf 80' lang='lat' dir='ltr'><strong>creaturam</strong></span> <span class='ocrx_word' id='word_1_138' title='bbox 1639 1853 1829 1922; x_wconf 76' lang='lat' dir='ltr'><strong>quwin</strong></span> <span class='ocrx_word' id='word_1_139' title='bbox 1871 1849 2000 1905; x_wconf 76' lang='lat' dir='ltr'><strong>caelo</strong></span> <span class='ocrx_word' id='word_1_140' title='bbox 2049 1857 2144 1915; x_wconf 85' lang='lat' dir='ltr'><strong>est,</strong></span> 
     </span>
    </p>
   </div>
   <div class='ocr_carea' id='block_1_20' title="bbox 541 1942 2153 2028">
    <p class='ocr_par' dir='ltr' id='par_1_20' title="bbox 541 1942 2153 2028">
     <span class='ocr_line' id='line_1_20' title="bbox 541 1942 2153 2028; baseline -0.011 -15"><span class='ocrx_word' id='word_1_141' title='bbox 541 1961 592 2013; x_wconf 82' lang='lat' dir='ltr'><strong>et</strong></span> <span class='ocrx_word' id='word_1_142' title='bbox 616 1969 732 2028; x_wconf 73' lang='lat' dir='ltr'><strong>quae</strong></span> <span class='ocrx_word' id='word_1_143' title='bbox 758 1955 814 2009; x_wconf 87' lang='lat' dir='ltr'><strong>in</strong></span> <span class='ocrx_word' id='word_1_144' title='bbox 844 1961 1008 2016; x_wconf 85' lang='lat' dir='ltr'><strong>terra,</strong></span> <span class='ocrx_word' id='word_1_145' title='bbox 1039 1957 1086 2004; x_wconf 89' lang='lat' dir='ltr'><strong>et</strong></span> <span class='ocrx_word' id='word_1_146' title='bbox 1110 1964 1225 2019; x_wconf 76' lang='lat' dir='ltr'><strong>qua:</strong></span> <span class='ocrx_word' id='word_1_147' title='bbox 1253 1947 1427 2001; x_wconf 82' lang='lat' dir='ltr'><strong>subtus</strong></span> <span class='ocrx_word' id='word_1_148' title='bbox 1474 1958 1660 2000; x_wconf 85' lang='lat' dir='ltr'><strong>terram</strong></span> <span class='ocrx_word' id='word_1_149' title='bbox 1685 1987 1700 2012; x_wconf 88' lang='lat'><strong>,</strong></span> <span class='ocrx_word' id='word_1_150' title='bbox 1733 1955 1778 2000; x_wconf 90' lang='lat' dir='ltr'><strong>et</strong></span> <span class='ocrx_word' id='word_1_151' title='bbox 1803 1959 1915 2015; x_wconf 69' lang='lat' dir='ltr'><strong>quae</strong></span> <span class='ocrx_word' id='word_1_152' title='bbox 1951 1951 2068 1998; x_wconf 87' lang='lat' dir='ltr'><strong>sunt</strong></span> <span class='ocrx_word' id='word_1_153' title='bbox 2097 1942 2153 1996; x_wconf 86' lang='lat' dir='ltr'><strong>in</strong></span> 
     </span>
    </p>
   </div>
   <div class='ocr_carea' id='block_1_21' title="bbox 544 2036 2154 2118">
    <p class='ocr_par' dir='ltr' id='par_1_21' title="bbox 544 2036 2154 2118">
     <span class='ocr_line' id='line_1_21' title="bbox 544 2036 2154 2118; baseline -0.01 -12"><span class='ocrx_word' id='word_1_154' title='bbox 544 2047 700 2116; x_wconf 80' lang='lat' dir='ltr'><strong>mari,</strong></span> <span class='ocrx_word' id='word_1_155' title='bbox 725 2057 773 2104; x_wconf 86' lang='lat' dir='ltr'><strong>et</strong></span> <span class='ocrx_word' id='word_1_156' title='bbox 804 2061 920 2118; x_wconf 71' lang='lat' dir='ltr'><strong>qua:</strong></span> <span class='ocrx_word' id='word_1_157' title='bbox 940 2046 994 2100; x_wconf 86' lang='lat' dir='ltr'><strong>in</strong></span> <span class='ocrx_word' id='word_1_158' title='bbox 1017 2061 1074 2099; x_wconf 91' lang='lat' dir='ltr'><strong>eo</strong></span> <span class='ocrx_word' id='word_1_159' title='bbox 1103 2051 1243 2109; x_wconf 84' lang='lat' dir='ltr'><strong>sunt,</strong></span> <span class='ocrx_word' id='word_1_160' title='bbox 1271 2058 1446 2096; x_wconf 87' lang='lat' dir='ltr'><strong>omnes</strong></span> <span class='ocrx_word' id='word_1_161' title='bbox 1485 2037 1660 2094; x_wconf 83' lang='lat' dir='ltr'><strong>audivi</strong></span> <span class='ocrx_word' id='word_1_162' title='bbox 1691 2039 1915 2094; x_wconf 74' lang='lat' dir='ltr'><strong>dicentes</strong></span> <span class='ocrx_word' id='word_1_163' title='bbox 1957 2036 2154 2093; x_wconf 79' lang='lat' dir='ltr'><strong>sedenti</strong></span> 
     </span>
    </p>
   </div>
   <div class='ocr_carea' id='block_1_22' title="bbox 540 2131 2152 2211">
    <p class='ocr_par' dir='ltr' id='par_1_22' title="bbox 540 2131 2152 2211">
     <span class='ocr_line' id='line_1_22' title="bbox 540 2131 2152 2211; baseline -0.009 -12"><span class='ocrx_word' id='word_1_164' title='bbox 540 2144 599 2199; x_wconf 89' lang='lat' dir='ltr'><strong>in</strong></span> <span class='ocrx_word' id='word_1_165' title='bbox 636 2139 820 2196; x_wconf 79' lang='lat' dir='ltr'><strong>throno</strong></span> <span class='ocrx_word' id='word_1_166' title='bbox 847 2147 894 2194; x_wconf 87' lang='lat' dir='ltr'><strong>et</strong></span> <span class='ocrx_word' id='word_1_167' title='bbox 917 2154 1073 2211; x_wconf 89' lang='lat' dir='ltr'><strong>agno.</strong></span> <span class='ocrx_word' id='word_1_168' title='bbox 1122 2135 1224 2192; x_wconf 89' lang='lat' dir='ltr'><strong>Per</strong></span> <span class='ocrx_word' id='word_1_169' title='bbox 1271 2142 1579 2191; x_wconf 86' lang='lat' dir='ltr'><strong>creaturam</strong></span> <span class='ocrx_word' id='word_1_170' title='bbox 1612 2148 1734 2205; x_wconf 81' lang='lat' dir='ltr'><strong>quae</strong></span> <span class='ocrx_word' id='word_1_171' title='bbox 1759 2132 1810 2188; x_wconf 90' lang='lat' dir='ltr'><strong>iu</strong></span> <span class='ocrx_word' id='word_1_172' title='bbox 1842 2131 1984 2189; x_wconf 69' lang='lat' dir='ltr'><strong>cmio</strong></span> <span class='ocrx_word' id='word_1_173' title='bbox 2014 2140 2152 2198; x_wconf 90' lang='lat' dir='ltr'><strong>erat,</strong></span> 
     </span>
    </p>
   </div>
   <div class='ocr_carea' id='block_1_23' title="bbox 545 2226 2152 2308">
    <p class='ocr_par' dir='ltr' id='par_1_23' title="bbox 545 2226 2152 2308">
     <span class='ocr_line' id='line_1_23' title="bbox 545 2226 2152 2308; baseline -0.01 -13"><span class='ocrx_word' id='word_1_174' title='bbox 545 2235 726 2308; x_wconf 85' lang='lat' dir='ltr'><strong>angeli</strong></span> <span class='ocrx_word' id='word_1_175' title='bbox 758 2252 771 2290; x_wconf 83' lang='lat'><strong>;</strong></span> <span class='ocrx_word' id='word_1_176' title='bbox 802 2247 900 2306; x_wconf 87' lang='lat' dir='ltr'><strong>per</strong></span> <span class='ocrx_word' id='word_1_177' title='bbox 931 2245 1052 2290; x_wconf 91' lang='lat' dir='ltr'><strong>eam</strong></span> <span class='ocrx_word' id='word_1_178' title='bbox 1080 2247 1211 2288; x_wconf 91' lang='lat' dir='ltr'><strong>vero</strong></span> <span class='ocrx_word' id='word_1_179' title='bbox 1233 2246 1354 2302; x_wconf 79' lang='lat' dir='ltr'><strong>quae</strong></span> <span class='ocrx_word' id='word_1_180' title='bbox 1381 2239 1498 2284; x_wconf 84' lang='lat' dir='ltr'><strong>erat</strong></span> <span class='ocrx_word' id='word_1_181' title='bbox 1545 2227 1598 2284; x_wconf 89' lang='lat' dir='ltr'><strong>in</strong></span> <span class='ocrx_word' id='word_1_182' title='bbox 1647 2237 1814 2294; x_wconf 85' lang='lat' dir='ltr'><strong>terra,</strong></span> <span class='ocrx_word' id='word_1_183' title='bbox 1859 2226 2106 2282; x_wconf 76' lang='lat' dir='ltr'><strong>homines</strong></span> <span class='ocrx_word' id='word_1_184' title='bbox 2139 2243 2152 2279; x_wconf 90' lang='lat'><strong>:</strong></span> 
     </span>
    </p>
   </div>
   <div class='ocr_carea' id='block_1_24' title="bbox 550 2320 2155 2403">
    <p class='ocr_par' dir='ltr' id='par_1_24' title="bbox 550 2320 2155 2403">
     <span class='ocr_line' id='line_1_24' title="bbox 550 2320 2155 2403; baseline -0.007 -17"><span class='ocrx_word' id='word_1_185' title='bbox 550 2343 650 2403; x_wconf 87' lang='lat' dir='ltr'><strong>per</strong></span> <span class='ocrx_word' id='word_1_186' title='bbox 673 2343 792 2386; x_wconf 89' lang='lat' dir='ltr'><strong>eam</strong></span> <span class='ocrx_word' id='word_1_187' title='bbox 822 2335 1006 2382; x_wconf 90' lang='lat' dir='ltr'><strong>autem</strong></span> <span class='ocrx_word' id='word_1_188' title='bbox 1055 2340 1176 2396; x_wconf 71' lang='lat' dir='ltr'><strong>qua:</strong></span> <span class='ocrx_word' id='word_1_189' title='bbox 1210 2331 1330 2378; x_wconf 88' lang='lat' dir='ltr'><strong>erat</strong></span> <span class='ocrx_word' id='word_1_190' title='bbox 1382 2321 1572 2376; x_wconf 78' lang='lat' dir='ltr'><strong>subtus</strong></span> <span class='ocrx_word' id='word_1_191' title='bbox 1607 2332 1827 2388; x_wconf 86' lang='lat' dir='ltr'><strong>terram,</strong></span> <span class='ocrx_word' id='word_1_192' title='bbox 1863 2320 1897 2376; x_wconf 92' lang='lat' dir='ltr'><strong>ii</strong></span> <span class='ocrx_word' id='word_1_193' title='bbox 1931 2321 2018 2389; x_wconf 88' lang='lat' dir='ltr'><strong>qui</strong></span> <span class='ocrx_word' id='word_1_194' title='bbox 2047 2320 2155 2392; x_wconf 81' lang='lat' dir='ltr'><strong>jam</strong></span> 
     </span>
    </p>
   </div>
   <div class='ocr_carea' id='block_1_25' title="bbox 553 2413 2159 2486">
    <p class='ocr_par' dir='ltr' id='par_1_25' title="bbox 553 2413 2159 2486">
     <span class='ocr_line' id='line_1_25' title="bbox 553 2413 2159 2486; baseline -0.006 -6"><span class='ocrx_word' id='word_1_195' title='bbox 553 2421 798 2480; x_wconf 85' lang='lat' dir='ltr'><strong>debitum</strong></span> <span class='ocrx_word' id='word_1_196' title='bbox 850 2419 1044 2474; x_wconf 90' lang='lat' dir='ltr'><strong>mortis</strong></span> <span class='ocrx_word' id='word_1_197' title='bbox 1098 2415 1400 2482; x_wconf 80' lang='lat' dir='ltr'><strong>solverant,</strong></span> <span class='ocrx_word' id='word_1_198' title='bbox 1448 2413 1820 2486; x_wconf 78' lang='lat' dir='ltr'><strong>designantur.</strong></span> <span class='ocrx_word' id='word_1_199' title='bbox 1853 2413 2005 2482; x_wconf 87' lang='lat' dir='ltr'><strong>Quod</strong></span> <span class='ocrx_word' id='word_1_200' title='bbox 2031 2428 2159 2470; x_wconf 82' lang='lat' dir='ltr'><strong>vero</strong></span> 
     </span>
    </p>
   </div>
   <div class='ocr_carea' id='block_1_26' title="bbox 553 2507 2160 2585">
    <p class='ocr_par' dir='ltr' id='par_1_26' title="bbox 553 2507 2160 2585">
     <span class='ocr_line' id='line_1_26' title="bbox 553 2507 2160 2585; baseline -0.006 -12"><span class='ocrx_word' id='word_1_201' title='bbox 553 2515 726 2573; x_wconf 88' lang='lat' dir='ltr'><strong>dicit:</strong></span> <span class='ocrx_word' id='word_1_202' title='bbox 759 2511 828 2568; x_wconf 84' lang='lat' dir='ltr'><strong>Et</strong></span> <span class='ocrx_word' id='word_1_203' title='bbox 859 2526 974 2585; x_wconf 65' lang='lat' dir='ltr'><strong>quia</strong></span> <span class='ocrx_word' id='word_1_204' title='bbox 1006 2520 1125 2566; x_wconf 88' lang='lat' dir='ltr'><strong>sunt</strong></span> <span class='ocrx_word' id='word_1_205' title='bbox 1150 2511 1204 2564; x_wconf 86' lang='lat' dir='ltr'><strong>in</strong></span> <span class='ocrx_word' id='word_1_206' title='bbox 1230 2508 1384 2576; x_wconf 81' lang='lat' dir='ltr'><strong>mari,</strong></span> <span class='ocrx_word' id='word_1_207' title='bbox 1431 2521 1600 2578; x_wconf 90' lang='lat' dir='ltr'><strong>aquas</strong></span> <span class='ocrx_word' id='word_1_208' title='bbox 1646 2509 1812 2563; x_wconf 87' lang='lat' dir='ltr'><strong>maris</strong></span> <span class='ocrx_word' id='word_1_209' title='bbox 1851 2507 2160 2578; x_wconf 86' lang='lat' dir='ltr'><strong>intelligere</strong></span> 
     </span>
    </p>
   </div>
   <div class='ocr_carea' id='block_1_27' title="bbox 551 2603 2158 2679">
    <p class='ocr_par' dir='ltr' id='par_1_27' title="bbox 551 2603 2158 2679">
     <span class='ocr_line' id='line_1_27' title="bbox 551 2603 2158 2679; baseline -0.006 -11"><span class='ocrx_word' id='word_1_210' title='bbox 551 2609 819 2668; x_wconf 90' lang='lat' dir='ltr'><strong>debemus</strong></span> <span class='ocrx_word' id='word_1_211' title='bbox 853 2626 868 2664; x_wconf 87' lang='lat'><strong>:</strong></span> <span class='ocrx_word' id='word_1_212' title='bbox 898 2622 994 2679; x_wconf 89' lang='lat' dir='ltr'><strong>per</strong></span> <span class='ocrx_word' id='word_1_213' title='bbox 1026 2621 1174 2661; x_wconf 87' lang='lat' dir='ltr'><strong>mare</strong></span> <span class='ocrx_word' id='word_1_214' title='bbox 1201 2615 1383 2660; x_wconf 90' lang='lat' dir='ltr'><strong>autem</strong></span> <span class='ocrx_word' id='word_1_215' title='bbox 1430 2603 1604 2658; x_wconf 88' lang='lat' dir='ltr'><strong>locum</strong></span> <span class='ocrx_word' id='word_1_216' title='bbox 1639 2604 1689 2657; x_wconf 90' lang='lat' dir='ltr'><strong>in</strong></span> <span class='ocrx_word' id='word_1_217' title='bbox 1723 2619 1826 2674; x_wconf 84' lang='lat' dir='ltr'><strong>quo</strong></span> <span class='ocrx_word' id='word_1_218' title='bbox 1854 2619 2007 2675; x_wconf 75' lang='lat' dir='ltr'><strong>aqua:</strong></span> <span class='ocrx_word' id='word_1_219' title='bbox 2031 2618 2158 2660; x_wconf 87' lang='lat' dir='ltr'><strong>con-</strong></span> 
     </span>
    </p>
   </div>
   <div class='ocr_carea' id='block_1_28' title="bbox 555 2691 2160 2768">
    <p class='ocr_par' dir='ltr' id='par_1_28' title="bbox 555 2691 2160 2768">
     <span class='ocr_line' id='line_1_28' title="bbox 555 2691 2160 2768; baseline -0.005 -9"><span class='ocrx_word' id='word_1_220' title='bbox 555 2705 818 2760; x_wconf 87' lang='lat' dir='ltr'><strong>tinentur.</strong></span> <span class='ocrx_word' id='word_1_221' title='bbox 853 2697 1010 2768; x_wconf 76' lang='lat' dir='ltr'><strong>Quod</strong></span> <span class='ocrx_word' id='word_1_222' title='bbox 1035 2712 1164 2754; x_wconf 81' lang='lat' dir='ltr'><strong>vero</strong></span> <span class='ocrx_word' id='word_1_223' title='bbox 1197 2695 1474 2767; x_wconf 66' lang='lat' dir='ltr'><strong>subiungit</strong></span> <span class='ocrx_word' id='word_1_224' title='bbox 1504 2713 1517 2751; x_wconf 86' lang='lat'><strong>:</strong></span> <span class='ocrx_word' id='word_1_225' title='bbox 1549 2691 1616 2748; x_wconf 84' lang='lat' dir='ltr'><strong>Et</strong></span> <span class='ocrx_word' id='word_1_226' title='bbox 1643 2712 1758 2765; x_wconf 80' lang='lat' dir='ltr'><strong>qua:</strong></span> <span class='ocrx_word' id='word_1_227' title='bbox 1800 2695 1854 2752; x_wconf 87' lang='lat' dir='ltr'><strong>in</strong></span> <span class='ocrx_word' id='word_1_228' title='bbox 1883 2714 1940 2751; x_wconf 91' lang='lat' dir='ltr'><strong>eo</strong></span> <span class='ocrx_word' id='word_1_229' title='bbox 1979 2707 2097 2752; x_wconf 86' lang='lat' dir='ltr'><strong>sunt</strong></span> <span class='ocrx_word' id='word_1_230' title='bbox 2139 2713 2160 2763; x_wconf 69' lang='grc' dir='ltr'><em>ε</em></span> 
     </span>
    </p>
   </div>
   <div class='ocr_carea' id='block_1_29' title="bbox 559 2787 2156 2868">
    <p class='ocr_par' dir='ltr' id='par_1_29' title="bbox 559 2787 2156 2868">
     <span class='ocr_line' id='line_1_29' title="bbox 559 2787 2156 2868; baseline -0.004 -16"><span class='ocrx_word' id='word_1_231' title='bbox 559 2797 737 2868; x_wconf 89' lang='lat' dir='ltr'><strong>pisces</strong></span> <span class='ocrx_word' id='word_1_232' title='bbox 763 2793 858 2865; x_wconf 90' lang='lat' dir='ltr'><strong>qui</strong></span> <span class='ocrx_word' id='word_1_233' title='bbox 889 2795 942 2849; x_wconf 91' lang='lat' dir='ltr'><strong>in</strong></span> <span class='ocrx_word' id='word_1_234' title='bbox 972 2791 1127 2862; x_wconf 89' lang='lat' dir='ltr'><strong>aquis</strong></span> <span class='ocrx_word' id='word_1_235' title='bbox 1183 2787 1813 2861; x_wconf 88' lang='lat' dir='ltr'><strong>morantur,intel|igere</strong></span> <span class='ocrx_word' id='word_1_236' title='bbox 1844 2806 2156 2862; x_wconf 88' lang='lat' dir='ltr'><strong>possumus.</strong></span> 
     </span>
    </p>
   </div>
   <div class='ocr_carea' id='block_1_30' title="bbox 560 2882 2166 2959">
    <p class='ocr_par' dir='ltr' id='par_1_30' title="bbox 560 2882 2166 2959">
     <span class='ocr_line' id='line_1_30' title="bbox 560 2882 2166 2959; baseline -0.006 -11"><span class='ocrx_word' id='word_1_237' title='bbox 560 2889 668 2950; x_wconf 88' lang='lat' dir='ltr'><strong>Sed</strong></span> <span class='ocrx_word' id='word_1_238' title='bbox 701 2886 748 2944; x_wconf 89' lang='lat' dir='ltr'><strong>si</strong></span> <span class='ocrx_word' id='word_1_239' title='bbox 778 2903 873 2959; x_wconf 89' lang='lat' dir='ltr'><strong>per</strong></span> <span class='ocrx_word' id='word_1_240' title='bbox 898 2900 1114 2942; x_wconf 86' lang='lat' dir='ltr'><strong>omnem</strong></span> <span class='ocrx_word' id='word_1_241' title='bbox 1153 2893 1484 2950; x_wconf 86' lang='lat' dir='ltr'><strong>creaturam,</strong></span> <span class='ocrx_word' id='word_1_242' title='bbox 1516 2898 1634 2954; x_wconf 63' lang='lat' dir='ltr'><strong>quae</strong></span> <span class='ocrx_word' id='word_1_243' title='bbox 1663 2882 1715 2938; x_wconf 92' lang='lat' dir='ltr'><strong>in</strong></span> <span class='ocrx_word' id='word_1_244' title='bbox 1750 2894 1888 2939; x_wconf 88' lang='lat' dir='ltr'><strong>terra</strong></span> <span class='ocrx_word' id='word_1_245' title='bbox 1921 2892 2026 2952; x_wconf 72' lang='lat' dir='ltr'><strong>est,</strong></span> <span class='ocrx_word' id='word_1_246' title='bbox 2051 2899 2166 2940; x_wconf 84' lang='lat' dir='ltr'><strong>om-</strong></span> 
     </span>
    </p>
   </div>
   <div class='ocr_carea' id='block_1_31' title="bbox 559 2976 2165 3048">
    <p class='ocr_par' dir='ltr' id='par_1_31' title="bbox 559 2976 2165 3048">
     <span class='ocr_line' id='line_1_31' title="bbox 559 2976 2165 3048; baseline -0.004 -8"><span class='ocrx_word' id='word_1_247' title='bbox 559 2997 658 3040; x_wconf 85' lang='lat' dir='ltr'><strong>nes</strong></span> <span class='ocrx_word' id='word_1_248' title='bbox 682 2981 932 3037; x_wconf 88' lang='lat' dir='ltr'><strong>homines</strong></span> <span class='ocrx_word' id='word_1_249' title='bbox 965 2977 1270 3048; x_wconf 75' lang='lat' dir='ltr'><strong>intelligere</strong></span> <span class='ocrx_word' id='word_1_250' title='bbox 1329 2991 1649 3046; x_wconf 84' lang='lat' dir='ltr'><strong>possumus;</strong></span> <span class='ocrx_word' id='word_1_251' title='bbox 1674 2976 1950 3047; x_wconf 90' lang='lat' dir='ltr'><strong>quomodo</strong></span> <span class='ocrx_word' id='word_1_252' title='bbox 1976 2992 2165 3034; x_wconf 83' lang='lat' dir='ltr'><strong>ontucs</strong></span> 
     </span>
    </p>
   </div>
   <div class='ocr_carea' id='block_1_32' title="bbox 559 3068 2164 3140">
    <p class='ocr_par' dir='ltr' id='par_1_32' title="bbox 559 3068 2164 3140">
     <span class='ocr_line' id='line_1_32' title="bbox 559 3068 2164 3140; baseline -0.006 -7"><span class='ocrx_word' id='word_1_253' title='bbox 559 3076 812 3132; x_wconf 87' lang='lat' dir='ltr'><strong>homines</strong></span> <span class='ocrx_word' id='word_1_254' title='bbox 860 3073 1031 3130; x_wconf 90' lang='lat' dir='ltr'><strong>Deum</strong></span> <span class='ocrx_word' id='word_1_255' title='bbox 1075 3069 1315 3137; x_wconf 87' lang='lat' dir='ltr'><strong>laudant,</strong></span> <span class='ocrx_word' id='word_1_256' title='bbox 1351 3085 1475 3125; x_wconf 88' lang='lat' dir='ltr'><strong>eum</strong></span> <span class='ocrx_word' id='word_1_257' title='bbox 1501 3072 1689 3140; x_wconf 81' lang='lat' dir='ltr'><strong>pagani</strong></span> <span class='ocrx_word' id='word_1_258' title='bbox 1713 3079 1767 3126; x_wconf 91' lang='lat' dir='ltr'><strong>et</strong></span> <span class='ocrx_word' id='word_1_259' title='bbox 1796 3068 1970 3125; x_wconf 68' lang='lat' dir='ltr'><strong>Judaei</strong></span> <span class='ocrx_word' id='word_1_260' title='bbox 2015 3069 2164 3124; x_wconf 91' lang='lat' dir='ltr'><strong>hias-</strong></span> 
     </span>
    </p>
   </div>
   <div class='ocr_carea' id='block_1_33' title="bbox 2230 449 3806 522">
    <p class='ocr_par' dir='ltr' id='par_1_33' title="bbox 2230 449 3806 522">
     <span class='ocr_line' id='line_1_33' title="bbox 2230 449 3806 522; baseline -0.001 -16"><span class='ocrx_word' id='word_1_261' title='bbox 2230 459 2351 506; x_wconf 93' lang='lat' dir='ltr'><strong>tuor</strong></span> <span class='ocrx_word' id='word_1_262' title='bbox 2372 451 2628 507; x_wconf 88' lang='lat' dir='ltr'><strong>animalia</strong></span> <span class='ocrx_word' id='word_1_263' title='bbox 2649 470 2661 506; x_wconf 88' lang='lat'><strong>:</strong></span> <span class='ocrx_word' id='word_1_264' title='bbox 2681 451 2927 509; x_wconf 81' lang='lat' dir='ltr'><strong>seniores</strong></span> <span class='ocrx_word' id='word_1_265' title='bbox 2956 466 3085 522; x_wconf 82' lang='lat' dir='ltr'><strong>ergo</strong></span> <span class='ocrx_word' id='word_1_266' title='bbox 3111 450 3308 506; x_wconf 86' lang='lat' dir='ltr'><strong>cadunt</strong></span> <span class='ocrx_word' id='word_1_267' title='bbox 3339 458 3394 504; x_wconf 91' lang='lat' dir='ltr'><strong>et</strong></span> <span class='ocrx_word' id='word_1_268' title='bbox 3421 449 3670 515; x_wconf 81' lang='lat' dir='ltr'><strong>adorant,</strong></span> <span class='ocrx_word' id='word_1_269' title='bbox 3696 462 3806 505; x_wconf 81' lang='lat' dir='ltr'><strong>cum</strong></span> 
     </span>
    </p>
   </div>
   <div class='ocr_carea' id='block_1_34' title="bbox 2231 541 3808 616">
    <p class='ocr_par' dir='ltr' id='par_1_34' title="bbox 2231 541 3808 616">
     <span class='ocr_line' id='line_1_34' title="bbox 2231 541 3808 616; baseline -0.001 -16"><span class='ocrx_word' id='word_1_270' title='bbox 2231 544 2617 614; x_wconf 58' lang='lat' dir='ltr'><strong>praedicatores</strong></span> <span class='ocrx_word' id='word_1_271' title='bbox 2645 546 2842 611; x_wconf 90' lang='lat' dir='ltr'><strong>sancti,</strong></span> <span class='ocrx_word' id='word_1_272' title='bbox 2865 549 3071 616; x_wconf 84' lang='lat' dir='ltr'><strong>quanto</strong></span> <span class='ocrx_word' id='word_1_273' title='bbox 3113 542 3350 612; x_wconf 82' lang='lat' dir='ltr'><strong>amplius</strong></span> <span class='ocrx_word' id='word_1_274' title='bbox 3378 541 3656 598; x_wconf 81' lang='lat' dir='ltr'><strong>auditores</strong></span> <span class='ocrx_word' id='word_1_275' title='bbox 3694 557 3808 599; x_wconf 86' lang='lat' dir='ltr'><strong>suos</strong></span> 
     </span>
    </p>
   </div>
   <div class='ocr_carea' id='block_1_35' title="bbox 2233 635 3809 708">
    <p class='ocr_par' dir='ltr' id='par_1_35' title="bbox 2233 635 3809 708">
     <span class='ocr_line' id='line_1_35' title="bbox 2233 635 3809 708; baseline -0.001 -17"><span class='ocrx_word' id='word_1_276' title='bbox 2233 636 2414 693; x_wconf 90' lang='lat' dir='ltr'><strong>vident</strong></span> <span class='ocrx_word' id='word_1_277' title='bbox 2445 638 2497 692; x_wconf 91' lang='lat' dir='ltr'><strong>in</strong></span> <span class='ocrx_word' id='word_1_278' title='bbox 2524 637 2680 694; x_wconf 89' lang='lat' dir='ltr'><strong>bonis</strong></span> <span class='ocrx_word' id='word_1_279' title='bbox 2702 637 2958 708; x_wconf 87' lang='lat' dir='ltr'><strong>operibus</strong></span> <span class='ocrx_word' id='word_1_280' title='bbox 2973 636 3292 708; x_wconf 81' lang='lat' dir='ltr'><strong>profecisse,</strong></span> <span class='ocrx_word' id='word_1_281' title='bbox 3313 637 3646 704; x_wconf 80' lang='lat' dir='ltr'><strong>tantomagis</strong></span> <span class='ocrx_word' id='word_1_282' title='bbox 3657 650 3711 692; x_wconf 84' lang='lat' dir='ltr'><strong>se</strong></span> <span class='ocrx_word' id='word_1_283' title='bbox 3724 635 3809 690; x_wconf 79' lang='lat' dir='ltr'><strong>hu-</strong></span> 
     </span>
    </p>
   </div>
   <div class='ocr_carea' id='block_1_36' title="bbox 2234 728 3814 802">
    <p class='ocr_par' dir='ltr' id='par_1_36' title="bbox 2234 728 3814 802">
     <span class='ocr_line' id='line_1_36' title="bbox 2234 728 3814 802; baseline 0 -16"><span class='ocrx_word' id='word_1_284' title='bbox 2234 730 2509 787; x_wconf 87' lang='lat' dir='ltr'><strong>miliantin</strong></span> <span class='ocrx_word' id='word_1_285' title='bbox 2533 740 2827 802; x_wconf 89' lang='lat' dir='ltr'><strong>conspectu</strong></span> <span class='ocrx_word' id='word_1_286' title='bbox 2847 732 2958 796; x_wconf 89' lang='lat' dir='ltr'><strong>Dei,</strong></span> <span class='ocrx_word' id='word_1_287' title='bbox 2975 733 3116 788; x_wconf 85' lang='lat' dir='ltr'><strong>sicut</strong></span> <span class='ocrx_word' id='word_1_288' title='bbox 3149 729 3278 786; x_wconf 87' lang='lat' dir='ltr'><strong>dicit</strong></span> <span class='ocrx_word' id='word_1_289' title='bbox 3297 729 3608 798; x_wconf 84' lang='lat' dir='ltr'><strong>Scriptura:</strong></span> <span class='ocrx_word' id='word_1_290' title='bbox 3627 728 3814 796; x_wconf 70' lang='lat' dir='ltr'><strong>Quanto</strong></span> 
     </span>
    </p>
   </div>
   <div class='ocr_carea' id='block_1_37' title="bbox 2236 821 3814 896">
    <p class='ocr_par' dir='ltr' id='par_1_37' title="bbox 2236 821 3814 896">
     <span class='ocr_line' id='line_1_37' title="bbox 2236 821 3814 896; baseline -0.001 -19"><span class='ocrx_word' id='word_1_291' title='bbox 2236 841 2450 896; x_wconf 78' lang='lat' dir='ltr'><strong>magnus</strong></span> <span class='ocrx_word' id='word_1_292' title='bbox 2479 841 2552 891; x_wconf 84' lang='lat' dir='ltr'><strong>es,</strong></span> <span class='ocrx_word' id='word_1_293' title='bbox 2586 825 2806 880; x_wconf 76' lang='lat' dir='ltr'><strong>humilia</strong></span> <span class='ocrx_word' id='word_1_294' title='bbox 2827 834 2876 881; x_wconf 86' lang='lat' dir='ltr'><strong>te</strong></span> <span class='ocrx_word' id='word_1_295' title='bbox 2903 825 2960 880; x_wconf 84' lang='lat' dir='ltr'><strong>in</strong></span> <span class='ocrx_word' id='word_1_296' title='bbox 2992 824 3257 889; x_wconf 76' lang='lat' dir='ltr'><strong>omnibus,</strong></span> <span class='ocrx_word' id='word_1_297' title='bbox 3308 829 3356 877; x_wconf 84' lang='lat' dir='ltr'><strong>et</strong></span> <span class='ocrx_word' id='word_1_298' title='bbox 3386 835 3564 878; x_wconf 70' lang='lat' dir='ltr'><strong>eorum</strong></span> <span class='ocrx_word' id='word_1_299' title='bbox 3613 821 3718 877; x_wconf 79' lang='lat' dir='ltr'><strong>Deo</strong></span> <span class='ocrx_word' id='word_1_300' title='bbox 3742 824 3814 876; x_wconf 83' lang='lat' dir='ltr'><strong>in-</strong></span> 
     </span>
    </p>
   </div>
   <div class='ocr_carea' id='block_1_38' title="bbox 2238 915 3814 991">
    <p class='ocr_par' dir='ltr' id='par_1_38' title="bbox 2238 915 3814 991">
     <span class='ocr_line' id='line_1_38' title="bbox 2238 915 3814 991; baseline 0 -19"><span class='ocrx_word' id='word_1_301' title='bbox 2238 918 2410 974; x_wconf 79' lang='lat' dir='ltr'><strong>venies</strong></span> <span class='ocrx_word' id='word_1_302' title='bbox 2458 919 2681 990; x_wconf 82' lang='lat' dir='ltr'><strong>gratiam</strong></span> <span class='ocrx_word' id='word_1_303' title='bbox 2717 915 2920 991; x_wconf 81' lang='lat' dir='ltr'><strong>(Eccle.</strong></span> <span class='ocrx_word' id='word_1_304' title='bbox 2953 934 3034 982; x_wconf 80' lang='grc' dir='ltr'>ιιι,</span> <span class='ocrx_word' id='word_1_305' title='bbox 3066 917 3184 991; x_wconf 64' lang='grc'><strong>90).</strong></span> <span class='ocrx_word' id='word_1_306' title='bbox 3217 918 3479 988; x_wconf 84' lang='lat' dir='ltr'><strong>Sequitur</strong></span> <span class='ocrx_word' id='word_1_307' title='bbox 3529 916 3814 988; x_wconf 81' lang='lat' dir='ltr'><strong>sigillorum</strong></span> 
     </span>
    </p>
   </div>
   <div class='ocr_carea' id='block_1_39' title="bbox 2240 1011 3813 1084">
    <p class='ocr_par' dir='ltr' id='par_1_39' title="bbox 2240 1011 3813 1084">
     <span class='ocr_line' id='line_1_39' title="bbox 2240 1011 3813 1084; baseline 0.001 -19"><span class='ocrx_word' id='word_1_308' title='bbox 2240 1011 2480 1082; x_wconf 89' lang='lat' dir='ltr'><strong>apertio,</strong></span> <span class='ocrx_word' id='word_1_309' title='bbox 2528 1029 2650 1082; x_wconf 68' lang='lat' dir='ltr'><strong>quae</strong></span> <span class='ocrx_word' id='word_1_310' title='bbox 2697 1013 2920 1069; x_wconf 86' lang='lat' dir='ltr'><strong>nonnisi</strong></span> <span class='ocrx_word' id='word_1_311' title='bbox 2969 1014 2996 1042; x_wconf 65' lang='grc' dir='ltr'><strong>α</strong></span> <span class='ocrx_word' id='word_1_312' title='bbox 3038 1013 3104 1068; x_wconf 83' lang='lat' dir='ltr'><strong>ad</strong></span> <span class='ocrx_word' id='word_1_313' title='bbox 3151 1013 3489 1084; x_wconf 81' lang='lat' dir='ltr'><strong>apertionem</strong></span> <span class='ocrx_word' id='word_1_314' title='bbox 3529 1011 3813 1068; x_wconf 77' lang='lat' dir='ltr'><strong>divinarum</strong></span> 
     </span>
    </p>
   </div>
   <div class='ocr_carea' id='block_1_40' title="bbox 2243 1107 3817 1178">
    <p class='ocr_par' dir='ltr' id='par_1_40' title="bbox 2243 1107 3817 1178">
     <span class='ocr_line' id='line_1_40' title="bbox 2243 1107 3817 1178; baseline -0.003 -14"><span class='ocrx_word' id='word_1_315' title='bbox 2243 1107 2645 1178; x_wconf 80' lang='lat' dir='ltr'><strong>Scripturarum</strong></span> <span class='ocrx_word' id='word_1_316' title='bbox 2668 1108 2942 1178; x_wconf 87' lang='lat' dir='ltr'><strong>pertinere</strong></span> <span class='ocrx_word' id='word_1_317' title='bbox 2957 1107 3231 1164; x_wconf 90' lang='lat' dir='ltr'><strong>credenda</strong></span> <span class='ocrx_word' id='word_1_318' title='bbox 3255 1117 3358 1164; x_wconf 84' lang='lat' dir='ltr'><strong>est.</strong></span> <span class='ocrx_word' id='word_1_319' title='bbox 3383 1107 3516 1162; x_wconf 78' lang='lat' dir='ltr'><strong>Nam</strong></span> <span class='ocrx_word' id='word_1_320' title='bbox 3549 1115 3605 1162; x_wconf 88' lang='lat' dir='ltr'><strong>et</strong></span> <span class='ocrx_word' id='word_1_321' title='bbox 3625 1121 3687 1162; x_wconf 83' lang='lat' dir='ltr'><strong>ea</strong></span> <span class='ocrx_word' id='word_1_322' title='bbox 3713 1121 3817 1176; x_wconf 77' lang='lat' dir='ltr'><strong>qua:</strong></span> 
     </span>
    </p>
   </div>
   <div class='ocr_carea' id='block_1_41' title="bbox 2243 1199 3818 1273">
    <p class='ocr_par' dir='ltr' id='par_1_41' title="bbox 2243 1199 3818 1273">
     <span class='ocr_line' id='line_1_41' title="bbox 2243 1199 3818 1273; baseline -0.001 -16"><span class='ocrx_word' id='word_1_323' title='bbox 2243 1201 2344 1257; x_wconf 90' lang='lat' dir='ltr'><strong>sub</strong></span> <span class='ocrx_word' id='word_1_324' title='bbox 2374 1203 2677 1273; x_wconf 86' lang='lat' dir='ltr'><strong>sigillorum</strong></span> <span class='ocrx_word' id='word_1_325' title='bbox 2727 1202 3106 1273; x_wconf 88' lang='lat' dir='ltr'><strong>apertionibus</strong></span> <span class='ocrx_word' id='word_1_326' title='bbox 3141 1201 3282 1257; x_wconf 79' lang='lat' dir='ltr'><strong>facta</strong></span> <span class='ocrx_word' id='word_1_327' title='bbox 3304 1216 3426 1257; x_wconf 88' lang='lat' dir='ltr'><strong>esse</strong></span> <span class='ocrx_word' id='word_1_328' title='bbox 3447 1201 3724 1266; x_wconf 89' lang='lat' dir='ltr'><strong>dicuntur,</strong></span> <span class='ocrx_word' id='word_1_329' title='bbox 3763 1199 3818 1255; x_wconf 84' lang='lat' dir='ltr'><strong>ad</strong></span> 
     </span>
    </p>
   </div>
   <div class='ocr_carea' id='block_1_42' title="bbox 2243 1293 3818 1366">
    <p class='ocr_par' dir='ltr' id='par_1_42' title="bbox 2243 1293 3818 1366">
     <span class='ocr_line' id='line_1_42' title="bbox 2243 1293 3818 1366; baseline -0.003 -16"><span class='ocrx_word' id='word_1_330' title='bbox 2243 1295 2582 1366; x_wconf 89' lang='lat' dir='ltr'><strong>apertionem</strong></span> <span class='ocrx_word' id='word_1_331' title='bbox 2611 1296 2814 1351; x_wconf 81' lang='lat' dir='ltr'><strong>veteris</strong></span> <span class='ocrx_word' id='word_1_332' title='bbox 2843 1309 2906 1352; x_wconf 89' lang='lat' dir='ltr'><strong>ac</strong></span> <span class='ocrx_word' id='word_1_333' title='bbox 2953 1296 3079 1350; x_wconf 86' lang='lat' dir='ltr'><strong>novi</strong></span> <span class='ocrx_word' id='word_1_334' title='bbox 3134 1295 3473 1350; x_wconf 86' lang='lat' dir='ltr'><strong>Testamenti</strong></span> <span class='ocrx_word' id='word_1_335' title='bbox 3521 1293 3818 1365; x_wconf 84' lang='lat' dir='ltr'><strong>pertinent:</strong></span> 
     </span>
    </p>
   </div>
   <div class='ocr_carea' id='block_1_43' title="bbox 2245 1386 3820 1457">
    <p class='ocr_par' dir='ltr' id='par_1_43' title="bbox 2245 1386 3820 1457">
     <span class='ocr_line' id='line_1_43' title="bbox 2245 1386 3820 1457; baseline -0.001 -15"><span class='ocrx_word' id='word_1_336' title='bbox 2245 1395 2300 1442; x_wconf 90' lang='lat' dir='ltr'><strong>et</strong></span> <span class='ocrx_word' id='word_1_337' title='bbox 2328 1387 2468 1443; x_wconf 87' lang='lat' dir='ltr'><strong>sicut</strong></span> <span class='ocrx_word' id='word_1_338' title='bbox 2493 1401 2657 1443; x_wconf 89' lang='lat' dir='ltr'><strong>omne</strong></span> <span class='ocrx_word' id='word_1_339' title='bbox 2682 1402 2883 1457; x_wconf 90' lang='lat' dir='ltr'><strong>corpus</strong></span> <span class='ocrx_word' id='word_1_340' title='bbox 2907 1388 3208 1444; x_wconf 89' lang='lat' dir='ltr'><strong>electorum</strong></span> <span class='ocrx_word' id='word_1_341' title='bbox 3249 1402 3319 1443; x_wconf 74' lang='lat' dir='ltr'><strong>ex</strong></span> <span class='ocrx_word' id='word_1_342' title='bbox 3347 1396 3562 1457; x_wconf 77' lang='lat' dir='ltr'><strong>septem</strong></span> <span class='ocrx_word' id='word_1_343' title='bbox 3593 1386 3820 1456; x_wconf 84' lang='lat' dir='ltr'><strong>partibus</strong></span> 
     </span>
    </p>
   </div>
   <div class='ocr_carea' id='block_1_44' title="bbox 2245 1479 3825 1552">
    <p class='ocr_par' dir='ltr' id='par_1_44' title="bbox 2245 1479 3825 1552">
     <span class='ocr_line' id='line_1_44' title="bbox 2245 1479 3825 1552; baseline -0.001 -16"><span class='ocrx_word' id='word_1_344' title='bbox 2245 1481 2522 1549; x_wconf 76' lang='lat' dir='ltr'><strong>consistit,</strong></span> <span class='ocrx_word' id='word_1_345' title='bbox 2557 1481 2630 1536; x_wconf 87' lang='lat' dir='ltr'><strong>ita</strong></span> <span class='ocrx_word' id='word_1_346' title='bbox 2661 1490 2868 1538; x_wconf 89' lang='lat' dir='ltr'><strong>suntet</strong></span> <span class='ocrx_word' id='word_1_347' title='bbox 2899 1491 3108 1551; x_wconf 85' lang='lat' dir='ltr'><strong>septem</strong></span> <span class='ocrx_word' id='word_1_348' title='bbox 3150 1481 3350 1552; x_wconf 79' lang='lat' dir='ltr'><strong>sigilla,</strong></span> <span class='ocrx_word' id='word_1_349' title='bbox 3393 1496 3516 1551; x_wconf 72' lang='lat' dir='ltr'><strong>qua:</strong></span> <span class='ocrx_word' id='word_1_350' title='bbox 3547 1479 3825 1550; x_wconf 82' lang='lat' dir='ltr'><strong>unicuique</strong></span> 
     </span>
    </p>
   </div>
   <div class='ocr_carea' id='block_1_45' title="bbox 2248 1571 3827 1644">
    <p class='ocr_par' dir='ltr' id='par_1_45' title="bbox 2248 1571 3827 1644">
     <span class='ocr_line' id='line_1_45' title="bbox 2248 1571 3827 1644; baseline -0.001 -17"><span class='ocrx_word' id='word_1_351' title='bbox 2248 1573 2388 1642; x_wconf 88' lang='lat' dir='ltr'><strong>parti</strong></span> <span class='ocrx_word' id='word_1_352' title='bbox 2418 1576 2770 1642; x_wconf 87' lang='lat' dir='ltr'><strong>conveniunt,</strong></span> <span class='ocrx_word' id='word_1_353' title='bbox 2831 1571 2898 1629; x_wconf 89' lang='lat' dir='ltr'><strong>ad</strong></span> <span class='ocrx_word' id='word_1_354' title='bbox 2923 1572 3356 1629; x_wconf 79' lang='lat' dir='ltr'><strong>demonstranda</strong></span> <span class='ocrx_word' id='word_1_355' title='bbox 3401 1587 3464 1628; x_wconf 81' lang='lat' dir='ltr'><strong>ea</strong></span> <span class='ocrx_word' id='word_1_356' title='bbox 3495 1587 3620 1644; x_wconf 64' lang='lat' dir='ltr'><strong>qua</strong></span> <span class='ocrx_word' id='word_1_357' title='bbox 3667 1571 3718 1626; x_wconf 86' lang='lat' dir='ltr'><strong>in</strong></span> <span class='ocrx_word' id='word_1_358' title='bbox 3758 1571 3827 1626; x_wconf 83' lang='lat' dir='ltr'><strong>di-</strong></span> 
     </span>
    </p>
   </div>
   <div class='ocr_carea' id='block_1_46' title="bbox 2249 1649 3832 1738">
    <p class='ocr_par' dir='ltr' id='par_1_46' title="bbox 2249 1649 3832 1738">
     <span class='ocr_line' id='line_1_46' title="bbox 2249 1649 3832 1738; baseline 0.001 -18"><span class='ocrx_word' id='word_1_359' title='bbox 2249 1667 2388 1721; x_wconf 90' lang='lat' dir='ltr'><strong>vinis</strong></span> <span class='ocrx_word' id='word_1_360' title='bbox 2419 1665 2722 1738; x_wconf 87' lang='lat' dir='ltr'><strong>Scripturis</strong></span> <span class='ocrx_word' id='word_1_361' title='bbox 2751 1666 2984 1724; x_wconf 87' lang='lat' dir='ltr'><strong>obscure</strong></span> <span class='ocrx_word' id='word_1_362' title='bbox 3033 1669 3206 1737; x_wconf 84' lang='lat' dir='ltr'><strong>posita</strong></span> <span class='ocrx_word' id='word_1_363' title='bbox 3239 1675 3388 1733; x_wconf 89' lang='lat' dir='ltr'><strong>sunt,</strong></span> <span class='ocrx_word' id='word_1_364' title='bbox 3418 1666 3505 1722; x_wconf 86' lang='lat' dir='ltr'><strong>vel</strong></span> <span class='ocrx_word' id='word_1_365' title='bbox 3533 1666 3666 1738; x_wconf 81' lang='lat' dir='ltr'><strong>quid</strong></span> <span class='ocrx_word' id='word_1_366' title='bbox 3693 1649 3832 1723; x_wconf 80' lang='lat' dir='ltr'><strong>saue-</strong></span> 
     </span>
    </p>
   </div>
   <div class='ocr_carea' id='block_1_47' title="bbox 2163 1759 3824 1833">
    <p class='ocr_par' dir='ltr' id='par_1_47' title="bbox 2163 1759 3824 1833">
     <span class='ocr_line' id='line_1_47' title="bbox 2163 1759 3824 1833; baseline 0.001 -19"><span class='ocrx_word' id='word_1_367' title='bbox 2163 1762 2214 1824; x_wconf 82' lang='lat' dir='ltr'><strong>B</strong></span> <span class='ocrx_word' id='word_1_368' title='bbox 2240 1767 2416 1816; x_wconf 90' lang='lat' dir='ltr'><strong>torum</strong></span> <span class='ocrx_word' id='word_1_369' title='bbox 2439 1770 2649 1831; x_wconf 88' lang='lat' dir='ltr'><strong>patrum</strong></span> <span class='ocrx_word' id='word_1_370' title='bbox 2683 1759 2822 1816; x_wconf 78' lang='lat' dir='ltr'><strong>facta</strong></span> <span class='ocrx_word' id='word_1_371' title='bbox 2853 1761 3182 1833; x_wconf 79' lang='lat' dir='ltr'><strong>signiﬁcent.</strong></span> <span class='ocrx_word' id='word_1_372' title='bbox 3207 1760 3436 1831; x_wconf 76' lang='lat' dir='ltr'><strong>Apertio</strong></span> <span class='ocrx_word' id='word_1_373' title='bbox 3466 1761 3634 1832; x_wconf 80' lang='lat' dir='ltr'><strong>igitur</strong></span> <span class='ocrx_word' id='word_1_374' title='bbox 3681 1759 3824 1832; x_wconf 83' lang='lat' dir='ltr'><strong>primi</strong></span> 
     </span>
    </p>
   </div>
   <div class='ocr_carea' id='block_1_48' title="bbox 2252 1853 3832 1927">
    <p class='ocr_par' dir='ltr' id='par_1_48' title="bbox 2252 1853 3832 1927">
     <span class='ocr_line' id='line_1_48' title="bbox 2252 1853 3832 1927; baseline 0.001 -19"><span class='ocrx_word' id='word_1_375' title='bbox 2252 1854 2412 1925; x_wconf 78' lang='lat' dir='ltr'><strong>sigilli</strong></span> <span class='ocrx_word' id='word_1_376' title='bbox 2465 1854 2534 1910; x_wconf 92' lang='lat' dir='ltr'><strong>ad</strong></span> <span class='ocrx_word' id='word_1_377' title='bbox 2557 1869 2620 1911; x_wconf 90' lang='lat' dir='ltr'><strong>ea</strong></span> <span class='ocrx_word' id='word_1_378' title='bbox 2667 1871 2788 1926; x_wconf 73' lang='lat' dir='ltr'><strong>quae</strong></span> <span class='ocrx_word' id='word_1_379' title='bbox 2834 1863 2962 1911; x_wconf 90' lang='lat' dir='ltr'><strong>ante</strong></span> <span class='ocrx_word' id='word_1_380' title='bbox 3019 1856 3286 1911; x_wconf 78' lang='lat' dir='ltr'><strong>diluvium</strong></span> <span class='ocrx_word' id='word_1_381' title='bbox 3324 1853 3466 1910; x_wconf 78' lang='lat' dir='ltr'><strong>facta</strong></span> <span class='ocrx_word' id='word_1_382' title='bbox 3517 1862 3670 1921; x_wconf 87' lang='lat' dir='ltr'><strong>sunt,</strong></span> <span class='ocrx_word' id='word_1_383' title='bbox 3720 1868 3832 1927; x_wconf 46' lang='lat' dir='ltr'><strong>pars</strong></span> 
     </span>
    </p>
   </div>
   <div class='ocr_carea' id='block_1_49' title="bbox 2257 1947 3836 2020">
    <p class='ocr_par' dir='ltr' id='par_1_49' title="bbox 2257 1947 3836 2020">
     <span class='ocr_line' id='line_1_49' title="bbox 2257 1947 3836 2020; baseline 0 -18"><span class='ocrx_word' id='word_1_384' title='bbox 2257 1949 2397 2004; x_wconf 86' lang='lat' dir='ltr'><strong>tinet</strong></span> <span class='ocrx_word' id='word_1_385' title='bbox 2426 1967 2438 2001; x_wconf 89' lang='lat'><strong>:</strong></span> <span class='ocrx_word' id='word_1_386' title='bbox 2473 1949 2773 2006; x_wconf 86' lang='lat' dir='ltr'><strong>secundum</strong></span> <span class='ocrx_word' id='word_1_387' title='bbox 2804 1963 2938 2006; x_wconf 87' lang='lat' dir='ltr'><strong>vero</strong></span> <span class='ocrx_word' id='word_1_388' title='bbox 2959 1948 3199 2020; x_wconf 86' lang='lat' dir='ltr'><strong>sigillum</strong></span> <span class='ocrx_word' id='word_1_389' title='bbox 3231 1949 3298 2003; x_wconf 83' lang='lat' dir='ltr'><strong>ad</strong></span> <span class='ocrx_word' id='word_1_390' title='bbox 3327 1947 3674 2019; x_wconf 78' lang='lat' dir='ltr'><strong>patriarchas</strong></span> <span class='ocrx_word' id='word_1_391' title='bbox 3701 1965 3714 2003; x_wconf 89' lang='lat'>:</span> <span class='ocrx_word' id='word_1_392' title='bbox 3743 1958 3836 2003; x_wconf 83' lang='lat' dir='ltr'><strong>ter-</strong></span> 
     </span>
    </p>
   </div>
   <div class='ocr_carea' id='block_1_50' title="bbox 2256 2039 3836 2112">
    <p class='ocr_par' dir='ltr' id='par_1_50' title="bbox 2256 2039 3836 2112">
     <span class='ocr_line' id='line_1_50' title="bbox 2256 2039 3836 2112; baseline 0 -18"><span class='ocrx_word' id='word_1_393' title='bbox 2256 2039 2388 2095; x_wconf 88' lang='lat' dir='ltr'><strong>tium</strong></span> <span class='ocrx_word' id='word_1_394' title='bbox 2418 2040 2486 2095; x_wconf 86' lang='lat' dir='ltr'><strong>ad</strong></span> <span class='ocrx_word' id='word_1_395' title='bbox 2519 2055 2614 2097; x_wconf 89' lang='lat' dir='ltr'><strong>eos</strong></span> <span class='ocrx_word' id='word_1_396' title='bbox 2635 2042 2726 2111; x_wconf 90' lang='lat' dir='ltr'><strong>qui</strong></span> <span class='ocrx_word' id='word_1_397' title='bbox 2768 2041 2869 2097; x_wconf 89' lang='lat' dir='ltr'><strong>sub</strong></span> <span class='ocrx_word' id='word_1_398' title='bbox 2901 2041 3043 2112; x_wconf 87' lang='lat' dir='ltr'><strong>Lege</strong></span> <span class='ocrx_word' id='word_1_399' title='bbox 3073 2041 3295 2096; x_wconf 84' lang='lat' dir='ltr'><strong>luerunt</strong></span> <span class='ocrx_word' id='word_1_400' title='bbox 3325 2056 3341 2096; x_wconf 83' lang='lat'><strong>:</strong></span> <span class='ocrx_word' id='word_1_401' title='bbox 3372 2050 3634 2112; x_wconf 85' lang='lat' dir='ltr'><strong>quartum</strong></span> <span class='ocrx_word' id='word_1_402' title='bbox 3671 2052 3836 2096; x_wconf 86' lang='lat' dir='ltr'><strong>autem</strong></span> 
     </span>
    </p>
   </div>
   <div class='ocr_carea' id='block_1_51' title="bbox 2259 2131 3839 2205">
    <p class='ocr_par' dir='ltr' id='par_1_51' title="bbox 2259 2131 3839 2205">
     <span class='ocr_line' id='line_1_51' title="bbox 2259 2131 3839 2205; baseline 0.001 -18"><span class='ocrx_word' id='word_1_403' title='bbox 2259 2133 2325 2189; x_wconf 89' lang='lat' dir='ltr'><strong>ad</strong></span> <span class='ocrx_word' id='word_1_404' title='bbox 2353 2135 2644 2205; x_wconf 86' lang='lat' dir='ltr'><strong>prophetas</strong></span> <span class='ocrx_word' id='word_1_405' title='bbox 2675 2151 2688 2187; x_wconf 88' lang='lat'><strong>:</strong></span> <span class='ocrx_word' id='word_1_406' title='bbox 2725 2143 2838 2190; x_wconf 89' lang='lat' dir='ltr'><strong>tres</strong></span> <span class='ocrx_word' id='word_1_407' title='bbox 2897 2149 3026 2189; x_wconf 83' lang='lat' dir='ltr'><strong>vero</strong></span> <span class='ocrx_word' id='word_1_408' title='bbox 3053 2134 3387 2204; x_wconf 83' lang='lat' dir='ltr'><strong>apertiones,-</strong></span> <span class='ocrx_word' id='word_1_409' title='bbox 3449 2149 3572 2202; x_wconf 65' lang='lat' dir='ltr'><strong>qua</strong></span> <span class='ocrx_word' id='word_1_410' title='bbox 3621 2131 3839 2188; x_wconf 70' lang='lat' dir='ltr'><strong>residua</strong></span> 
     </span>
    </p>
   </div>
   <div class='ocr_carea' id='block_1_52' title="bbox 2259 2227 3842 2298">
    <p class='ocr_par' dir='ltr' id='par_1_52' title="bbox 2259 2227 3842 2298">
     <span class='ocr_line' id='line_1_52' title="bbox 2259 2227 3842 2298; baseline -0.001 -14"><span class='ocrx_word' id='word_1_411' title='bbox 2259 2237 2428 2296; x_wconf 91' lang='lat' dir='ltr'><strong>sunt,</strong></span> <span class='ocrx_word' id='word_1_412' title='bbox 2469 2228 2536 2284; x_wconf 90' lang='lat' dir='ltr'><strong>ad</strong></span> <span class='ocrx_word' id='word_1_413' title='bbox 2587 2243 2784 2284; x_wconf 89' lang='lat' dir='ltr'><strong>novum</strong></span> <span class='ocrx_word' id='word_1_414' title='bbox 2837 2229 3248 2286; x_wconf 84' lang='lat' dir='ltr'><strong>Testamentum</strong></span> <span class='ocrx_word' id='word_1_415' title='bbox 3309 2228 3609 2298; x_wconf 81' lang='lat' dir='ltr'><strong>pertinent.</strong></span> <span class='ocrx_word' id='word_1_416' title='bbox 3663 2227 3842 2297; x_wconf 78' lang='lat' dir='ltr'><strong>Quinta</strong></span> 
     </span>
    </p>
   </div>
   <div class='ocr_carea' id='block_1_53' title="bbox 2263 2321 3842 2395">
    <p class='ocr_par' dir='ltr' id='par_1_53' title="bbox 2263 2321 3842 2395">
     <span class='ocr_line' id='line_1_53' title="bbox 2263 2321 3842 2395; baseline 0 -20"><span class='ocrx_word' id='word_1_417' title='bbox 2263 2322 2478 2394; x_wconf 85' lang='lat' dir='ltr'><strong>apertio</strong></span> <span class='ocrx_word' id='word_1_418' title='bbox 2507 2323 2744 2392; x_wconf 85' lang='lat' dir='ltr'><strong>pertinet</strong></span> <span class='ocrx_word' id='word_1_419' title='bbox 2789 2323 2856 2378; x_wconf 87' lang='lat' dir='ltr'><strong>ad</strong></span> <span class='ocrx_word' id='word_1_420' title='bbox 2887 2330 3158 2395; x_wconf 78' lang='lat' dir='ltr'><strong>martyres</strong></span> <span class='ocrx_word' id='word_1_421' title='bbox 3189 2341 3201 2377; x_wconf 92' lang='lat'><strong>:</strong></span> <span class='ocrx_word' id='word_1_422' title='bbox 3232 2330 3384 2378; x_wconf 74' lang='lat' dir='ltr'><strong>sexta</strong></span> <span class='ocrx_word' id='word_1_423' title='bbox 3436 2321 3504 2376; x_wconf 79' lang='lat' dir='ltr'><strong>ad</strong></span> <span class='ocrx_word' id='word_1_424' title='bbox 3543 2321 3842 2378; x_wconf 63' lang='lat' dir='ltr'><strong>Iudaeorum</strong></span> 
     </span>
    </p>
   </div>
   <div class='ocr_carea' id='block_1_54' title="bbox 2261 2413 3844 2488">
    <p class='ocr_par' dir='ltr' id='par_1_54' title="bbox 2261 2413 3844 2488">
     <span class='ocr_line' id='line_1_54' title="bbox 2261 2413 3844 2488; baseline -0.003 -16"><span class='ocrx_word' id='word_1_425' title='bbox 2261 2415 2652 2484; x_wconf 82' lang='lat' dir='ltr'><strong>deiectionem,</strong></span> <span class='ocrx_word' id='word_1_426' title='bbox 2699 2426 2753 2473; x_wconf 89' lang='lat' dir='ltr'><strong>et</strong></span> <span class='ocrx_word' id='word_1_427' title='bbox 2803 2418 3048 2488; x_wconf 85' lang='lat' dir='ltr'><strong>gentium</strong></span> <span class='ocrx_word' id='word_1_428' title='bbox 3088 2418 3438 2473; x_wconf 83' lang='lat' dir='ltr'><strong>vocationem</strong></span> <span class='ocrx_word' id='word_1_429' title='bbox 3474 2417 3747 2486; x_wconf 83' lang='lat' dir='ltr'><strong>:septima</strong></span> <span class='ocrx_word' id='word_1_430' title='bbox 3787 2413 3844 2469; x_wconf 81' lang='lat' dir='ltr'><strong>ad</strong></span> 
     </span>
    </p>
   </div>
   <div class='ocr_carea' id='block_1_55' title="bbox 2264 2510 3848 2584">
    <p class='ocr_par' dir='ltr' id='par_1_55' title="bbox 2264 2510 3848 2584">
     <span class='ocr_line' id='line_1_55' title="bbox 2264 2510 3848 2584; baseline -0.004 -15"><span class='ocrx_word' id='word_1_431' title='bbox 2264 2513 2562 2569; x_wconf 87' lang='lat' dir='ltr'><strong>adventum</strong></span> <span class='ocrx_word' id='word_1_432' title='bbox 2593 2512 2797 2568; x_wconf 80' lang='lat' dir='ltr'><strong>Citriin</strong></span> <span class='ocrx_word' id='word_1_433' title='bbox 2850 2513 3086 2584; x_wconf 81' lang='lat' dir='ltr'><strong>pertinet</strong></span> <span class='ocrx_word' id='word_1_434' title='bbox 3118 2530 3130 2566; x_wconf 90' lang='lat'><strong>:</strong></span> <span class='ocrx_word' id='word_1_435' title='bbox 3157 2521 3213 2568; x_wconf 90' lang='lat' dir='ltr'><strong>et</strong></span> <span class='ocrx_word' id='word_1_436' title='bbox 3257 2527 3355 2567; x_wconf 88' lang='lat' dir='ltr'><strong>cur</strong></span> <span class='ocrx_word' id='word_1_437' title='bbox 3383 2513 3437 2566; x_wconf 91' lang='lat' dir='ltr'><strong>in</strong></span> <span class='ocrx_word' id='word_1_438' title='bbox 3466 2511 3704 2581; x_wconf 74' lang='lat' dir='ltr'><strong>septimo</strong></span> <span class='ocrx_word' id='word_1_439' title='bbox 3742 2510 3848 2564; x_wconf 84' lang='lat' dir='ltr'><strong>loco</strong></span> 
     </span>
    </p>
   </div>
   <div class='ocr_carea' id='block_1_56' title="bbox 2265 2602 3848 2677">
    <p class='ocr_par' dir='ltr' id='par_1_56' title="bbox 2265 2602 3848 2677">
     <span class='ocr_line' id='line_1_56' title="bbox 2265 2602 3848 2677; baseline -0.003 -17"><span class='ocrx_word' id='word_1_440' title='bbox 2265 2607 2538 2663; x_wconf 85' lang='lat' dir='ltr'><strong>adventus</strong></span> <span class='ocrx_word' id='word_1_441' title='bbox 2569 2607 2782 2662; x_wconf 90' lang='lat' dir='ltr'><strong>Domini</strong></span> <span class='ocrx_word' id='word_1_442' title='bbox 2813 2615 3065 2677; x_wconf 72' lang='lat' dir='ltr'><strong>ponatur.</strong></span> <span class='ocrx_word' id='word_1_443' title='bbox 3103 2607 3154 2660; x_wconf 92' lang='lat' dir='ltr'><strong>in</strong></span> <span class='ocrx_word' id='word_1_444' title='bbox 3197 2603 3566 2675; x_wconf 78' lang='lat' dir='ltr'><strong>sequentibus</strong></span> <span class='ocrx_word' id='word_1_445' title='bbox 3591 2602 3848 2659; x_wconf 80' lang='lat' dir='ltr'><strong>dicemus.</strong></span> 
     </span>
    </p>
   </div>
   <div class='ocr_carea' id='block_1_57' title="bbox 2267 2696 3854 2770">
    <p class='ocr_par' dir='ltr' id='par_1_57' title="bbox 2267 2696 3854 2770">
     <span class='ocr_line' id='line_1_57' title="bbox 2267 2696 3854 2770; baseline -0.006 -15"><span class='ocrx_word' id='word_1_446' title='bbox 2267 2699 2375 2756; x_wconf 89' lang='lat' dir='ltr'><strong>Sed</strong></span> <span class='ocrx_word' id='word_1_447' title='bbox 2401 2699 2759 2770; x_wconf 61' lang='lat' dir='ltr'><strong>quaerendum</strong></span> <span class='ocrx_word' id='word_1_448' title='bbox 2802 2699 2960 2754; x_wconf 85' lang='lat' dir='ltr'><strong>nobis</strong></span> <span class='ocrx_word' id='word_1_449' title='bbox 2987 2706 3096 2765; x_wconf 85' lang='lat' dir='ltr'><strong>est,</strong></span> <span class='ocrx_word' id='word_1_450' title='bbox 3142 2712 3241 2753; x_wconf 88' lang='lat' dir='ltr'><strong>cur</strong></span> <span class='ocrx_word' id='word_1_451' title='bbox 3286 2711 3388 2768; x_wconf 87' lang='lat' dir='ltr'><strong>per</strong></span> <span class='ocrx_word' id='word_1_452' title='bbox 3436 2696 3702 2752; x_wconf 81' lang='lat' dir='ltr'><strong>visionem</strong></span> <span class='ocrx_word' id='word_1_453' title='bbox 3730 2710 3854 2767; x_wconf 83' lang='lat' dir='ltr'><strong>qua-</strong></span> 
     </span>
    </p>
   </div>
   <div class='ocr_carea' id='block_1_58' title="bbox 2269 2789 3849 2864">
    <p class='ocr_par' dir='ltr' id='par_1_58' title="bbox 2269 2789 3849 2864">
     <span class='ocr_line' id='line_1_58' title="bbox 2269 2789 3849 2864; baseline -0.002 -18"><span class='ocrx_word' id='word_1_454' title='bbox 2269 2801 2393 2847; x_wconf 91' lang='lat' dir='ltr'><strong>tuor</strong></span> <span class='ocrx_word' id='word_1_455' title='bbox 2422 2793 2688 2864; x_wconf 88' lang='lat' dir='ltr'><strong>equitum,</strong></span> <span class='ocrx_word' id='word_1_456' title='bbox 2721 2793 2932 2862; x_wconf 85' lang='lat' dir='ltr'><strong>apertio</strong></span> <span class='ocrx_word' id='word_1_457' title='bbox 2957 2792 3161 2848; x_wconf 81' lang='lat' dir='ltr'><strong>veteris</strong></span> <span class='ocrx_word' id='word_1_458' title='bbox 3205 2791 3546 2847; x_wconf 81' lang='lat' dir='ltr'><strong>Testamcnti</strong></span> <span class='ocrx_word' id='word_1_459' title='bbox 3580 2789 3849 2862; x_wconf 81' lang='lat' dir='ltr'><strong>ﬁguretur;</strong></span> 
     </span>
    </p>
   </div>
   <div class='ocr_carea' id='block_1_59' title="bbox 2268 2885 3854 2959">
    <p class='ocr_par' dir='ltr' id='par_1_59' title="bbox 2268 2885 3854 2959">
     <span class='ocr_line' id='line_1_59' title="bbox 2268 2885 3854 2959; baseline -0.003 -17"><span class='ocrx_word' id='word_1_460' title='bbox 2268 2901 2434 2959; x_wconf 88' lang='lat' dir='ltr'><strong>eques</strong></span> <span class='ocrx_word' id='word_1_461' title='bbox 2459 2901 2694 2958; x_wconf 79' lang='lat' dir='ltr'><strong>namque</strong></span> <span class='ocrx_word' id='word_1_462' title='bbox 2720 2902 2789 2942; x_wconf 80' lang='lat' dir='ltr'><strong>ex</strong></span> <span class='ocrx_word' id='word_1_463' title='bbox 2816 2897 2969 2959; x_wconf 85' lang='lat' dir='ltr'><strong>parte</strong></span> <span class='ocrx_word' id='word_1_464' title='bbox 2991 2886 3115 2958; x_wconf 89' lang='lat' dir='ltr'><strong>equi</strong></span> <span class='ocrx_word' id='word_1_465' title='bbox 3138 2927 3154 2952; x_wconf 94' lang='lat'><strong>,</strong></span> <span class='ocrx_word' id='word_1_466' title='bbox 3179 2885 3574 2941; x_wconf 79' lang='lat' dir='ltr'><strong>irrationabilis</strong></span> <span class='ocrx_word' id='word_1_467' title='bbox 3600 2902 3615 2938; x_wconf 88' lang='lat'><strong>:</strong></span> <span class='ocrx_word' id='word_1_468' title='bbox 3646 2900 3716 2940; x_wconf 73' lang='lat' dir='ltr'><strong>ex</strong></span> <span class='ocrx_word' id='word_1_469' title='bbox 3750 2897 3854 2954; x_wconf 87' lang='lat' dir='ltr'><strong>par-</strong></span> 
     </span>
    </p>
   </div>
   <div class='ocr_carea' id='block_1_60' title="bbox 2272 2978 3854 3051">
    <p class='ocr_par' dir='ltr' id='par_1_60' title="bbox 2272 2978 3854 3051">
     <span class='ocr_line' id='line_1_60' title="bbox 2272 2978 3854 3051; baseline -0.004 -16"><span class='ocrx_word' id='word_1_470' title='bbox 2272 2990 2324 3035; x_wconf 91' lang='lat' dir='ltr'><strong>te</strong></span> <span class='ocrx_word' id='word_1_471' title='bbox 2369 2995 2502 3035; x_wconf 91' lang='lat' dir='ltr'><strong>vero</strong></span> <span class='ocrx_word' id='word_1_472' title='bbox 2531 2981 2898 3051; x_wconf 71' lang='lat' dir='ltr'><strong>praesidentis,</strong></span> <span class='ocrx_word' id='word_1_473' title='bbox 2948 2980 3292 3035; x_wconf 86' lang='lat' dir='ltr'><strong>rtionahilis</strong></span> <span class='ocrx_word' id='word_1_474' title='bbox 3337 2994 3463 3035; x_wconf 76' lang='lat' dir='ltr'><strong>esse</strong></span> <span class='ocrx_word' id='word_1_475' title='bbox 3511 2978 3854 3050; x_wconf 78' lang='lat' dir='ltr'><strong>digitoseitur.</strong></span> 
     </span>
    </p>
   </div>
   <div class='ocr_carea' id='block_1_61' title="bbox 2271 3073 3860 3147">
    <p class='ocr_par' dir='ltr' id='par_1_61' title="bbox 2271 3073 3860 3147">
     <span class='ocr_line' id='line_1_61' title="bbox 2271 3073 3860 3147; baseline -0.002 -18"><span class='ocrx_word' id='word_1_476' title='bbox 2271 3074 2536 3132; x_wconf 86' lang='lat' dir='ltr'><strong>Similiter</strong></span> <span class='ocrx_word' id='word_1_477' title='bbox 2562 3074 2886 3146; x_wconf 73' lang='lat' dir='ltr'><strong>etqua&#39;dam</strong></span> <span class='ocrx_word' id='word_1_478' title='bbox 2941 3084 3212 3147; x_wconf 56' lang='lat' dir='ltr'><strong>price-cpta</strong></span> <span class='ocrx_word' id='word_1_479' title='bbox 3266 3075 3462 3146; x_wconf 70' lang='lat' dir='ltr'><strong>legalis</strong></span> <span class='ocrx_word' id='word_1_480' title='bbox 3490 3091 3560 3129; x_wconf 76' lang='lat' dir='ltr'><strong>ex</strong></span> <span class='ocrx_word' id='word_1_481' title='bbox 3605 3084 3756 3145; x_wconf 83' lang='lat' dir='ltr'><strong>parte</strong></span> <span class='ocrx_word' id='word_1_482' title='bbox 3781 3073 3860 3127; x_wconf 89' lang='lat' dir='ltr'><strong>iit-</strong></span> 
     </span>
    </p>
   </div>
   <div class='ocr_carea' id='block_1_62' title="bbox 563 3161 3858 3242">
    <p class='ocr_par' dir='ltr' id='par_1_62' title="bbox 563 3161 3858 3242">
     <span class='ocr_line' id='line_1_62' title="bbox 563 3161 3858 3242; baseline -0.002 -16"><span class='ocrx_word' id='word_1_483' title='bbox 563 3169 914 3242; x_wconf 85' lang='lat' dir='ltr'><strong>phematores</strong></span> <span class='ocrx_word' id='word_1_484' title='bbox 967 3167 1058 3221; x_wconf 81' lang='lat' dir='ltr'><strong>Dei</strong></span> <span class='ocrx_word' id='word_1_485' title='bbox 1093 3165 1272 3236; x_wconf 68' lang='lat' dir='ltr'><strong>potius</strong></span> <span class='ocrx_word' id='word_1_486' title='bbox 1301 3161 1523 3220; x_wconf 81' lang='lat' dir='ltr'><strong>dicendi</strong></span> <span class='ocrx_word' id='word_1_487' title='bbox 1547 3161 1675 3231; x_wconf 79' lang='lat' dir='ltr'><strong>sini,</strong></span> <span class='ocrx_word' id='word_1_488' title='bbox 1727 3179 1887 3234; x_wconf 87' lang='lat' dir='ltr'><strong>quam</strong></span> <span class='ocrx_word' id='word_1_489' title='bbox 1931 3161 2175 3218; x_wconf 67' lang='lat' dir='ltr'><strong>laudalo-</strong></span> <span class='ocrx_word' id='word_1_490' title='bbox 2202 3163 2249 3230; x_wconf 85' lang='lat' dir='ltr'><strong><em>C</em></strong></span> <span class='ocrx_word' id='word_1_491' title='bbox 2283 3178 2434 3234; x_wconf 47' lang='lat' dir='ltr'><strong>lerat,</strong></span> <span class='ocrx_word' id='word_1_492' title='bbox 2463 3168 2856 3224; x_wconf 81' lang='lat' dir='ltr'><strong>irrationabiiia</strong></span> <span class='ocrx_word' id='word_1_493' title='bbox 2887 3185 2900 3222; x_wconf 73' lang='grc' dir='ltr'><strong>ε</strong></span> <span class='ocrx_word' id='word_1_494' title='bbox 2931 3183 2995 3225; x_wconf 70' lang='lat' dir='ltr'><strong>ex</strong></span> <span class='ocrx_word' id='word_1_495' title='bbox 3029 3180 3184 3239; x_wconf 81' lang='lat' dir='ltr'><strong>parte</strong></span> <span class='ocrx_word' id='word_1_496' title='bbox 3208 3174 3392 3223; x_wconf 80' lang='lat' dir='ltr'><strong>autem</strong></span> <span class='ocrx_word' id='word_1_497' title='bbox 3421 3167 3734 3239; x_wconf 60' lang='lat' dir='ltr'><strong>allegoria,</strong></span> <span class='ocrx_word' id='word_1_498' title='bbox 3756 3165 3858 3220; x_wconf 79' lang='lat' dir='ltr'><strong>val-</strong></span> 
     </span>
    </p>
   </div>
   <div class='ocr_carea' id='block_1_63' title="bbox 564 3249 2172 3327">
    <p class='ocr_par' dir='ltr' id='par_1_63' title="bbox 564 3249 2172 3327">
     <span class='ocr_line' id='line_1_63' title="bbox 564 3249 2172 3327; baseline -0.004 -9"><span class='ocrx_word' id='word_1_499' title='bbox 564 3261 700 3318; x_wconf 76' lang='lat' dir='ltr'><strong>res?</strong></span> <span class='ocrx_word' id='word_1_500' title='bbox 754 3257 1067 3316; x_wconf 86' lang='lat' dir='ltr'><strong>Invenimus</strong></span> <span class='ocrx_word' id='word_1_501' title='bbox 1112 3257 1276 3312; x_wconf 86' lang='lat' dir='ltr'><strong>etiam</strong></span> <span class='ocrx_word' id='word_1_502' title='bbox 1307 3265 1362 3312; x_wconf 89' lang='lat' dir='ltr'><strong>et</strong></span> <span class='ocrx_word' id='word_1_503' title='bbox 1390 3249 1654 3326; x_wconf 85' lang='lat' dir='ltr'><strong>quosdam</strong></span> <span class='ocrx_word' id='word_1_504' title='bbox 1711 3255 2034 3327; x_wconf 71' lang='lat' dir='ltr'><strong>ﬂagitiOsos,</strong></span> <span class='ocrx_word' id='word_1_505' title='bbox 2080 3256 2172 3326; x_wconf 86' lang='lat' dir='ltr'><strong>qui</strong></span> 
     </span>
    </p>
   </div>
   <div class='ocr_carea' id='block_1_64' title="bbox 565 3346 2174 3420">
    <p class='ocr_par' dir='ltr' id='par_1_64' title="bbox 565 3346 2174 3420">
     <span class='ocr_line' id='line_1_64' title="bbox 565 3346 2174 3420; baseline -0.006 -8"><span class='ocrx_word' id='word_1_506' title='bbox 565 3353 851 3412; x_wconf 86' lang='lat' dir='ltr'><strong>christiani</strong></span> <span class='ocrx_word' id='word_1_507' title='bbox 877 3355 1161 3417; x_wconf 82' lang='lat' dir='ltr'><strong>vocantur,</strong></span> <span class='ocrx_word' id='word_1_508' title='bbox 1195 3349 1285 3420; x_wconf 88' lang='lat' dir='ltr'><strong>qui</strong></span> <span class='ocrx_word' id='word_1_509' title='bbox 1317 3347 1563 3420; x_wconf 84' lang='lat' dir='ltr'><strong>quamvis</strong></span> <span class='ocrx_word' id='word_1_510' title='bbox 1620 3347 1785 3403; x_wconf 91' lang='lat' dir='ltr'><strong>Deum</strong></span> <span class='ocrx_word' id='word_1_511' title='bbox 1834 3346 2054 3404; x_wconf 87' lang='lat' dir='ltr'><strong>laudare</strong></span> <span class='ocrx_word' id='word_1_512' title='bbox 2097 3347 2174 3402; x_wconf 89' lang='lat' dir='ltr'><strong>vi-</strong></span> 
     </span>
    </p>
   </div>
   <div class='ocr_carea' id='block_1_65' title="bbox 569 3441 2174 3516">
    <p class='ocr_par' dir='ltr' id='par_1_65' title="bbox 569 3441 2174 3516">
     <span class='ocr_line' id='line_1_65' title="bbox 569 3441 2174 3516; baseline -0.006 -9"><span class='ocrx_word' id='word_1_513' title='bbox 569 3449 826 3514; x_wconf 88' lang='lat' dir='ltr'><strong>deantur,</strong></span> <span class='ocrx_word' id='word_1_514' title='bbox 855 3445 1020 3503; x_wconf 91' lang='lat' dir='ltr'><strong>Deum</strong></span> <span class='ocrx_word' id='word_1_515' title='bbox 1047 3461 1152 3501; x_wconf 91' lang='lat' dir='ltr'><strong>non</strong></span> <span class='ocrx_word' id='word_1_516' title='bbox 1185 3443 1446 3511; x_wconf 81' lang='lat' dir='ltr'><strong>laudant;</strong></span> <span class='ocrx_word' id='word_1_517' title='bbox 1474 3443 1597 3516; x_wconf 87' lang='lat' dir='ltr'><strong>quia</strong></span> <span class='ocrx_word' id='word_1_518' title='bbox 1616 3442 1756 3499; x_wconf 87' lang='lat' dir='ltr'><strong>sicut</strong></span> <span class='ocrx_word' id='word_1_519' title='bbox 1779 3441 1908 3498; x_wconf 89' lang='lat' dir='ltr'><strong>dicit</strong></span> <span class='ocrx_word' id='word_1_520' title='bbox 1932 3443 2174 3514; x_wconf 82' lang='lat' dir='ltr'><strong>Scriptu-</strong></span> 
     </span>
    </p>
   </div>
   <div class='ocr_carea' id='block_1_66' title="bbox 567 3536 2168 3609">
    <p class='ocr_par' dir='ltr' id='par_1_66' title="bbox 567 3536 2168 3609">
     <span class='ocr_line' id='line_1_66' title="bbox 567 3536 2168 3609; baseline -0.005 -10"><span class='ocrx_word' id='word_1_521' title='bbox 567 3557 631 3600; x_wconf 88' lang='lat' dir='ltr'><strong>ra</strong></span> <span class='ocrx_word' id='word_1_522' title='bbox 663 3559 677 3599; x_wconf 89' lang='lat'><strong>:</strong></span> <span class='ocrx_word' id='word_1_523' title='bbox 714 3539 840 3596; x_wconf 88' lang='lat' dir='ltr'><strong>Non</strong></span> <span class='ocrx_word' id='word_1_524' title='bbox 868 3549 938 3596; x_wconf 87' lang='lat' dir='ltr'><strong>est</strong></span> <span class='ocrx_word' id='word_1_525' title='bbox 964 3539 1198 3609; x_wconf 83' lang='lat' dir='ltr'><strong>speciosa</strong></span> <span class='ocrx_word' id='word_1_526' title='bbox 1230 3541 1344 3592; x_wconf 86' lang='lat' dir='ltr'><strong>laus</strong></span> <span class='ocrx_word' id='word_1_527' title='bbox 1369 3538 1422 3591; x_wconf 86' lang='lat' dir='ltr'><strong>in</strong></span> <span class='ocrx_word' id='word_1_528' title='bbox 1449 3553 1536 3592; x_wconf 91' lang='lat' dir='ltr'><strong>ore</strong></span> <span class='ocrx_word' id='word_1_529' title='bbox 1563 3537 1848 3608; x_wconf 79' lang='lat' dir='ltr'><strong>peccatoris</strong></span> <span class='ocrx_word' id='word_1_530' title='bbox 1873 3536 2042 3608; x_wconf 83' lang='lat' dir='ltr'><strong>(Eccl.</strong></span> <span class='ocrx_word' id='word_1_531' title='bbox 2073 3552 2168 3604; x_wconf 84' lang='lat' dir='ltr'><strong>xv,</strong></span> 
     </span>
    </p>
   </div>
   <div class='ocr_carea' id='block_1_67' title="bbox 572 3631 2177 3708">
    <p class='ocr_par' dir='ltr' id='par_1_67' title="bbox 572 3631 2177 3708">
     <span class='ocr_line' id='line_1_67' title="bbox 572 3631 2177 3708; baseline -0.006 -12"><span class='ocrx_word' id='word_1_532' title='bbox 572 3637 652 3708; x_wconf 91' lang='lat'><strong>9).</strong></span> <span class='ocrx_word' id='word_1_533' title='bbox 684 3637 753 3694; x_wconf 82' lang='lat' dir='ltr'><strong>Et</strong></span> <span class='ocrx_word' id='word_1_534' title='bbox 775 3637 821 3693; x_wconf 88' lang='lat' dir='ltr'><strong>si</strong></span> <span class='ocrx_word' id='word_1_535' title='bbox 853 3651 950 3707; x_wconf 89' lang='lat' dir='ltr'><strong>per</strong></span> <span class='ocrx_word' id='word_1_536' title='bbox 994 3649 1209 3690; x_wconf 86' lang='lat' dir='ltr'><strong>onmem</strong></span> <span class='ocrx_word' id='word_1_537' title='bbox 1263 3641 1594 3698; x_wconf 85' lang='lat' dir='ltr'><strong>creaturam,</strong></span> <span class='ocrx_word' id='word_1_538' title='bbox 1647 3647 1770 3702; x_wconf 69' lang='lat' dir='ltr'><strong>quae</strong></span> <span class='ocrx_word' id='word_1_539' title='bbox 1803 3631 1854 3686; x_wconf 90' lang='lat' dir='ltr'><strong>in</strong></span> <span class='ocrx_word' id='word_1_540' title='bbox 1891 3643 2035 3687; x_wconf 83' lang='lat' dir='ltr'><strong>terra</strong></span> <span class='ocrx_word' id='word_1_541' title='bbox 2069 3638 2177 3698; x_wconf 90' lang='lat' dir='ltr'><strong>est,</strong></span> 
     </span>
    </p>
   </div>
   <div class='ocr_carea' id='block_1_68' title="bbox 577 3725 2178 3796">
    <p class='ocr_par' dir='ltr' id='par_1_68' title="bbox 577 3725 2178 3796">
     <span class='ocr_line' id='line_1_68' title="bbox 577 3725 2178 3796; baseline -0.005 -8"><span class='ocrx_word' id='word_1_542' title='bbox 577 3745 773 3788; x_wconf 87' lang='lat' dir='ltr'><strong>omnes</strong></span> <span class='ocrx_word' id='word_1_543' title='bbox 801 3731 1011 3785; x_wconf 87' lang='lat' dir='ltr'><strong>animas</strong></span> <span class='ocrx_word' id='word_1_544' title='bbox 1035 3727 1302 3784; x_wconf 84' lang='lat' dir='ltr'><strong>debemus</strong></span> <span class='ocrx_word' id='word_1_545' title='bbox 1339 3725 1666 3796; x_wconf 89' lang='lat' dir='ltr'><strong>intelligere,</strong></span> <span class='ocrx_word' id='word_1_546' title='bbox 1688 3741 1917 3796; x_wconf 88' lang='lat' dir='ltr'><strong>quorum</strong></span> <span class='ocrx_word' id='word_1_547' title='bbox 1949 3740 2178 3794; x_wconf 86' lang='lat' dir='ltr'><strong>corpora</strong></span> 
     </span>
    </p>
   </div>
   <div class='ocr_carea' id='block_1_69' title="bbox 580 3818 2183 3893">
    <p class='ocr_par' dir='ltr' id='par_1_69' title="bbox 580 3818 2183 3893">
     <span class='ocr_line' id='line_1_69' title="bbox 580 3818 2183 3893; baseline -0.005 -11"><span class='ocrx_word' id='word_1_548' title='bbox 580 3827 635 3882; x_wconf 88' lang='lat' dir='ltr'><strong>in</strong></span> <span class='ocrx_word' id='word_1_549' title='bbox 695 3834 841 3882; x_wconf 91' lang='lat' dir='ltr'><strong>terra</strong></span> <span class='ocrx_word' id='word_1_550' title='bbox 896 3823 1280 3893; x_wconf 89' lang='lat' dir='ltr'><strong>requiescunt;</strong></span> <span class='ocrx_word' id='word_1_551' title='bbox 1325 3819 1600 3891; x_wconf 92' lang='lat' dir='ltr'><strong>quomodo</strong></span> <span class='ocrx_word' id='word_1_552' title='bbox 1626 3820 1659 3875; x_wconf 94' lang='lat' dir='ltr'><strong>ii</strong></span> <span class='ocrx_word' id='word_1_553' title='bbox 1691 3820 1783 3891; x_wconf 92' lang='lat' dir='ltr'><strong>qui</strong></span> <span class='ocrx_word' id='word_1_554' title='bbox 1813 3819 1953 3889; x_wconf 89' lang='lat' dir='ltr'><strong>apud</strong></span> <span class='ocrx_word' id='word_1_555' title='bbox 1981 3818 2183 3876; x_wconf 82' lang='lat' dir='ltr'><strong>inferos</strong></span> 
     </span>
    </p>
   </div>
   <div class='ocr_carea' id='block_1_70' title="bbox 582 3909 2184 3983">
    <p class='ocr_par' dir='ltr' id='par_1_70' title="bbox 582 3909 2184 3983">
     <span class='ocr_line' id='line_1_70' title="bbox 582 3909 2184 3983; baseline -0.003 -9"><span class='ocrx_word' id='word_1_556' title='bbox 582 3918 922 3982; x_wconf 88' lang='lat' dir='ltr'><strong>cruciantur,</strong></span> <span class='ocrx_word' id='word_1_557' title='bbox 979 3915 1146 3970; x_wconf 90' lang='lat' dir='ltr'><strong>Deum</strong></span> <span class='ocrx_word' id='word_1_558' title='bbox 1191 3909 1414 3969; x_wconf 84' lang='lat' dir='ltr'><strong>laudare</strong></span> <span class='ocrx_word' id='word_1_559' title='bbox 1457 3912 1711 3969; x_wconf 89' lang='lat' dir='ltr'><strong>credendi</strong></span> <span class='ocrx_word' id='word_1_560' title='bbox 1739 3913 1908 3968; x_wconf 89' lang='lat' dir='ltr'><strong>sunt?</strong></span> <span class='ocrx_word' id='word_1_561' title='bbox 1937 3913 2042 3970; x_wconf 89' lang='lat' dir='ltr'><strong>Sed</strong></span> <span class='ocrx_word' id='word_1_562' title='bbox 2088 3930 2184 3983; x_wconf 89' lang='lat' dir='ltr'><strong>per</strong></span> 
     </span>
    </p>
   </div>
   <div class='ocr_carea' id='block_1_71' title="bbox 580 4007 2183 4080">
    <p class='ocr_par' dir='ltr' id='par_1_71' title="bbox 580 4007 2183 4080">
     <span class='ocr_line' id='line_1_71' title="bbox 580 4007 2183 4080; baseline -0.004 -10"><span class='ocrx_word' id='word_1_563' title='bbox 580 4021 801 4070; x_wconf 90' lang='lat' dir='ltr'><strong>omnem</strong></span> <span class='ocrx_word' id='word_1_564' title='bbox 829 4013 1160 4073; x_wconf 88' lang='lat' dir='ltr'><strong>creaturam,</strong></span> <span class='ocrx_word' id='word_1_565' title='bbox 1192 4017 1312 4079; x_wconf 65' lang='lat' dir='ltr'><strong>quae</strong></span> <span class='ocrx_word' id='word_1_566' title='bbox 1342 4007 1394 4062; x_wconf 89' lang='lat' dir='ltr'><strong>in</strong></span> <span class='ocrx_word' id='word_1_567' title='bbox 1427 4017 1589 4075; x_wconf 87' lang='lat' dir='ltr'><strong>terra,</strong></span> <span class='ocrx_word' id='word_1_568' title='bbox 1623 4016 1678 4064; x_wconf 90' lang='lat' dir='ltr'><strong>et</strong></span> <span class='ocrx_word' id='word_1_569' title='bbox 1705 4023 1824 4080; x_wconf 76' lang='lat' dir='ltr'><strong>qua:</strong></span> <span class='ocrx_word' id='word_1_570' title='bbox 1852 4008 2041 4064; x_wconf 89' lang='lat' dir='ltr'><strong>subtus</strong></span> <span class='ocrx_word' id='word_1_571' title='bbox 2071 4017 2183 4065; x_wconf 86' lang='lat' dir='ltr'><strong>ter-</strong></span> 
     </span>
    </p>
   </div>
   <div class='ocr_carea' id='block_1_72' title="bbox 585 4099 2176 4174">
    <p class='ocr_par' dir='ltr' id='par_1_72' title="bbox 585 4099 2176 4174">
     <span class='ocr_line' id='line_1_72' title="bbox 585 4099 2176 4174; baseline -0.004 -10"><span class='ocrx_word' id='word_1_572' title='bbox 585 4119 704 4164; x_wconf 88' lang='lat' dir='ltr'><strong>ram</strong></span> <span class='ocrx_word' id='word_1_573' title='bbox 736 4113 842 4172; x_wconf 85' lang='lat' dir='ltr'><strong>est,</strong></span> <span class='ocrx_word' id='word_1_574' title='bbox 867 4101 1015 4160; x_wconf 89' lang='lat' dir='ltr'><strong>solos</strong></span> <span class='ocrx_word' id='word_1_575' title='bbox 1041 4101 1249 4160; x_wconf 86' lang='lat' dir='ltr'><strong>electos</strong></span> <span class='ocrx_word' id='word_1_576' title='bbox 1294 4101 1560 4158; x_wconf 88' lang='lat' dir='ltr'><strong>debemus</strong></span> <span class='ocrx_word' id='word_1_577' title='bbox 1612 4099 1914 4174; x_wconf 84' lang='lat' dir='ltr'><strong>intelligere</strong></span> <span class='ocrx_word' id='word_1_578' title='bbox 1951 4120 1964 4159; x_wconf 89' lang='lat'><strong>:</strong></span> <span class='ocrx_word' id='word_1_579' title='bbox 1997 4104 2090 4174; x_wconf 92' lang='lat' dir='ltr'><strong>qui</strong></span> <span class='ocrx_word' id='word_1_580' title='bbox 2121 4113 2176 4159; x_wconf 91' lang='lat' dir='ltr'><strong>et</strong></span> 
     </span>
    </p>
   </div>
   <div class='ocr_carea' id='block_1_73' title="bbox 2275 3261 3364 3332">
    <p class='ocr_par' dir='ltr' id='par_1_73' title="bbox 2275 3261 3364 3332">
     <span class='ocr_line' id='line_1_73' title="bbox 2275 3261 3364 3332; baseline 0 -15"><span class='ocrx_word' id='word_1_581' title='bbox 2275 3262 2344 3317; x_wconf 88' lang='lat' dir='ltr'><strong>de</strong></span> <span class='ocrx_word' id='word_1_582' title='bbox 2383 3262 2730 3317; x_wconf 87' lang='lat' dir='ltr'><strong>rationabilia</strong></span> <span class='ocrx_word' id='word_1_583' title='bbox 2761 3276 2884 3318; x_wconf 87' lang='lat' dir='ltr'><strong>esse</strong></span> <span class='ocrx_word' id='word_1_584' title='bbox 2915 3261 3364 3332; x_wconf 80' lang='lat' dir='ltr'><strong>comprobantur.</strong></span> 
     </span>
    </p>
   </div>
   <div class='ocr_carea' id='block_1_74' title="bbox 2349 3354 3862 3428">
    <p class='ocr_par' dir='ltr' id='par_1_74' title="bbox 2349 3354 3862 3428">
     <span class='ocr_line' id='line_1_74' title="bbox 2349 3354 3862 3428; baseline -0.003 -17"><span class='ocrx_word' id='word_1_585' title='bbox 2349 3354 2577 3412; x_wconf 79' lang='lat' dir='ltr'><strong>CAPUT</strong></span> <span class='ocrx_word' id='word_1_586' title='bbox 2595 3356 2680 3411; x_wconf 77' lang='lat' dir='ltr'><strong>Vl.</strong></span> <span class='ocrx_word' id='word_1_587' title='bbox 2697 3355 2944 3428; x_wconf 79' lang='lat' dir='ltr'><strong>-(Vers.</strong></span> <span class='ocrx_word' id='word_1_588' title='bbox 2962 3358 2986 3412; x_wconf 74' lang='grc' dir='ltr'>ί</span> <span class='ocrx_word' id='word_1_589' title='bbox 3001 3356 3231 3426; x_wconf 80' lang='lat' dir='ltr'><strong>.)Etvidi</strong></span> <span class='ocrx_word' id='word_1_590' title='bbox 3253 3372 3370 3411; x_wconf 77' lang='lat' dir='ltr'><strong>cum</strong></span> <span class='ocrx_word' id='word_1_591' title='bbox 3389 3355 3682 3428; x_wconf 63' lang='lat' dir='ltr'><strong>aperuisset</strong></span> <span class='ocrx_word' id='word_1_592' title='bbox 3700 3354 3862 3426; x_wconf 69' lang='lat' dir='ltr'><strong>Agnus</strong></span> 
     </span>
    </p>
   </div>
   <div class='ocr_carea' id='block_1_75' title="bbox 2278 3448 3860 3522">
    <p class='ocr_par' dir='ltr' id='par_1_75' title="bbox 2278 3448 3860 3522">
     <span class='ocr_line' id='line_1_75' title="bbox 2278 3448 3860 3522; baseline -0.001 -20"><span class='ocrx_word' id='word_1_593' title='bbox 2278 3465 2440 3503; x_wconf 86' lang='lat' dir='ltr'><strong>unum</strong></span> <span class='ocrx_word' id='word_1_594' title='bbox 2483 3448 2546 3504; x_wconf 90' lang='lat' dir='ltr'><strong>de</strong></span> <span class='ocrx_word' id='word_1_595' title='bbox 2588 3460 2780 3520; x_wconf 88' lang='lat' dir='ltr'><strong>septem</strong></span> <span class='ocrx_word' id='word_1_596' title='bbox 2804 3450 3373 3522; x_wconf 49' lang='grc' dir='ltr'><strong>εἱοηασιιιὶσηΑρθῑιῖθ</strong></span> <span class='ocrx_word' id='word_1_597' title='bbox 3403 3448 3860 3520; x_wconf 75' lang='lat' dir='ltr'><strong>primisiguaculi,</strong></span> 
     </span>
    </p>
   </div>
   <div class='ocr_carea' id='block_1_76' title="bbox 2279 3541 3863 3615">
    <p class='ocr_par' dir='ltr' id='par_1_76' title="bbox 2279 3541 3863 3615">
     <span class='ocr_line' id='line_1_76' title="bbox 2279 3541 3863 3615; baseline -0.004 -15"><span class='ocrx_word' id='word_1_598' title='bbox 2279 3554 2340 3600; x_wconf 88' lang='lat' dir='ltr'><strong>ut</strong></span> <span class='ocrx_word' id='word_1_599' title='bbox 2365 3560 2528 3615; x_wconf 71' lang='lat' dir='ltr'><strong>supra</strong></span> <span class='ocrx_word' id='word_1_600' title='bbox 2561 3544 2773 3600; x_wconf 91' lang='lat' dir='ltr'><strong>dictum</strong></span> <span class='ocrx_word' id='word_1_601' title='bbox 2807 3555 2912 3613; x_wconf 91' lang='lat' dir='ltr'><strong>est,</strong></span> <span class='ocrx_word' id='word_1_602' title='bbox 2949 3543 3016 3600; x_wconf 92' lang='lat' dir='ltr'><strong>ad</strong></span> <span class='ocrx_word' id='word_1_603' title='bbox 3048 3561 3110 3600; x_wconf 86' lang='lat' dir='ltr'><strong>ea</strong></span> <span class='ocrx_word' id='word_1_604' title='bbox 3143 3559 3263 3615; x_wconf 68' lang='lat' dir='ltr'><strong>qua:</strong></span> <span class='ocrx_word' id='word_1_605' title='bbox 3283 3557 3410 3600; x_wconf 88' lang='lat' dir='ltr'><strong>ante</strong></span> <span class='ocrx_word' id='word_1_606' title='bbox 3435 3542 3704 3600; x_wconf 83' lang='lat' dir='ltr'><strong>diluvium</strong></span> <span class='ocrx_word' id='word_1_607' title='bbox 3738 3541 3863 3597; x_wconf 71' lang='lat' dir='ltr'><strong>facta</strong></span> 
     </span>
    </p>
   </div>
   <div class='ocr_carea' id='block_1_77' title="bbox 2280 3635 3862 3710">
    <p class='ocr_par' dir='ltr' id='par_1_77' title="bbox 2280 3635 3862 3710">
     <span class='ocr_line' id='line_1_77' title="bbox 2280 3635 3862 3710; baseline -0.003 -18"><span class='ocrx_word' id='word_1_608' title='bbox 2280 3644 2428 3704; x_wconf 92' lang='lat' dir='ltr'><strong>sunt,</strong></span> <span class='ocrx_word' id='word_1_609' title='bbox 2451 3638 2702 3708; x_wconf 84' lang='lat' dir='ltr'><strong>pertinet.</strong></span> <span class='ocrx_word' id='word_1_610' title='bbox 2732 3639 2920 3709; x_wconf 81' lang='lat' dir='ltr'><strong>Agnus</strong></span> <span class='ocrx_word' id='word_1_611' title='bbox 2943 3638 3105 3710; x_wconf 84' lang='lat' dir='ltr'><strong>igitur</strong></span> <span class='ocrx_word' id='word_1_612' title='bbox 3122 3639 3358 3708; x_wconf 84' lang='lat' dir='ltr'><strong>primum</strong></span> <span class='ocrx_word' id='word_1_613' title='bbox 3381 3637 3618 3707; x_wconf 78' lang='lat' dir='ltr'><strong>sigillum</strong></span> <span class='ocrx_word' id='word_1_614' title='bbox 3637 3635 3862 3706; x_wconf 78' lang='lat' dir='ltr'><strong>aperuit,</strong></span> 
     </span>
    </p>
   </div>
   <div class='ocr_carea' id='block_1_78' title="bbox 2282 3729 3868 3805">
    <p class='ocr_par' dir='ltr' id='par_1_78' title="bbox 2282 3729 3868 3805">
     <span class='ocr_line' id='line_1_78' title="bbox 2282 3729 3868 3805; baseline -0.002 -18"><span class='ocrx_word' id='word_1_615' title='bbox 2282 3731 2501 3802; x_wconf 87' lang='lat' dir='ltr'><strong>quando</strong></span> <span class='ocrx_word' id='word_1_616' title='bbox 2531 3749 2593 3788; x_wconf 89' lang='lat' dir='ltr'><strong>ea</strong></span> <span class='ocrx_word' id='word_1_617' title='bbox 2622 3749 2744 3805; x_wconf 66' lang='lat' dir='ltr'><strong>qua:</strong></span> <span class='ocrx_word' id='word_1_618' title='bbox 2785 3743 2911 3790; x_wconf 88' lang='lat' dir='ltr'><strong>ante</strong></span> <span class='ocrx_word' id='word_1_619' title='bbox 2945 3732 3206 3789; x_wconf 77' lang='lat' dir='ltr'><strong>diluvittm</strong></span> <span class='ocrx_word' id='word_1_620' title='bbox 3254 3743 3407 3803; x_wconf 80' lang='lat' dir='ltr'><strong>gestu</strong></span> <span class='ocrx_word' id='word_1_621' title='bbox 3434 3741 3586 3798; x_wconf 83' lang='lat' dir='ltr'><strong>sunt,</strong></span> <span class='ocrx_word' id='word_1_622' title='bbox 3645 3729 3868 3786; x_wconf 76' lang='lat' dir='ltr'><strong>doctori-</strong></span> 
     </span>
    </p>
   </div>
   <div class='ocr_carea' id='block_1_79' title="bbox 2284 3825 3866 3898">
    <p class='ocr_par' dir='ltr' id='par_1_79' title="bbox 2284 3825 3866 3898">
     <span class='ocr_line' id='line_1_79' title="bbox 2284 3825 3866 3898; baseline -0.003 -16"><span class='ocrx_word' id='word_1_623' title='bbox 2284 3825 2384 3882; x_wconf 89' lang='lat' dir='ltr'><strong>bus</strong></span> <span class='ocrx_word' id='word_1_624' title='bbox 2431 3825 2690 3882; x_wconf 72' lang='lat' dir='ltr'><strong>Ecclesia:</strong></span> <span class='ocrx_word' id='word_1_625' title='bbox 2741 3826 2975 3897; x_wconf 88' lang='lat' dir='ltr'><strong>qualiter</strong></span> <span class='ocrx_word' id='word_1_626' title='bbox 3022 3827 3384 3898; x_wconf 83' lang='lat' dir='ltr'><strong>spiritualitor</strong></span> <span class='ocrx_word' id='word_1_627' title='bbox 3436 3826 3866 3898; x_wconf 74' lang='lat' dir='ltr'><strong>intelligerentur</strong></span> 
     </span>
    </p>
   </div>
   <div class='ocr_carea' id='block_1_80' title="bbox 2284 3917 3869 3990">
    <p class='ocr_par' dir='ltr' id='par_1_80' title="bbox 2284 3917 3869 3990">
     <span class='ocr_line' id='line_1_80' title="bbox 2284 3917 3869 3990; baseline -0.002 -17"><span class='ocrx_word' id='word_1_628' title='bbox 2284 3917 2521 3989; x_wconf 90' lang='lat' dir='ltr'><strong>Spiritus</strong></span> <span class='ocrx_word' id='word_1_629' title='bbox 2551 3917 2726 3973; x_wconf 89' lang='lat' dir='ltr'><strong>sancti</strong></span> <span class='ocrx_word' id='word_1_630' title='bbox 2751 3918 2921 3989; x_wconf 81' lang='lat' dir='ltr'><strong>gratia</strong></span> <span class='ocrx_word' id='word_1_631' title='bbox 2954 3919 3228 3989; x_wconf 81' lang='lat' dir='ltr'><strong>patefecit.</strong></span> <span class='ocrx_word' id='word_1_632' title='bbox 3269 3918 3338 3974; x_wconf 84' lang='lat' dir='ltr'><strong>Et</strong></span> <span class='ocrx_word' id='word_1_633' title='bbox 3369 3930 3428 3974; x_wconf 88' lang='lat' dir='ltr'><strong>ut</strong></span> <span class='ocrx_word' id='word_1_634' title='bbox 3458 3919 3588 3990; x_wconf 85' lang='lat' dir='ltr'><strong>quid</strong></span> <span class='ocrx_word' id='word_1_635' title='bbox 3619 3920 3696 3974; x_wconf 88' lang='lat' dir='ltr'><strong>sit</strong></span> <span class='ocrx_word' id='word_1_636' title='bbox 3725 3925 3869 3988; x_wconf 81' lang='lat' dir='ltr'><strong>aper-</strong></span> 
     </span>
    </p>
   </div>
   <div class='ocr_carea' id='block_1_81' title="bbox 2289 4011 3872 4084">
    <p class='ocr_par' dir='ltr' id='par_1_81' title="bbox 2289 4011 3872 4084">
     <span class='ocr_line' id='line_1_81' title="bbox 2289 4011 3872 4084; baseline -0.002 -17"><span class='ocrx_word' id='word_1_637' title='bbox 2289 4013 2366 4067; x_wconf 92' lang='lat' dir='ltr'><strong>tio</strong></span> <span class='ocrx_word' id='word_1_638' title='bbox 2392 4011 2694 4083; x_wconf 88' lang='lat' dir='ltr'><strong>sigillorum</strong></span> <span class='ocrx_word' id='word_1_639' title='bbox 2729 4011 2946 4083; x_wconf 86' lang='lat' dir='ltr'><strong>plenius</strong></span> <span class='ocrx_word' id='word_1_640' title='bbox 2987 4014 3420 4078; x_wconf 75' lang='lat' dir='ltr'><strong>manilestemus,</strong></span> <span class='ocrx_word' id='word_1_641' title='bbox 3475 4013 3546 4070; x_wconf 87' lang='lat' dir='ltr'><strong>de</strong></span> <span class='ocrx_word' id='word_1_642' title='bbox 3595 4015 3872 4084; x_wconf 64' lang='lat' dir='ltr'><strong>spatione</strong></span> 
     </span>
    </p>
   </div>
   <div class='ocr_carea' id='block_1_82' title="bbox 2289 4103 3878 4178">
    <p class='ocr_par' dir='ltr' id='par_1_82' title="bbox 2289 4103 3878 4178">
     <span class='ocr_line' id='line_1_82' title="bbox 2289 4103 3878 4178; baseline -0.003 -16"><span class='ocrx_word' id='word_1_643' title='bbox 2289 4106 2626 4178; x_wconf 88' lang='lat' dir='ltr'><strong>singulorum</strong></span> <span class='ocrx_word' id='word_1_644' title='bbox 2674 4107 2978 4178; x_wconf 83' lang='lat' dir='ltr'><strong>sigillorum</strong></span> <span class='ocrx_word' id='word_1_645' title='bbox 3032 4121 3206 4178; x_wconf 84' lang='lat' dir='ltr'><strong>pauca</strong></span> <span class='ocrx_word' id='word_1_646' title='bbox 3253 4106 3523 4163; x_wconf 77' lang='lat' dir='ltr'><strong>dicamus.</strong></span> <span class='ocrx_word' id='word_1_647' title='bbox 3569 4107 3630 4162; x_wconf 81' lang='lat' dir='ltr'><strong>In</strong></span> <span class='ocrx_word' id='word_1_648' title='bbox 3687 4103 3878 4163; x_wconf 79' lang='lat' dir='ltr'><strong>Genesi</strong></span> 
     </span>
    </p>
   </div>
   <div class='ocr_carea' id='block_1_83' title="bbox 581 4189 3878 4271">
    <p class='ocr_par' dir='ltr' id='par_1_83' title="bbox 581 4189 3878 4271">
     <span class='ocr_line' id='line_1_83' title="bbox 581 4189 3878 4271; baseline -0.001 -15"><span class='ocrx_word' id='word_1_649' title='bbox 581 4196 638 4256; x_wconf 84' lang='lat' dir='ltr'><strong>in</strong></span> <span class='ocrx_word' id='word_1_650' title='bbox 665 4207 809 4256; x_wconf 87' lang='lat' dir='ltr'><strong>terra</strong></span> <span class='ocrx_word' id='word_1_651' title='bbox 839 4195 1098 4269; x_wconf 89' lang='lat' dir='ltr'><strong>operibus</strong></span> <span class='ocrx_word' id='word_1_652' title='bbox 1121 4205 1175 4251; x_wconf 91' lang='lat' dir='ltr'><strong>et</strong></span> <span class='ocrx_word' id='word_1_653' title='bbox 1202 4195 1386 4251; x_wconf 88' lang='lat' dir='ltr'><strong>verbis</strong></span> <span class='ocrx_word' id='word_1_654' title='bbox 1420 4189 1591 4252; x_wconf 83' lang='lat' dir='ltr'><strong>Deum</strong></span> <span class='ocrx_word' id='word_1_655' title='bbox 1627 4195 1849 4252; x_wconf 87' lang='lat' dir='ltr'><strong>laudare</strong></span> <span class='ocrx_word' id='word_1_656' title='bbox 1878 4211 1985 4252; x_wconf 92' lang='lat' dir='ltr'><strong>non</strong></span> <span class='ocrx_word' id='word_1_657' title='bbox 2016 4196 2190 4253; x_wconf 92' lang='lat' dir='ltr'><strong>desis-</strong></span> <span class='ocrx_word' id='word_1_658' title='bbox 2290 4199 2556 4269; x_wconf 88' lang='lat' dir='ltr'><strong>scriptum</strong></span> <span class='ocrx_word' id='word_1_659' title='bbox 2609 4207 2690 4254; x_wconf 90' lang='lat' dir='ltr'><strong>est</strong></span> <span class='ocrx_word' id='word_1_660' title='bbox 2720 4197 2864 4271; x_wconf 89' lang='lat' dir='ltr'><strong>quod</strong></span> <span class='ocrx_word' id='word_1_661' title='bbox 2907 4199 3248 4270; x_wconf 87' lang='lat' dir='ltr'><strong>plantaverat</strong></span> <span class='ocrx_word' id='word_1_662' title='bbox 3272 4198 3419 4256; x_wconf 81' lang='lat' dir='ltr'><strong>Deus</strong></span> <span class='ocrx_word' id='word_1_663' title='bbox 3451 4198 3767 4270; x_wconf 79' lang='lat' dir='ltr'><strong>paradisum</strong></span> <span class='ocrx_word' id='word_1_664' title='bbox 3793 4212 3878 4252; x_wconf 84' lang='lat' dir='ltr'><strong>vo-</strong></span> 
     </span>
    </p>
   </div>
   <div class='ocr_carea' id='block_1_84' title="bbox 584 4283 2189 4359">
    <p class='ocr_par' dir='ltr' id='par_1_84' title="bbox 584 4283 2189 4359">
     <span class='ocr_line' id='line_1_84' title="bbox 584 4283 2189 4359; baseline -0.002 -10"><span class='ocrx_word' id='word_1_665' title='bbox 584 4301 729 4358; x_wconf 91' lang='lat' dir='ltr'><strong>tunt,</strong></span> <span class='ocrx_word' id='word_1_666' title='bbox 757 4290 888 4348; x_wconf 90' lang='lat' dir='ltr'><strong>etin</strong></span> <span class='ocrx_word' id='word_1_667' title='bbox 915 4287 1072 4348; x_wconf 67' lang='lat' dir='ltr'><strong>costis</strong></span> <span class='ocrx_word' id='word_1_668' title='bbox 1097 4303 1218 4345; x_wconf 91' lang='lat' dir='ltr'><strong>eum</strong></span> <span class='ocrx_word' id='word_1_669' title='bbox 1250 4285 1482 4344; x_wconf 89' lang='lat' dir='ltr'><strong>Domino</strong></span> <span class='ocrx_word' id='word_1_670' title='bbox 1514 4285 1694 4358; x_wconf 90' lang='lat' dir='ltr'><strong>positi,</strong></span> <span class='ocrx_word' id='word_1_671' title='bbox 1731 4304 1760 4344; x_wconf 89' lang='lat' dir='ltr'><strong>a</strong></span> <span class='ocrx_word' id='word_1_672' title='bbox 1782 4283 2031 4345; x_wconf 85' lang='lat' dir='ltr'><strong>laudibus</strong></span> <span class='ocrx_word' id='word_1_673' title='bbox 2071 4291 2189 4359; x_wconf 85' lang='lat' dir='ltr'><strong>ejus</strong></span> 
     </span>
    </p>
   </div>
   <div class='ocr_carea' id='block_1_85' title="bbox 588 4383 2190 4457">
    <p class='ocr_par' dir='ltr' id='par_1_85' title="bbox 588 4383 2190 4457">
     <span class='ocr_line' id='line_1_85' title="bbox 588 4383 2190 4457; baseline -0.002 -13"><span class='ocrx_word' id='word_1_674' title='bbox 588 4399 880 4457; x_wconf 90' lang='lat' dir='ltr'><strong>numquam</strong></span> <span class='ocrx_word' id='word_1_675' title='bbox 932 4392 1173 4442; x_wconf 88' lang='lat' dir='ltr'><strong>cessant.</strong></span> <span class='ocrx_word' id='word_1_676' title='bbox 1218 4383 1321 4439; x_wconf 83' lang='lat' dir='ltr'><strong>Per</strong></span> <span class='ocrx_word' id='word_1_677' title='bbox 1350 4397 1498 4439; x_wconf 91' lang='lat' dir='ltr'><strong>mare</strong></span> <span class='ocrx_word' id='word_1_678' title='bbox 1547 4399 1677 4438; x_wconf 91' lang='lat' dir='ltr'><strong>vero</strong></span> <span class='ocrx_word' id='word_1_679' title='bbox 1727 4383 2049 4452; x_wconf 85' lang='lat' dir='ltr'><strong>Ecclesiam,</strong></span> <span class='ocrx_word' id='word_1_680' title='bbox 2095 4401 2190 4456; x_wconf 90' lang='lat' dir='ltr'><strong>per</strong></span> 
     </span>
    </p>
   </div>
   <div class='ocr_carea' id='block_1_86' title="bbox 591 4475 2190 4554">
    <p class='ocr_par' dir='ltr' id='par_1_86' title="bbox 591 4475 2190 4554">
     <span class='ocr_line' id='line_1_86' title="bbox 591 4475 2190 4554; baseline -0.002 -14"><span class='ocrx_word' id='word_1_681' title='bbox 591 4489 759 4554; x_wconf 80' lang='lat' dir='ltr'><strong>aquas</strong></span> <span class='ocrx_word' id='word_1_682' title='bbox 788 4481 953 4536; x_wconf 88' lang='lat' dir='ltr'><strong>maris</strong></span> <span class='ocrx_word' id='word_1_683' title='bbox 986 4475 1386 4534; x_wconf 87' lang='lat' dir='ltr'><strong>multitudinem</strong></span> <span class='ocrx_word' id='word_1_684' title='bbox 1413 4475 1671 4542; x_wconf 89' lang='lat' dir='ltr'><strong>lidelium,</strong></span> <span class='ocrx_word' id='word_1_685' title='bbox 1703 4493 1801 4548; x_wconf 87' lang='lat' dir='ltr'><strong>per</strong></span> <span class='ocrx_word' id='word_1_686' title='bbox 1827 4480 2002 4550; x_wconf 91' lang='lat' dir='ltr'><strong>pisces</strong></span> <span class='ocrx_word' id='word_1_687' title='bbox 2024 4482 2115 4552; x_wconf 91' lang='lat' dir='ltr'><strong>qui</strong></span> <span class='ocrx_word' id='word_1_688' title='bbox 2139 4481 2190 4537; x_wconf 90' lang='lat' dir='ltr'><strong>in</strong></span> 
     </span>
    </p>
   </div>
   <div class='ocr_carea' id='block_1_87' title="bbox 2293 4290 3875 4363">
    <p class='ocr_par' dir='ltr' id='par_1_87' title="bbox 2293 4290 3875 4363">
     <span class='ocr_line' id='line_1_87' title="bbox 2293 4290 3875 4363; baseline -0.004 -16"><span class='ocrx_word' id='word_1_689' title='bbox 2293 4291 2536 4362; x_wconf 86' lang='lat' dir='ltr'><strong>luptatis,</strong></span> <span class='ocrx_word' id='word_1_690' title='bbox 2575 4293 2625 4348; x_wconf 91' lang='lat' dir='ltr'><strong>in</strong></span> <span class='ocrx_word' id='word_1_691' title='bbox 2648 4307 2756 4362; x_wconf 90' lang='lat' dir='ltr'><strong>quo</strong></span> <span class='ocrx_word' id='word_1_692' title='bbox 2795 4290 2975 4362; x_wconf 89' lang='lat' dir='ltr'><strong>posuit</strong></span> <span class='ocrx_word' id='word_1_693' title='bbox 3003 4290 3306 4358; x_wconf 78' lang='lat' dir='ltr'><strong>hominem,</strong></span> <span class='ocrx_word' id='word_1_694' title='bbox 3342 4307 3502 4363; x_wconf 89' lang='lat' dir='ltr'><strong>quem</strong></span> <span class='ocrx_word' id='word_1_695' title='bbox 3531 4291 3875 4346; x_wconf 79' lang='lat' dir='ltr'><strong>lormaverat:</strong></span> 
     </span>
    </p>
   </div>
   <div class='ocr_carea' id='block_1_88' title="bbox 2295 4382 3880 4454">
    <p class='ocr_par' dir='ltr' id='par_1_88' title="bbox 2295 4382 3880 4454">
     <span class='ocr_line' id='line_1_88' title="bbox 2295 4382 3880 4454; baseline -0.002 -17"><span class='ocrx_word' id='word_1_696' title='bbox 2295 4384 2386 4454; x_wconf 90' lang='lat' dir='ltr'><strong>qui</strong></span> <span class='ocrx_word' id='word_1_697' title='bbox 2436 4382 2672 4439; x_wconf 90' lang='lat' dir='ltr'><strong>diversis</strong></span> <span class='ocrx_word' id='word_1_698' title='bbox 2720 4384 3008 4440; x_wconf 88' lang='lat' dir='ltr'><strong>arboribus</strong></span> <span class='ocrx_word' id='word_1_699' title='bbox 3059 4383 3302 4440; x_wconf 86' lang='lat' dir='ltr'><strong>consitus</strong></span> <span class='ocrx_word' id='word_1_700' title='bbox 3363 4397 3490 4441; x_wconf 86' lang='lat' dir='ltr'><strong>esse</strong></span> <span class='ocrx_word' id='word_1_701' title='bbox 3555 4383 3880 4440; x_wconf 82' lang='lat' dir='ltr'><strong>describitur</strong></span> 
     </span>
    </p>
   </div>
   <div class='ocr_carea' id='block_1_89' title="bbox 2297 4476 3881 4550">
    <p class='ocr_par' dir='ltr' id='par_1_89' title="bbox 2297 4476 3881 4550">
     <span class='ocr_line' id='line_1_89' title="bbox 2297 4476 3881 4550; baseline -0.004 -16"><span class='ocrx_word' id='word_1_702' title='bbox 2297 4477 2455 4550; x_wconf 80' lang='lat' dir='ltr'><strong>(Gen.</strong></span> <span class='ocrx_word' id='word_1_703' title='bbox 2487 4495 2524 4534; x_wconf 89' lang='lat' dir='ltr'><strong>tt</strong></span> <span class='ocrx_word' id='word_1_704' title='bbox 2551 4521 2566 4546; x_wconf 94' lang='lat'><strong>,</strong></span> <span class='ocrx_word' id='word_1_705' title='bbox 2599 4479 2680 4550; x_wconf 77' lang='lat' dir='ltr'><strong>il).</strong></span> <span class='ocrx_word' id='word_1_706' title='bbox 2709 4477 2811 4534; x_wconf 89' lang='lat' dir='ltr'><strong>Per</strong></span> <span class='ocrx_word' id='word_1_707' title='bbox 2835 4477 3145 4549; x_wconf 88' lang='lat' dir='ltr'><strong>paradisum</strong></span> <span class='ocrx_word' id='word_1_708' title='bbox 3169 4479 3332 4550; x_wconf 87' lang='lat' dir='ltr'><strong>igitur</strong></span> <span class='ocrx_word' id='word_1_709' title='bbox 3357 4476 3594 4534; x_wconf 84' lang='lat' dir='ltr'><strong>Ecclesia</strong></span> <span class='ocrx_word' id='word_1_710' title='bbox 3633 4498 3646 4530; x_wconf 92' lang='lat'>:</span> <span class='ocrx_word' id='word_1_711' title='bbox 3675 4492 3774 4548; x_wconf 88' lang='lat' dir='ltr'><strong>per</strong></span> <span class='ocrx_word' id='word_1_712' title='bbox 3805 4489 3881 4529; x_wconf 62' lang='lat' dir='ltr'><strong>aro</strong></span> 
     </span>
    </p>
   </div>
   <div class='ocr_carea' id='block_1_90' title="bbox 591 4564 3882 4648">
    <p class='ocr_par' dir='ltr' id='par_1_90' title="bbox 591 4564 3882 4648">
     <span class='ocr_line' id='line_1_90' title="bbox 591 4564 3882 4648; baseline -0.003 -16"><span class='ocrx_word' id='word_1_713' title='bbox 591 4576 748 4648; x_wconf 87' lang='lat' dir='ltr'><strong>aquis</strong></span> <span class='ocrx_word' id='word_1_714' title='bbox 776 4581 1206 4637; x_wconf 85' lang='lat' dir='ltr'><strong>commorantur,</strong></span> <span class='ocrx_word' id='word_1_715' title='bbox 1236 4570 1491 4628; x_wconf 89' lang='lat' dir='ltr'><strong>doctores</strong></span> <span class='ocrx_word' id='word_1_716' title='bbox 1507 4569 1766 4627; x_wconf 72' lang='lat' dir='ltr'><strong>Ecclesim</strong></span> <span class='ocrx_word' id='word_1_717' title='bbox 1795 4588 2082 4644; x_wconf 87' lang='lat' dir='ltr'><strong>possumus</strong></span> <span class='ocrx_word' id='word_1_718' title='bbox 2113 4574 2192 4630; x_wconf 89' lang='lat' dir='ltr'><strong>in-</strong></span> <span class='ocrx_word' id='word_1_719' title='bbox 2219 4564 2274 4626; x_wconf 85' lang='lat' dir='ltr'>D</span> <span class='ocrx_word' id='word_1_720' title='bbox 2301 4570 2460 4628; x_wconf 86' lang='lat' dir='ltr'><strong>bores</strong></span> <span class='ocrx_word' id='word_1_721' title='bbox 2490 4588 2619 4628; x_wconf 91' lang='lat' dir='ltr'><strong>vero</strong></span> <span class='ocrx_word' id='word_1_722' title='bbox 2651 4571 2884 4643; x_wconf 86' lang='lat' dir='ltr'><strong>paradisi</strong></span> <span class='ocrx_word' id='word_1_723' title='bbox 2912 4571 3166 4628; x_wconf 87' lang='lat' dir='ltr'><strong>doctores</strong></span> <span class='ocrx_word' id='word_1_724' title='bbox 3193 4571 3458 4628; x_wconf 73' lang='lat' dir='ltr'><strong>Ecclesiae</strong></span> <span class='ocrx_word' id='word_1_725' title='bbox 3505 4571 3882 4642; x_wconf 78' lang='lat' dir='ltr'><strong>designantur.</strong></span> 
     </span>
    </p>
   </div>
   <div class='ocr_carea' id='block_1_91' title="bbox 593 4661 2194 4738">
    <p class='ocr_par' dir='ltr' id='par_1_91' title="bbox 593 4661 2194 4738">
     <span class='ocr_line' id='line_1_91' title="bbox 593 4661 2194 4738; baseline -0.002 -13"><span class='ocrx_word' id='word_1_726' title='bbox 593 4667 862 4738; x_wconf 84' lang='lat' dir='ltr'><strong>telligere.</strong></span> <span class='ocrx_word' id='word_1_727' title='bbox 897 4665 1156 4736; x_wconf 89' lang='lat' dir='ltr'><strong>Sequitur</strong></span> <span class='ocrx_word' id='word_1_728' title='bbox 1185 4661 1520 4730; x_wconf 85' lang='lat' dir='ltr'><strong>benedictio,</strong></span> <span class='ocrx_word' id='word_1_729' title='bbox 1552 4680 1656 4734; x_wconf 91' lang='lat' dir='ltr'><strong>qua</strong></span> <span class='ocrx_word' id='word_1_730' title='bbox 1688 4663 1876 4722; x_wconf 81' lang='lat' dir='ltr'><strong>lidcles</strong></span> <span class='ocrx_word' id='word_1_731' title='bbox 1906 4667 2074 4723; x_wconf 88' lang='lat' dir='ltr'><strong>Deum</strong></span> <span class='ocrx_word' id='word_1_732' title='bbox 2107 4682 2194 4722; x_wconf 87' lang='lat' dir='ltr'><strong>as-</strong></span> 
     </span>
    </p>
   </div>
   <div class='ocr_carea' id='block_1_92' title="bbox 2297 4663 3882 4736">
    <p class='ocr_par' dir='ltr' id='par_1_92' title="bbox 2297 4663 3882 4736">
     <span class='ocr_line' id='line_1_92' title="bbox 2297 4663 3882 4736; baseline -0.003 -14"><span class='ocrx_word' id='word_1_733' title='bbox 2297 4668 2364 4724; x_wconf 88' lang='lat' dir='ltr'><strong>Et</strong></span> <span class='ocrx_word' id='word_1_734' title='bbox 2403 4668 2545 4724; x_wconf 82' lang='lat' dir='ltr'><strong>sicut</strong></span> <span class='ocrx_word' id='word_1_735' title='bbox 2589 4667 2812 4724; x_wconf 85' lang='lat' dir='ltr'><strong>arbores</strong></span> <span class='ocrx_word' id='word_1_736' title='bbox 2861 4665 3096 4736; x_wconf 87' lang='lat' dir='ltr'><strong>paradisi</strong></span> <span class='ocrx_word' id='word_1_737' title='bbox 3129 4667 3332 4723; x_wconf 88' lang='lat' dir='ltr'><strong>victum</strong></span> <span class='ocrx_word' id='word_1_738' title='bbox 3361 4680 3646 4736; x_wconf 83' lang='lat' dir='ltr'><strong>pomorum</strong></span> <span class='ocrx_word' id='word_1_739' title='bbox 3683 4663 3882 4736; x_wconf 56' lang='lat' dir='ltr'><strong>prahv</strong></span> 
     </span>
    </p>
   </div>
   <div class='ocr_carea' id='block_1_93' title="bbox 595 4754 3879 4835">
    <p class='ocr_par' dir='ltr' id='par_1_93' title="bbox 595 4754 3879 4835">
     <span class='ocr_line' id='line_1_93' title="bbox 595 4754 3879 4835; baseline -0.004 -18"><span class='ocrx_word' id='word_1_740' title='bbox 595 4759 752 4818; x_wconf 84' lang='lat' dir='ltr'><strong>sidue</strong></span> <span class='ocrx_word' id='word_1_741' title='bbox 779 4757 1102 4814; x_wconf 86' lang='lat' dir='ltr'><strong>benedicere</strong></span> <span class='ocrx_word' id='word_1_742' title='bbox 1127 4755 1386 4813; x_wconf 89' lang='lat' dir='ltr'><strong>dicuntur</strong></span> <span class='ocrx_word' id='word_1_743' title='bbox 1415 4774 1428 4810; x_wconf 89' lang='lat'><strong>:</strong></span> <span class='ocrx_word' id='word_1_744' title='bbox 1461 4755 1784 4827; x_wconf 79' lang='lat' dir='ltr'><strong>Benedictio,</strong></span> <span class='ocrx_word' id='word_1_745' title='bbox 1819 4758 2004 4826; x_wconf 82' lang='lat' dir='ltr'><strong>honor,</strong></span> <span class='ocrx_word' id='word_1_746' title='bbox 2029 4761 2206 4835; x_wconf 9' lang='lat' dir='ltr'><strong>gloria,</strong></span> <span class='ocrx_word' id='word_1_747' title='bbox 2298 4760 2428 4816; x_wconf 87' lang='lat' dir='ltr'><strong>bant</strong></span> <span class='ocrx_word' id='word_1_748' title='bbox 2481 4760 2670 4830; x_wconf 89' lang='lat' dir='ltr'><strong>primis</strong></span> <span class='ocrx_word' id='word_1_749' title='bbox 2721 4759 3053 4822; x_wconf 81' lang='lat' dir='ltr'><strong>hominibus.</strong></span> <span class='ocrx_word' id='word_1_750' title='bbox 3100 4758 3174 4813; x_wconf 88' lang='lat' dir='ltr'><strong>ita</strong></span> <span class='ocrx_word' id='word_1_751' title='bbox 3224 4764 3282 4812; x_wconf 86' lang='lat' dir='ltr'><strong>et</strong></span> <span class='ocrx_word' id='word_1_752' title='bbox 3327 4756 3582 4812; x_wconf 87' lang='lat' dir='ltr'><strong>doctores</strong></span> <span class='ocrx_word' id='word_1_753' title='bbox 3631 4754 3879 4810; x_wconf 70' lang='lat' dir='ltr'><strong>Ecclesia</strong></span> 
     </span>
    </p>
   </div>
   <div class='ocr_carea' id='block_1_94' title="bbox 595 4847 2200 4924">
    <p class='ocr_par' dir='ltr' id='par_1_94' title="bbox 595 4847 2200 4924">
     <span class='ocr_line' id='line_1_94' title="bbox 595 4847 2200 4924; baseline 0 -13"><span class='ocrx_word' id='word_1_754' title='bbox 595 4861 645 4910; x_wconf 84' lang='lat' dir='ltr'><strong>et</strong></span> <span class='ocrx_word' id='word_1_755' title='bbox 668 4857 894 4924; x_wconf 73' lang='lat' dir='ltr'><strong>potestas</strong></span> <span class='ocrx_word' id='word_1_756' title='bbox 926 4847 1034 4906; x_wconf 87' lang='lat' dir='ltr'><strong>Deo</strong></span> <span class='ocrx_word' id='word_1_757' title='bbox 1057 4859 1232 4905; x_wconf 84' lang='lat' dir='ltr'><strong>nostra</strong></span> <span class='ocrx_word' id='word_1_758' title='bbox 1261 4851 1317 4904; x_wconf 85' lang='lat' dir='ltr'><strong>in</strong></span> <span class='ocrx_word' id='word_1_759' title='bbox 1344 4851 1539 4906; x_wconf 62' lang='lat' dir='ltr'><strong>saecula</strong></span> <span class='ocrx_word' id='word_1_760' title='bbox 1584 4851 1890 4908; x_wconf 82' lang='lat' dir='ltr'><strong>swculorum</strong></span> <span class='ocrx_word' id='word_1_761' title='bbox 1907 4870 1927 4920; x_wconf 91' lang='lat'><strong>;</strong></span> <span class='ocrx_word' id='word_1_762' title='bbox 1978 4854 2200 4911; x_wconf 87' lang='lat' dir='ltr'><strong>benedi-</strong></span> 
     </span>
    </p>
   </div>
   <div class='ocr_carea' id='block_1_95' title="bbox 594 4935 2197 5017">
    <p class='ocr_par' dir='ltr' id='par_1_95' title="bbox 594 4935 2197 5017">
     <span class='ocr_line' id='line_1_95' title="bbox 594 4935 2197 5017; baseline 0.001 -15"><span class='ocrx_word' id='word_1_763' title='bbox 594 4954 724 5002; x_wconf 89' lang='lat' dir='ltr'><strong>cunt</strong></span> <span class='ocrx_word' id='word_1_764' title='bbox 748 4957 981 5012; x_wconf 85' lang='lat' dir='ltr'><strong>namque</strong></span> <span class='ocrx_word' id='word_1_765' title='bbox 1003 4940 1164 4998; x_wconf 90' lang='lat' dir='ltr'><strong>electi</strong></span> <span class='ocrx_word' id='word_1_766' title='bbox 1193 4935 1413 4997; x_wconf 86' lang='lat' dir='ltr'><strong>assidue</strong></span> <span class='ocrx_word' id='word_1_767' title='bbox 1447 4939 1639 5009; x_wconf 89' lang='lat' dir='ltr'><strong>Deum,</strong></span> <span class='ocrx_word' id='word_1_768' title='bbox 1670 4957 1792 4998; x_wconf 91' lang='lat' dir='ltr'><strong>cum</strong></span> <span class='ocrx_word' id='word_1_769' title='bbox 1825 4945 2004 5000; x_wconf 81' lang='lat' dir='ltr'><strong>verbis</strong></span> <span class='ocrx_word' id='word_1_770' title='bbox 2031 4953 2197 5017; x_wconf 86' lang='lat' dir='ltr'><strong>opera</strong></span> 
     </span>
    </p>
   </div>
   <div class='ocr_carea' id='block_1_96' title="bbox 598 5036 952 5109">
    <p class='ocr_par' dir='ltr' id='par_1_96' title="bbox 598 5036 952 5109">
     <span class='ocr_line' id='line_1_96' title="bbox 598 5036 952 5109; baseline -0.017 -15"><span class='ocrx_word' id='word_1_771' title='bbox 598 5036 952 5109; x_wconf 74' lang='lat' dir='ltr'><strong>coniungunt.</strong></span> 
     </span>
    </p>
   </div>
   <div class='ocr_carea' id='block_1_97' title="bbox 678 5124 2195 5200">
    <p class='ocr_par' dir='ltr' id='par_1_97' title="bbox 678 5124 2195 5200">
     <span class='ocr_line' id='line_1_97' title="bbox 678 5124 2195 5200; baseline 0.002 -15"><span class='ocrx_word' id='word_1_772' title='bbox 678 5129 859 5200; x_wconf 80' lang='lat' dir='ltr'><strong>(Vers.</strong></span> <span class='ocrx_word' id='word_1_773' title='bbox 895 5127 1012 5196; x_wconf 67' lang='lat' dir='ltr'><strong>ll.)</strong></span> <span class='ocrx_word' id='word_1_774' title='bbox 1051 5124 1120 5180; x_wconf 88' lang='lat' dir='ltr'><strong>Et</strong></span> <span class='ocrx_word' id='word_1_775' title='bbox 1149 5134 1372 5198; x_wconf 80' lang='lat' dir='ltr'><strong>quatuor</strong></span> <span class='ocrx_word' id='word_1_776' title='bbox 1422 5125 1671 5183; x_wconf 80' lang='lat' dir='ltr'><strong>animalia</strong></span> <span class='ocrx_word' id='word_1_777' title='bbox 1718 5127 2000 5186; x_wconf 80' lang='lat' dir='ltr'><strong>dicebant:</strong></span> <span class='ocrx_word' id='word_1_778' title='bbox 2027 5150 2195 5188; x_wconf 87' lang='lat' dir='ltr'><strong>amen.</strong></span> 
     </span>
    </p>
   </div>
   <div class='ocr_carea' id='block_1_98' title="bbox 601 5223 2200 5300">
    <p class='ocr_par' dir='ltr' id='par_1_98' title="bbox 601 5223 2200 5300">
     <span class='ocr_line' id='line_1_98' title="bbox 601 5223 2200 5300; baseline 0 -18"><span class='ocrx_word' id='word_1_779' title='bbox 601 5226 776 5282; x_wconf 70' lang='lat' dir='ltr'><strong>Amen</strong></span> <span class='ocrx_word' id='word_1_780' title='bbox 804 5223 1146 5281; x_wconf 81' lang='lat' dir='ltr'><strong>conﬁrmatio</strong></span> <span class='ocrx_word' id='word_1_781' title='bbox 1168 5223 1437 5280; x_wconf 87' lang='lat' dir='ltr'><strong>sermonis</strong></span> <span class='ocrx_word' id='word_1_782' title='bbox 1465 5232 1550 5279; x_wconf 71' lang='lat' dir='ltr'><strong>eet</strong></span> <span class='ocrx_word' id='word_1_783' title='bbox 1583 5242 1594 5278; x_wconf 92' lang='lat'><strong>:</strong></span> <span class='ocrx_word' id='word_1_784' title='bbox 1623 5233 1858 5297; x_wconf 91' lang='lat' dir='ltr'><strong>quatuor</strong></span> <span class='ocrx_word' id='word_1_785' title='bbox 1888 5227 2052 5300; x_wconf 85' lang='lat' dir='ltr'><strong>igitur</strong></span> <span class='ocrx_word' id='word_1_786' title='bbox 2079 5230 2200 5284; x_wconf 89' lang='lat' dir='ltr'><strong>ani-</strong></span> 
     </span>
    </p>
   </div>
   <div class='ocr_carea' id='block_1_99' title="bbox 599 5317 2202 5394">
    <p class='ocr_par' dir='ltr' id='par_1_99' title="bbox 599 5317 2202 5394">
     <span class='ocr_line' id='line_1_99' title="bbox 599 5317 2202 5394; baseline 0.003 -19"><span class='ocrx_word' id='word_1_787' title='bbox 599 5319 762 5376; x_wconf 79' lang='lat' dir='ltr'><strong>malia</strong></span> <span class='ocrx_word' id='word_1_788' title='bbox 787 5318 1000 5386; x_wconf 86' lang='lat' dir='ltr'><strong>dicunt,</strong></span> <span class='ocrx_word' id='word_1_789' title='bbox 1030 5331 1210 5382; x_wconf 85' lang='lat' dir='ltr'><strong>amen,</strong></span> <span class='ocrx_word' id='word_1_790' title='bbox 1243 5331 1365 5372; x_wconf 90' lang='lat' dir='ltr'><strong>cum</strong></span> <span class='ocrx_word' id='word_1_791' title='bbox 1397 5317 1571 5372; x_wconf 88' lang='lat' dir='ltr'><strong>sancti</strong></span> <span class='ocrx_word' id='word_1_792' title='bbox 1604 5319 1994 5390; x_wconf 65' lang='lat' dir='ltr'><strong>prccdicatores</strong></span> <span class='ocrx_word' id='word_1_793' title='bbox 2009 5333 2202 5394; x_wconf 88' lang='lat' dir='ltr'><strong>optant</strong></span> 
     </span>
    </p>
   </div>
   <div class='ocr_carea' id='block_1_100' title="bbox 602 5403 2198 5488">
    <p class='ocr_par' dir='ltr' id='par_1_100' title="bbox 602 5403 2198 5488">
     <span class='ocr_line' id='line_1_100' title="bbox 602 5403 2198 5488; baseline 0.003 -20"><span class='ocrx_word' id='word_1_794' title='bbox 602 5412 843 5478; x_wconf 76' lang='lat' dir='ltr'><strong>assidue,</strong></span> <span class='ocrx_word' id='word_1_795' title='bbox 869 5419 928 5465; x_wconf 87' lang='lat' dir='ltr'><strong>ut</strong></span> <span class='ocrx_word' id='word_1_796' title='bbox 953 5403 1232 5465; x_wconf 83' lang='lat' dir='ltr'><strong>auditores</strong></span> <span class='ocrx_word' id='word_1_797' title='bbox 1260 5419 1448 5465; x_wconf 89' lang='lat' dir='ltr'><strong>eorum</strong></span> <span class='ocrx_word' id='word_1_798' title='bbox 1481 5409 1534 5464; x_wconf 89' lang='lat' dir='ltr'><strong>lu</strong></span> <span class='ocrx_word' id='word_1_799' title='bbox 1560 5409 1715 5466; x_wconf 85' lang='lat' dir='ltr'><strong>bonis</strong></span> <span class='ocrx_word' id='word_1_800' title='bbox 1739 5413 1995 5483; x_wconf 84' lang='lat' dir='ltr'><strong>operibus</strong></span> <span class='ocrx_word' id='word_1_801' title='bbox 2025 5417 2198 5488; x_wconf 83' lang='lat' dir='ltr'><strong>magis</strong></span> 
     </span>
    </p>
   </div>
   <div class='ocr_carea' id='block_1_101' title="bbox 602 5500 2200 5576">
    <p class='ocr_par' dir='ltr' id='par_1_101' title="bbox 602 5500 2200 5576">
     <span class='ocr_line' id='line_1_101' title="bbox 602 5500 2200 5576; baseline 0.001 -14"><span class='ocrx_word' id='word_1_802' title='bbox 602 5519 668 5562; x_wconf 84' lang='lat' dir='ltr'><strong>ac</strong></span> <span class='ocrx_word' id='word_1_803' title='bbox 695 5503 874 5576; x_wconf 78' lang='lat' dir='ltr'><strong>magis</strong></span> <span class='ocrx_word' id='word_1_804' title='bbox 903 5501 1205 5574; x_wconf 79' lang='lat' dir='ltr'><strong>proﬁciant.</strong></span> <span class='ocrx_word' id='word_1_805' title='bbox 1240 5500 1306 5556; x_wconf 86' lang='lat' dir='ltr'><strong>Et</strong></span> <span class='ocrx_word' id='word_1_806' title='bbox 1333 5501 1512 5571; x_wconf 78' lang='lat' dir='ltr'><strong>viginti</strong></span> <span class='ocrx_word' id='word_1_807' title='bbox 1537 5515 1757 5572; x_wconf 81' lang='lat' dir='ltr'><strong>quatuor</strong></span> <span class='ocrx_word' id='word_1_808' title='bbox 1801 5507 2029 5561; x_wconf 80' lang='lat' dir='ltr'><strong>seniores</strong></span> <span class='ocrx_word' id='word_1_809' title='bbox 2069 5509 2200 5564; x_wconf 87' lang='lat' dir='ltr'><strong>ceci-</strong></span> 
     </span>
    </p>
   </div>
   <div class='ocr_carea' id='block_1_102' title="bbox 606 5593 2204 5667">
    <p class='ocr_par' dir='ltr' id='par_1_102' title="bbox 606 5593 2204 5667">
     <span class='ocr_line' id='line_1_102' title="bbox 606 5593 2204 5667; baseline 0.002 -12"><span class='ocrx_word' id='word_1_810' title='bbox 606 5599 793 5655; x_wconf 78' lang='lat' dir='ltr'><strong>derunt</strong></span> <span class='ocrx_word' id='word_1_811' title='bbox 817 5605 864 5652; x_wconf 87' lang='lat' dir='ltr'><strong>et</strong></span> <span class='ocrx_word' id='word_1_812' title='bbox 903 5595 1268 5651; x_wconf 73' lang='lat' dir='ltr'><strong>admoverunt.</strong></span> <span class='ocrx_word' id='word_1_813' title='bbox 1323 5593 1524 5667; x_wconf 77' lang='lat' dir='ltr'><strong>Viginti</strong></span> <span class='ocrx_word' id='word_1_814' title='bbox 1583 5607 1815 5666; x_wconf 87' lang='lat' dir='ltr'><strong>quatuor</strong></span> <span class='ocrx_word' id='word_1_815' title='bbox 1866 5601 2116 5658; x_wconf 79' lang='lat' dir='ltr'><strong>seniores</strong></span> <span class='ocrx_word' id='word_1_816' title='bbox 2153 5603 2204 5658; x_wconf 90' lang='lat' dir='ltr'><strong>in</strong></span> 
     </span>
    </p>
   </div>
   <div class='ocr_carea' id='block_1_103' title="bbox 679 5725 2215 5818">
    <p class='ocr_par' dir='ltr' id='par_1_103' title="bbox 679 5725 2215 5818">
     <span class='ocr_line' id='line_1_103' title="bbox 679 5725 2215 5818; baseline 0.007 -28"><span class='ocrx_word' id='word_1_817' title='bbox 679 5743 705 5773; x_wconf 72' lang='grc'><strong>⁸</strong></span> <span class='ocrx_word' id='word_1_818' title='bbox 749 5725 968 5818; x_wconf 61' lang='lat' dir='ltr'><strong>Eaedem</strong></span> <span class='ocrx_word' id='word_1_819' title='bbox 990 5736 1253 5818; x_wconf 36' lang='lat' dir='ltr'><strong>“edim-ad</strong></span> <span class='ocrx_word' id='word_1_820' title='bbox 1268 5739 1634 5818; x_wconf 72' lang='lat' dir='ltr'><strong>perfectionem</strong></span> <span class='ocrx_word' id='word_1_821' title='bbox 1659 5741 1951 5818; x_wconf 59' lang='lat' dir='ltr'><strong>diuinarum</strong></span> <span class='ocrx_word' id='word_1_822' title='bbox 1973 5745 2215 5818; x_wconf 51' lang='lat' dir='ltr'><strong>Scriptu-</strong></span> 
     </span>
    </p>
   </div>
   <div class='ocr_carea' id='block_1_104' title="bbox 608 5806 2212 5880">
    <p class='ocr_par' dir='ltr' id='par_1_104' title="bbox 608 5806 2212 5880">
     <span class='ocr_line' id='line_1_104' title="bbox 608 5806 2212 5880; baseline 0.009 -20"><span class='ocrx_word' id='word_1_823' title='bbox 608 5821 807 5861; x_wconf 81' lang='lat' dir='ltr'><strong>rarum.</strong></span> <span class='ocrx_word' id='word_1_824' title='bbox 843 5806 910 5862; x_wconf 87' lang='lat' dir='ltr'><strong>Et</strong></span> <span class='ocrx_word' id='word_1_825' title='bbox 930 5806 1088 5874; x_wconf 85' lang='lat' dir='ltr'><strong>infra,</strong></span> <span class='ocrx_word' id='word_1_826' title='bbox 1113 5807 1181 5861; x_wconf 84' lang='lat' dir='ltr'><strong>ad</strong></span> <span class='ocrx_word' id='word_1_827' title='bbox 1196 5806 1564 5880; x_wconf 73' lang='lat' dir='ltr'><strong>perfectionem</strong></span> <span class='ocrx_word' id='word_1_828' title='bbox 1593 5813 1774 5870; x_wconf 70' lang='lat' dir='ltr'><strong>sacris</strong></span> <span class='ocrx_word' id='word_1_829' title='bbox 1802 5827 1861 5870; x_wconf 79' lang='lat' dir='ltr'><strong>ac</strong></span> <span class='ocrx_word' id='word_1_830' title='bbox 1888 5817 2005 5873; x_wconf 70' lang='lat' dir='ltr'><strong>novi</strong></span> <span class='ocrx_word' id='word_1_831' title='bbox 2032 5806 2212 5876; x_wconf 41' lang='lat' dir='ltr'><strong>Testae</strong></span> 
     </span>
    </p>
   </div>
   <div class='ocr_carea' id='block_1_105' title="bbox 2306 4848 3886 4912">
    <p class='ocr_par' dir='ltr' id='par_1_105' title="bbox 2306 4848 3886 4912">
     <span class='ocr_line' id='line_1_105' title="bbox 2306 4848 3886 4912; baseline -0.005 -4"><span class='ocrx_word' id='word_1_832' title='bbox 2306 4856 2506 4912; x_wconf 80' lang='lat' dir='ltr'><strong>victum</strong></span> <span class='ocrx_word' id='word_1_833' title='bbox 2553 4854 2848 4910; x_wconf 85' lang='lat' dir='ltr'><strong>verborum</strong></span> <span class='ocrx_word' id='word_1_834' title='bbox 2897 4853 3204 4909; x_wconf 80' lang='lat' dir='ltr'><strong>divinorum</strong></span> <span class='ocrx_word' id='word_1_835' title='bbox 3241 4851 3523 4908; x_wconf 90' lang='lat' dir='ltr'><strong>animabus</strong></span> <span class='ocrx_word' id='word_1_836' title='bbox 3566 4849 3812 4906; x_wconf 79' lang='lat' dir='ltr'><strong>ﬁdelium</strong></span> <span class='ocrx_word' id='word_1_837' title='bbox 3839 4848 3886 4900; x_wconf 80' lang='lat' dir='ltr'><strong>in</strong></span> 
     </span>
    </p>
   </div>
   <div class='ocr_carea' id='block_1_106' title="bbox 2305 4942 3886 5018">
    <p class='ocr_par' dir='ltr' id='par_1_106' title="bbox 2305 4942 3886 5018">
     <span class='ocr_line' id='line_1_106' title="bbox 2305 4942 3886 5018; baseline -0.006 -12"><span class='ocrx_word' id='word_1_838' title='bbox 2305 4951 2547 5007; x_wconf 86' lang='lat' dir='ltr'><strong>Ecclesia</strong></span> <span class='ocrx_word' id='word_1_839' title='bbox 2598 4951 3019 5006; x_wconf 88' lang='lat' dir='ltr'><strong>constitutorum</strong></span> <span class='ocrx_word' id='word_1_840' title='bbox 3063 4948 3307 5018; x_wconf 61' lang='lat' dir='ltr'><strong>praebere</strong></span> <span class='ocrx_word' id='word_1_841' title='bbox 3339 4961 3446 5001; x_wconf 90' lang='lat' dir='ltr'><strong>non</strong></span> <span class='ocrx_word' id='word_1_842' title='bbox 3503 4942 3886 5001; x_wconf 65' lang='lat' dir='ltr'><strong>desistuitLDe</strong></span> 
     </span>
    </p>
   </div>
   <div class='ocr_carea' id='block_1_107' title="bbox 2301 5037 3892 5116">
    <p class='ocr_par' dir='ltr' id='par_1_107' title="bbox 2301 5037 3892 5116">
     <span class='ocr_line' id='line_1_107' title="bbox 2301 5037 3892 5116; baseline -0.006 -16"><span class='ocrx_word' id='word_1_843' title='bbox 2301 5046 2450 5116; x_wconf 89' lang='lat' dir='ltr'><strong>ligno</strong></span> <span class='ocrx_word' id='word_1_844' title='bbox 2502 5053 2683 5099; x_wconf 87' lang='lat' dir='ltr'><strong>autem</strong></span> <span class='ocrx_word' id='word_1_845' title='bbox 2755 5044 2903 5110; x_wconf 85' lang='lat' dir='ltr'><strong>vitae,</strong></span> <span class='ocrx_word' id='word_1_846' title='bbox 2959 5051 3016 5096; x_wconf 93' lang='lat' dir='ltr'><strong>et</strong></span> <span class='ocrx_word' id='word_1_847' title='bbox 3062 5040 3132 5096; x_wconf 89' lang='lat' dir='ltr'><strong>de</strong></span> <span class='ocrx_word' id='word_1_848' title='bbox 3181 5041 3325 5112; x_wconf 86' lang='lat' dir='ltr'><strong>ligno</strong></span> <span class='ocrx_word' id='word_1_849' title='bbox 3379 5038 3620 5095; x_wconf 74' lang='lat' dir='ltr'><strong>scientiae</strong></span> <span class='ocrx_word' id='word_1_850' title='bbox 3667 5037 3800 5093; x_wconf 86' lang='lat' dir='ltr'><strong>boui</strong></span> <span class='ocrx_word' id='word_1_851' title='bbox 3841 5043 3892 5090; x_wconf 86' lang='lat' dir='ltr'><strong>et</strong></span> 
     </span>
    </p>
   </div>
   <div class='ocr_carea' id='block_1_108' title="bbox 2307 5130 3890 5208">
    <p class='ocr_par' dir='ltr' id='par_1_108' title="bbox 2307 5130 3890 5208">
     <span class='ocr_line' id='line_1_108' title="bbox 2307 5130 3890 5208; baseline -0.007 -15"><span class='ocrx_word' id='word_1_852' title='bbox 2307 5138 2435 5194; x_wconf 88' lang='lat' dir='ltr'><strong>mali</strong></span> <span class='ocrx_word' id='word_1_853' title='bbox 2477 5138 2730 5208; x_wconf 88' lang='lat' dir='ltr'><strong>superius</strong></span> <span class='ocrx_word' id='word_1_854' title='bbox 2759 5136 3018 5191; x_wconf 84' lang='lat' dir='ltr'><strong>diximus.</strong></span> <span class='ocrx_word' id='word_1_855' title='bbox 3057 5132 3202 5189; x_wconf 88' lang='lat' dir='ltr'><strong>Fons</strong></span> <span class='ocrx_word' id='word_1_856' title='bbox 3233 5146 3366 5188; x_wconf 86' lang='lat' dir='ltr'><strong>vero</strong></span> <span class='ocrx_word' id='word_1_857' title='bbox 3387 5133 3480 5204; x_wconf 90' lang='lat' dir='ltr'><strong>qui</strong></span> <span class='ocrx_word' id='word_1_858' title='bbox 3523 5130 3890 5202; x_wconf 77' lang='lat' dir='ltr'><strong>egrediebatur</strong></span> 
     </span>
    </p>
   </div>
   <div class='ocr_carea' id='block_1_109' title="bbox 2307 5221 3892 5302">
    <p class='ocr_par' dir='ltr' id='par_1_109' title="bbox 2307 5221 3892 5302">
     <span class='ocr_line' id='line_1_109' title="bbox 2307 5221 3892 5302; baseline -0.008 -14"><span class='ocrx_word' id='word_1_859' title='bbox 2307 5233 2376 5288; x_wconf 91' lang='lat' dir='ltr'><strong>de</strong></span> <span class='ocrx_word' id='word_1_860' title='bbox 2409 5231 2587 5287; x_wconf 89' lang='lat' dir='ltr'><strong>medio</strong></span> <span class='ocrx_word' id='word_1_861' title='bbox 2620 5229 2880 5302; x_wconf 85' lang='lat' dir='ltr'><strong>paradisi,</strong></span> <span class='ocrx_word' id='word_1_862' title='bbox 2911 5228 3270 5299; x_wconf 82' lang='lat' dir='ltr'><strong>Evangelium</strong></span> <span class='ocrx_word' id='word_1_863' title='bbox 3311 5225 3678 5298; x_wconf 75' lang='lat' dir='ltr'><strong>significabat,</strong></span> <span class='ocrx_word' id='word_1_864' title='bbox 3729 5223 3816 5295; x_wconf 85' lang='lat' dir='ltr'><strong>qui</strong></span> <span class='ocrx_word' id='word_1_865' title='bbox 3845 5221 3892 5276; x_wconf 82' lang='lat' dir='ltr'><strong>in</strong></span> 
     </span>
    </p>
   </div>
   <div class='ocr_carea' id='block_1_110' title="bbox 2310 5319 3894 5390">
    <p class='ocr_par' dir='ltr' id='par_1_110' title="bbox 2310 5319 3894 5390">
     <span class='ocr_line' id='line_1_110' title="bbox 2310 5319 3894 5390; baseline -0.008 -10"><span class='ocrx_word' id='word_1_866' title='bbox 2310 5324 2490 5381; x_wconf 91' lang='lat' dir='ltr'><strong>medio</strong></span> <span class='ocrx_word' id='word_1_867' title='bbox 2516 5334 2720 5381; x_wconf 75' lang='lat' dir='ltr'><strong>sancta:</strong></span> <span class='ocrx_word' id='word_1_868' title='bbox 2746 5323 3007 5380; x_wconf 60' lang='lat' dir='ltr'><strong>Ecclesia:</strong></span> <span class='ocrx_word' id='word_1_869' title='bbox 3035 5323 3298 5378; x_wconf 83' lang='lat' dir='ltr'><strong>exoritur.</strong></span> <span class='ocrx_word' id='word_1_870' title='bbox 3331 5321 3437 5390; x_wconf 84' lang='lat' dir='ltr'><strong>Qui</strong></span> <span class='ocrx_word' id='word_1_871' title='bbox 3489 5319 3610 5377; x_wconf 85' lang='lat' dir='ltr'><strong>inde</strong></span> <span class='ocrx_word' id='word_1_872' title='bbox 3667 5320 3724 5374; x_wconf 89' lang='lat' dir='ltr'><strong>in</strong></span> <span class='ocrx_word' id='word_1_873' title='bbox 3775 5332 3894 5388; x_wconf 80' lang='lat' dir='ltr'><strong>qua-</strong></span> 
     </span>
    </p>
   </div>
   <div class='ocr_carea' id='block_1_111' title="bbox 2310 5407 3894 5488">
    <p class='ocr_par' dir='ltr' id='par_1_111' title="bbox 2310 5407 3894 5488">
     <span class='ocr_line' id='line_1_111' title="bbox 2310 5407 3894 5488; baseline -0.008 -16"><span class='ocrx_word' id='word_1_874' title='bbox 2310 5426 2435 5473; x_wconf 90' lang='lat' dir='ltr'><strong>tuor</strong></span> <span class='ocrx_word' id='word_1_875' title='bbox 2461 5417 2642 5488; x_wconf 87' lang='lat' dir='ltr'><strong>capita</strong></span> <span class='ocrx_word' id='word_1_876' title='bbox 2671 5415 3054 5482; x_wconf 87' lang='lat' dir='ltr'><strong>dividebatur;</strong></span> <span class='ocrx_word' id='word_1_877' title='bbox 3101 5415 3228 5487; x_wconf 88' lang='lat' dir='ltr'><strong>quia</strong></span> <span class='ocrx_word' id='word_1_878' title='bbox 3257 5413 3508 5469; x_wconf 84' lang='lat' dir='ltr'><strong>doctrina</strong></span> <span class='ocrx_word' id='word_1_879' title='bbox 3538 5407 3828 5482; x_wconf 81' lang='lat' dir='ltr'><strong>Evangelii</strong></span> <span class='ocrx_word' id='word_1_880' title='bbox 3849 5407 3894 5460; x_wconf 85' lang='lat' dir='ltr'><strong>iu</strong></span> 
     </span>
    </p>
   </div>
   <div class='ocr_carea' id='block_1_112' title="bbox 2308 5505 3898 5583">
    <p class='ocr_par' dir='ltr' id='par_1_112' title="bbox 2308 5505 3898 5583">
     <span class='ocr_line' id='line_1_112' title="bbox 2308 5505 3898 5583; baseline -0.006 -17"><span class='ocrx_word' id='word_1_881' title='bbox 2308 5519 2548 5583; x_wconf 90' lang='lat' dir='ltr'><strong>quatuor</strong></span> <span class='ocrx_word' id='word_1_882' title='bbox 2591 5512 2761 5570; x_wconf 90' lang='lat' dir='ltr'><strong>libros</strong></span> <span class='ocrx_word' id='word_1_883' title='bbox 2797 5510 3082 5579; x_wconf 88' lang='lat' dir='ltr'><strong>dividitur,</strong></span> <span class='ocrx_word' id='word_1_884' title='bbox 3111 5520 3165 5567; x_wconf 89' lang='lat' dir='ltr'><strong>et</strong></span> <span class='ocrx_word' id='word_1_885' title='bbox 3193 5510 3386 5566; x_wconf 89' lang='lat' dir='ltr'><strong>circuit</strong></span> <span class='ocrx_word' id='word_1_886' title='bbox 3414 5519 3606 5563; x_wconf 86' lang='lat' dir='ltr'><strong>omnes</strong></span> <span class='ocrx_word' id='word_1_887' title='bbox 3631 5505 3898 5561; x_wconf 74' lang='lat' dir='ltr'><strong>terminos</strong></span> 
     </span>
    </p>
   </div>
   <div class='ocr_carea' id='block_1_113' title="bbox 2314 5613 2908 5661">
    <p class='ocr_par' dir='ltr' id='par_1_113' title="bbox 2314 5613 2908 5661">
     <span class='ocr_line' id='line_1_113' title="bbox 2314 5613 2908 5661; baseline 0.007 -1"><span class='ocrx_word' id='word_1_888' title='bbox 2314 5613 2494 5661; x_wconf 66' lang='lat' dir='ltr'><strong>terrm.</strong></span> <span class='ocrx_word' id='word_1_889' title='bbox 2902 5616 2908 5621; x_wconf 68' lang='grc'><em>’</em></span> 
     </span>
    </p>
   </div>
   <div class='ocr_carea' id='block_1_114' title="bbox 2322 5747 3490 5823">
    <p class='ocr_par' dir='ltr' id='par_1_114' title="bbox 2322 5747 3490 5823">
     <span class='ocr_line' id='line_1_114' title="bbox 2322 5747 3490 5823; baseline -0.002 -17"><span class='ocrx_word' id='word_1_890' title='bbox 2322 5752 2517 5820; x_wconf 81' lang='lat' dir='ltr'><strong>menti;</strong></span> <span class='ocrx_word' id='word_1_891' title='bbox 2549 5747 2680 5808; x_wconf 75' lang='lat' dir='ltr'><strong>mss.</strong></span> <span class='ocrx_word' id='word_1_892' title='bbox 2713 5751 3028 5823; x_wconf 84' lang='lat' dir='ltr'><strong>utrobique,</strong></span> <span class='ocrx_word' id='word_1_893' title='bbox 3057 5751 3126 5806; x_wconf 85' lang='lat' dir='ltr'><strong>ad</strong></span> <span class='ocrx_word' id='word_1_894' title='bbox 3155 5749 3490 5822; x_wconf 72' lang='lat' dir='ltr'><strong>apertionem.</strong></span> 
     </span>
    </p>
   </div>
  </div>
