3944 6310
111 301 208 360 815

831 303 899 360 1N
936 293 1417 362 APOCALYPSIN
1458 297 1846 360 EXPOSITIO.
1894 293 1982 358 DE
2028 297 2300 364 VISIONE
2339 299 2623 371 TERTIA.

3299 306 3406 375 814

176 423 306 477 Nam
338 431 397 478 et
427 419 592 476 Adam
611 420 882 477 Christum
914 421 1184 494 ﬁguravit,
1214 422 1324 479 Eva
1343 437 1474 479 vero
1505 422 1696 481 Eccie-
1726 417 1772 479 Α
1802 431 1946 472 mur.
1973 416 2029 474 ln
2059 418 2258 478 Genesi
2282 427 2546 496 scriptum
2579 433 2665 483 eet
2687 427 2811 498 quia
2843 423 2975 485 dixit
3005 423 3148 487 Deus
3171 429 3241 488 ad
3258 431 3407 489 Noe:

111 516 238 571 siam
270 531 283 568 :
315 522 370 570 et
393 513 529 569 sicut
558 514 666 570 Eva
718 530 784 570 ex
830 514 1000 570 latere
1029 515 1132 571 viri
1185 515 1514 573 dormientis
1561 517 1699 574 facta

111 615 209 673 est,
241 609 313 662 ita
337 616 391 663 et
415 608 656 665 Ecclesia
677 624 742 664 ex
765 609 936 666 latere
955 610 1163 666 Christi
1188 611 1240 666 in
1272 619 1435 670 cruce
1457 613 1702 684 penden-

117 699 180 755 tis
209 698 468 756 fabricata
496 708 599 767 est;
633 700 759 773 quia
811 702 932 772 ejus
987 703 1255 775 sanguine
1310 705 1598 777 redempta
1648 715 1704 763 et

114 794 359 850 mundata
406 803 488 849 est
517 793 673 868 εει
703 809 731 850 a
765 795 1044 852 sordibus.
1092 795 1206 854 Duo
1261 797 1359 853 ﬁlii
1414 799 1526 854 nati
1576 805 1704 856 sunt

116 885 262 952 Adar,
293 884 421 942 Cain
449 895 503 942 et
531 886 666 943 Abel
698 905 712 944 :
743 885 875 944 Cain
907 889 1166 961 populum
1189 888 1500 946 Judmorttm
1527 908 1541 945 :
1571 886 1706 946 Abel

115 993 240 1035 vero
261 978 532 1036 Christum
557 978 903 1049 significavit.
926 977 1138 1038 Obtulit
1158 982 1289 1039 Cain
1341 983 1406 1039 de
1439 984 1706 1040 fructibus

119 1080 143 1110 ³
170 1080 327 1128 terrre
373 1085 591 1129 munera
625 1073 888 1140 Domino;
943 1076 1068 1146 quia
1099 1076 1332 1145 pepultts
1384 1077 1707 1133 .ludaeorum

115 1164 200 1237 qui
231 1173 476 1220 terrenus
495 1174 631 1229 crat,
660 1175 878 1222 terrena
910 1183 1132 1224 munera
1160 1168 1444 1237 oll'erebat,
1493 1169 1542 1233 id
1599 1175 1705 1232 est,

116 1258 391 1329 primitias,
416 1257 679 1324 decimas,
708 1259 999 1326 sacrificia,
1023 1271 1072 1316 et
1099 1267 1297 1316 caetera
1331 1275 1451 1333 qum
1482 1263 1534 1317 in
1563 1262 1708 1334 Lege

115 1350 477 1424 jubebantur:
511 1351 642 1408 Abel
677 1368 808 1409 vero
857 1354 1049 1409 obtulit
1077 1353 1146 1410 de
1175 1354 1551 1426 primogenltls
1587 1365 1711 1427 gre-

115 1444 194 1515 gis
217 1443 321 1512 sui,
353 1444 502 1501 etde
555 1445 810 1518 adipibus
849 1459 1061 1503 eorum.
1120 1449 1475 1520 Primogeniti
1529 1449 1711 1522 gregis

123 1547 242 1594 sunt
269 1539 520 1609 apostoli,
565 1555 702 1611 quos
757 1541 963 1612 primos
1002 1541 1193 1612 genuit
1241 1541 1507 1607 Ecclesia,
1558 1552 1611 1598 et
1644 1555 1707 1598 ex

124 1631 310 1700 quibus
344 1631 581 1686 Ecclesia
639 1641 762 1687 nata
787 1641 871 1689 est
900 1653 912 1688 :
945 1633 1111 1704 adeps
1137 1649 1266 1690 vero
1295 1634 1430 1690 ﬁdes
1459 1643 1543 1690 est
1582 1650 1712 1707 apo-

122 1726 398 1782 smlorum.
425 1727 630 1782 Obtulit
658 1729 817 1798 igitur
842 1727 978 1786 Abel
1019 1730 1088 1786 de
1118 1731 1491 1802 primogenitis
1533 1731 1711 1802 gregis

1807 510 1920 566 Fac
1949 512 2040 568 tibi
2068 527 2242 570 arcam
2273 517 2336 572 de
2362 519 2516 594 lignis
2568 522 2862 595 ircoigatis:
2920 524 3309 584 mansiunculas
3353 527 3407 584 in

1805 619 1929 657 arca
1961 605 2143 674 facies,
2173 605 2483 664 etbitnmlne
2498 610 2644 666 linies
2661 609 2970 669 intrinsecus
2992 625 3042 670 et
3069 616 3404 682 extrinsecus.

1808 705 1855 752 et
1882 698 1956 752 sic
1979 696 2140 768 facies
2166 700 2696 759 eam.Treccntorum
2749 705 3044 764 cubitorum
3084 709 3180 765 erit
3238 711 3410 785 longi-

1807 789 1933 844 tudo
1961 799 2115 858 orca,
2135 791 2509 866 quinquaginta
2537 795 2830 853 cubitorum
2856 799 3099 869 latitudo,
3130 807 3176 857 et
3197 802 3412 874 triginta

1807 881 2092 938 cubitorum
2113 886 2494 942 altitudoiltias
2516 887 2672 954 (Gen.
2706 905 2781 956 vt,
2816 886 3200 966 Η,15).Ανοε
3225 893 3416 954 Eccle-

1807 977 1985 1031 siam:
2019 976 2134 1034 Noe
2156 991 2287 1034 vero
2312 973 2609 1037 fabricator
2637 991 2777 1039 arcae
2804 980 3082 1042 Christum
3117 987 3414 1045 fabricato.

1809 1081 1926 1122 rem
1961 1068 2220 1124 Ecclesiae
2244 1069 2525 1143 ﬁgurabat.
2546 1072 2680 1142 Qute
2701 1088 2828 1130 arca
2856 1083 2923 1130 ex
2955 1073 3116 1149 lignis
3147 1074 3411 1150 laevigatis

1811 1164 1950 1220 facta
1992 1165 2157 1222 fuisse
2189 1160 2551 1224 describitur:
2585 1175 2684 1240 per
2711 1170 2854 1243 ligna
2897 1170 3175 1244 levigata,
3207 1188 3328 1247 qua:
3356 1184 3412 1232 et

1812 1271 1983 1329 aquas
2012 1260 2448 1330 prohibuerunt,
2478 1266 2535 1317 et
2563 1261 2731 1318 vitam
2779 1265 3034 1322 omnibus
3086 1265 3416 1324 animalibus

1813 1353 1953 1408 intra
1999 1367 2063 1410 se
2111 1355 2422 1410 constitutis
2446 1365 2834 1426 servaverunt,
2863 1358 3119 1417 doctores
3155 1351 3419 1419 Ecclesia:

1813 1444 2196 1517 designantur,
2230 1446 2322 1518 qui
2368 1453 2423 1504 et
2464 1447 2714 1506 doctrina
2744 1458 2799 1506 et
2825 1453 3042 1523 scriptis
3089 1456 3204 1512 suis
3248 1463 3418 1528 aquas

1814 1537 2157 1594 diversorum
2187 1551 2436 1596 errorum
2453 1541 2521 1596 ab
2543 1543 2788 1615 ingressu
2813 1543 3416 1618 Ecclesizc'prohibcnt,

1815 1639 1869 1686 et
1893 1633 2059 1687 vitam
2093 1633 2160 1688 iis
2187 1634 2277 1705 qui
2307 1633 2448 1691 intra
2496 1634 2800 1694 Ecclesium
2843 1648 3003 1707 sunt,
3037 1647 3134 1696 sua
3167 1639 3417 1700 doctrina

1816 1733 1869 1782 et
1897 1729 2160 1799 exemplis
2187 1738 2445 1786 servant:
2477 1736 2598 1802 qua:
2623 1731 2870 1803 lzevigata
2897 1747 3020 1790 esse
3048 1735 3324 1804 dicuntur,
3357 1736 3410 1792 id

119 1820 218 1886 sui,
244 1819 390 1876 etde
418 1820 667 1892 adipibus
691 1837 914 1889 eorum;
947 1823 1070 1894 quia
1103 1824 1354 1881 Christus
1398 1825 1701 1896 apostolos,
1737 1809 1782 1875 Β
1810 1828 1934 1889 est,
1989 1823 2058 1879 ab
2110 1825 2256 1879 omni
2297 1826 2596 1896 asperitate
2636 1827 2892 1884 vitiorum
2941 1827 3257 1888 emundata.
3310 1827 3419 1890 Per

125 1931 253 1985 quos
289 1915 357 1972 de
384 1917 586 1973 mundo
615 1915 874 1990 Elegcrat,
924 1918 1191 1989 iidemque
1221 1917 1433 1975 illorum
1470 1920 1579 1976 Deo
1611 1919 1712 1975 Pa-

121 2010 182 2063 tri
211 2007 424 2065 obtulit.
460 2011 591 2066 Cain
627 2011 830 2066 invidia
862 2011 1079 2074 ductus,
1110 2026 1177 2068 eo
1207 2013 1351 2082 quod
1384 2014 1713 2082 respexisset

127 2101 377 2156 Dominus
407 2101 471 2156 ad
500 2101 660 2168 Abel,
691 2113 748 2159 et
767 2104 833 2158 ad
857 2118 1082 2160 munera
1110 2104 1536 2175 ejus,interi'eeit
1565 2117 1709 2159 cum:

125 2193 364 2248 similiter
394 2205 448 2248 et
475 2193 646 2250 Judzci
678 2196 923 2252 videntes
977 2197 1126 2268 signa
1145 2233 1161 2262 ,
1190 2213 1311 2269 qute
1340 2213 1432 2252 sua
1459 2207 1513 2250 et
1537 2197 1714 2252 Patris

123 2285 310 2340 virtute
338 2285 583 2343 Christus
610 2289 938 2359 operabatur
958 2330 972 2356 ,
1023 2290 1407 2347 interfecerunt
1437 2306 1582 2355 etnn,
1622 2291 1712 2361 qui

125 2380 282 2437 frater
309 2382 525 2439 illorum
549 2392 667 2441 erat
685 2385 983 2442 secundum
1009 2400 1251 2441 carnem.
1283 2385 1714 2442 Maledixitlteus

128 2473 271 2539 Cain,
303 2489 369 2531 eo
394 2477 537 2547 quod
557 2476 1067 2534 interfecissotAbel
1096 2477 1317 2534 fratrem
1346 2493 1503 2533 suum
1523 2495 1535 2532 :
1554 2478 1716 2532 dixit-

126 2583 223 2638 que
250 2570 298 2626 ei
328 2569 473 2640 quod
535 2587 703 2641 vagus
735 2582 786 2627 et
815 2574 1071 2644 profugus
1125 2584 1272 2630 esset
1300 2588 1462 2645 super
1489 2582 1711 2629 terram.

127 2661 380 2720 Similiter
409 2673 464 2720 et
484 2664 653 2720 Juda-i
684 2681 791 2721 non
817 2666 992 2722 solum
1015 2682 1044 2721 a
1100 2668 1232 2734 Deo,
1262 2667 1357 2724 sed
1392 2683 1420 2721 a
1453 2667 1714 2738 semetip-

124 2756 194 2811 sis
241 2756 518 2812 maledicti
565 2766 716 2822 sunt,
772 2758 990 2829 quando
1031 2757 1285 2814 dixerunt
1338 2759 1406 2815 de
1453 2758 1711 2814 Christo:

127 2846 346 2923 Sanguis
373 2851 490 2921 eius
518 2867 674 2922 super
696 2868 810 2920 nos,
846 2862 893 2906 et
915 2869 1075 2922 super
1103 2853 1241 2923 ﬁlios
1271 2865 1473 2908 nostros
1496 2851 1711 2924 (Matth.

125 2955 281 3008 xxvu,
321 2941 441 3014 25).
474 2941 725 3014 Suntque
775 2944 895 3015 vagi
924 2953 980 3000 et
1008 2945 1218 3016 profugi
1269 2959 1433 3016 super
1465 2955 1662 3001 terram
1695 2959 1710 3011 ;

125 3037 237 3107 quia
269 3039 543 3109 propriam
574 3038 759 3094 sedem
789 3038 993 3094 nullam
1027 3039 1316 3109 habentes,
1346 3054 1443 3111 per
1491 3039 1712 3096 univer-

125 3145 206 3188 sas
223 3143 413 3206 gentes
444 3144 731 3204 vagantur.
768 3135 841 3191 De
866 3138 1150 3205 apertione
1177 3135 1336 3206 igitur
1367 3133 1526 3205 primi
1553 3133 1713 3208 sigilli

125 3234 319 3282 tantum
349 3226 557 3284 dixisse
584 3228 840 3285 sufﬁciat.

189 3320 374 3376 Audivi
393 3338 560 3377 unum
575 3340 639 3378 ea:
652 3334 872 3394 quatuor
897 3323 1228 3393 animalibus,
1245 3324 1419 3381 dicens
1443 3344 1461 3382 :
1498 3324 1649 3394 Vetti,
1665 3334 1712 3381 et

123 3415 247 3471 vide.
283 3417 546 3475 Eamdem
569 3419 1020 3490 signiﬁcationem
1040 3420 1204 3476 habet
1221 3421 1454 3492 primum
1480 3421 1708 3490 animal,

126 3527 277 3581 quam
307 3524 363 3569 et
391 3514 728 3581 secundum,
755 3522 813 3570 et
843 3515 1096 3582 tertium,
1137 3522 1192 3570 et
1218 3523 1510 3585 quartum;
1538 3515 1710 3584 signi-

123 3603 278 3661 ﬁcant
319 3605 466 3662 enim
519 3607 768 3664 doctores
819 3607 1100 3665 Ecclesiae.
1147 3606 1302 3675 Quod
1330 3615 1511 3662 autem
1542 3607 1707 3663 dicit:

128 3696 251 3753 Veni
270 3709 320 3756 et
349 3699 466 3755 cide
491 3737 510 3768 ,
533 3698 602 3755 ad
632 3699 1043 3772 intelligentiam
1066 3699 1406 3771 spiritualem
1441 3714 1540 3756 nos
1579 3713 1709 3768 pros

122 3802 304 3862 vocat,
328 3809 394 3850 ac
425 3795 472 3850 si
507 3793 756 3851 diceret:
789 3794 928 3850 Veni
979 3809 1091 3851 non
1143 3794 1394 3866 passibus
1425 3794 1669 3866 corporis
1693 3835 1708 3862 ,

119 3885 208 3943 sed
251 3887 508 3960 passibus
534 3888 776 3954 mentis;
825 3895 881 3944 et
925 3889 1171 3959 intellige
1213 3888 1571 3958 spiritualiter
1601 3899 1664 3943 ea
1691 3929 1706 3955 ,

120 3999 231 4056 quae
254 3987 429 4057 primo
459 3996 711 4057 tempore
743 3984 1097 4041 historiaiitcr
1123 3984 1262 4041 facta
1293 3984 1494 4056 legisti.

184 4077 365 4150 (Veis.
415 4080 502 4149 2.)
550 4079 617 4135 Et
648 4080 1122 4151 ecceequusaibus,
1148 4089 1195 4137 et
1221 4080 1308 4151 qui
1330 4078 1536 4135 sedebat
1553 4087 1708 4149 super

118 4187 226 4225 eum
248 4213 263 4240 ,
292 4172 512 4228 habebat
538 4189 719 4228 arcum
756 4182 802 4227 et
829 4173 952 4228 data
1000 4183 1073 4228 est
1117 4173 1164 4228 ei
1192 4189 1382 4228 corona
1403 4214 1416 4238 ,
1477 4181 1524 4226 et
1553 4170 1708 4226 exivit

116 4265 335 4333 vincens,
355 4271 412 4321 ut
434 4267 676 4322 vinceret.
708 4265 894 4336 Equus
920 4265 1074 4321 albus
1101 4267 1275 4335 justos
1301 4266 1390 4336 qui
1419 4272 1548 4320 ante
1566 4263 1708 4319 dilu-

119 4359 533 4428 viumi'uerunt,
571 4360 851 4432 designat,
901 4361 989 4431 qui
1041 4367 1268 4430 propter
1317 4355 1703 4415 innocentiam

119 4453 218 4510 albi
243 4455 517 4513 dicuntur.
564 4453 760 4512 Sessor‘
807 4469 938 4511 vero
986 4456 1111 4526 equi
1140 4455 1404 4511 Dominus
1435 4459 1554 4519 est,
1613 4453 1704 4524 qui

118 4551 312 4605 sanctis
337 4549 455 4604 suis
474 4547 812 4621 ctemaiiter
842 4546 1123 4618 prmsidet.
1153 4541 1256 4602 Per
1287 4559 1472 4601 arcum
1501 4551 1703 4611 autem,

118 4642 201 4713 qui
231 4645 421 4714 procul
450 4618 679 4717 sagittas
705 4651 734 4698 a
766 4657 826 4698 se
843 4616 1023 4697 mittit
1047 4649 1102 4697 et
1132 4640 1411 4707 vulnerat,
1467 4638 1706 4695 vindicta
1733 4616 1785 4678 Β

120 4733 326 4793 Domini
367 4746 552 4809 potest
596 4736 907 4808 designari;
956 4744 1061 4806 qua
1107 4743 1162 4789 et
1207 4735 1414 4806 primos
1455 4733 1708 4790 homines

119 4837 334 4900 propter
377 4828 775 4886 inobedientiat
829 4827 1044 4899 culpam
1101 4825 1420 4894 damnavit,
1480 4835 1534 4880 et
1575 4824 1707 4880 Cain

119 4934 336 4995 propter
365 4924 658 4981 fratrieldii
701 4933 912 4981 reatum
961 4922 1272 4995 scptuplum
1330 4921 1565 4991 punivit.
1600 4919 1706 4975 Per

122 5030 374 5074 coronam
422 5018 818 5086 nihilominus,
883 5017 1026 5073 sicut
1069 5027 1126 5072 et
1155 5032 1248 5087 per
1274 5031 1472 5088 equum
1519 5014 1704 5070 albqu

112 5114 236 5186 justi
255 5119 345 5189 qui
371 5125 503 5173 ante
529 5117 796 5172 diluvium
831 5116 1079 5178 fuerunt,
1113 5112 1493 5184 designantur.
1533 5108 1709 5165 Exivit

114 5223 236 5267 vero
258 5212 488 5282 vincens,
521 5219 579 5266 ut
603 5212 863 5279 uinceret,
886 5209 1102 5282 quando
1129 5209 1316 5264 statuit
1346 5217 1402 5262 ut
1427 5222 1524 5280 per
1544 5219 1710 5278 aquas

116 5302 292 5360 diluvii
319 5305 500 5360 omnis
523 5303 813 5360 multitudo
843 5303 1202 5373 reproborum
1231 5301 1533 5356 deleretur.

183 5399 506 5473 (Yers.5,4.)
533 5399 596 5454 Et
616 5413 732 5455 cum
751 5398 1036 5466 aperuisset
1054 5396 1286 5469 sigillum
1300 5393 1708 5450 secundumSe-

114 5493 267 5549 cuudi
292 5495 455 5566 sigilli
484 5497 693 5565 apertio
711 5495 777 5549 ad
800 5507 940 5548 area:
955 5491 1236 5558 fabricatu,
1252 5501 1307 5547 et
1323 5492 1388 5545 ad
1412 5490 1588 5560 justus
1611 5488 1702 5561 qui

117 5589 236 5645 ante
256 5587 454 5659 Legem
501 5591 748 5655 fuerunt,
782 5588 1036 5660 pertinet.
1087 5583 1167 5641 Ad
1220 5581 1700 5642 demonstrandam

118 5693 239 5754 ergo
264 5684 492 5741 secundi
519 5683 681 5755 sigilli
713 5682 1051 5755 apertioncm
1080 5693 1250 5752 pauca
1303 5678 1372 5737 de
1402 5678 1486 5734 his
1513 5679 1703 5750 loqua-

187 5821 208 5848 ³
247 5819 318 5874 ita
345 5835 500 5888 mss.;
532 5820 664 5877 edit.
692 5829 870 5877 autem
897 5863 910 5889 ,
936 5827 1085 5876 terra:
1111 5825 1358 5886 munera,
1387 5815 1442 5872 id
1473 5815 1566 5882 est,
1594 5810 1706 5885 pri-

117 5889 311 5961 mitias,
339 5894 588 5963 decimas,
621 5902 732 5950 etc.

1817 1917 2226 1974 mansiuuculas
2258 1933 2423 1986 vero,
2477 1935 2599 1992 qnze
2646 1923 2701 1978 in
2731 1931 2854 1980 arca
2887 1915 3006 1980 ﬁeri
3056 1925 3225 1996 jussu:
3253 1935 3417 1995 sunt,

1817 2010 2019 2066 diversi
2050 2012 2276 2070 ordines
2308 2015 2360 2070 in
2391 2013 2636 2072 Ecclesia
2659 2015 3052 2089 designantur;
3089 2015 3229 2078 alius
3268 2023 3415 2079 enim

1817 2100 1870 2156 in
1899 2102 2170 2172 coniugali
2195 2101 2417 2172 ordine,
2441 2107 2580 2162 alius
2602 2108 2655 2163 in
2685 2107 3024 2178 continenti,
3050 2105 3190 2169 alitis
3222 2114 3273 2168 iu
3307 2129 3426 2171 mo-

1818 2194 2050 2251 nachico
2069 2238 2084 2264 ,
2104 2197 2242 2252 allus
2270 2197 2325 2253 in
2355 2199 2716 2264 sacerdotali,
2743 2201 2870 2259 dum
2927 2204 3039 2261 Deo
3071 2207 3280 2264 servire
3308 2215 3425 2263 stu-

1818 2287 1947 2342 dent
1971 2331 1986 2355 ,
2037 2290 2188 2360 quasi
2246 2291 2298 2346 in
2346 2291 2579 2348 diversis
2609 2293 2986 2354 mansionibus
3019 2297 3287 2355 habitant.
3317 2299 3422 2358 Per

1819 2380 2061 2437 bitumen
2091 2389 2272 2438 autem
2295 2425 2310 2450 ,
2333 2397 2440 2456 quo
2467 2385 2558 2440 lita
2590 2385 2756 2444 fuisse
2773 2387 2992 2456 dicitur,
3026 2389 3206 2446 divina
3236 2394 3422 2464 Scrip-

1821 2483 1940 2527 tura
1970 2474 2308 2546 designatur.
2343 2473 2565 2534 Tabulm
2620 2491 2752 2550 ergo
2792 2495 2858 2536 ex
2886 2477 3080 2553 quibus
3109 2498 3233 2539 arca
3279 2484 3420 2541 facta

1819 2576 1940 2638 est,
1993 2585 2128 2640 quas
2172 2569 2424 2628 doctores
2454 2571 2714 2630 Ecclesia:
2762 2575 3100 2647 signiﬁcasse
3133 2575 3372 2634 diximus
3402 2623 3416 2647 ,

1820 2660 2092 2718 bitumine
2148 2662 2479 2720 intrinsecus
2529 2673 2586 2722 et
2656 2668 3008 2726 extrinsecus
3075 2669 3188 2727 litae
3243 2679 3417 2738 sunt;

1821 2753 1945 2824 quia
1977 2754 2228 2811 doctores
2254 2755 2513 2813 Ecclesiae
2555 2758 2888 2817 intrinsecus
2929 2761 3012 2818 liti
3044 2771 3174 2819 sunt
3205 2775 3306 2835 per
3330 2773 3421 2821 sa-

1822 2846 2104 2918 pientiam,
2137 2849 2550 2922 doctrinamque
2571 2851 2880 2910 divinarum
2913 2854 3342 2929 Scripturarttm,
3370 2869 3426 2916 et

1818 2941 2167 2997 extrinsecus
2207 2953 2303 3014 per
2329 2955 2493 3014 opera
2528 2945 2811 3002 virtutum.

1902 3033 2296 3091 Trecentorum
2354 3047 2533 3094 autem
2561 3035 2866 3096 cubitorum
2912 3039 3254 3115 longitudine
3284 3055 3426 3102 arca:

1820 3127 1994 3185 fuisse
2022 3129 2374 3195 describitur,
2401 3131 2791 3205 quinquaginta
2809 3135 3117 3194 cubitorum
3151 3137 3383 3196 latitudo
3405 3184 3418 3208 ,

1739 3211 1786 3284 (ξ
1816 3231 1869 3276 et
1891 3222 2111 3293 triginta
2143 3223 2451 3281 cubitorum
2499 3225 2728 3284 altitudo
2759 3223 2926 3284 lliitts.
2972 3223 3078 3287 I‘er
3123 3231 3424 3303 longitudi-

1823 3333 1948 3373 nem
1977 3317 2142 3390 igitur
2163 3333 2302 3376 arc:e
2333 3319 2500 3389 ﬁdes,
2530 3333 2626 3392 per
2655 3320 2999 3380 latitudinem
3031 3325 3291 3396 charitas,
3320 3343 3418 3400 per

1813 3409 2153 3468 altitudinem
2186 3425 2313 3484 spes
2337 3413 2620 3484 ﬁguratur.
2659 3413 2970 3488 Longitudo
2999 3433 3132 3490 ergo
3176 3433 3320 3476 arca:
3352 3423 3406 3476 in

1815 3511 2092 3559 trecentos
2121 3504 2335 3562 cubitos
2379 3506 2718 3574 extenditur;
2771 3509 2896 3579 quia
2947 3508 3083 3566 ﬁdes
3137 3523 3322 3569 nostra
3356 3515 3410 3570 in

1813 3597 2160 3655 confessione
2182 3607 2385 3654 sauctze
2417 3599 2703 3656 Trinitatis
2741 3603 3025 3660 consistit:
3059 3610 3415 3665 centonarius

1815 3705 1946 3746 vero
1971 3691 2254 3762 perfectus
2294 3701 2380 3748 est
2407 3707 2691 3749 numerus.
2718 3695 2776 3750 ln
2809 3703 3085 3754 trecentos
3111 3711 3240 3770 ergo
3267 3702 3421 3759 cubi-

1815 3793 1899 3841 tos
1929 3785 2060 3842 ﬁdes
2085 3795 2272 3842 nostra
2302 3786 2628 3858 praesignata
2657 3798 2743 3844 est
2771 3806 2786 3856 ;
2816 3791 2943 3860 quia
2967 3803 3176 3863 tequam
3207 3797 3422 3865 perfec-

1813 3881 2016 3936 tionem
2052 3881 2217 3937 habet
2261 3881 2427 3938 Pater
2472 3891 2529 3938 et
2569 3882 2741 3939 Filius
2767 3893 2822 3940 et
2860 3883 3103 3956 Spiritus
3147 3901 3408 3960 sanctus,

1813 3973 1955 4029 sicut
1984 3975 2245 4046 scriptum
2291 3981 2407 4030 est:
2454 3976 2638 4045 Quod:
2673 3976 2847 4045 Pater,
2906 3981 3022 4037 talis
3066 3979 3261 4054 Filius,
3296 3988 3417 4046 talis

1814 4066 2044 4138 Spiritus
2073 4079 2282 4124 sanctus
2309 4067 2522 4142 (Athan.
2551 4066 2839 4143 διψῶσι).

1887 4160 2140 4216 Latitudo
2161 4159 2524 4218 nihilominus
2546 4161 2663 4233 ejus
2689 4164 2743 4218 in
2769 4162 3167 4240 quinquaginta
3196 4171 3414 4232 eubitos

1811 4253 2104 4322 dilatatur;
2165 4257 2287 4327 quia
2316 4257 2449 4314 ﬁdes
2473 4265 2570 4329 per
2590 4257 2946 4318 dilectionem
2973 4275 3253 4336 operatur.
3304 4271 3412 4328 Sed

1809 4363 1918 4404 non
1936 4349 2387 4405 inconvenienter
2413 4364 2510 4420 per
2529 4351 2920 4424 quinquaginta
2941 4357 3154 4416 cubitus
3174 4361 3416 4421 latitudi-

1809 4442 1896 4498 nis
1925 4442 2166 4499 charitas
2194 4443 2497 4514 ﬁguratur;
2530 4441 2732 4515 septies
2758 4447 2904 4503 enim
2945 4463 3156 4523 septem
3180 4455 3416 4526 quadra-

1809 4538 1961 4609 ginta
2005 4551 2198 4592 novem
2245 4536 2499 4594 faciunt:
2545 4538 2690 4609 quod
2731 4541 2774 4597 si
2811 4555 2976 4598 unum
3025 4544 3152 4603 huic
3183 4563 3415 4610 numero

1811 4632 2120 4701 addideris,
2154 4633 2540 4705 quinquaginta
2571 4634 2834 4692 invenies.
2861 4635 3094 4696 Dilectio
3127 4651 3256 4717 ergo
3287 4664 3414 4717 pro.

1809 4727 1941 4782 ximi
1970 4741 2078 4783 non
2102 4725 2555 4782 inconvenienter
2579 4729 2630 4782 in
2655 4731 2967 4800 septenario
2997 4747 3230 4796 numero
3258 4757 3410 4798 com-

1809 4819 2210 4892 prehenditur;
2239 4820 2365 4891 quia
2387 4821 2504 4876 sine
2529 4827 2738 4890 septem
2767 4825 3058 4883 virtutibus
3084 4832 3268 4900 perlici
3300 4850 3408 4892 non

1810 4913 2046 4987 potest}:
2063 4913 2124 4971 In
2143 4921 2354 4986 septem
2380 4927 2514 4971 vero
2544 4926 2802 4986 septenos
2834 4921 3207 4995 unusquisque
3236 4925 3409 4984 fidelis

1809 5009 2162 5066 dilectionem
2216 5008 2452 5079 proximi
2485 5009 2759 5078 extendit,
2803 5011 2930 5069 dum
2975 5017 3410 5092 quibuscumque

1813 5104 1989 5161 modis
2021 5103 2384 5159 necessitates
2413 5103 2880 5161 antadversitates
2902 5107 3163 5177 proximis
3188 5115 3414 5174 evenire

1815 5208 2076 5272 possunt,
2104 5199 2310 5254 eisdem
2342 5191 2521 5254 modis
2552 5208 2609 5254 et
2651 5199 2767 5269 ipse
2810 5199 2876 5254 ad
2916 5205 3414 5272 superveniendum

1815 5303 2034 5366 paratus
2057 5293 2242 5348 existit
2267 5308 2280 5345 :
2315 5292 2463 5348 verbi
2493 5294 2668 5363 gratia
2693 5333 2707 5359 ,
2737 5291 2865 5346 dum
2904 5293 3205 5365 esurienti,
3235 5302 3411 5371 nudo,

1813 5389 2051 5460 hospiti,
2079 5389 2296 5460 egenti,
2322 5387 2372 5442 in
2405 5401 2630 5443 carcere
2662 5387 2878 5457 posito,
2910 5401 3032 5458 qum
3063 5402 3191 5446 sunt
3216 5409 3416 5456 neces-

1815 5484 1955 5542 saria
1986 5483 2294 5538 ministrat:
2318 5481 2445 5536 dum
2471 5479 2745 5534 dolentem
2772 5482 3104 5552 consolatur,
3139 5485 3267 5544 dum
3313 5492 3421 5548 ira-

1810 5579 2044 5636 cundum
2074 5576 2242 5633 verbo
2271 5581 2559 5645 temperat,
2585 5569 2714 5626 dum
2736 5567 2921 5630 odium
2952 5577 3003 5632 in
3035 5579 3200 5637 corde
3218 5599 3417 5654 gere"-

1812 5683 1919 5730 tem
1952 5672 2232 5745 paciﬁcat,
2294 5667 2786 5736 discordantesque
2817 5667 2882 5723 ad
2937 5681 3128 5742 pacem
3163 5678 3374 5758 νςαυρίι
3405 5701 3416 5737 ε

1887 5807 1914 5848 b
1953 5803 2030 5864 na
2053 5804 2224 5887 iidem
2261 5805 2422 5887 mss.;
2448 5799 2580 5855 edit.
2609 5812 2773 5867 vero,
2808 5805 3125 5875 septenis....
3155 5814 3413 5887 extendit,-

1813 5881 1972 5940 Rom.
2003 5877 2114 5935 edit
2145 5912 2160 5944 ,
2204 5871 2442 5928 ostendit.
