3944 6310
152 6019 450 6095 (Ἦ

519 266 628 324 815

1422 253 1516 311 AD
1551 251 1780 311 OPERA
1821 247 2066 308 SANCTI
2105 248 2437 309 AMBROSII
2475 248 2841 308 APPENDIX.
3665 253 3744 311 8l6

519 380 648 436 dum
673 389 796 433 eum
825 372 918 444 qui
947 372 998 427 in
1032 368 1268 442 peccatis
1291 367 1435 439 jacet
1452 409 1466 432 ,
1493 367 1560 424 ad
1585 366 1960 440 paenitentiam
1986 381 2113 437 pro-
2143 368 2192 428 Α
2221 365 2341 422 loco
2368 366 2480 424 Noe
2514 367 2708 433 Deum,
2733 380 2858 422 arca
2885 373 3064 422 autem
3093 364 3377 424 caelestem
3404 364 3494 422 Dei
3522 365 3745 425 habitatio-

518 478 711 527 vocat:
739 468 868 523 dntn
895 465 962 522 ad
996 466 1159 520 vitam
1191 475 1449 520 azternam
1498 477 1874 533 quoscumque
1903 470 2118 532 potest,

517 579 706 620 secum
736 561 957 616 trahere
977 557 1164 614 studet
1191 575 1203 612 :
1236 565 1291 612 et
1312 565 1371 610 ut
1399 556 1639 611 breviter
1660 555 1872 620 dicam,
1923 553 2120 625 quibus

517 659 700 715 modis
730 657 846 712 vult
880 663 939 711 ut
978 653 1030 710 ei
1054 653 1347 709 salubriter
1371 651 1442 707 ab
1468 650 1575 705 alio
1605 649 1981 710 subveniatur,
2009 649 2119 703 cis-

514 753 642 810 dem
667 763 722 809 et
749 751 867 822 ipse
892 749 1326 821 quibuscumque
1353 755 1550 817 potest,
1577 745 1871 802 subvenire
1901 751 2120 816 paratus

512 857 619 902 est.
673 845 754 901 Ad
781 854 995 914 septem
1026 852 1205 898 autem
1229 851 1489 911 septenos
1518 839 1566 896 si
1596 856 1762 895 unum
1810 837 2075 909 adjuugas
2100 878 2116 905 ,

512 941 905 1013 quinquaginta
947 939 1112 994 ﬁunt:
1138 936 1391 992 similiter
1419 944 1475 991 et
1500 935 1565 990 ad
1609 933 1962 990 dilectionem
1991 946 2119 1001 pro-

512 1033 644 1090 ximi
665 1075 680 1101 ,
706 1033 753 1089 si
782 1032 944 1089 unius
960 1032 1056 1087 Dei
1083 1030 1439 1086 dilectionem
1459 1027 1745 1101 adjungas,
1761 1037 1871 1084 tota
1883 1025 2120 1083 cbaritas

514 1132 732 1200 integra
764 1137 928 1200 atque
955 1127 1191 1199 perlecta
1225 1127 1277 1184 in
1303 1136 1354 1183 te
1380 1127 1638 1183 efficitur.

583 1221 830 1279 Altitudo
859 1237 989 1277 vero
1017 1237 1158 1277 arcae
1186 1222 1238 1276 in
1272 1222 1491 1294 triginta
1519 1220 1733 1276 cubitos
1761 1218 1995 1274 exaltata
2013 1225 2118 1282 est,

514 1327 540 1356 ι
565 1317 692 1390 quia
723 1316 819 1371 ille
840 1315 1025 1370 utilem
1059 1330 1210 1386 spem
1243 1313 1520 1385 possidet,
1555 1313 1646 1384 qui
1687 1327 1718 1367 a
1773 1310 1878 1367 ﬁde
1913 1319 2118 1365 sanctae

510 1410 830 1475 Trinitatis,
864 1409 1005 1464 sicut
1039 1409 1197 1464 nobis
1226 1407 1295 1463 ab
1326 1407 1586 1477 apostolis
1615 1404 1808 1460 tradita
1831 1414 1937 1469 est,
1959 1412 2122 1469 atque

511 1503 734 1560 caeteris
765 1501 1107 1558 documentis
1129 1542 1142 1566 ,
1176 1515 1354 1572 neque
1379 1515 1569 1571 opere,
1599 1514 1773 1568 neque
1797 1495 2122 1552 credulitate

506 1596 805 1653 discordat.
853 1595 952 1662 Qui
995 1594 1139 1650 enim
1187 1609 1341 1664 spem
1382 1595 1503 1649 sine
1545 1601 1694 1648 recta
1742 1590 1849 1646 ﬁde
1898 1589 1966 1646 de
2010 1589 2119 1644 vita

513 1699 722 1745 interna
778 1687 1105 1759 possidenda
1160 1686 1266 1741 sibi
1307 1695 1564 1756 usurpat,
1595 1685 1718 1740 siue
1741 1683 1907 1738 dubio
1945 1687 2123 1737 semet

2219 478 2343 520 nem
2368 461 2638 535 designat.
2672 460 2786 518 Noe
2818 461 2993 532 primo
3010 461 3321 517 columbam
3353 474 3417 517 ex
3452 475 3566 516 arca
3586 463 3742 532 emisit;

2220 558 2346 629 quia
2374 557 2520 614 Deus
2543 557 2888 628 omnipotens
2915 556 3120 614 sanetis
3152 556 3287 612 viris
3307 599 3322 620 ,
3351 555 3437 627 qui
3465 567 3578 612 ante
3599 556 3746 629 Legem

2219 650 2460 718 fuerunt,
2492 651 2720 722 gratiam
2741 651 2974 722 Spiritus
3000 653 3172 707 sancti
3203 649 3355 706 dedit
3380 667 3393 704 :
3422 659 3476 706 et
3498 651 3580 720 qui
3597 651 3746 723 Legem

2221 761 2327 800 non
2378 744 2679 809 habebant,
2732 742 2916 799 divina
2959 751 3235 815 praecepta
3283 757 3402 814 quae
3457 755 3624 814 postea
3661 746 3750 802 data

2220 846 2374 902 sunt,
2407 853 2504 909 per
2545 836 2748 893 donum
2800 836 3035 908 Spiritus
3081 836 3259 893 sancti
3300 836 3750 907 impleverunt.Seil

2221 933 2470 991 columba
2503 950 2610 989 non
2639 934 2845 990 invenit
2866 933 2955 989 ubi
2992 949 3090 1004 pes
3118 932 3238 1005 ejus
3267 933 3641 1004 requiesceret;
3664 935 3751 1004 quia

2220 1046 2328 1086 non
2355 1029 2528 1089 solum
2556 1037 2772 1085 cetera;
2799 1038 3020 1099 gentes,
3049 1027 3146 1085 sed
3174 1038 3229 1084 et
3249 1026 3355 1097 ipsi
3384 1025 3548 1082 Judaei
3569 1027 3614 1082 in
3633 1026 3754 1100 Egy-

2223 1134 2315 1196 pto
2348 1123 2508 1195 positi
2555 1124 2607 1178 iu
2657 1132 2865 1179 tantum
2921 1123 3190 1178 culturam
3226 1121 3324 1178 Dei
3371 1121 3692 1193 reliquerunt,
3715 1134 3755 1180 ut

2222 1233 2288 1273 eo
2319 1227 2562 1287 tempore
2604 1231 2713 1288 quo
2741 1216 2955 1290 Moyses
3000 1225 3160 1272 natus
3190 1224 3275 1271 est
3296 1257 3311 1281 ,
3341 1230 3482 1286 pene
3527 1215 3682 1271 nullus
3701 1218 3756 1272 in-

2221 1309 2502 1365 veniretur
2531 1308 2586 1364 in
2635 1324 2797 1379 quem
2825 1308 3058 1380 Spiritus
3100 1317 3326 1365 sanctus
3356 1307 3592 1366 habitare
3623 1309 3757 1380 digna-

2224 1413 2375 1458 retur
2427 1421 2440 1458 :
2492 1410 2546 1458 et
2583 1401 2987 1474 quodammodo
3029 1402 3207 1474 gratia
3255 1401 3494 1473 Spiritus
3537 1403 3681 1458 sancti
3710 1405 3757 1459 ad

2225 1512 2346 1552 eum
2375 1494 2552 1562 rediit,
2585 1510 2614 1550 a
2646 1511 2753 1567 quo
2802 1495 2966 1552 missa
2996 1505 3102 1564 est,
3131 1511 3258 1552 cum
3290 1495 3540 1553 homines
3566 1507 3756 1568 peccato-

2225 1604 2312 1644 res
2336 1588 2599 1644 deseruit.

2295 1681 2546 1738 Secundo
2567 1682 2748 1739 emisit
2767 1682 2881 1739 Noe
2909 1682 3218 1740 columbam
3245 1699 3314 1741 ex
3335 1699 3466 1740 arca
3486 1701 3503 1751 ;
3525 1684 3636 1757 quia
3659 1683 3759 1742 Deus

508 1785 692 1856 ipsum
712 1782 950 1853 decipit;
991 1783 1122 1852 quia
1153 1782 1264 1836 sine
1310 1781 1416 1850 ﬁde
1442 1779 1760 1850 impossibile
1786 1788 1860 1832 est
1917 1778 2122 1848 placere
2149 1769 2199 1830 B
2224 1776 2450 1849 gratiam
2481 1777 2715 1844 Spiritus
2741 1779 2913 1833 sancti
2946 1778 3259 1834 hominibus
3285 1777 3488 1850 Legem
3517 1779 3761 1848 puroconle

511 1877 626 1934 Deo
678 1877 698 1951 (
730 1878 892 1932 hebr.
922 1891 1010 1938 XI,
1035 1874 1137 1948 6).
1192 1873 1438 1931 Altitudo
1462 1873 1644 1943 itaque
1688 1886 1830 1928 area:
1859 1887 1888 1924 a
1922 1885 2120 1940 magna

512 1971 854 2044 longitudine
879 1969 1042 2042 522
1065 1979 1119 2023 et
1150 1967 1435 2023 latitudine
1463 1966 1835 2029 esoriebatur,
1863 1973 1915 2020 et
1941 1965 1993 2018 in
2021 1977 2121 2018 cu-

509 2065 626 2120 bito
653 2078 872 2119 sursum
905 2059 1417 2125 consummabatur;
1465 2059 1591 2130 quia
1617 2060 1857 2114 cbaritas
1905 2072 2027 2127 quae
2054 2070 2122 2111 ex

511 2159 622 2214 ﬁde
651 2157 918 2224 nascitur,
952 2157 1004 2212 in
1037 2170 1230 2227 magna
1268 2153 1557 2209 latitudine
1589 2168 1715 2223 erga
1749 2151 2120 2222 proximorum

508 2266 702 2305 curam
735 2256 916 2306 semet
943 2250 1114 2320 ipsam
1145 2245 1411 2303 extendit.
1438 2245 1666 2301 Sursum
1697 2258 1827 2298 vero
1857 2242 1910 2298 in
1937 2241 2123 2298 cubito

509 2349 955 2406 consummatur;
988 2342 1114 2412 quia
1145 2341 1325 2394 omnis
1349 2354 1475 2408 spes
1501 2338 1739 2392 ﬁdelium
1770 2346 1935 2407 atque
1979 2333 2123 2391 desi-

506 2437 720 2494 derium
743 2436 810 2491 ad
834 2435 995 2490 unius
1023 2433 1120 2489 Dei
1143 2434 1407 2488 visionem
1435 2431 1629 2488 tendit.

581 2529 735 2597 Quod
776 2538 960 2585 autem
1007 2526 1124 2583 Noe
1163 2527 1228 2582 ad
1256 2526 1560 2596 juSsionem
1589 2524 1805 2580 Domini
1837 2539 1902 2580 ex
1935 2525 2116 2579 omni-

506 2627 610 2681 bus
638 2623 1006 2678 animantibus
1056 2620 1273 2676 mundis
1322 2628 1377 2676 et
1405 2619 1699 2674 immundis
1747 2618 2017 2673 masculos
2067 2626 2125 2674 et

509 2716 744 2773 feminas
772 2715 1074 2771 introduxit
1103 2714 1156 2769 in
1196 2727 1376 2769 arcam
1409 2712 1564 2784 (Gen.
1599 2727 1707 2779 vn,
1738 2711 1818 2782 8),
1853 2711 2122 2782 signiﬁcat

509 2812 655 2881 quod
687 2810 813 2865 mali
842 2819 898 2865 et
922 2809 1050 2864 boni
1083 2808 1137 2862 in
1166 2807 1462 2863 Ecclesiam
1487 2805 1985 2860 introduci-rentur.
2013 2801 2121 2858 Sed

509 2903 580 2959 de
612 2901 829 2957 mundis
879 2910 1101 2972 septena
1122 2940 1138 2967 ,
1170 2909 1226 2954 et
1255 2906 1477 2969 septena
1510 2915 1521 2950 :
1557 2897 1624 2952 de
1656 2896 1948 2952 immundis
1992 2911 2122 2951 vero

509 2993 642 3050 bina
669 3002 726 3050 et
765 2992 916 3060 bina,
947 2992 1222 3049 masculus
1271 3001 1324 3046 ct
1354 2991 1551 3046 femina
1582 2989 1635 3044 iu
1668 3005 1850 3046 arcam
1898 2988 2122 3046 introie-

511 3099 668 3156 runt;
701 3105 796 3161 per
837 3089 1036 3144 munda
1088 3101 1324 3157 namque
1371 3086 1624 3142 animalia
1655 3086 1849 3148 electi,
1885 3101 1982 3156 per
2020 3085 2120 3139 im-

2223 1871 2567 1928 servantihus
2599 1871 2768 1928 dedit.
2804 1871 3042 1945 Vespere
3084 1882 3270 1929 autem
3312 1889 3424 1945 quo
3471 1873 3686 1930 columba
3715 1874 3758 1930 ad

2225 1962 2337 2018 Noe
2369 1962 2549 2026 rediit,
2585 1974 2797 2034 tempus
2828 1980 2936 2036 quo
2963 1963 3217 2021 Christus
3245 1975 3410 2021 natus
3435 1974 3537 2032 est,
3561 1965 3759 2037 designat.

2225 2059 2302 2115 De
2331 2058 2432 2114 hoc
2461 2068 2705 2130 tempore
2733 2059 2993 2115 Dominus
3023 2059 3153 2115 dicit
3184 2060 3237 2115 in
3280 2059 3572 2131 Evangelia
3601 2059 3760 2116 :Lmt

2225 2153 2490 2227 propheta:
2533 2171 2692 2225 usque
2735 2154 2804 2209 ad
2845 2153 3100 2210 Joannem
3149 2155 3308 2225 (Luc.
3359 2171 3488 2223 xvt,
3531 2155 3640 2225 l6);
3675 2155 3759 2226 quia

2224 2261 2509 2321 pOStquam
2544 2249 2895 2320 Evangelium
2941 2250 3106 2320 coepit
3136 2249 3463 2321 praedicari.
3493 2247 3762 2306 circumcisio

2224 2352 2282 2398 et
2326 2343 2510 2398 multa:
2559 2344 2968 2400 observationes
3028 2343 3235 2415 legales
3288 2343 3427 2399 nihil
3488 2343 3760 2414 profuerunt.

2225 2435 2490 2502 Quamdiu
2533 2435 2690 2506 Legis
2716 2435 3026 2491 observatio
3079 2436 3190 2493 Deo
3219 2436 3455 2508 placuit,
3485 2435 3664 2492 tamdiu
3698 2435 3763 2491 lto-

2225 2530 2401 2586 miues
2431 2529 2627 2600 Legem
2657 2541 2939 2586 servantes
2965 2530 3200 2600 Spiritus
3243 2531 3422 2587 sancti
3473 2532 3624 2601 gratia
3646 2530 3764 2586 comi-

2228 2625 2362 2680 tavit
2394 2643 2407 2678 :
2440 2634 2493 2680 ct
2524 2625 2668 2681 sicut
2710 2625 2963 2682 columba
2993 2625 3059 2682 ad
3093 2640 3378 2698 veSperam
3409 2626 3478 2680 ad
3507 2624 3608 2681 Noe
3632 2625 3762 2688 rediit,

2226 2717 2297 2772 ita
2338 2727 2392 2774 et
2422 2718 2661 2788 Spiritus
2700 2719 2872 2774 sancti
2915 2719 3085 2790 gratia
3130 2717 3351 2774 Judacos
3385 2719 3623 2776 inﬁdeles
3657 2719 3764 2775 dese-

2227 2826 2354 2867 rens
2373 2852 2388 2879 ,
2421 2810 2821 2881 quodammodo
2868 2810 2936 2866 ad
2964 2827 3087 2866 eum
3117 2827 3147 2865 a
3178 2826 3288 2882 quo
3317 2809 3502 2867 fuerat
3528 2809 3684 2878 missa,
3705 2825 3764 2866 re-

2227 2920 2383 2960 versa
2423 2913 2526 2960 est.
2570 2903 2674 2959 Per
2719 2919 2929 2959 ramum
2959 2919 3088 2959 vero
3113 2904 3271 2960 oliva:
3303 2903 3510 2977 Legem
3541 2919 3761 2975 possumus

2228 2998 2566 3070 intelligere,
2597 2997 2679 3053 vel
2710 2998 2960 3068 accipere
2989 3016 3001 3051 :
3037 3013 3134 3067 per
3164 2996 3293 3053 folia
3338 3007 3527 3054 autem
3566 2998 3765 3064 virentia,

2226 3104 2322 3145 cos
2364 3088 2454 3160 qui
2501 3103 2598 3159 per
2637 3090 2835 3161 Legem
2865 3089 3001 3144 salvi
3040 3089 3162 3145 tacti
3197 3099 3344 3146 sunt.
3377 3090 3631 3147 Columba
3650 3090 3768 3160 igitur

513 3183 714 3238 munda
745 3196 875 3237 vero
899 3180 1117 3253 reprobi
1147 3180 1522 3250 designantur.
1573 3178 1767 3234 Munda
1799 3179 1980 3250 itaque
2007 3179 2126 3234 ani—
2151 3169 2197 3232 C
2229 3198 2438 3238 ramum
2466 3181 2626 3238 olivae
2655 3198 2780 3238 cum
2819 3182 3121 3239 virentibus
3147 3182 3290 3238 foliis
3319 3184 3376 3239 in
3411 3201 3512 3241 ore
3548 3200 3635 3239 suo
3655 3183 3768 3239 detu-

513 3278 674 3334 malia
705 3277 759 3332 in
791 3276 1024 3348 septimo
1075 3290 1309 3331 numero
1356 3281 1670 3345 ponuntur;
1719 3274 1844 3344 quia
1895 3274 1971 3328 illi
2023 3275 2126 3329 soli

515 3372 678 3428 electi
717 3380 882 3438 sunt,
911 3371 1000 3440 qui
1046 3384 1145 3441 per
1171 3370 1398 3440 gratiam
1433 3369 1666 3440 Spiritus
1695 3369 1870 3425 sancti
1899 3369 1968 3425 ab
1998 3384 2130 3440 ope-

516 3467 728 3522 ratione
755 3464 1024 3520 donorum
1069 3463 1313 3534 ejusdem
1348 3464 1582 3533 Spiritus
1611 3464 1779 3519 sancti
1824 3463 1988 3519 alieni
2019 3478 2127 3518 non

517 3571 643 3617 sunt
674 3579 687 3616 :
719 3559 936 3632 reprobi
986 3574 1117 3616 vero
1163 3560 1216 3614 in
1254 3557 1493 3613 secundo
1548 3573 1782 3614 numero
1819 3567 2125 3628 ponuntur;

515 3658 643 3728 quia
686 3658 804 3713 solo
849 3671 1084 3726 corpore
1110 3665 1165 3712 et
1195 3655 1372 3708 anima
1404 3654 1456 3708 in
1502 3653 1747 3710 Ecclesia
1775 3653 2083 3710 consistunt
2109 3693 2124 3720 ,

523 3761 707 3809 mente
735 3765 867 3807 vero
893 3759 1046 3806 extra
1078 3746 1382 3804 Ecclesiam
1414 3756 1560 3802 sunt.

593 3845 654 3901 In
700 3843 1302 3916 sequentibusgquoque
1348 3841 1616 3909 scriptum
1663 3848 1748 3894 est
1779 3856 1791 3892 :
1826 3839 1961 3906 Quia
2003 3856 2129 3912 ape-

521 3940 661 3995 riens
688 3937 800 3994 Noe
824 3940 1102 4010 fenestram
1121 3950 1258 3990 arcte
1276 3949 1429 4004 quam
1453 3933 1667 4002 fecerat,
1682 3931 1877 3986 dimisit
1901 3948 2126 4001 cor-vum,

525 4034 614 4105 qui
645 4029 996 4104 egrediebatur
1027 4037 1074 4083 et
1114 4044 1215 4082 non
1245 4025 1650 4097 regrediebatur,
1689 4023 1852 4079 donec
1876 4025 2132 4080 siccaren-

530 4140 614 4183 tur
668 4141 818 4196 aqua:
849 4140 1007 4196 super
1055 4133 1246 4177 terram
1275 4119 1438 4193 (Gen.
1471 4136 1597 4187 vtn,
1631 4117 1708 4191 6).
1755 4119 1860 4174 Per
1905 4134 2128 4175 corvum

530 4234 692 4275 avem
733 4217 1083 4288 nigerrimam
1110 4214 1284 4271 Judaei
1329 4213 1652 4270 inﬁdelitate
1685 4212 1960 4270 tenebrosi
1988 4212 2132 4269 desi-

530 4321 782 4385 gnantur.
827 4310 940 4365 Noe
987 4310 1148 4380 igitur
1192 4308 1260 4363 de
1302 4323 1428 4364 arca
1476 4323 1698 4364 corvqu
1747 4308 1961 4374 emisit;
2008 4309 2132 4379 quia

533 4404 792 4459 Dominus
835 4409 1020 4456 noster
1048 4400 1208 4456 Jesus
1251 4399 1504 4455 Christus
1548 4416 1576 4454 a
1607 4401 1885 4456 consortio
1929 4413 2132 4457 sancite

533 4497 792 4554 Ecclesiae
812 4494 1069 4567 populum
1095 4492 1409 4548 Judaeorum
1433 4495 1727 4565 separavit.
1757 4493 1887 4549 Post
1906 4509 2130 4550 corvum

2231 3274 2315 3339 lit,
2348 3289 2470 3330 cum
2517 3274 2755 3346 Spiritus
2785 3279 2958 3331 sancti
2988 3277 3160 3346 gratia
3191 3291 3309 3344 eos,
3337 3293 3482 3348 quos
3512 3293 3601 3351 per
3624 3277 3766 3348 Legem

2232 3367 2562 3432 salvaverat,
2593 3367 2996 3437 quodammodo
3025 3369 3139 3424 Deo
3170 3369 3392 3427 obtulit.

2304 3462 2487 3519 Tertio
2529 3462 2642 3519 Noe
2681 3463 2992 3519 columbam
3036 3479 3104 3520 ex
3142 3479 3265 3520 arca
3295 3465 3508 3532 emisit,
3536 3464 3714 3539 quando
3732 3464 3772 3517 ii-

2231 3556 2355 3612 dem
2389 3555 2668 3626 Evangelii
2711 3558 3054 3613 servantibus
3097 3558 3328 3629 gratiam
3370 3559 3606 3630 Spiritus
3651 3556 3772 3614 sancti

2233 3647 2401 3704 dedit.
2433 3649 2565 3719 Quae
2595 3665 2703 3706 non
2734 3660 2818 3707 est
2848 3665 3070 3708 reversa
3100 3651 3241 3707 ultra
3270 3652 3339 3708 ad
3371 3668 3532 3721 eum;
3559 3652 3665 3724 quia
3682 3650 3773 3706 fides

2235 3740 2510 3813 Evangelii
2558 3741 2761 3798 tamdiu
2807 3759 2931 3798 cum
2979 3744 3169 3800 electis
3200 3745 3483 3813 manebit,
3515 3761 3664 3817 usque
3684 3743 3772 3799 dum

2233 3834 2488 3890 veniente
2531 3835 2760 3892 Domino
2803 3836 2871 3892 ad
2931 3837 3223 3907 judicium,
3275 3839 3441 3896 electi
3481 3840 3571 3911 qui
3613 3839 3658 3895 in
3697 3837 3766 3892 hoc

2234 3929 2436 3984 mundo
2484 3929 2868 3996 invenientur,
2919 3929 3201 4004 rapientur
3260 3947 3454 3989 coram
3502 3933 3704 3989 Domino
3740 3931 3772 3984 in

2234 4035 2398 4089 aera,
2424 4030 2480 4077 et
2525 4023 2604 4078 sic
2648 4036 2866 4094 semper
2916 4038 3038 4079 cum
3079 4024 3312 4081 Domino
3355 4035 3522 4082 erunt
3563 4025 3619 4096 (l
3645 4023 3772 4080 That.

2236 4129 2310 4182 ιν,
2345 4111 2455 4185 16).

2307 4207 2389 4263 Ad
2419 4207 2896 4266 demonstrandam
2941 4225 3072 4267 vero
3117 4212 3360 4283 apertius
3406 4213 3626 4271 secundi
3660 4207 3776 4282 sigilli

2237 4303 2612 4372 apertionem,
2645 4302 2715 4358 de
2765 4303 2937 4360 tribus
2981 4304 3308 4376 patriarchis
3356 4321 3530 4377 pauca
3575 4305 3776 4361 dicamus.

2238 4395 2294 4450 In
2321 4395 2517 4453 Genesi
2545 4397 2804 4469 scriptum
2835 4407 2940 4461 est.
2961 4400 3087 4471 quia
3113 4401 3342 4456 tentavit
3365 4402 3512 4459 Deus
3542 4401 3777 4462 Abraham,

2239 4498 2293 4544 et
2322 4489 2458 4545 dixit
2502 4490 2568 4545 ad
2616 4506 2738 4546 eum
2765 4509 2779 4545 :
2811 4490 2957 4547 Tolle
3008 4493 3174 4561 ﬁlium
3220 4504 3407 4558 tilum,
3439 4513 3584 4567 quem
3627 4493 3778 4562 diligis,

533 4590 714 4648 emisit
737 4587 1066 4652 columbam,
1109 4601 1232 4658 qua:
1256 4600 1379 4642 cum
1413 4601 1518 4642 non
1560 4587 1878 4653 invenisset,
1906 4587 1998 4642 ubi
2039 4603 2127 4643 re-
2156 4581 2210 4642 D
2238 4583 2412 4652 Isaac,
2445 4594 2492 4640 et
2519 4587 2647 4640 vade
2666 4587 2723 4642 in
2745 4596 2932 4642 terram
2961 4588 3192 4657 visionis,
3225 4598 3274 4644 et
3314 4589 3504 4658 oneres
3549 4606 3652 4646 eum
3667 4588 3721 4643 illi
3744 4587 3781 4638 is

529 4687 836 4758 quiesceret
883 4696 977 4750 pes
1017 4680 1158 4752 ejus,
1189 4696 1405 4736 reversa
1454 4691 1540 4737 est
1565 4680 1633 4736 ad
1679 4697 1802 4738 cum
1840 4682 1892 4737 in
1925 4697 2130 4738 arcam.

532 4776 783 4836 Secundo
805 4775 986 4832 emisit
1004 4773 1309 4829 columbam
1332 4789 1395 4829 ex
1423 4788 1573 4841 arca,
1600 4789 1720 4845 qua:
1742 4776 1885 4830 venit
1914 4775 1980 4831 ad
2008 4791 2133 4832 eum

531 4875 598 4927 ad
649 4884 974 4940 vesperam,
1050 4877 1274 4937 portans
1345 4881 1558 4923 ramum
1623 4869 1778 4924 olivae
1836 4870 2136 4926 virentibus

532 4967 679 5023 foliis
710 4967 762 5020 in
788 4978 889 5019 ore
913 4977 1034 5016 suo.
1065 4959 1253 5015 Tertio
1283 4961 1465 5015 emisit
1515 4960 1850 5030 columbam,
1879 4977 1998 5032 qua:
2031 4979 2136 5018 non

531 5072 618 5119 est
646 5076 860 5117 reversa
901 5058 1044 5113 ultra
1072 5054 1138 5110 ad
1168 5070 1312 5111 eum.
1349 5055 1454 5110 Per
1480 5056 1788 5111 columbam
1833 5071 1978 5125 saepe
2017 5057 2140 5127 Spi-

529 5155 666 5210 ritus
710 5164 928 5208 sanctns
957 5149 1236 5220 ﬁguratur,
1269 5163 1337 5203 eo
1367 5149 1511 5219 quod
1561 5149 1616 5203 in
1643 5149 1911 5204 columbae
1951 5149 2134 5222 specie

533 5266 696 5321 supcr
724 5249 1010 5303 Dominum
1038 5243 1385 5300 descenderit
1411 5242 1563 5315 (an.
1589 5259 1669 5305 nt,
1692 5243 1810 5314 ‘22).

609 5342 718 5399 Sed
767 5340 1118 5412 quaerendum
1161 5337 1320 5392 nobis
1365 5345 1452 5392 est
1499 5336 1626 5405 quid
1672 5336 1942 5407 signiﬁcet
1991 5339 2134 5395 trina

541 5437 764 5493 emissio
812 5435 1076 5490 columba:
1107 5441 1163 5487 et
1191 5432 1319 5488 bina
1353 5432 1616 5486 reversio.
1646 5430 1783 5486 Tres
1812 5433 2137 5489 emissiones

541 5530 642 5584 tria
685 5537 926 5596 tempora
959 5524 1266 5596 signiﬁcant
1300 5540 1313 5578 :
1348 5526 1582 5594 primum
1624 5533 1749 5579 ante
1801 5524 2023 5595 Legem,
2051 5540 2138 5581 se-

538 5619 779 5678 cundum
825 5618 925 5672 sub
951 5617 1092 5687 Lege
1115 5661 1129 5685 ,
1164 5617 1382 5672 tertium
1414 5617 1515 5672 sub
1543 5617 1732 5688 gratia.
1769 5617 1827 5672 ln
1859 5618 1963 5673 hoc
2006 5633 2135 5674 vero

609 5741 637 5770 ⁸
669 5733 848 5799 Edit.,
899 5734 1019 5803 quia
1084 5736 1173 5792 ille
1230 5738 1478 5793 venialem
1527 5755 1705 5809 spem;
1755 5752 1915 5806 mss.,
1961 5737 2140 5794 utilem

534 5826 677 5886 δρενη
686 5848 698 5860 .

2241 4682 2598 4738 holocaustum
2640 4701 2796 4756 super
2839 4701 3001 4738 unum
3043 4685 3296 4740 montium
3317 4726 3332 4752 ,
3361 4703 3514 4754 quem
3545 4687 3698 4740 dixero
3719 4679 3784 4734 tibi

2240 4771 2397 4846 (Gen.
2430 4789 2561 4837 χιιι,
2590 4771 2669 4845 2).
2717 4773 2990 4829 Abraham
3021 4789 3152 4830 vero
3176 4774 3245 4832 de
3281 4786 3446 4833 nocte
3476 4787 3778 4845 consurgens,

2239 4867 2428 4924 stravit
2461 4869 2674 4922 asinmn
2701 4881 2882 4936 suum,
2914 4869 3119 4925 ducens
3144 4883 3331 4926 secum
3358 4871 3495 4928 duos
3515 4872 3785 4942 juvenes,et

2243 4962 2392 5017 Isaac
2433 4960 2603 5016 ﬁlium
2657 4977 2836 5017 suum.
2890 4963 3164 5020 Abraham
3215 4964 3490 5022 Christum
3545 4963 3782 5023 secundum

2242 5055 2580 5111 divinitatem
2617 5074 2630 5110 :
2664 5055 2813 5112 lsaac
2835 5068 3017 5112 autem
3050 5057 3359 5126 hominem,
3409 5076 3567 5132 quem
3591 5057 3783 5114 Christus

2242 5153 2558 5221 assumpsit,
2592 5150 2842 5223 designat
2873 5169 2886 5206 :
2917 5165 3015 5221 per
3041 5151 3250 5207 asinum
3286 5167 3418 5210 vero
3441 5153 3657 5224 apostoli
3679 5147 3785 5206 desi-

2237 5253 2494 5314 gnantur.
2540 5245 2814 5301 Abraham
2862 5245 3026 5317 igitur
3071 5245 3142 5319 de
3194 5257 3354 5304 nocte
3405 5248 3659 5313 surrexit;
3687 5244 3782 5315 quia

2239 5337 2411 5394 Filius
2453 5340 2568 5405 Dei,
2600 5341 2803 5396 mundo
2835 5341 2888 5396 itt
2919 5342 3162 5398 tenebris
3191 5341 3516 5413 ignorantia:
3541 5344 3712 5414 posito,
3732 5354 3782 5395 ex

2241 5431 2408 5489 Maria
2458 5434 2677 5504 Virgine
2727 5435 2877 5491 nasci
2918 5436 3172 5508 dignatus
3215 5445 3344 5492 est:
3379 5439 3572 5494 stravit
3619 5437 3783 5491 asinum

2241 5538 2432 5592 suum,
2464 5527 2681 5598 quando
2734 5528 2996 5599 apostolis
3043 5528 3157 5583 suis
3208 5529 3456 5586 mandata
3515 5521 3784 5601 Evangelii”

2243 5621 2465 5678 tradidit
2495 5641 2508 5676 :
2545 5639 2641 5694 per
2667 5624 2807 5680 duos
2854 5640 2986 5680 vero
3010 5625 3239 5696 juvenes
3280 5626 3392 5683 duo
3421 5635 3671 5698 praecepta
3691 5623 3784 5677 cha-

2318 5739 2348 5779 b
2378 5741 2545 5808 Edil.,
2580 5744 2817 5821 (rddidit.
2848 5744 3009 5821 Duos
3040 5762 3158 5801 vero
3187 5749 3408 5821 juvenes
3452 5763 3613 5802 secum
3637 5741 3784 5798 (ludit:

2254 5828 2386 5870 mss.
2416 5830 2546 5872 vero
2575 5816 2734 5875 nobis
2764 5820 3135 5877 consentiunt.
