  <div class='ocr_page' id='page_1' title='image "/cluster/home/n/w/nwhite01/storage/ocr_20150623/17/hvd.32044015471329/414.png"; bbox 0 0 3944 6310; ppageno 0'>
   <div class='ocr_carea' id='block_1_1' title="bbox 127 347 230 404">
    <p class='ocr_par' dir='ltr' id='par_1_1' title="bbox 127 347 230 404">
     <span class='ocr_line' id='line_1_1' title="bbox 127 347 230 404; baseline -0.029 0"><span class='ocrx_word' id='word_1_1' title='bbox 127 347 230 404; x_wconf 75' lang='grc'><strong>817</strong></span> 
     </span>
    </p>
   </div>
   <div class='ocr_carea' id='block_1_2' title="bbox 852 340 2622 432">
    <p class='ocr_par' dir='ltr' id='par_1_2' title="bbox 852 340 2622 432">
     <span class='ocr_line' id='line_1_2' title="bbox 852 340 2622 432; baseline 0.004 -33"><span class='ocrx_word' id='word_1_2' title='bbox 852 341 920 399; x_wconf 81' lang='grc' dir='ltr'><strong>ΙΝ</strong></span> <span class='ocrx_word' id='word_1_3' title='bbox 959 340 1442 400; x_wconf 80' lang='lat' dir='ltr'><strong>APOCALYPSIN</strong></span> <span class='ocrx_word' id='word_1_4' title='bbox 1483 341 1867 400; x_wconf 76' lang='lat' dir='ltr'><strong>EXPOSITIO.</strong></span> <span class='ocrx_word' id='word_1_5' title='bbox 1912 343 1999 400; x_wconf 91' lang='lat' dir='ltr'><strong>DE</strong></span> <span class='ocrx_word' id='word_1_6' title='bbox 2049 344 2314 404; x_wconf 80' lang='lat' dir='ltr'><strong>VlSlONE</strong></span> <span class='ocrx_word' id='word_1_7' title='bbox 2343 347 2622 432; x_wconf 84' lang='lat' dir='ltr'><strong>TERTIA.</strong></span> 
     </span>
    </p>
   </div>
   <div class='ocr_carea' id='block_1_3' title="bbox 3315 350 3421 406">
    <p class='ocr_par' dir='ltr' id='par_1_3' title="bbox 3315 350 3421 406">
     <span class='ocr_line' id='line_1_3' title="bbox 3315 350 3421 406; baseline 0.009 -1"><span class='ocrx_word' id='word_1_8' title='bbox 3315 350 3421 406; x_wconf 81' lang='grc'><strong>818</strong></span> 
     </span>
    </p>
   </div>
   <div class='ocr_carea' id='block_1_4' title="bbox 129 459 3419 537">
    <p class='ocr_par' dir='ltr' id='par_1_4' title="bbox 129 459 3419 537">
     <span class='ocr_line' id='line_1_4' title="bbox 129 459 3419 537; baseline 0.001 -17"><span class='ocrx_word' id='word_1_9' title='bbox 129 463 292 521; x_wconf 86' lang='lat' dir='ltr'><strong>ritatis</strong></span> <span class='ocrx_word' id='word_1_10' title='bbox 318 461 688 533; x_wconf 74' lang='lat' dir='ltr'><strong>designantur.</strong></span> <span class='ocrx_word' id='word_1_11' title='bbox 723 459 863 515; x_wconf 79' lang='lat' dir='ltr'><strong>Duos</strong></span> <span class='ocrx_word' id='word_1_12' title='bbox 892 460 1118 528; x_wconf 77' lang='lat' dir='ltr'><strong>juvenes</strong></span> <span class='ocrx_word' id='word_1_13' title='bbox 1149 473 1332 516; x_wconf 81' lang='lat' dir='ltr'><strong>secum</strong></span> <span class='ocrx_word' id='word_1_14' title='bbox 1373 459 1554 526; x_wconf 83' lang='lat' dir='ltr'><strong>duxit;</strong></span> <span class='ocrx_word' id='word_1_15' title='bbox 1587 459 1710 531; x_wconf 90' lang='lat' dir='ltr'><strong>quia</strong></span> <span class='ocrx_word' id='word_1_16' title='bbox 1739 467 1794 526; x_wconf 76' lang='grc' dir='ltr'><strong>Α</strong></span> <span class='ocrx_word' id='word_1_17' title='bbox 1819 461 1893 517; x_wconf 89' lang='lat' dir='ltr'><strong>Ea</strong></span> <span class='ocrx_word' id='word_1_18' title='bbox 1942 477 2076 518; x_wconf 90' lang='lat' dir='ltr'><strong>vero</strong></span> <span class='ocrx_word' id='word_1_19' title='bbox 2128 480 2251 533; x_wconf 66' lang='lat' dir='ltr'><strong>qua:</strong></span> <span class='ocrx_word' id='word_1_20' title='bbox 2280 468 2510 537; x_wconf 77' lang='lat' dir='ltr'><strong>angelus</strong></span> <span class='ocrx_word' id='word_1_21' title='bbox 2560 467 2625 522; x_wconf 89' lang='lat' dir='ltr'><strong>ad</strong></span> <span class='ocrx_word' id='word_1_22' title='bbox 2657 467 2934 524; x_wconf 86' lang='lat' dir='ltr'><strong>Abraham</strong></span> <span class='ocrx_word' id='word_1_23' title='bbox 2967 469 3186 526; x_wconf 90' lang='lat' dir='ltr'><strong>locutus</strong></span> <span class='ocrx_word' id='word_1_24' title='bbox 3215 478 3321 537; x_wconf 89' lang='lat' dir='ltr'><strong>est,</strong></span> <span class='ocrx_word' id='word_1_25' title='bbox 3351 467 3419 524; x_wconf 90' lang='lat' dir='ltr'><strong>ad</strong></span> 
     </span>
    </p>
   </div>
   <div class='ocr_carea' id='block_1_5' title="bbox 126 553 1716 625">
    <p class='ocr_par' dir='ltr' id='par_1_5' title="bbox 126 553 1716 625">
     <span class='ocr_line' id='line_1_5' title="bbox 126 553 1716 625; baseline -0.004 -12"><span class='ocrx_word' id='word_1_26' title='bbox 126 556 228 613; x_wconf 88' lang='lat' dir='ltr'><strong>duo</strong></span> <span class='ocrx_word' id='word_1_27' title='bbox 277 563 544 625; x_wconf 58' lang='lat' dir='ltr'><strong>praecepta</strong></span> <span class='ocrx_word' id='word_1_28' title='bbox 585 553 861 608; x_wconf 90' lang='lat' dir='ltr'><strong>charitatis</strong></span> <span class='ocrx_word' id='word_1_29' title='bbox 922 553 1199 620; x_wconf 82' lang='lat' dir='ltr'><strong>discipulis</strong></span> <span class='ocrx_word' id='word_1_30' title='bbox 1244 553 1360 608; x_wconf 87' lang='lat' dir='ltr'><strong>suis</strong></span> <span class='ocrx_word' id='word_1_31' title='bbox 1409 553 1612 610; x_wconf 76' lang='lat' dir='ltr'><strong>arctius</strong></span> <span class='ocrx_word' id='word_1_32' title='bbox 1658 563 1716 608; x_wconf 90' lang='lat' dir='ltr'><strong>et</strong></span> 
     </span>
    </p>
   </div>
   <div class='ocr_carea' id='block_1_6' title="bbox 127 645 1716 720">
    <p class='ocr_par' dir='ltr' id='par_1_6' title="bbox 127 645 1716 720">
     <span class='ocr_line' id='line_1_6' title="bbox 127 645 1716 720; baseline -0.004 -12"><span class='ocrx_word' id='word_1_33' title='bbox 127 650 453 720; x_wconf 79' lang='lat' dir='ltr'><strong>frequentius</strong></span> <span class='ocrx_word' id='word_1_34' title='bbox 484 648 700 704; x_wconf 89' lang='lat' dir='ltr'><strong>tradidit</strong></span> <span class='ocrx_word' id='word_1_35' title='bbox 735 666 748 704; x_wconf 90' lang='lat'><strong>:</strong></span> <span class='ocrx_word' id='word_1_36' title='bbox 777 647 935 702; x_wconf 80' lang='lat' dir='ltr'><strong>duxit</strong></span> <span class='ocrx_word' id='word_1_37' title='bbox 959 657 1012 703; x_wconf 91' lang='lat' dir='ltr'><strong>et</strong></span> <span class='ocrx_word' id='word_1_38' title='bbox 1037 645 1233 701; x_wconf 85' lang='lat' dir='ltr'><strong>Filiqu</strong></span> <span class='ocrx_word' id='word_1_39' title='bbox 1266 663 1445 714; x_wconf 89' lang='lat' dir='ltr'><strong>suum,</strong></span> <span class='ocrx_word' id='word_1_40' title='bbox 1465 649 1588 718; x_wconf 85' lang='lat' dir='ltr'><strong>quia</strong></span> <span class='ocrx_word' id='word_1_41' title='bbox 1616 647 1716 701; x_wconf 57' lang='lat' dir='ltr'><strong>hoc</strong></span> 
     </span>
    </p>
   </div>
   <div class='ocr_carea' id='block_1_7' title="bbox 124 739 1714 813">
    <p class='ocr_par' dir='ltr' id='par_1_7' title="bbox 124 739 1714 813">
     <span class='ocr_line' id='line_1_7' title="bbox 124 739 1714 813; baseline -0.004 -13"><span class='ocrx_word' id='word_1_42' title='bbox 124 743 318 800; x_wconf 82' lang='lat' dir='ltr'><strong>minem</strong></span> <span class='ocrx_word' id='word_1_43' title='bbox 367 757 522 813; x_wconf 84' lang='lat' dir='ltr'><strong>quem</strong></span> <span class='ocrx_word' id='word_1_44' title='bbox 569 739 892 811; x_wconf 77' lang='lat' dir='ltr'><strong>assumpsit,</strong></span> <span class='ocrx_word' id='word_1_45' title='bbox 921 739 988 794; x_wconf 90' lang='lat' dir='ltr'><strong>ad</strong></span> <span class='ocrx_word' id='word_1_46' title='bbox 1017 739 1353 796; x_wconf 88' lang='lat' dir='ltr'><strong>moriendum</strong></span> <span class='ocrx_word' id='word_1_47' title='bbox 1385 756 1481 810; x_wconf 90' lang='lat' dir='ltr'><strong>pro</strong></span> <span class='ocrx_word' id='word_1_48' title='bbox 1511 753 1714 811; x_wconf 78' lang='lat' dir='ltr'><strong>genere</strong></span> 
     </span>
    </p>
   </div>
   <div class='ocr_carea' id='block_1_8' title="bbox 126 831 1716 906">
    <p class='ocr_par' dir='ltr' id='par_1_8' title="bbox 126 831 1716 906">
     <span class='ocr_line' id='line_1_8' title="bbox 126 831 1716 906; baseline -0.003 -13"><span class='ocrx_word' id='word_1_49' title='bbox 126 837 354 893; x_wconf 86' lang='lat' dir='ltr'><strong>humano</strong></span> <span class='ocrx_word' id='word_1_50' title='bbox 377 835 628 900; x_wconf 73' lang='lat' dir='ltr'><strong>tradidit,</strong></span> <span class='ocrx_word' id='word_1_51' title='bbox 663 837 801 891; x_wconf 90' lang='lat' dir='ltr'><strong>sicut</strong></span> <span class='ocrx_word' id='word_1_52' title='bbox 834 836 952 906; x_wconf 84' lang='lat' dir='ltr'><strong>ipse</strong></span> <span class='ocrx_word' id='word_1_53' title='bbox 978 835 1114 890; x_wconf 84' lang='lat' dir='ltr'><strong>dixit</strong></span> <span class='ocrx_word' id='word_1_54' title='bbox 1143 837 1194 890; x_wconf 87' lang='lat' dir='ltr'><strong>itt</strong></span> <span class='ocrx_word' id='word_1_55' title='bbox 1229 835 1524 906; x_wconf 74' lang='lat' dir='ltr'><strong>Evangelio</strong></span> <span class='ocrx_word' id='word_1_56' title='bbox 1552 831 1716 890; x_wconf 92' lang='lat' dir='ltr'><strong>disci-</strong></span> 
     </span>
    </p>
   </div>
   <div class='ocr_carea' id='block_1_9' title="bbox 124 930 1714 1006">
    <p class='ocr_par' dir='ltr' id='par_1_9' title="bbox 124 930 1714 1006">
     <span class='ocr_line' id='line_1_9' title="bbox 124 930 1714 1006; baseline -0.002 -17"><span class='ocrx_word' id='word_1_57' title='bbox 124 933 254 1006; x_wconf 87' lang='lat' dir='ltr'><strong>pulis</strong></span> <span class='ocrx_word' id='word_1_58' title='bbox 281 933 392 988; x_wconf 88' lang='lat' dir='ltr'><strong>suis</strong></span> <span class='ocrx_word' id='word_1_59' title='bbox 422 951 436 986; x_wconf 92' lang='lat'><strong>:</strong></span> <span class='ocrx_word' id='word_1_60' title='bbox 472 930 606 986; x_wconf 75' lang='lat' dir='ltr'><strong>Ecce</strong></span> <span class='ocrx_word' id='word_1_61' title='bbox 633 931 961 987; x_wconf 75' lang='lat' dir='ltr'><strong>ascendimus</strong></span> <span class='ocrx_word' id='word_1_62' title='bbox 1004 930 1421 1003; x_wconf 75' lang='lat' dir='ltr'><strong>Hierosolymam</strong></span> <span class='ocrx_word' id='word_1_63' title='bbox 1447 974 1461 995; x_wconf 88' lang='lat'><strong>,</strong></span> <span class='ocrx_word' id='word_1_64' title='bbox 1509 942 1556 986; x_wconf 82' lang='lat' dir='ltr'><strong>et</strong></span> <span class='ocrx_word' id='word_1_65' title='bbox 1586 949 1714 986; x_wconf 87' lang='lat' dir='ltr'><strong>con-</strong></span> 
     </span>
    </p>
   </div>
   <div class='ocr_carea' id='block_1_10' title="bbox 123 1023 1714 1095">
    <p class='ocr_par' dir='ltr' id='par_1_10' title="bbox 123 1023 1714 1095">
     <span class='ocr_line' id='line_1_10' title="bbox 123 1023 1714 1095; baseline 0.001 -15"><span class='ocrx_word' id='word_1_66' title='bbox 123 1023 502 1080; x_wconf 86' lang='lat' dir='ltr'><strong>suntmabuntur</strong></span> <span class='ocrx_word' id='word_1_67' title='bbox 545 1026 751 1091; x_wconf 83' lang='lat' dir='ltr'><strong>omnia,</strong></span> <span class='ocrx_word' id='word_1_68' title='bbox 779 1041 894 1092; x_wconf 74' lang='lat' dir='ltr'><strong>qua:</strong></span> <span class='ocrx_word' id='word_1_69' title='bbox 931 1025 1126 1095; x_wconf 81' lang='lat' dir='ltr'><strong>scripta</strong></span> <span class='ocrx_word' id='word_1_70' title='bbox 1171 1036 1290 1079; x_wconf 89' lang='lat' dir='ltr'><strong>sunt</strong></span> <span class='ocrx_word' id='word_1_71' title='bbox 1323 1042 1412 1095; x_wconf 88' lang='lat' dir='ltr'><strong>per</strong></span> <span class='ocrx_word' id='word_1_72' title='bbox 1441 1026 1714 1095; x_wconf 83' lang='lat' dir='ltr'><strong>prophetas</strong></span> 
     </span>
    </p>
   </div>
   <div class='ocr_carea' id='block_1_11' title="bbox 122 1113 1710 1189">
    <p class='ocr_par' dir='ltr' id='par_1_11' title="bbox 122 1113 1710 1189">
     <span class='ocr_line' id='line_1_11' title="bbox 122 1113 1710 1189; baseline 0.001 -20"><span class='ocrx_word' id='word_1_73' title='bbox 122 1116 181 1171; x_wconf 87' lang='lat' dir='ltr'><strong>de</strong></span> <span class='ocrx_word' id='word_1_74' title='bbox 207 1113 343 1170; x_wconf 81' lang='lat' dir='ltr'><strong>Filio</strong></span> <span class='ocrx_word' id='word_1_75' title='bbox 372 1117 610 1170; x_wconf 75' lang='lat' dir='ltr'><strong>hominis.</strong></span> <span class='ocrx_word' id='word_1_76' title='bbox 647 1114 903 1169; x_wconf 78' lang='lat' dir='ltr'><strong>Tradetur</strong></span> <span class='ocrx_word' id='word_1_77' title='bbox 927 1120 1062 1170; x_wconf 88' lang='lat' dir='ltr'><strong>enim</strong></span> <span class='ocrx_word' id='word_1_78' title='bbox 1089 1116 1342 1189; x_wconf 76' lang='lat' dir='ltr'><strong>gentibus,</strong></span> <span class='ocrx_word' id='word_1_79' title='bbox 1367 1127 1413 1170; x_wconf 85' lang='lat' dir='ltr'><strong>et</strong></span> <span class='ocrx_word' id='word_1_80' title='bbox 1439 1117 1710 1186; x_wconf 81' lang='lat' dir='ltr'><strong>illudelur,</strong></span> 
     </span>
    </p>
   </div>
   <div class='ocr_carea' id='block_1_12' title="bbox 121 1209 1713 1285">
    <p class='ocr_par' dir='ltr' id='par_1_12' title="bbox 121 1209 1713 1285">
     <span class='ocr_line' id='line_1_12' title="bbox 121 1209 1713 1285; baseline 0 -17"><span class='ocrx_word' id='word_1_81' title='bbox 121 1221 165 1268; x_wconf 87' lang='lat' dir='ltr'><strong>et</strong></span> <span class='ocrx_word' id='word_1_82' title='bbox 190 1209 566 1282; x_wconf 78' lang='lat' dir='ltr'><strong>ﬂagellabitur,</strong></span> <span class='ocrx_word' id='word_1_83' title='bbox 599 1221 647 1266; x_wconf 88' lang='lat' dir='ltr'><strong>et</strong></span> <span class='ocrx_word' id='word_1_84' title='bbox 677 1222 990 1284; x_wconf 85' lang='lat' dir='ltr'><strong>conspuetur</strong></span> <span class='ocrx_word' id='word_1_85' title='bbox 1022 1227 1040 1266; x_wconf 90' lang='lat'><strong><em>:</em></strong></span> <span class='ocrx_word' id='word_1_86' title='bbox 1071 1221 1117 1266; x_wconf 86' lang='lat' dir='ltr'><strong>et</strong></span> <span class='ocrx_word' id='word_1_87' title='bbox 1163 1222 1433 1282; x_wconf 88' lang='lat' dir='ltr'><strong>postquam</strong></span> <span class='ocrx_word' id='word_1_88' title='bbox 1476 1213 1713 1285; x_wconf 79' lang='lat' dir='ltr'><strong>ﬂagella-</strong></span> 
     </span>
    </p>
   </div>
   <div class='ocr_carea' id='block_1_13' title="bbox 119 1303 1708 1380">
    <p class='ocr_par' dir='ltr' id='par_1_13' title="bbox 119 1303 1708 1380">
     <span class='ocr_line' id='line_1_13' title="bbox 119 1303 1708 1380; baseline 0.004 -23"><span class='ocrx_word' id='word_1_89' title='bbox 119 1303 298 1370; x_wconf 82' lang='lat' dir='ltr'><strong>rerint,</strong></span> <span class='ocrx_word' id='word_1_90' title='bbox 330 1303 560 1359; x_wconf 84' lang='lat' dir='ltr'><strong>occident</strong></span> <span class='ocrx_word' id='word_1_91' title='bbox 590 1320 725 1374; x_wconf 87' lang='lat' dir='ltr'><strong>eum,</strong></span> <span class='ocrx_word' id='word_1_92' title='bbox 755 1314 802 1360; x_wconf 88' lang='lat' dir='ltr'><strong>et</strong></span> <span class='ocrx_word' id='word_1_93' title='bbox 831 1305 914 1360; x_wconf 83' lang='lat' dir='ltr'><strong>die</strong></span> <span class='ocrx_word' id='word_1_94' title='bbox 942 1307 1091 1360; x_wconf 84' lang='lat' dir='ltr'><strong>tertia</strong></span> <span class='ocrx_word' id='word_1_95' title='bbox 1123 1319 1352 1380; x_wconf 78' lang='lat' dir='ltr'><strong>resurget</strong></span> <span class='ocrx_word' id='word_1_96' title='bbox 1379 1307 1530 1380; x_wconf 86' lang='lat' dir='ltr'><strong>(Luc.</strong></span> <span class='ocrx_word' id='word_1_97' title='bbox 1560 1324 1708 1377; x_wconf 81' lang='lat' dir='ltr'><strong>xvm,</strong></span> 
     </span>
    </p>
   </div>
   <div class='ocr_carea' id='block_1_14' title="bbox 119 1395 438 1466">
    <p class='ocr_par' dir='ltr' id='par_1_14' title="bbox 119 1395 438 1466">
     <span class='ocr_line' id='line_1_14' title="bbox 119 1395 438 1466; baseline 0 -15"><span class='ocrx_word' id='word_1_98' title='bbox 119 1395 185 1451; x_wconf 76' lang='grc'><strong>52</strong></span> <span class='ocrx_word' id='word_1_99' title='bbox 212 1407 258 1451; x_wconf 90' lang='lat' dir='ltr'><strong>et</strong></span> <span class='ocrx_word' id='word_1_100' title='bbox 283 1398 438 1466; x_wconf 86' lang='lat' dir='ltr'><strong>seq.).</strong></span> 
     </span>
    </p>
   </div>
   <div class='ocr_carea' id='block_1_15' title="bbox 188 1490 1709 1568">
    <p class='ocr_par' dir='ltr' id='par_1_15' title="bbox 188 1490 1709 1568">
     <span class='ocr_line' id='line_1_15' title="bbox 188 1490 1709 1568; baseline 0.006 -24"><span class='ocrx_word' id='word_1_101' title='bbox 188 1490 281 1546; x_wconf 90' lang='lat' dir='ltr'><strong>Die</strong></span> <span class='ocrx_word' id='word_1_102' title='bbox 306 1499 484 1548; x_wconf 88' lang='lat' dir='ltr'><strong>autem</strong></span> <span class='ocrx_word' id='word_1_103' title='bbox 515 1491 668 1547; x_wconf 91' lang='lat' dir='ltr'><strong>tertia</strong></span> <span class='ocrx_word' id='word_1_104' title='bbox 702 1491 928 1549; x_wconf 83' lang='lat' dir='ltr'><strong>elevatis</strong></span> <span class='ocrx_word' id='word_1_105' title='bbox 955 1494 1158 1562; x_wconf 91' lang='lat' dir='ltr'><strong>oculis,</strong></span> <span class='ocrx_word' id='word_1_106' title='bbox 1189 1495 1322 1551; x_wconf 80' lang='lat' dir='ltr'><strong>vidit</strong></span> <span class='ocrx_word' id='word_1_107' title='bbox 1374 1495 1550 1552; x_wconf 91' lang='lat' dir='ltr'><strong>locum</strong></span> <span class='ocrx_word' id='word_1_108' title='bbox 1581 1511 1709 1568; x_wconf 88' lang='lat' dir='ltr'><strong>pro-</strong></span> 
     </span>
    </p>
   </div>
   <div class='ocr_carea' id='block_1_16' title="bbox 117 1583 1712 1660">
    <p class='ocr_par' dir='ltr' id='par_1_16' title="bbox 117 1583 1712 1660">
     <span class='ocr_line' id='line_1_16' title="bbox 117 1583 1712 1660; baseline 0.006 -22"><span class='ocrx_word' id='word_1_109' title='bbox 117 1583 216 1638; x_wconf 90' lang='lat' dir='ltr'><strong>cul.</strong></span> <span class='ocrx_word' id='word_1_110' title='bbox 245 1583 379 1640; x_wconf 88' lang='lat' dir='ltr'><strong>Tres</strong></span> <span class='ocrx_word' id='word_1_111' title='bbox 419 1583 537 1641; x_wconf 89' lang='lat' dir='ltr'><strong>dies</strong></span> <span class='ocrx_word' id='word_1_112' title='bbox 568 1595 678 1642; x_wconf 92' lang='lat' dir='ltr'><strong>tres</strong></span> <span class='ocrx_word' id='word_1_113' title='bbox 727 1586 960 1643; x_wconf 90' lang='lat' dir='ltr'><strong>decades</strong></span> <span class='ocrx_word' id='word_1_114' title='bbox 988 1603 1284 1655; x_wconf 88' lang='lat' dir='ltr'><strong>annorum,</strong></span> <span class='ocrx_word' id='word_1_115' title='bbox 1325 1596 1513 1660; x_wconf 88' lang='lat' dir='ltr'><strong>terque</strong></span> <span class='ocrx_word' id='word_1_116' title='bbox 1553 1589 1712 1647; x_wconf 86' lang='lat' dir='ltr'><strong>binos</strong></span> 
     </span>
    </p>
   </div>
   <div class='ocr_carea' id='block_1_17' title="bbox 119 1675 1708 1752">
    <p class='ocr_par' dir='ltr' id='par_1_17' title="bbox 119 1675 1708 1752">
     <span class='ocr_line' id='line_1_17' title="bbox 119 1675 1708 1752; baseline 0.004 -21"><span class='ocrx_word' id='word_1_117' title='bbox 119 1691 327 1732; x_wconf 89' lang='lat' dir='ltr'><strong>menses</strong></span> <span class='ocrx_word' id='word_1_118' title='bbox 374 1675 681 1749; x_wconf 88' lang='lat' dir='ltr'><strong>designant,</strong></span> <span class='ocrx_word' id='word_1_119' title='bbox 710 1694 818 1750; x_wconf 92' lang='lat' dir='ltr'><strong>quo</strong></span> <span class='ocrx_word' id='word_1_120' title='bbox 843 1681 1018 1751; x_wconf 90' lang='lat' dir='ltr'><strong>spatio</strong></span> <span class='ocrx_word' id='word_1_121' title='bbox 1053 1693 1352 1752; x_wconf 85' lang='lat' dir='ltr'><strong>temporum</strong></span> <span class='ocrx_word' id='word_1_122' title='bbox 1375 1680 1626 1739; x_wconf 85' lang='lat' dir='ltr'><strong>Christus</strong></span> <span class='ocrx_word' id='word_1_123' title='bbox 1656 1683 1708 1738; x_wconf 91' lang='lat' dir='ltr'><strong>iu</strong></span> 
     </span>
    </p>
   </div>
   <div class='ocr_carea' id='block_1_18' title="bbox 119 1770 1707 1833">
    <p class='ocr_par' dir='ltr' id='par_1_18' title="bbox 119 1770 1707 1833">
     <span class='ocr_line' id='line_1_18' title="bbox 119 1770 1707 1833; baseline 0.005 -8"><span class='ocrx_word' id='word_1_124' title='bbox 119 1770 315 1825; x_wconf 90' lang='lat' dir='ltr'><strong>mundo</strong></span> <span class='ocrx_word' id='word_1_125' title='bbox 342 1780 693 1828; x_wconf 80' lang='lat' dir='ltr'><strong>conversatus</strong></span> <span class='ocrx_word' id='word_1_126' title='bbox 722 1772 940 1829; x_wconf 91' lang='lat' dir='ltr'><strong>dicitur.</strong></span> <span class='ocrx_word' id='word_1_127' title='bbox 971 1775 1147 1830; x_wconf 90' lang='lat' dir='ltr'><strong>Locus</strong></span> <span class='ocrx_word' id='word_1_128' title='bbox 1192 1791 1322 1832; x_wconf 89' lang='lat' dir='ltr'><strong>vero</strong></span> <span class='ocrx_word' id='word_1_129' title='bbox 1370 1776 1707 1833; x_wconf 85' lang='lat' dir='ltr'><strong>Hierusalem</strong></span> 
     </span>
    </p>
   </div>
   <div class='ocr_carea' id='block_1_19' title="bbox 1817 557 2851 633">
    <p class='ocr_par' dir='ltr' id='par_1_19' title="bbox 1817 557 2851 633">
     <span class='ocr_line' id='line_1_19' title="bbox 1817 557 2851 633; baseline 0.002 -19"><span class='ocrx_word' id='word_1_130' title='bbox 1817 557 1959 615; x_wconf 86' lang='lat' dir='ltr'><strong>hanc</strong></span> <span class='ocrx_word' id='word_1_131' title='bbox 1989 560 2384 630; x_wconf 76' lang='lat' dir='ltr'><strong>expositionem</strong></span> <span class='ocrx_word' id='word_1_132' title='bbox 2419 578 2523 617; x_wconf 88' lang='lat' dir='ltr'><strong>non</strong></span> <span class='ocrx_word' id='word_1_133' title='bbox 2555 565 2851 633; x_wconf 85' lang='lat' dir='ltr'><strong>pertinent.</strong></span> 
     </span>
    </p>
   </div>
   <div class='ocr_carea' id='block_1_20' title="bbox 1888 651 3418 728">
    <p class='ocr_par' dir='ltr' id='par_1_20' title="bbox 1888 651 3418 728">
     <span class='ocr_line' id='line_1_20' title="bbox 1888 651 3418 728; baseline 0.003 -22"><span class='ocrx_word' id='word_1_134' title='bbox 1888 651 2114 708; x_wconf 75' lang='lat' dir='ltr'><strong>Levavit</strong></span> <span class='ocrx_word' id='word_1_135' title='bbox 2154 653 2424 709; x_wconf 76' lang='lat' dir='ltr'><strong>Abraham</strong></span> <span class='ocrx_word' id='word_1_136' title='bbox 2479 655 2688 723; x_wconf 87' lang='lat' dir='ltr'><strong>oculos,</strong></span> <span class='ocrx_word' id='word_1_137' title='bbox 2723 657 2966 728; x_wconf 83' lang='lat' dir='ltr'><strong>viditque</strong></span> <span class='ocrx_word' id='word_1_138' title='bbox 2995 657 3224 714; x_wconf 85' lang='lat' dir='ltr'><strong>arietem</strong></span> <span class='ocrx_word' id='word_1_139' title='bbox 3274 657 3418 711; x_wconf 88' lang='lat' dir='ltr'><strong>inter</strong></span> 
     </span>
    </p>
   </div>
   <div class='ocr_carea' id='block_1_21' title="bbox 1816 747 3422 818">
    <p class='ocr_par' dir='ltr' id='par_1_21' title="bbox 1816 747 3422 818">
     <span class='ocr_line' id='line_1_21' title="bbox 1816 747 3422 818; baseline 0.002 -18"><span class='ocrx_word' id='word_1_140' title='bbox 1816 762 2010 818; x_wconf 84' lang='lat' dir='ltr'><strong>vepres</strong></span> <span class='ocrx_word' id='word_1_141' title='bbox 2043 747 2336 804; x_wconf 67' lang='lat' dir='ltr'><strong>haerentem</strong></span> <span class='ocrx_word' id='word_1_142' title='bbox 2385 749 2675 814; x_wconf 89' lang='lat' dir='ltr'><strong>cornibus,</strong></span> <span class='ocrx_word' id='word_1_143' title='bbox 2706 767 2866 816; x_wconf 86' lang='lat' dir='ltr'><strong>quem</strong></span> <span class='ocrx_word' id='word_1_144' title='bbox 2897 764 3182 806; x_wconf 88' lang='lat' dir='ltr'><strong>assumens</strong></span> <span class='ocrx_word' id='word_1_145' title='bbox 3223 749 3422 804; x_wconf 85' lang='lat' dir='ltr'><strong>obtulit</strong></span> 
     </span>
    </p>
   </div>
   <div class='ocr_carea' id='block_1_22' title="bbox 1816 839 3422 914">
    <p class='ocr_par' dir='ltr' id='par_1_22' title="bbox 1816 839 3422 914">
     <span class='ocr_line' id='line_1_22' title="bbox 1816 839 3422 914; baseline 0.002 -18"><span class='ocrx_word' id='word_1_146' title='bbox 1816 839 2194 896; x_wconf 83' lang='lat' dir='ltr'><strong>holocaustum</strong></span> <span class='ocrx_word' id='word_1_147' title='bbox 2228 857 2324 910; x_wconf 93' lang='lat' dir='ltr'><strong>pro</strong></span> <span class='ocrx_word' id='word_1_148' title='bbox 2353 839 2486 894; x_wconf 77' lang='lat' dir='ltr'><strong>lilio.</strong></span> <span class='ocrx_word' id='word_1_149' title='bbox 2520 839 2680 897; x_wconf 87' lang='lat' dir='ltr'><strong>Aries</strong></span> <span class='ocrx_word' id='word_1_150' title='bbox 2704 843 2980 899; x_wconf 87' lang='lat' dir='ltr'><strong>Christum</strong></span> <span class='ocrx_word' id='word_1_151' title='bbox 3013 844 3246 914; x_wconf 75' lang='lat' dir='ltr'><strong>signavit</strong></span> <span class='ocrx_word' id='word_1_152' title='bbox 3275 861 3289 897; x_wconf 90' lang='lat'><strong>:</strong></span> <span class='ocrx_word' id='word_1_153' title='bbox 3321 858 3422 914; x_wconf 88' lang='lat' dir='ltr'><strong>per</strong></span> 
     </span>
    </p>
   </div>
   <div class='ocr_carea' id='block_1_23' title="bbox 1816 935 3412 1008">
    <p class='ocr_par' dir='ltr' id='par_1_23' title="bbox 1816 935 3412 1008">
     <span class='ocr_line' id='line_1_23' title="bbox 1816 935 3412 1008; baseline 0.001 -19"><span class='ocrx_word' id='word_1_154' title='bbox 1816 935 1924 989; x_wconf 91' lang='lat' dir='ltr'><strong>duo</strong></span> <span class='ocrx_word' id='word_1_155' title='bbox 1952 950 2153 990; x_wconf 80' lang='lat' dir='ltr'><strong>cornua</strong></span> <span class='ocrx_word' id='word_1_156' title='bbox 2204 936 2312 989; x_wconf 91' lang='lat' dir='ltr'><strong>duo</strong></span> <span class='ocrx_word' id='word_1_157' title='bbox 2361 946 2631 1005; x_wconf 64' lang='lat' dir='ltr'><strong>praecepta</strong></span> <span class='ocrx_word' id='word_1_158' title='bbox 2681 937 2968 993; x_wconf 89' lang='lat' dir='ltr'><strong>charitatis</strong></span> <span class='ocrx_word' id='word_1_159' title='bbox 3006 937 3412 1008; x_wconf 73' lang='lat' dir='ltr'><strong>designantur:</strong></span> 
     </span>
    </p>
   </div>
   <div class='ocr_carea' id='block_1_24' title="bbox 1817 1028 3417 1102">
    <p class='ocr_par' dir='ltr' id='par_1_24' title="bbox 1817 1028 3417 1102">
     <span class='ocr_line' id='line_1_24' title="bbox 1817 1028 3417 1102; baseline -0.003 -16"><span class='ocrx_word' id='word_1_160' title='bbox 1817 1045 1913 1102; x_wconf 89' lang='lat' dir='ltr'><strong>per</strong></span> <span class='ocrx_word' id='word_1_161' title='bbox 1938 1045 2133 1100; x_wconf 84' lang='lat' dir='ltr'><strong>vepres</strong></span> <span class='ocrx_word' id='word_1_162' title='bbox 2160 1029 2356 1085; x_wconf 71' lang='lat' dir='ltr'><strong>Judazi.</strong></span> <span class='ocrx_word' id='word_1_163' title='bbox 2389 1028 2642 1084; x_wconf 87' lang='lat' dir='ltr'><strong>Christus</strong></span> <span class='ocrx_word' id='word_1_164' title='bbox 2681 1031 2846 1100; x_wconf 83' lang='lat' dir='ltr'><strong>igitur</strong></span> <span class='ocrx_word' id='word_1_165' title='bbox 2887 1032 3030 1086; x_wconf 89' lang='lat' dir='ltr'><strong>inter</strong></span> <span class='ocrx_word' id='word_1_166' title='bbox 3058 1045 3257 1100; x_wconf 84' lang='lat' dir='ltr'><strong>vepres</strong></span> <span class='ocrx_word' id='word_1_167' title='bbox 3305 1031 3417 1084; x_wconf 64' lang='lat' dir='ltr'><strong>haz-</strong></span> 
     </span>
    </p>
   </div>
   <div class='ocr_carea' id='block_1_25' title="bbox 1815 1121 3417 1195">
    <p class='ocr_par' dir='ltr' id='par_1_25' title="bbox 1815 1121 3417 1195">
     <span class='ocr_line' id='line_1_25' title="bbox 1815 1121 3417 1195; baseline -0.001 -16"><span class='ocrx_word' id='word_1_168' title='bbox 1815 1124 1969 1179; x_wconf 88' lang='lat' dir='ltr'><strong>rebat</strong></span> <span class='ocrx_word' id='word_1_169' title='bbox 2013 1122 2313 1190; x_wconf 90' lang='lat' dir='ltr'><strong>cornibus;</strong></span> <span class='ocrx_word' id='word_1_170' title='bbox 2348 1123 2472 1188; x_wconf 89' lang='lat' dir='ltr'><strong>quia</strong></span> <span class='ocrx_word' id='word_1_171' title='bbox 2501 1121 2723 1177; x_wconf 70' lang='lat' dir='ltr'><strong>Judwos</strong></span> <span class='ocrx_word' id='word_1_172' title='bbox 2751 1131 2809 1177; x_wconf 90' lang='lat' dir='ltr'><strong>ut</strong></span> <span class='ocrx_word' id='word_1_173' title='bbox 2840 1123 3038 1179; x_wconf 81' lang='lat' dir='ltr'><strong>fratres</strong></span> <span class='ocrx_word' id='word_1_174' title='bbox 3068 1123 3328 1195; x_wconf 87' lang='lat' dir='ltr'><strong>diligens,</strong></span> <span class='ocrx_word' id='word_1_175' title='bbox 3361 1131 3417 1178; x_wconf 92' lang='lat' dir='ltr'><strong>et</strong></span> 
     </span>
    </p>
   </div>
   <div class='ocr_carea' id='block_1_26' title="bbox 1813 1213 3417 1287">
    <p class='ocr_par' dir='ltr' id='par_1_26' title="bbox 1813 1213 3417 1287">
     <span class='ocr_line' id='line_1_26' title="bbox 1813 1213 3417 1287; baseline -0.001 -16"><span class='ocrx_word' id='word_1_176' title='bbox 1813 1215 1995 1271; x_wconf 91' lang='lat' dir='ltr'><strong>sciens</strong></span> <span class='ocrx_word' id='word_1_177' title='bbox 2023 1216 2146 1286; x_wconf 88' lang='lat' dir='ltr'><strong>quia</strong></span> <span class='ocrx_word' id='word_1_178' title='bbox 2171 1217 2412 1287; x_wconf 87' lang='lat' dir='ltr'><strong>gentium</strong></span> <span class='ocrx_word' id='word_1_179' title='bbox 2459 1216 2670 1269; x_wconf 82' lang='lat' dir='ltr'><strong>vocatio</strong></span> <span class='ocrx_word' id='word_1_180' title='bbox 2700 1213 3013 1271; x_wconf 63' lang='lat' dir='ltr'><strong>Iudaeorum</strong></span> <span class='ocrx_word' id='word_1_181' title='bbox 3055 1225 3206 1272; x_wconf 80' lang='lat' dir='ltr'><strong>esset</strong></span> <span class='ocrx_word' id='word_1_182' title='bbox 3233 1214 3417 1286; x_wconf 87' lang='lat' dir='ltr'><strong>perdi-</strong></span> 
     </span>
    </p>
   </div>
   <div class='ocr_carea' id='block_1_27' title="bbox 1817 1307 3410 1380">
    <p class='ocr_par' dir='ltr' id='par_1_27' title="bbox 1817 1307 3410 1380">
     <span class='ocr_line' id='line_1_27' title="bbox 1817 1307 3410 1380; baseline 0 -18"><span class='ocrx_word' id='word_1_183' title='bbox 1817 1309 1927 1374; x_wconf 86' lang='lat' dir='ltr'><strong>tio;</strong></span> <span class='ocrx_word' id='word_1_184' title='bbox 1961 1308 2128 1364; x_wconf 91' lang='lat' dir='ltr'><strong>noluit</strong></span> <span class='ocrx_word' id='word_1_185' title='bbox 2178 1311 2351 1378; x_wconf 88' lang='lat' dir='ltr'><strong>primo</strong></span> <span class='ocrx_word' id='word_1_186' title='bbox 2380 1307 2540 1364; x_wconf 82' lang='lat' dir='ltr'><strong>[idem</strong></span> <span class='ocrx_word' id='word_1_187' title='bbox 2576 1307 2857 1376; x_wconf 84' lang='lat' dir='ltr'><strong>Evangelii</strong></span> <span class='ocrx_word' id='word_1_188' title='bbox 2880 1308 3134 1380; x_wconf 82' lang='lat' dir='ltr'><strong>gentibus</strong></span> <span class='ocrx_word' id='word_1_189' title='bbox 3168 1309 3410 1373; x_wconf 87' lang='lat' dir='ltr'><strong>tradere,</strong></span> 
     </span>
    </p>
   </div>
   <div class='ocr_carea' id='block_1_28' title="bbox 1813 1401 3412 1474">
    <p class='ocr_par' dir='ltr' id='par_1_28' title="bbox 1813 1401 3412 1474">
     <span class='ocr_line' id='line_1_28' title="bbox 1813 1401 3412 1474; baseline -0.002 -16"><span class='ocrx_word' id='word_1_190' title='bbox 1813 1403 1907 1458; x_wconf 87' lang='lat' dir='ltr'><strong>sed</strong></span> <span class='ocrx_word' id='word_1_191' title='bbox 1938 1404 2157 1458; x_wconf 87' lang='lat' dir='ltr'><strong>mittens</strong></span> <span class='ocrx_word' id='word_1_192' title='bbox 2187 1403 2252 1457; x_wconf 90' lang='lat' dir='ltr'><strong>ad</strong></span> <span class='ocrx_word' id='word_1_193' title='bbox 2285 1401 2684 1474; x_wconf 53' lang='lat' dir='ltr'><strong>praedicandum</strong></span> <span class='ocrx_word' id='word_1_194' title='bbox 2727 1402 3024 1472; x_wconf 91' lang='lat' dir='ltr'><strong>discipulos</strong></span> <span class='ocrx_word' id='word_1_195' title='bbox 3069 1416 3196 1456; x_wconf 89' lang='lat' dir='ltr'><strong>suos</strong></span> <span class='ocrx_word' id='word_1_196' title='bbox 3218 1445 3232 1470; x_wconf 91' lang='lat'><strong>,</strong></span> <span class='ocrx_word' id='word_1_197' title='bbox 3266 1417 3412 1472; x_wconf 60' lang='lat' dir='ltr'><strong>prm-</strong></span> 
     </span>
    </p>
   </div>
   <div class='ocr_carea' id='block_1_29' title="bbox 1812 1494 3412 1567">
    <p class='ocr_par' dir='ltr' id='par_1_29' title="bbox 1812 1494 3412 1567">
     <span class='ocr_line' id='line_1_29' title="bbox 1812 1494 3412 1567; baseline -0.003 -15"><span class='ocrx_word' id='word_1_198' title='bbox 1812 1497 1957 1567; x_wconf 90' lang='lat' dir='ltr'><strong>ccpit</strong></span> <span class='ocrx_word' id='word_1_199' title='bbox 1986 1496 2067 1552; x_wconf 93' lang='lat' dir='ltr'><strong>eis</strong></span> <span class='ocrx_word' id='word_1_200' title='bbox 2095 1496 2282 1551; x_wconf 91' lang='lat' dir='ltr'><strong>dicens</strong></span> <span class='ocrx_word' id='word_1_201' title='bbox 2316 1514 2328 1549; x_wconf 89' lang='lat'>:</span> <span class='ocrx_word' id='word_1_202' title='bbox 2364 1494 2429 1550; x_wconf 87' lang='lat' dir='ltr'><strong>In</strong></span> <span class='ocrx_word' id='word_1_203' title='bbox 2454 1496 2588 1550; x_wconf 76' lang='lat' dir='ltr'><strong>niam</strong></span> <span class='ocrx_word' id='word_1_204' title='bbox 2610 1496 2844 1567; x_wconf 87' lang='lat' dir='ltr'><strong>gentium</strong></span> <span class='ocrx_word' id='word_1_205' title='bbox 2885 1513 2946 1551; x_wconf 83' lang='lat' dir='ltr'><strong>ne</strong></span> <span class='ocrx_word' id='word_1_206' title='bbox 2990 1495 3238 1560; x_wconf 85' lang='lat' dir='ltr'><strong>abieritis,</strong></span> <span class='ocrx_word' id='word_1_207' title='bbox 3269 1503 3317 1549; x_wconf 90' lang='lat' dir='ltr'><strong>et</strong></span> <span class='ocrx_word' id='word_1_208' title='bbox 3356 1494 3412 1548; x_wconf 83' lang='lat' dir='ltr'><strong>in</strong></span> 
     </span>
    </p>
   </div>
   <div class='ocr_carea' id='block_1_30' title="bbox 1813 1587 3413 1658">
    <p class='ocr_par' dir='ltr' id='par_1_30' title="bbox 1813 1587 3413 1658">
     <span class='ocr_line' id='line_1_30' title="bbox 1813 1587 3413 1658; baseline -0.002 -15"><span class='ocrx_word' id='word_1_209' title='bbox 1813 1589 2040 1644; x_wconf 74' lang='lat' dir='ltr'><strong>civitates</strong></span> <span class='ocrx_word' id='word_1_210' title='bbox 2071 1588 2520 1646; x_wconf 88' lang='lat' dir='ltr'><strong>Samaritanorum</strong></span> <span class='ocrx_word' id='word_1_211' title='bbox 2549 1605 2611 1643; x_wconf 89' lang='lat' dir='ltr'><strong>ne</strong></span> <span class='ocrx_word' id='word_1_212' title='bbox 2638 1588 2946 1644; x_wconf 83' lang='lat' dir='ltr'><strong>intraveritis</strong></span> <span class='ocrx_word' id='word_1_213' title='bbox 2973 1605 2992 1643; x_wconf 89' lang='lat'><strong><em>:</em></strong></span> <span class='ocrx_word' id='word_1_214' title='bbox 3021 1590 3111 1643; x_wconf 84' lang='lat' dir='ltr'><strong>sed</strong></span> <span class='ocrx_word' id='word_1_215' title='bbox 3145 1588 3212 1641; x_wconf 87' lang='lat' dir='ltr'><strong>ite</strong></span> <span class='ocrx_word' id='word_1_216' title='bbox 3238 1587 3413 1658; x_wconf 86' lang='lat' dir='ltr'><strong>potius</strong></span> 
     </span>
    </p>
   </div>
   <div class='ocr_carea' id='block_1_31' title="bbox 1811 1684 3409 1758">
    <p class='ocr_par' dir='ltr' id='par_1_31' title="bbox 1811 1684 3409 1758">
     <span class='ocr_line' id='line_1_31' title="bbox 1811 1684 3409 1758; baseline 0 -20"><span class='ocrx_word' id='word_1_217' title='bbox 1811 1684 1882 1738; x_wconf 83' lang='lat' dir='ltr'><strong>ad</strong></span> <span class='ocrx_word' id='word_1_218' title='bbox 1910 1701 2024 1739; x_wconf 84' lang='lat' dir='ltr'><strong>oves</strong></span> <span class='ocrx_word' id='word_1_219' title='bbox 2052 1685 2280 1758; x_wconf 84' lang='lat' dir='ltr'><strong>perditas</strong></span> <span class='ocrx_word' id='word_1_220' title='bbox 2329 1685 2512 1740; x_wconf 86' lang='lat' dir='ltr'><strong>domus</strong></span> <span class='ocrx_word' id='word_1_221' title='bbox 2548 1684 2717 1741; x_wconf 82' lang='lat' dir='ltr'><strong>Israel</strong></span> <span class='ocrx_word' id='word_1_222' title='bbox 2751 1685 2967 1757; x_wconf 82' lang='lat' dir='ltr'><strong>(Matth.</strong></span> <span class='ocrx_word' id='word_1_223' title='bbox 3001 1701 3055 1750; x_wconf 84' lang='lat' dir='ltr'><strong>x,</strong></span> <span class='ocrx_word' id='word_1_224' title='bbox 3081 1685 3161 1754; x_wconf 87' lang='grc'><strong>5).</strong></span> <span class='ocrx_word' id='word_1_225' title='bbox 3189 1684 3256 1739; x_wconf 86' lang='grc' dir='ltr'><strong>Ει</strong></span> <span class='ocrx_word' id='word_1_226' title='bbox 3288 1700 3409 1738; x_wconf 86' lang='lat' dir='ltr'><strong>tnu-</strong></span> 
     </span>
    </p>
   </div>
   <div class='ocr_carea' id='block_1_32' title="bbox 1810 1778 3415 1845">
    <p class='ocr_par' dir='ltr' id='par_1_32' title="bbox 1810 1778 3415 1845">
     <span class='ocr_line' id='line_1_32' title="bbox 1810 1778 3415 1845; baseline -0.001 -11"><span class='ocrx_word' id='word_1_227' title='bbox 1810 1778 1931 1834; x_wconf 87' lang='lat' dir='ltr'><strong>lieri</strong></span> <span class='ocrx_word' id='word_1_228' title='bbox 1964 1779 2282 1834; x_wconf 72' lang='lat' dir='ltr'><strong>Chauanaza:</strong></span> <span class='ocrx_word' id='word_1_229' title='bbox 2312 1779 2450 1835; x_wconf 83' lang='lat' dir='ltr'><strong>dixit</strong></span> <span class='ocrx_word' id='word_1_230' title='bbox 2483 1797 2496 1834; x_wconf 89' lang='lat'><strong>:</strong></span> <span class='ocrx_word' id='word_1_231' title='bbox 2534 1779 2656 1834; x_wconf 82' lang='lat' dir='ltr'><strong>Non</strong></span> <span class='ocrx_word' id='word_1_232' title='bbox 2680 1797 2792 1834; x_wconf 89' lang='lat' dir='ltr'><strong>sum</strong></span> <span class='ocrx_word' id='word_1_233' title='bbox 2820 1781 3028 1845; x_wconf 88' lang='lat' dir='ltr'><strong>missus,</strong></span> <span class='ocrx_word' id='word_1_234' title='bbox 3053 1781 3154 1834; x_wconf 86' lang='lat' dir='ltr'><strong>nisi</strong></span> <span class='ocrx_word' id='word_1_235' title='bbox 3197 1778 3265 1833; x_wconf 86' lang='lat' dir='ltr'><strong>ad</strong></span> <span class='ocrx_word' id='word_1_236' title='bbox 3297 1795 3415 1834; x_wconf 80' lang='lat' dir='ltr'><strong>oves</strong></span> 
     </span>
    </p>
   </div>
   <div class='ocr_carea' id='block_1_33' title="bbox 115 1863 3413 1949">
    <p class='ocr_par' dir='ltr' id='par_1_33' title="bbox 115 1863 3413 1949">
     <span class='ocr_line' id='line_1_33' title="bbox 115 1863 3413 1949; baseline 0.003 -31"><span class='ocrx_word' id='word_1_237' title='bbox 115 1863 442 1934; x_wconf 81' lang='lat' dir='ltr'><strong>designabat,</strong></span> <span class='ocrx_word' id='word_1_238' title='bbox 475 1865 527 1919; x_wconf 92' lang='lat' dir='ltr'><strong>in</strong></span> <span class='ocrx_word' id='word_1_239' title='bbox 559 1881 662 1935; x_wconf 90' lang='lat' dir='ltr'><strong>qua</strong></span> <span class='ocrx_word' id='word_1_240' title='bbox 694 1881 888 1936; x_wconf 88' lang='lat' dir='ltr'><strong>passus</strong></span> <span class='ocrx_word' id='word_1_241' title='bbox 931 1877 1015 1922; x_wconf 90' lang='lat' dir='ltr'><strong>est</strong></span> <span class='ocrx_word' id='word_1_242' title='bbox 1045 1867 1311 1922; x_wconf 85' lang='lat' dir='ltr'><strong>Christus.</strong></span> <span class='ocrx_word' id='word_1_243' title='bbox 1345 1867 1453 1924; x_wconf 87' lang='lat' dir='ltr'><strong>Sed</strong></span> <span class='ocrx_word' id='word_1_244' title='bbox 1485 1884 1584 1925; x_wconf 90' lang='lat' dir='ltr'><strong>cur</strong></span> <span class='ocrx_word' id='word_1_245' title='bbox 1626 1871 1703 1925; x_wconf 91' lang='lat' dir='ltr'><strong>lo-</strong></span> <span class='ocrx_word' id='word_1_246' title='bbox 1736 1889 1782 1949; x_wconf 75' lang='grc' dir='ltr'>Β</span> <span class='ocrx_word' id='word_1_247' title='bbox 1810 1887 1924 1942; x_wconf 75' lang='lat' dir='ltr'><strong>qua:</strong></span> <span class='ocrx_word' id='word_1_248' title='bbox 1943 1873 2206 1942; x_wconf 86' lang='lat' dir='ltr'><strong>perierunt</strong></span> <span class='ocrx_word' id='word_1_249' title='bbox 2256 1874 2436 1927; x_wconf 87' lang='lat' dir='ltr'><strong>domus</strong></span> <span class='ocrx_word' id='word_1_250' title='bbox 2477 1871 2644 1928; x_wconf 81' lang='lat' dir='ltr'><strong>Israel</strong></span> <span class='ocrx_word' id='word_1_251' title='bbox 2678 1871 2897 1940; x_wconf 80' lang='lat' dir='ltr'><strong>(Matth.</strong></span> <span class='ocrx_word' id='word_1_252' title='bbox 2933 1889 3021 1939; x_wconf 88' lang='lat' dir='ltr'><strong>xv,</strong></span> <span class='ocrx_word' id='word_1_253' title='bbox 3051 1871 3178 1944; x_wconf 71' lang='lat'><strong>24);</strong></span> <span class='ocrx_word' id='word_1_254' title='bbox 3211 1881 3266 1928; x_wconf 90' lang='lat' dir='ltr'><strong>ct</strong></span> <span class='ocrx_word' id='word_1_255' title='bbox 3306 1873 3413 1928; x_wconf 81' lang='lat' dir='ltr'><strong>ite-</strong></span> 
     </span>
    </p>
   </div>
   <div class='ocr_carea' id='block_1_34' title="bbox 114 1959 1700 2035">
    <p class='ocr_par' dir='ltr' id='par_1_34' title="bbox 114 1959 1700 2035">
     <span class='ocr_line' id='line_1_34' title="bbox 114 1959 1700 2035; baseline 0.004 -21"><span class='ocrx_word' id='word_1_256' title='bbox 114 1972 231 2014; x_wconf 89' lang='lat' dir='ltr'><strong>cum</strong></span> <span class='ocrx_word' id='word_1_257' title='bbox 257 1972 316 2013; x_wconf 92' lang='lat' dir='ltr'><strong>se</strong></span> <span class='ocrx_word' id='word_1_258' title='bbox 349 1959 532 2030; x_wconf 89' lang='lat' dir='ltr'><strong>procul</strong></span> <span class='ocrx_word' id='word_1_259' title='bbox 564 1959 763 2016; x_wconf 84' lang='lat' dir='ltr'><strong>vidisse</strong></span> <span class='ocrx_word' id='word_1_260' title='bbox 796 1962 959 2028; x_wconf 84' lang='lat' dir='ltr'><strong>dixit,</strong></span> <span class='ocrx_word' id='word_1_261' title='bbox 993 1977 1114 2018; x_wconf 92' lang='lat' dir='ltr'><strong>cum</strong></span> <span class='ocrx_word' id='word_1_262' title='bbox 1143 1964 1388 2034; x_wconf 89' lang='lat' dir='ltr'><strong>quotidie</strong></span> <span class='ocrx_word' id='word_1_263' title='bbox 1415 1964 1466 2019; x_wconf 92' lang='lat' dir='ltr'><strong>in</strong></span> <span class='ocrx_word' id='word_1_264' title='bbox 1499 1965 1700 2035; x_wconf 90' lang='lat' dir='ltr'><strong>templo</strong></span> 
     </span>
    </p>
   </div>
   <div class='ocr_carea' id='block_1_35' title="bbox 116 2052 1704 2129">
    <p class='ocr_par' dir='ltr' id='par_1_35' title="bbox 116 2052 1704 2129">
     <span class='ocr_line' id='line_1_35' title="bbox 116 2052 1704 2129; baseline 0.004 -22"><span class='ocrx_word' id='word_1_265' title='bbox 116 2052 457 2123; x_wconf 67' lang='lat' dir='ltr'><strong>prtedicaret;</strong></span> <span class='ocrx_word' id='word_1_266' title='bbox 489 2056 616 2127; x_wconf 86' lang='lat' dir='ltr'><strong>quia</strong></span> <span class='ocrx_word' id='word_1_267' title='bbox 662 2057 910 2127; x_wconf 85' lang='lat' dir='ltr'><strong>quamvis</strong></span> <span class='ocrx_word' id='word_1_268' title='bbox 951 2056 1123 2113; x_wconf 85' lang='lat' dir='ltr'><strong>Judaei</strong></span> <span class='ocrx_word' id='word_1_269' title='bbox 1168 2072 1335 2129; x_wconf 88' lang='lat' dir='ltr'><strong>prope</strong></span> <span class='ocrx_word' id='word_1_270' title='bbox 1364 2069 1549 2114; x_wconf 88' lang='lat' dir='ltr'><strong>essent</strong></span> <span class='ocrx_word' id='word_1_271' title='bbox 1578 2074 1704 2114; x_wconf 87' lang='lat' dir='ltr'><strong>cor-</strong></span> 
     </span>
    </p>
   </div>
   <div class='ocr_carea' id='block_1_36' title="bbox 114 2149 1708 2223">
    <p class='ocr_par' dir='ltr' id='par_1_36' title="bbox 114 2149 1708 2223">
     <span class='ocr_line' id='line_1_36' title="bbox 114 2149 1708 2223; baseline 0.004 -22"><span class='ocrx_word' id='word_1_272' title='bbox 114 2161 262 2216; x_wconf 87' lang='lat' dir='ltr'><strong>pore,</strong></span> <span class='ocrx_word' id='word_1_273' title='bbox 294 2157 518 2219; x_wconf 85' lang='lat' dir='ltr'><strong>propter</strong></span> <span class='ocrx_word' id='word_1_274' title='bbox 549 2149 982 2207; x_wconf 85' lang='lat' dir='ltr'><strong>incredulitatem</strong></span> <span class='ocrx_word' id='word_1_275' title='bbox 1010 2159 1192 2206; x_wconf 87' lang='lat' dir='ltr'><strong>tanten</strong></span> <span class='ocrx_word' id='word_1_276' title='bbox 1216 2151 1376 2223; x_wconf 86' lang='lat' dir='ltr'><strong>longe</strong></span> <span class='ocrx_word' id='word_1_277' title='bbox 1405 2151 1473 2208; x_wconf 92' lang='lat' dir='ltr'><strong>ab</strong></span> <span class='ocrx_word' id='word_1_278' title='bbox 1503 2152 1596 2207; x_wconf 93' lang='lat' dir='ltr'><strong>illo</strong></span> <span class='ocrx_word' id='word_1_279' title='bbox 1626 2167 1708 2208; x_wconf 87' lang='lat' dir='ltr'><strong>re-</strong></span> 
     </span>
    </p>
   </div>
   <div class='ocr_carea' id='block_1_37' title="bbox 112 2252 935 2299">
    <p class='ocr_par' dir='ltr' id='par_1_37' title="bbox 112 2252 935 2299">
     <span class='ocr_line' id='line_1_37' title="bbox 112 2252 935 2299; baseline -0.004 0"><span class='ocrx_word' id='word_1_280' title='bbox 112 2252 408 2299; x_wconf 89' lang='lat' dir='ltr'><strong>cesserant.</strong></span> <span class='ocrx_word' id='word_1_281' title='bbox 924 2253 935 2260; x_wconf 67' lang='grc'><em>”</em></span> 
     </span>
    </p>
   </div>
   <div class='ocr_carea' id='block_1_38' title="bbox 182 2335 1711 2410">
    <p class='ocr_par' dir='ltr' id='par_1_38' title="bbox 182 2335 1711 2410">
     <span class='ocr_line' id='line_1_38' title="bbox 182 2335 1711 2410; baseline 0.002 -19"><span class='ocrx_word' id='word_1_282' title='bbox 182 2335 430 2408; x_wconf 84' lang='lat' dir='ltr'><strong>Dixitque</strong></span> <span class='ocrx_word' id='word_1_283' title='bbox 500 2337 773 2393; x_wconf 83' lang='lat' dir='ltr'><strong>Abraham</strong></span> <span class='ocrx_word' id='word_1_284' title='bbox 821 2338 1005 2410; x_wconf 87' lang='lat' dir='ltr'><strong>pueris</strong></span> <span class='ocrx_word' id='word_1_285' title='bbox 1065 2339 1223 2394; x_wconf 87' lang='lat' dir='ltr'><strong>suis:</strong></span> <span class='ocrx_word' id='word_1_286' title='bbox 1281 2338 1588 2410; x_wconf 77' lang='lat' dir='ltr'><strong>Exspectate</strong></span> <span class='ocrx_word' id='word_1_287' title='bbox 1626 2340 1711 2394; x_wconf 85' lang='lat' dir='ltr'><strong>hic</strong></span> 
     </span>
    </p>
   </div>
   <div class='ocr_carea' id='block_1_39' title="bbox 114 2431 1707 2506">
    <p class='ocr_par' dir='ltr' id='par_1_39' title="bbox 114 2431 1707 2506">
     <span class='ocr_line' id='line_1_39' title="bbox 114 2431 1707 2506; baseline 0.003 -21"><span class='ocrx_word' id='word_1_288' title='bbox 114 2447 220 2485; x_wconf 77' lang='lat' dir='ltr'><strong>tum</strong></span> <span class='ocrx_word' id='word_1_289' title='bbox 251 2431 402 2486; x_wconf 87' lang='lat' dir='ltr'><strong>asino</strong></span> <span class='ocrx_word' id='word_1_290' title='bbox 426 2447 448 2485; x_wconf 92' lang='lat'><strong><em>:</em></strong></span> <span class='ocrx_word' id='word_1_291' title='bbox 474 2449 568 2504; x_wconf 88' lang='lat' dir='ltr'><strong>ego</strong></span> <span class='ocrx_word' id='word_1_292' title='bbox 612 2443 660 2488; x_wconf 91' lang='lat' dir='ltr'><strong>et</strong></span> <span class='ocrx_word' id='word_1_293' title='bbox 684 2449 810 2505; x_wconf 87' lang='lat' dir='ltr'><strong>puer</strong></span> <span class='ocrx_word' id='word_1_294' title='bbox 837 2433 962 2487; x_wconf 89' lang='lat' dir='ltr'><strong>illuc</strong></span> <span class='ocrx_word' id='word_1_295' title='bbox 989 2451 1153 2506; x_wconf 87' lang='lat' dir='ltr'><strong>usque</strong></span> <span class='ocrx_word' id='word_1_296' title='bbox 1177 2445 1534 2505; x_wconf 82' lang='lat' dir='ltr'><strong>properantes,</strong></span> <span class='ocrx_word' id='word_1_297' title='bbox 1565 2444 1707 2505; x_wconf 85' lang='lat' dir='ltr'><strong>post-</strong></span> 
     </span>
    </p>
   </div>
   <div class='ocr_carea' id='block_1_40' title="bbox 112 2523 1705 2600">
    <p class='ocr_par' dir='ltr' id='par_1_40' title="bbox 112 2523 1705 2600">
     <span class='ocr_line' id='line_1_40' title="bbox 112 2523 1705 2600; baseline 0.006 -25"><span class='ocrx_word' id='word_1_298' title='bbox 112 2539 257 2593; x_wconf 85' lang='lat' dir='ltr'><strong>quam</strong></span> <span class='ocrx_word' id='word_1_299' title='bbox 279 2523 688 2590; x_wconf 81' lang='lat' dir='ltr'><strong>adorauerimus,</strong></span> <span class='ocrx_word' id='word_1_300' title='bbox 729 2535 1042 2580; x_wconf 82' lang='lat' dir='ltr'><strong>revertemur</strong></span> <span class='ocrx_word' id='word_1_301' title='bbox 1072 2526 1141 2580; x_wconf 84' lang='lat' dir='ltr'><strong>ad</strong></span> <span class='ocrx_word' id='word_1_302' title='bbox 1162 2543 1248 2581; x_wconf 79' lang='lat' dir='ltr'><strong>vos</strong></span> <span class='ocrx_word' id='word_1_303' title='bbox 1275 2525 1428 2598; x_wconf 84' lang='lat' dir='ltr'><strong>(Gen.</strong></span> <span class='ocrx_word' id='word_1_304' title='bbox 1457 2543 1566 2582; x_wconf 68' lang='grc' dir='ltr'><strong>χιιι</strong></span> <span class='ocrx_word' id='word_1_305' title='bbox 1589 2569 1603 2594; x_wconf 93' lang='grc'>,</span> <span class='ocrx_word' id='word_1_306' title='bbox 1627 2525 1705 2600; x_wconf 82' lang='lat'><strong>5).</strong></span> 
     </span>
    </p>
   </div>
   <div class='ocr_carea' id='block_1_41' title="bbox 112 2613 1710 2690">
    <p class='ocr_par' dir='ltr' id='par_1_41' title="bbox 112 2613 1710 2690">
     <span class='ocr_line' id='line_1_41' title="bbox 112 2613 1710 2690; baseline 0.003 -19"><span class='ocrx_word' id='word_1_307' title='bbox 112 2613 378 2672; x_wconf 89' lang='lat' dir='ltr'><strong>Similiter</strong></span> <span class='ocrx_word' id='word_1_308' title='bbox 409 2627 463 2673; x_wconf 92' lang='lat' dir='ltr'><strong>et</strong></span> <span class='ocrx_word' id='word_1_309' title='bbox 493 2618 738 2674; x_wconf 85' lang='lat' dir='ltr'><strong>Christus</strong></span> <span class='ocrx_word' id='word_1_310' title='bbox 765 2629 1086 2690; x_wconf 86' lang='lat' dir='ltr'><strong>exspectare</strong></span> <span class='ocrx_word' id='word_1_311' title='bbox 1115 2619 1412 2690; x_wconf 83' lang='lat' dir='ltr'><strong>discipulos</strong></span> <span class='ocrx_word' id='word_1_312' title='bbox 1438 2635 1564 2676; x_wconf 90' lang='lat' dir='ltr'><strong>suos</strong></span> <span class='ocrx_word' id='word_1_313' title='bbox 1593 2620 1710 2690; x_wconf 87' lang='lat' dir='ltr'><strong>jus-</strong></span> 
     </span>
    </p>
   </div>
   <div class='ocr_carea' id='block_1_42' title="bbox 110 2710 1708 2786">
    <p class='ocr_par' dir='ltr' id='par_1_42' title="bbox 110 2710 1708 2786">
     <span class='ocr_line' id='line_1_42' title="bbox 110 2710 1708 2786; baseline 0.002 -20"><span class='ocrx_word' id='word_1_314' title='bbox 110 2710 195 2776; x_wconf 88' lang='lat' dir='ltr'><strong>sit,</strong></span> <span class='ocrx_word' id='word_1_315' title='bbox 225 2725 402 2783; x_wconf 82' lang='lat' dir='ltr'><strong>tisque</strong></span> <span class='ocrx_word' id='word_1_316' title='bbox 428 2712 554 2768; x_wconf 88' lang='lat' dir='ltr'><strong>dttm</strong></span> <span class='ocrx_word' id='word_1_317' title='bbox 603 2729 895 2786; x_wconf 84' lang='lat' dir='ltr'><strong>resurgens</strong></span> <span class='ocrx_word' id='word_1_318' title='bbox 939 2724 1308 2770; x_wconf 88' lang='lat' dir='ltr'><strong>reverteretur</strong></span> <span class='ocrx_word' id='word_1_319' title='bbox 1332 2715 1398 2770; x_wconf 88' lang='lat' dir='ltr'><strong>ad</strong></span> <span class='ocrx_word' id='word_1_320' title='bbox 1427 2730 1554 2783; x_wconf 87' lang='lat' dir='ltr'><strong>eos,</strong></span> <span class='ocrx_word' id='word_1_321' title='bbox 1585 2731 1708 2771; x_wconf 89' lang='lat' dir='ltr'><strong>cum</strong></span> 
     </span>
    </p>
   </div>
   <div class='ocr_carea' id='block_1_43' title="bbox 111 2805 1710 2880">
    <p class='ocr_par' dir='ltr' id='par_1_43' title="bbox 111 2805 1710 2880">
     <span class='ocr_line' id='line_1_43' title="bbox 111 2805 1710 2880; baseline 0.002 -19"><span class='ocrx_word' id='word_1_322' title='bbox 111 2805 310 2864; x_wconf 87' lang='lat' dir='ltr'><strong>diceret</strong></span> <span class='ocrx_word' id='word_1_323' title='bbox 369 2827 382 2864; x_wconf 77' lang='grc' dir='ltr'>ε</span> <span class='ocrx_word' id='word_1_324' title='bbox 439 2808 628 2864; x_wconf 84' lang='lat' dir='ltr'><strong>Omnes</strong></span> <span class='ocrx_word' id='word_1_325' title='bbox 665 2825 754 2864; x_wconf 79' lang='lat' dir='ltr'><strong>vos</strong></span> <span class='ocrx_word' id='word_1_326' title='bbox 795 2810 1097 2865; x_wconf 83' lang='lat' dir='ltr'><strong>scandalum</strong></span> <span class='ocrx_word' id='word_1_327' title='bbox 1144 2810 1412 2880; x_wconf 84' lang='lat' dir='ltr'><strong>patiemini</strong></span> <span class='ocrx_word' id='word_1_328' title='bbox 1455 2811 1508 2864; x_wconf 88' lang='lat' dir='ltr'><strong>in</strong></span> <span class='ocrx_word' id='word_1_329' title='bbox 1536 2826 1618 2864; x_wconf 87' lang='lat' dir='ltr'><strong>me</strong></span> <span class='ocrx_word' id='word_1_330' title='bbox 1658 2811 1710 2864; x_wconf 89' lang='lat' dir='ltr'><strong>in</strong></span> 
     </span>
    </p>
   </div>
   <div class='ocr_carea' id='block_1_44' title="bbox 111 2903 1711 2975">
    <p class='ocr_par' dir='ltr' id='par_1_44' title="bbox 111 2903 1711 2975">
     <span class='ocr_line' id='line_1_44' title="bbox 111 2903 1711 2975; baseline 0.003 -19"><span class='ocrx_word' id='word_1_331' title='bbox 111 2903 203 2956; x_wconf 86' lang='lat' dir='ltr'><strong>ista</strong></span> <span class='ocrx_word' id='word_1_332' title='bbox 232 2913 405 2971; x_wconf 85' lang='lat' dir='ltr'><strong>nocte,</strong></span> <span class='ocrx_word' id='word_1_333' title='bbox 439 2916 707 2975; x_wconf 82' lang='lat' dir='ltr'><strong>postquam</strong></span> <span class='ocrx_word' id='word_1_334' title='bbox 739 2913 909 2960; x_wconf 86' lang='lat' dir='ltr'><strong>autem</strong></span> <span class='ocrx_word' id='word_1_335' title='bbox 935 2920 1284 2970; x_wconf 68' lang='lat' dir='ltr'><strong>resurrexero,</strong></span> <span class='ocrx_word' id='word_1_336' title='bbox 1315 2905 1604 2975; x_wconf 69' lang='lat' dir='ltr'><strong>prmcedam</strong></span> <span class='ocrx_word' id='word_1_337' title='bbox 1624 2921 1711 2960; x_wconf 80' lang='lat' dir='ltr'><strong>ros</strong></span> 
     </span>
    </p>
   </div>
   <div class='ocr_carea' id='block_1_45' title="bbox 110 2994 1712 3072">
    <p class='ocr_par' dir='ltr' id='par_1_45' title="bbox 110 2994 1712 3072">
     <span class='ocr_line' id='line_1_45' title="bbox 110 2994 1712 3072; baseline 0.001 -22"><span class='ocrx_word' id='word_1_338' title='bbox 110 2996 161 3050; x_wconf 88' lang='lat' dir='ltr'><strong>in</strong></span> <span class='ocrx_word' id='word_1_339' title='bbox 187 2994 464 3052; x_wconf 62' lang='lat' dir='ltr'><strong>Galilaeam</strong></span> <span class='ocrx_word' id='word_1_340' title='bbox 516 2996 730 3072; x_wconf 80' lang='lat' dir='ltr'><strong>(Matth.</strong></span> <span class='ocrx_word' id='word_1_341' title='bbox 757 3014 904 3066; x_wconf 79' lang='lat' dir='ltr'><strong>xxVI,</strong></span> <span class='ocrx_word' id='word_1_342' title='bbox 932 2997 1048 3070; x_wconf 75' lang='lat'><strong>5‘2).</strong></span> <span class='ocrx_word' id='word_1_343' title='bbox 1086 2998 1151 3053; x_wconf 81' lang='lat' dir='ltr'><strong>Et</strong></span> <span class='ocrx_word' id='word_1_344' title='bbox 1198 3012 1320 3053; x_wconf 91' lang='lat' dir='ltr'><strong>cum</strong></span> <span class='ocrx_word' id='word_1_345' title='bbox 1352 2997 1712 3066; x_wconf 87' lang='lat' dir='ltr'><strong>comprehen-</strong></span> 
     </span>
    </p>
   </div>
   <div class='ocr_carea' id='block_1_46' title="bbox 112 3090 1710 3164">
    <p class='ocr_par' dir='ltr' id='par_1_46' title="bbox 112 3090 1710 3164">
     <span class='ocr_line' id='line_1_46' title="bbox 112 3090 1710 3164; baseline 0.001 -20"><span class='ocrx_word' id='word_1_346' title='bbox 112 3090 350 3158; x_wconf 89' lang='lat' dir='ltr'><strong>deretur,</strong></span> <span class='ocrx_word' id='word_1_347' title='bbox 381 3091 520 3147; x_wconf 88' lang='lat' dir='ltr'><strong>dixit</strong></span> <span class='ocrx_word' id='word_1_348' title='bbox 547 3090 750 3148; x_wconf 68' lang='lat' dir='ltr'><strong>Judaais</strong></span> <span class='ocrx_word' id='word_1_349' title='bbox 781 3109 794 3146; x_wconf 88' lang='lat'><strong>:</strong></span> <span class='ocrx_word' id='word_1_350' title='bbox 822 3091 882 3148; x_wconf 88' lang='lat' dir='ltr'><strong>Si</strong></span> <span class='ocrx_word' id='word_1_351' title='bbox 905 3109 1024 3164; x_wconf 87' lang='lat' dir='ltr'><strong>ergo</strong></span> <span class='ocrx_word' id='word_1_352' title='bbox 1051 3109 1131 3147; x_wconf 90' lang='lat' dir='ltr'><strong>me</strong></span> <span class='ocrx_word' id='word_1_353' title='bbox 1158 3094 1409 3164; x_wconf 68' lang='lat' dir='ltr'><strong>(lucernis,</strong></span> <span class='ocrx_word' id='word_1_354' title='bbox 1436 3092 1588 3148; x_wconf 85' lang='lat' dir='ltr'><strong>sinite</strong></span> <span class='ocrx_word' id='word_1_355' title='bbox 1617 3093 1710 3146; x_wconf 90' lang='lat' dir='ltr'><strong>hos</strong></span> 
     </span>
    </p>
   </div>
   <div class='ocr_carea' id='block_1_47' title="bbox 112 3183 752 3258">
    <p class='ocr_par' dir='ltr' id='par_1_47' title="bbox 112 3183 752 3258">
     <span class='ocr_line' id='line_1_47' title="bbox 112 3183 752 3258; baseline 0.006 -20"><span class='ocrx_word' id='word_1_356' title='bbox 112 3184 247 3239; x_wconf 85' lang='lat' dir='ltr'><strong>abire</strong></span> <span class='ocrx_word' id='word_1_357' title='bbox 270 3183 455 3254; x_wconf 84' lang='lat' dir='ltr'><strong>(Joan.</strong></span> <span class='ocrx_word' id='word_1_358' title='bbox 490 3202 642 3252; x_wconf 85' lang='lat' dir='ltr'><strong>xvm,</strong></span> <span class='ocrx_word' id='word_1_359' title='bbox 671 3185 752 3258; x_wconf 89' lang='lat'><strong>8).</strong></span> 
     </span>
    </p>
   </div>
   <div class='ocr_carea' id='block_1_48' title="bbox 1808 1962 3415 2036">
    <p class='ocr_par' dir='ltr' id='par_1_48' title="bbox 1808 1962 3415 2036">
     <span class='ocr_line' id='line_1_48' title="bbox 1808 1962 3415 2036; baseline -0.001 -16"><span class='ocrx_word' id='word_1_360' title='bbox 1808 1979 1928 2020; x_wconf 88' lang='lat' dir='ltr'><strong>rum</strong></span> <span class='ocrx_word' id='word_1_361' title='bbox 1961 1982 1974 2018; x_wconf 88' lang='lat'><strong>:</strong></span> <span class='ocrx_word' id='word_1_362' title='bbox 2009 1962 2130 2018; x_wconf 86' lang='lat' dir='ltr'><strong>Non</strong></span> <span class='ocrx_word' id='word_1_363' title='bbox 2158 1974 2233 2019; x_wconf 87' lang='lat' dir='ltr'><strong>est</strong></span> <span class='ocrx_word' id='word_1_364' title='bbox 2264 1966 2453 2020; x_wconf 85' lang='lat' dir='ltr'><strong>bonum</strong></span> <span class='ocrx_word' id='word_1_365' title='bbox 2476 1981 2678 2021; x_wconf 87' lang='lat' dir='ltr'><strong>sumere</strong></span> <span class='ocrx_word' id='word_1_366' title='bbox 2708 1982 2894 2036; x_wconf 84' lang='lat' dir='ltr'><strong>panem</strong></span> <span class='ocrx_word' id='word_1_367' title='bbox 2940 1967 3192 2034; x_wconf 81' lang='lat' dir='ltr'><strong>ﬁliorum,</strong></span> <span class='ocrx_word' id='word_1_368' title='bbox 3219 1974 3266 2020; x_wconf 89' lang='lat' dir='ltr'><strong>et</strong></span> <span class='ocrx_word' id='word_1_369' title='bbox 3293 1965 3415 2020; x_wconf 84' lang='lat' dir='ltr'><strong>mit-</strong></span> 
     </span>
    </p>
   </div>
   <div class='ocr_carea' id='block_1_49' title="bbox 1809 2057 2512 2131">
    <p class='ocr_par' dir='ltr' id='par_1_49' title="bbox 1809 2057 2512 2131">
     <span class='ocr_line' id='line_1_49' title="bbox 1809 2057 2512 2131; baseline -0.001 -18"><span class='ocrx_word' id='word_1_370' title='bbox 1809 2067 1914 2115; x_wconf 87' lang='lat' dir='ltr'><strong>tere</strong></span> <span class='ocrx_word' id='word_1_371' title='bbox 1937 2059 2147 2114; x_wconf 88' lang='lat' dir='ltr'><strong>canibus</strong></span> <span class='ocrx_word' id='word_1_372' title='bbox 2177 2057 2368 2127; x_wconf 84' lang='lat' dir='ltr'><strong>(Ibid.,</strong></span> <span class='ocrx_word' id='word_1_373' title='bbox 2397 2058 2512 2131; x_wconf 75' lang='lat'><strong>26).</strong></span> 
     </span>
    </p>
   </div>
   <div class='ocr_carea' id='block_1_50' title="bbox 1888 2152 3410 2224">
    <p class='ocr_par' dir='ltr' id='par_1_50' title="bbox 1888 2152 3410 2224">
     <span class='ocr_line' id='line_1_50' title="bbox 1888 2152 3410 2224; baseline -0.001 -15"><span class='ocrx_word' id='word_1_374' title='bbox 1888 2153 2162 2209; x_wconf 89' lang='lat' dir='ltr'><strong>Abraham</strong></span> <span class='ocrx_word' id='word_1_375' title='bbox 2216 2162 2396 2208; x_wconf 91' lang='lat' dir='ltr'><strong>autem</strong></span> <span class='ocrx_word' id='word_1_376' title='bbox 2444 2168 2473 2207; x_wconf 92' lang='lat' dir='ltr'><strong>a</strong></span> <span class='ocrx_word' id='word_1_377' title='bbox 2523 2153 2782 2224; x_wconf 89' lang='lat' dir='ltr'><strong>vepribus</strong></span> <span class='ocrx_word' id='word_1_378' title='bbox 2833 2153 3060 2208; x_wconf 86' lang='lat' dir='ltr'><strong>arietem</strong></span> <span class='ocrx_word' id='word_1_379' title='bbox 3107 2152 3410 2218; x_wconf 83' lang='lat' dir='ltr'><strong>abstraxit,</strong></span> 
     </span>
    </p>
   </div>
   <div class='ocr_carea' id='block_1_51' title="bbox 1810 2244 3413 2320">
    <p class='ocr_par' dir='ltr' id='par_1_51' title="bbox 1810 2244 3413 2320">
     <span class='ocr_line' id='line_1_51' title="bbox 1810 2244 3413 2320; baseline -0.001 -18"><span class='ocrx_word' id='word_1_380' title='bbox 1810 2257 1978 2320; x_wconf 89' lang='lat' dir='ltr'><strong>atque</strong></span> <span class='ocrx_word' id='word_1_381' title='bbox 2024 2247 2078 2303; x_wconf 90' lang='lat' dir='ltr'><strong>in</strong></span> <span class='ocrx_word' id='word_1_382' title='bbox 2115 2247 2491 2304; x_wconf 87' lang='lat' dir='ltr'><strong>holocaustum</strong></span> <span class='ocrx_word' id='word_1_383' title='bbox 2541 2261 2637 2316; x_wconf 88' lang='lat' dir='ltr'><strong>pro</strong></span> <span class='ocrx_word' id='word_1_384' title='bbox 2669 2246 2782 2301; x_wconf 81' lang='lat' dir='ltr'><strong>lilio</strong></span> <span class='ocrx_word' id='word_1_385' title='bbox 2813 2245 3040 2311; x_wconf 88' lang='lat' dir='ltr'><strong>obtulit;</strong></span> <span class='ocrx_word' id='word_1_386' title='bbox 3073 2246 3198 2314; x_wconf 91' lang='lat' dir='ltr'><strong>quia</strong></span> <span class='ocrx_word' id='word_1_387' title='bbox 3249 2244 3413 2300; x_wconf 85' lang='lat' dir='ltr'><strong>Pater</strong></span> 
     </span>
    </p>
   </div>
   <div class='ocr_carea' id='block_1_52' title="bbox 1810 2338 3408 2412">
    <p class='ocr_par' dir='ltr' id='par_1_52' title="bbox 1810 2338 3408 2412">
     <span class='ocr_line' id='line_1_52' title="bbox 1810 2338 3408 2412; baseline -0.003 -16"><span class='ocrx_word' id='word_1_388' title='bbox 1810 2340 2028 2408; x_wconf 90' lang='lat' dir='ltr'><strong>Filium,</strong></span> <span class='ocrx_word' id='word_1_389' title='bbox 2062 2350 2120 2396; x_wconf 90' lang='lat' dir='ltr'><strong>et</strong></span> <span class='ocrx_word' id='word_1_390' title='bbox 2147 2342 2262 2412; x_wconf 90' lang='lat' dir='ltr'><strong>ipse</strong></span> <span class='ocrx_word' id='word_1_391' title='bbox 2288 2339 2458 2396; x_wconf 87' lang='lat' dir='ltr'><strong>Filius</strong></span> <span class='ocrx_word' id='word_1_392' title='bbox 2485 2349 2658 2396; x_wconf 89' lang='lat' dir='ltr'><strong>semet</strong></span> <span class='ocrx_word' id='word_1_393' title='bbox 2700 2340 2876 2408; x_wconf 81' lang='lat' dir='ltr'><strong>ipsum</strong></span> <span class='ocrx_word' id='word_1_394' title='bbox 2903 2338 2972 2394; x_wconf 92' lang='lat' dir='ltr'><strong>ab</strong></span> <span class='ocrx_word' id='word_1_395' title='bbox 2993 2353 3179 2394; x_wconf 88' lang='lat' dir='ltr'><strong>amore</strong></span> <span class='ocrx_word' id='word_1_396' title='bbox 3208 2338 3408 2408; x_wconf 82' lang='lat' dir='ltr'><strong>impio-</strong></span> 
     </span>
    </p>
   </div>
   <div class='ocr_carea' id='block_1_53' title="bbox 1813 2434 3410 2506">
    <p class='ocr_par' dir='ltr' id='par_1_53' title="bbox 1813 2434 3410 2506">
     <span class='ocr_line' id='line_1_53' title="bbox 1813 2434 3410 2506; baseline -0.004 -14"><span class='ocrx_word' id='word_1_397' title='bbox 1813 2453 1930 2492; x_wconf 90' lang='lat' dir='ltr'><strong>rum</strong></span> <span class='ocrx_word' id='word_1_398' title='bbox 1958 2435 2269 2493; x_wconf 75' lang='lat' dir='ltr'><strong>Judaeorutn</strong></span> <span class='ocrx_word' id='word_1_399' title='bbox 2301 2435 2595 2506; x_wconf 81' lang='lat' dir='ltr'><strong>separavit,</strong></span> <span class='ocrx_word' id='word_1_400' title='bbox 2630 2442 2792 2504; x_wconf 87' lang='lat' dir='ltr'><strong>atque</strong></span> <span class='ocrx_word' id='word_1_401' title='bbox 2823 2434 3098 2489; x_wconf 90' lang='lat' dir='ltr'><strong>hominem</strong></span> <span class='ocrx_word' id='word_1_402' title='bbox 3126 2447 3286 2500; x_wconf 90' lang='lat' dir='ltr'><strong>quem</strong></span> <span class='ocrx_word' id='word_1_403' title='bbox 3323 2445 3410 2486; x_wconf 86' lang='lat' dir='ltr'><strong>as-</strong></span> 
     </span>
    </p>
   </div>
   <div class='ocr_carea' id='block_1_54' title="bbox 1811 2525 3410 2600">
    <p class='ocr_par' dir='ltr' id='par_1_54' title="bbox 1811 2525 3410 2600">
     <span class='ocr_line' id='line_1_54' title="bbox 1811 2525 3410 2600; baseline -0.004 -16"><span class='ocrx_word' id='word_1_404' title='bbox 1811 2529 2066 2598; x_wconf 86' lang='lat' dir='ltr'><strong>sumpsit,</strong></span> <span class='ocrx_word' id='word_1_405' title='bbox 2097 2544 2193 2600; x_wconf 92' lang='lat' dir='ltr'><strong>pro</strong></span> <span class='ocrx_word' id='word_1_406' title='bbox 2237 2529 2414 2584; x_wconf 90' lang='lat' dir='ltr'><strong>salute</strong></span> <span class='ocrx_word' id='word_1_407' title='bbox 2445 2527 2665 2583; x_wconf 90' lang='lat' dir='ltr'><strong>humani</strong></span> <span class='ocrx_word' id='word_1_408' title='bbox 2697 2526 2912 2598; x_wconf 87' lang='lat' dir='ltr'><strong>generis</strong></span> <span class='ocrx_word' id='word_1_409' title='bbox 2951 2526 3004 2581; x_wconf 91' lang='lat' dir='ltr'><strong>in</strong></span> <span class='ocrx_word' id='word_1_410' title='bbox 3034 2525 3410 2582; x_wconf 86' lang='lat' dir='ltr'><strong>holocaustum</strong></span> 
     </span>
    </p>
   </div>
   <div class='ocr_carea' id='block_1_55' title="bbox 1811 2621 2027 2677">
    <p class='ocr_par' dir='ltr' id='par_1_55' title="bbox 1811 2621 2027 2677">
     <span class='ocr_line' id='line_1_55' title="bbox 1811 2621 2027 2677; baseline -0.019 0"><span class='ocrx_word' id='word_1_411' title='bbox 1811 2621 2027 2677; x_wconf 87' lang='lat' dir='ltr'><strong>obtulit.</strong></span> 
     </span>
    </p>
   </div>
   <div class='ocr_carea' id='block_1_56' title="bbox 1885 2709 3414 2785">
    <p class='ocr_par' dir='ltr' id='par_1_56' title="bbox 1885 2709 3414 2785">
     <span class='ocr_line' id='line_1_56' title="bbox 1885 2709 3414 2785; baseline -0.005 -14"><span class='ocrx_word' id='word_1_412' title='bbox 1885 2715 1962 2771; x_wconf 87' lang='lat' dir='ltr'><strong>De</strong></span> <span class='ocrx_word' id='word_1_413' title='bbox 1991 2714 2180 2772; x_wconf 90' lang='lat' dir='ltr'><strong>eodem</strong></span> <span class='ocrx_word' id='word_1_414' title='bbox 2229 2731 2360 2772; x_wconf 91' lang='lat' dir='ltr'><strong>vero</strong></span> <span class='ocrx_word' id='word_1_415' title='bbox 2411 2715 2560 2772; x_wconf 86' lang='lat' dir='ltr'><strong>Isaac</strong></span> <span class='ocrx_word' id='word_1_416' title='bbox 2607 2713 2871 2785; x_wconf 89' lang='lat' dir='ltr'><strong>scriptum</strong></span> <span class='ocrx_word' id='word_1_417' title='bbox 2920 2721 3037 2780; x_wconf 92' lang='lat' dir='ltr'><strong>est,</strong></span> <span class='ocrx_word' id='word_1_418' title='bbox 3069 2711 3193 2784; x_wconf 91' lang='lat' dir='ltr'><strong>quia</strong></span> <span class='ocrx_word' id='word_1_419' title='bbox 3222 2709 3414 2766; x_wconf 88' lang='lat' dir='ltr'><strong>habuit</strong></span> 
     </span>
    </p>
   </div>
   <div class='ocr_carea' id='block_1_57' title="bbox 1812 2807 3414 2879">
    <p class='ocr_par' dir='ltr' id='par_1_57' title="bbox 1812 2807 3414 2879">
     <span class='ocr_line' id='line_1_57' title="bbox 1812 2807 3414 2879; baseline -0.005 -11"><span class='ocrx_word' id='word_1_420' title='bbox 1812 2812 1949 2868; x_wconf 89' lang='lat' dir='ltr'><strong>duos</strong></span> <span class='ocrx_word' id='word_1_421' title='bbox 1973 2813 2133 2879; x_wconf 88' lang='lat' dir='ltr'><strong>lilios,</strong></span> <span class='ocrx_word' id='word_1_422' title='bbox 2160 2811 2301 2869; x_wconf 85' lang='lat' dir='ltr'><strong>Esau</strong></span> <span class='ocrx_word' id='word_1_423' title='bbox 2327 2811 2585 2868; x_wconf 83' lang='lat' dir='ltr'><strong>etJacoh.</strong></span> <span class='ocrx_word' id='word_1_424' title='bbox 2613 2811 2749 2865; x_wconf 85' lang='lat' dir='ltr'><strong>Esau</strong></span> <span class='ocrx_word' id='word_1_425' title='bbox 2773 2817 2999 2865; x_wconf 88' lang='lat' dir='ltr'><strong>venator</strong></span> <span class='ocrx_word' id='word_1_426' title='bbox 3025 2807 3147 2876; x_wconf 78' lang='lat' dir='ltr'><strong>fuit,</strong></span> <span class='ocrx_word' id='word_1_427' title='bbox 3167 2815 3224 2862; x_wconf 91' lang='lat' dir='ltr'><strong>et</strong></span> <span class='ocrx_word' id='word_1_428' title='bbox 3249 2807 3414 2861; x_wconf 92' lang='lat' dir='ltr'><strong>homo</strong></span> 
     </span>
    </p>
   </div>
   <div class='ocr_carea' id='block_1_58' title="bbox 1813 2901 3413 2977">
    <p class='ocr_par' dir='ltr' id='par_1_58' title="bbox 1813 2901 3413 2977">
     <span class='ocr_line' id='line_1_58' title="bbox 1813 2901 3413 2977; baseline -0.005 -16"><span class='ocrx_word' id='word_1_429' title='bbox 1813 2907 2051 2977; x_wconf 88' lang='lat' dir='ltr'><strong>agricola</strong></span> <span class='ocrx_word' id='word_1_430' title='bbox 2085 2906 2291 2962; x_wconf 84' lang='lat' dir='ltr'><strong>:Jacob</strong></span> <span class='ocrx_word' id='word_1_431' title='bbox 2321 2920 2449 2962; x_wconf 85' lang='lat' dir='ltr'><strong>vero</strong></span> <span class='ocrx_word' id='word_1_432' title='bbox 2478 2904 2709 2975; x_wconf 79' lang='lat' dir='ltr'><strong>simplex</strong></span> <span class='ocrx_word' id='word_1_433' title='bbox 2756 2903 3036 2958; x_wconf 87' lang='lat' dir='ltr'><strong>habitabat</strong></span> <span class='ocrx_word' id='word_1_434' title='bbox 3070 2902 3122 2956; x_wconf 92' lang='lat' dir='ltr'><strong>in</strong></span> <span class='ocrx_word' id='word_1_435' title='bbox 3160 2901 3413 2956; x_wconf 52' lang='lat' dir='ltr'><strong>taberna.</strong></span> 
     </span>
    </p>
   </div>
   <div class='ocr_carea' id='block_1_59' title="bbox 1813 2992 3413 3068">
    <p class='ocr_par' dir='ltr' id='par_1_59' title="bbox 1813 2992 3413 3068">
     <span class='ocr_line' id='line_1_59' title="bbox 1813 2992 3413 3068; baseline -0.005 -15"><span class='ocrx_word' id='word_1_436' title='bbox 1813 2999 1974 3053; x_wconf 91' lang='lat' dir='ltr'><strong>culis.</strong></span> <span class='ocrx_word' id='word_1_437' title='bbox 2004 2997 2109 3054; x_wconf 88' lang='lat' dir='ltr'><strong>Per</strong></span> <span class='ocrx_word' id='word_1_438' title='bbox 2153 2997 2295 3052; x_wconf 85' lang='lat' dir='ltr'><strong>Esau</strong></span> <span class='ocrx_word' id='word_1_439' title='bbox 2319 2998 2550 3068; x_wconf 76' lang='lat' dir='ltr'><strong>populus</strong></span> <span class='ocrx_word' id='word_1_440' title='bbox 2591 2996 2916 3061; x_wconf 81' lang='lat' dir='ltr'><strong>llebraicus,</strong></span> <span class='ocrx_word' id='word_1_441' title='bbox 2949 3010 3045 3064; x_wconf 87' lang='lat' dir='ltr'><strong>per</strong></span> <span class='ocrx_word' id='word_1_442' title='bbox 3087 2992 3256 3049; x_wconf 78' lang='lat' dir='ltr'><strong>JaCob</strong></span> <span class='ocrx_word' id='word_1_443' title='bbox 3283 3006 3413 3046; x_wconf 86' lang='lat' dir='ltr'><strong>vero</strong></span> 
     </span>
    </p>
   </div>
   <div class='ocr_carea' id='block_1_60' title="bbox 1815 3084 3416 3161">
    <p class='ocr_par' dir='ltr' id='par_1_60' title="bbox 1815 3084 3416 3161">
     <span class='ocr_line' id='line_1_60' title="bbox 1815 3084 3416 3161; baseline -0.001 -20"><span class='ocrx_word' id='word_1_444' title='bbox 1815 3090 2047 3161; x_wconf 85' lang='lat' dir='ltr'><strong>populus</strong></span> <span class='ocrx_word' id='word_1_445' title='bbox 2093 3089 2335 3159; x_wconf 89' lang='lat' dir='ltr'><strong>gentium</strong></span> <span class='ocrx_word' id='word_1_446' title='bbox 2366 3087 2700 3158; x_wconf 83' lang='lat' dir='ltr'><strong>designatur.</strong></span> <span class='ocrx_word' id='word_1_447' title='bbox 2732 3086 2881 3142; x_wconf 81' lang='lat' dir='ltr'><strong>Isaac</strong></span> <span class='ocrx_word' id='word_1_448' title='bbox 2918 3096 3098 3142; x_wconf 88' lang='lat' dir='ltr'><strong>autem</strong></span> <span class='ocrx_word' id='word_1_449' title='bbox 3133 3084 3416 3154; x_wconf 86' lang='lat' dir='ltr'><strong>utriusque</strong></span> 
     </span>
    </p>
   </div>
   <div class='ocr_carea' id='block_1_61' title="bbox 1815 3180 3416 3256">
    <p class='ocr_par' dir='ltr' id='par_1_61' title="bbox 1815 3180 3416 3256">
     <span class='ocr_line' id='line_1_61' title="bbox 1815 3180 3416 3256; baseline -0.005 -17"><span class='ocrx_word' id='word_1_450' title='bbox 1815 3184 2029 3256; x_wconf 88' lang='lat' dir='ltr'><strong>genitor</strong></span> <span class='ocrx_word' id='word_1_451' title='bbox 2059 3194 2242 3254; x_wconf 88' lang='lat' dir='ltr'><strong>typum</strong></span> <span class='ocrx_word' id='word_1_452' title='bbox 2279 3181 2491 3237; x_wconf 89' lang='lat' dir='ltr'><strong>Domini</strong></span> <span class='ocrx_word' id='word_1_453' title='bbox 2544 3180 2753 3248; x_wconf 89' lang='lat' dir='ltr'><strong>tenuit,</strong></span> <span class='ocrx_word' id='word_1_454' title='bbox 2787 3182 2877 3251; x_wconf 86' lang='lat' dir='ltr'><strong>qui</strong></span> <span class='ocrx_word' id='word_1_455' title='bbox 2911 3188 3200 3248; x_wconf 89' lang='lat' dir='ltr'><strong>utrumque</strong></span> <span class='ocrx_word' id='word_1_456' title='bbox 3247 3191 3416 3248; x_wconf 82' lang='lat' dir='ltr'><strong>popu-</strong></span> 
     </span>
    </p>
   </div>
   <div class='ocr_carea' id='block_1_62' title="bbox 177 3271 3419 3353">
    <p class='ocr_par' dir='ltr' id='par_1_62' title="bbox 177 3271 3419 3353">
     <span class='ocr_line' id='line_1_62' title="bbox 177 3271 3419 3353; baseline -0.002 -21"><span class='ocrx_word' id='word_1_457' title='bbox 177 3277 325 3333; x_wconf 88' lang='lat' dir='ltr'><strong>Tulit</strong></span> <span class='ocrx_word' id='word_1_458' title='bbox 355 3279 521 3350; x_wconf 85' lang='lat' dir='ltr'><strong>igitur</strong></span> <span class='ocrx_word' id='word_1_459' title='bbox 549 3279 820 3336; x_wconf 86' lang='lat' dir='ltr'><strong>Abraham</strong></span> <span class='ocrx_word' id='word_1_460' title='bbox 862 3278 1001 3350; x_wconf 87' lang='lat' dir='ltr'><strong>ligna</strong></span> <span class='ocrx_word' id='word_1_461' title='bbox 1057 3278 1394 3346; x_wconf 77' lang='lat' dir='ltr'><strong>holocauSti,</strong></span> <span class='ocrx_word' id='word_1_462' title='bbox 1428 3287 1483 3336; x_wconf 91' lang='lat' dir='ltr'><strong>et</strong></span> <span class='ocrx_word' id='word_1_463' title='bbox 1529 3279 1706 3348; x_wconf 90' lang='lat' dir='ltr'><strong>impo-</strong></span> <span class='ocrx_word' id='word_1_464' title='bbox 1737 3290 1782 3353; x_wconf 73' lang='grc' dir='ltr'><strong>ρ</strong></span> <span class='ocrx_word' id='word_1_465' title='bbox 1815 3278 1947 3344; x_wconf 91' lang='lat' dir='ltr'><strong>lum,</strong></span> <span class='ocrx_word' id='word_1_466' title='bbox 1980 3286 2034 3332; x_wconf 91' lang='lat' dir='ltr'><strong>et</strong></span> <span class='ocrx_word' id='word_1_467' title='bbox 2083 3277 2232 3331; x_wconf 89' lang='lat' dir='ltr'><strong>illum</strong></span> <span class='ocrx_word' id='word_1_468' title='bbox 2267 3292 2363 3346; x_wconf 86' lang='lat' dir='ltr'><strong>per</strong></span> <span class='ocrx_word' id='word_1_469' title='bbox 2390 3275 2620 3346; x_wconf 86' lang='lat' dir='ltr'><strong>Legem,</strong></span> <span class='ocrx_word' id='word_1_470' title='bbox 2653 3285 2709 3330; x_wconf 91' lang='lat' dir='ltr'><strong>et</strong></span> <span class='ocrx_word' id='word_1_471' title='bbox 2762 3274 2922 3330; x_wconf 83' lang='lat' dir='ltr'><strong>istum</strong></span> <span class='ocrx_word' id='word_1_472' title='bbox 2956 3290 3052 3344; x_wconf 88' lang='lat' dir='ltr'><strong>per</strong></span> <span class='ocrx_word' id='word_1_473' title='bbox 3084 3271 3242 3327; x_wconf 82' lang='lat' dir='ltr'><strong>ﬁdem</strong></span> <span class='ocrx_word' id='word_1_474' title='bbox 3274 3271 3419 3325; x_wconf 86' lang='lat' dir='ltr'><strong>lilios</strong></span> 
     </span>
    </p>
   </div>
   <div class='ocr_carea' id='block_1_63' title="bbox 109 3373 1705 3446">
    <p class='ocr_par' dir='ltr' id='par_1_63' title="bbox 109 3373 1705 3446">
     <span class='ocr_line' id='line_1_63' title="bbox 109 3373 1705 3446; baseline 0.001 -19"><span class='ocrx_word' id='word_1_475' title='bbox 109 3373 212 3427; x_wconf 90' lang='lat' dir='ltr'><strong>suit</strong></span> <span class='ocrx_word' id='word_1_476' title='bbox 239 3389 405 3444; x_wconf 90' lang='lat' dir='ltr'><strong>super</strong></span> <span class='ocrx_word' id='word_1_477' title='bbox 435 3374 583 3429; x_wconf 87' lang='lat' dir='ltr'><strong>Isaac</strong></span> <span class='ocrx_word' id='word_1_478' title='bbox 612 3373 776 3429; x_wconf 82' lang='lat' dir='ltr'><strong>lilium</strong></span> <span class='ocrx_word' id='word_1_479' title='bbox 807 3388 964 3429; x_wconf 90' lang='lat' dir='ltr'><strong>suum</strong></span> <span class='ocrx_word' id='word_1_480' title='bbox 999 3392 1014 3428; x_wconf 87' lang='lat'><strong>:</strong></span> <span class='ocrx_word' id='word_1_481' title='bbox 1069 3374 1189 3444; x_wconf 90' lang='lat' dir='ltr'><strong>ipse</strong></span> <span class='ocrx_word' id='word_1_482' title='bbox 1217 3390 1347 3430; x_wconf 83' lang='lat' dir='ltr'><strong>vero</strong></span> <span class='ocrx_word' id='word_1_483' title='bbox 1377 3374 1627 3446; x_wconf 86' lang='lat' dir='ltr'><strong>portabat</strong></span> <span class='ocrx_word' id='word_1_484' title='bbox 1651 3374 1705 3429; x_wconf 90' lang='lat' dir='ltr'><strong>in</strong></span> 
     </span>
    </p>
   </div>
   <div class='ocr_carea' id='block_1_64' title="bbox 110 3465 1710 3539">
    <p class='ocr_par' dir='ltr' id='par_1_64' title="bbox 110 3465 1710 3539">
     <span class='ocr_line' id='line_1_64' title="bbox 110 3465 1710 3539; baseline 0.003 -20"><span class='ocrx_word' id='word_1_485' title='bbox 110 3465 360 3522; x_wconf 90' lang='lat' dir='ltr'><strong>manibus</strong></span> <span class='ocrx_word' id='word_1_486' title='bbox 409 3465 590 3537; x_wconf 88' lang='lat' dir='ltr'><strong>ignem</strong></span> <span class='ocrx_word' id='word_1_487' title='bbox 639 3475 693 3522; x_wconf 93' lang='lat' dir='ltr'><strong>et</strong></span> <span class='ocrx_word' id='word_1_488' title='bbox 733 3466 992 3537; x_wconf 86' lang='lat' dir='ltr'><strong>gladium.</strong></span> <span class='ocrx_word' id='word_1_489' title='bbox 1030 3465 1272 3521; x_wconf 82' lang='lat' dir='ltr'><strong>Diximus</strong></span> <span class='ocrx_word' id='word_1_490' title='bbox 1316 3468 1566 3539; x_wconf 91' lang='lat' dir='ltr'><strong>superius</strong></span> <span class='ocrx_word' id='word_1_491' title='bbox 1615 3483 1710 3538; x_wconf 87' lang='lat' dir='ltr'><strong>per</strong></span> 
     </span>
    </p>
   </div>
   <div class='ocr_carea' id='block_1_65' title="bbox 110 3556 1710 3632">
    <p class='ocr_par' dir='ltr' id='par_1_65' title="bbox 110 3556 1710 3632">
     <span class='ocr_line' id='line_1_65' title="bbox 110 3556 1710 3632; baseline 0.004 -22"><span class='ocrx_word' id='word_1_492' title='bbox 110 3556 248 3628; x_wconf 84' lang='lat' dir='ltr'><strong>ligna</strong></span> <span class='ocrx_word' id='word_1_493' title='bbox 306 3569 528 3629; x_wconf 89' lang='lat' dir='ltr'><strong>peccata</strong></span> <span class='ocrx_word' id='word_1_494' title='bbox 576 3571 765 3614; x_wconf 87' lang='lat' dir='ltr'><strong>nostra</strong></span> <span class='ocrx_word' id='word_1_495' title='bbox 811 3559 980 3615; x_wconf 83' lang='lat' dir='ltr'><strong>fuisse</strong></span> <span class='ocrx_word' id='word_1_496' title='bbox 1030 3559 1359 3630; x_wconf 86' lang='lat' dir='ltr'><strong>designata:</strong></span> <span class='ocrx_word' id='word_1_497' title='bbox 1392 3559 1536 3630; x_wconf 86' lang='lat' dir='ltr'><strong>ligna</strong></span> <span class='ocrx_word' id='word_1_498' title='bbox 1579 3575 1710 3632; x_wconf 88' lang='lat' dir='ltr'><strong>ergo</strong></span> 
     </span>
    </p>
   </div>
   <div class='ocr_carea' id='block_1_66' title="bbox 112 3647 1713 3726">
    <p class='ocr_par' dir='ltr' id='par_1_66' title="bbox 112 3647 1713 3726">
     <span class='ocr_line' id='line_1_66' title="bbox 112 3647 1713 3726; baseline 0.001 -21"><span class='ocrx_word' id='word_1_499' title='bbox 112 3647 256 3707; x_wconf 81' lang='lat' dir='ltr'><strong>Isaac</strong></span> <span class='ocrx_word' id='word_1_500' title='bbox 307 3651 473 3726; x_wconf 75' lang='lat'><strong>523</strong></span> <span class='ocrx_word' id='word_1_501' title='bbox 514 3651 781 3722; x_wconf 88' lang='lat' dir='ltr'><strong>portavit;</strong></span> <span class='ocrx_word' id='word_1_502' title='bbox 811 3652 937 3722; x_wconf 89' lang='lat' dir='ltr'><strong>quia</strong></span> <span class='ocrx_word' id='word_1_503' title='bbox 984 3663 1200 3723; x_wconf 86' lang='lat' dir='ltr'><strong>peccata</strong></span> <span class='ocrx_word' id='word_1_504' title='bbox 1245 3661 1426 3707; x_wconf 87' lang='lat' dir='ltr'><strong>nostra</strong></span> <span class='ocrx_word' id='word_1_505' title='bbox 1458 3651 1713 3708; x_wconf 85' lang='lat' dir='ltr'><strong>Christus</strong></span> 
     </span>
    </p>
   </div>
   <div class='ocr_carea' id='block_1_67' title="bbox 112 3744 1713 3816">
    <p class='ocr_par' dir='ltr' id='par_1_67' title="bbox 112 3744 1713 3816">
     <span class='ocr_line' id='line_1_67' title="bbox 112 3744 1713 3816; baseline 0.002 -19"><span class='ocrx_word' id='word_1_506' title='bbox 112 3744 332 3813; x_wconf 90' lang='lat' dir='ltr'><strong>pertulit</strong></span> <span class='ocrx_word' id='word_1_507' title='bbox 375 3745 430 3798; x_wconf 91' lang='lat' dir='ltr'><strong>in</strong></span> <span class='ocrx_word' id='word_1_508' title='bbox 478 3758 710 3815; x_wconf 90' lang='lat' dir='ltr'><strong>corpore</strong></span> <span class='ocrx_word' id='word_1_509' title='bbox 758 3759 860 3799; x_wconf 86' lang='lat' dir='ltr'><strong>suo</strong></span> <span class='ocrx_word' id='word_1_510' title='bbox 908 3759 1075 3815; x_wconf 90' lang='lat' dir='ltr'><strong>super</strong></span> <span class='ocrx_word' id='word_1_511' title='bbox 1108 3745 1342 3816; x_wconf 89' lang='lat' dir='ltr'><strong>lignum;</strong></span> <span class='ocrx_word' id='word_1_512' title='bbox 1377 3754 1432 3800; x_wconf 90' lang='lat' dir='ltr'><strong>ttt</strong></span> <span class='ocrx_word' id='word_1_513' title='bbox 1469 3745 1713 3815; x_wconf 85' lang='lat' dir='ltr'><strong>peccatis</strong></span> 
     </span>
    </p>
   </div>
   <div class='ocr_carea' id='block_1_68' title="bbox 110 3837 1714 3909">
    <p class='ocr_par' dir='ltr' id='par_1_68' title="bbox 110 3837 1714 3909">
     <span class='ocr_line' id='line_1_68' title="bbox 110 3837 1714 3909; baseline 0.001 -17"><span class='ocrx_word' id='word_1_514' title='bbox 110 3837 307 3892; x_wconf 92' lang='lat' dir='ltr'><strong>mortui</strong></span> <span class='ocrx_word' id='word_1_515' title='bbox 354 3837 584 3909; x_wconf 62' lang='lat' dir='ltr'><strong>iustitiae</strong></span> <span class='ocrx_word' id='word_1_516' title='bbox 634 3839 904 3894; x_wconf 89' lang='lat' dir='ltr'><strong>vivamus.</strong></span> <span class='ocrx_word' id='word_1_517' title='bbox 938 3837 1041 3894; x_wconf 89' lang='lat' dir='ltr'><strong>Per</strong></span> <span class='ocrx_word' id='word_1_518' title='bbox 1075 3854 1266 3893; x_wconf 88' lang='lat' dir='ltr'><strong>manus</strong></span> <span class='ocrx_word' id='word_1_519' title='bbox 1313 3853 1447 3895; x_wconf 88' lang='lat' dir='ltr'><strong>vero</strong></span> <span class='ocrx_word' id='word_1_520' title='bbox 1478 3839 1714 3894; x_wconf 63' lang='lat' dir='ltr'><strong>Abrahae</strong></span> 
     </span>
    </p>
   </div>
   <div class='ocr_carea' id='block_1_69' title="bbox 111 3930 1714 4003">
    <p class='ocr_par' dir='ltr' id='par_1_69' title="bbox 111 3930 1714 4003">
     <span class='ocr_line' id='line_1_69' title="bbox 111 3930 1714 4003; baseline 0 -17"><span class='ocrx_word' id='word_1_521' title='bbox 111 3941 349 4003; x_wconf 84' lang='lat' dir='ltr'><strong>potestas</strong></span> <span class='ocrx_word' id='word_1_522' title='bbox 378 3931 596 3987; x_wconf 91' lang='lat' dir='ltr'><strong>Domini</strong></span> <span class='ocrx_word' id='word_1_523' title='bbox 625 3933 799 3987; x_wconf 87' lang='lat' dir='ltr'><strong>nostri</strong></span> <span class='ocrx_word' id='word_1_524' title='bbox 848 3931 978 3988; x_wconf 83' lang='lat' dir='ltr'><strong>Jesu</strong></span> <span class='ocrx_word' id='word_1_525' title='bbox 1008 3931 1209 3988; x_wconf 89' lang='lat' dir='ltr'><strong>Christi</strong></span> <span class='ocrx_word' id='word_1_526' title='bbox 1261 3930 1614 4003; x_wconf 85' lang='lat' dir='ltr'><strong>intelligitur;</strong></span> <span class='ocrx_word' id='word_1_527' title='bbox 1659 3931 1714 3986; x_wconf 93' lang='lat' dir='ltr'><strong>in</strong></span> 
     </span>
    </p>
   </div>
   <div class='ocr_carea' id='block_1_70' title="bbox 111 4024 1716 4096">
    <p class='ocr_par' dir='ltr' id='par_1_70' title="bbox 111 4024 1716 4096">
     <span class='ocr_line' id='line_1_70' title="bbox 111 4024 1716 4096; baseline -0.001 -15"><span class='ocrx_word' id='word_1_528' title='bbox 111 4024 227 4094; x_wconf 85' lang='lat' dir='ltr'><strong>ejus</strong></span> <span class='ocrx_word' id='word_1_529' title='bbox 273 4040 512 4095; x_wconf 89' lang='lat' dir='ltr'><strong>namque</strong></span> <span class='ocrx_word' id='word_1_530' title='bbox 543 4034 812 4096; x_wconf 90' lang='lat' dir='ltr'><strong>potestate</strong></span> <span class='ocrx_word' id='word_1_531' title='bbox 844 4025 945 4081; x_wconf 79' lang='lat' dir='ltr'><strong>fuit</strong></span> <span class='ocrx_word' id='word_1_532' title='bbox 975 4038 1032 4080; x_wconf 92' lang='lat' dir='ltr'><strong>ut</strong></span> <span class='ocrx_word' id='word_1_533' title='bbox 1083 4036 1410 4094; x_wconf 89' lang='lat' dir='ltr'><strong>moreretur,</strong></span> <span class='ocrx_word' id='word_1_534' title='bbox 1442 4036 1496 4082; x_wconf 92' lang='lat' dir='ltr'><strong>et</strong></span> <span class='ocrx_word' id='word_1_535' title='bbox 1526 4035 1581 4081; x_wconf 94' lang='lat' dir='ltr'><strong>ut</strong></span> <span class='ocrx_word' id='word_1_536' title='bbox 1609 4041 1716 4080; x_wconf 92' lang='lat' dir='ltr'><strong>non</strong></span> 
     </span>
    </p>
   </div>
   <div class='ocr_carea' id='block_1_71' title="bbox 112 4118 1720 4190">
    <p class='ocr_par' dir='ltr' id='par_1_71' title="bbox 112 4118 1720 4190">
     <span class='ocr_line' id='line_1_71' title="bbox 112 4118 1720 4190; baseline 0.002 -17"><span class='ocrx_word' id='word_1_537' title='bbox 112 4129 446 4184; x_wconf 83' lang='lat' dir='ltr'><strong>moreretur,</strong></span> <span class='ocrx_word' id='word_1_538' title='bbox 477 4118 525 4174; x_wconf 88' lang='lat' dir='ltr'><strong>si</strong></span> <span class='ocrx_word' id='word_1_539' title='bbox 558 4119 752 4183; x_wconf 87' lang='lat' dir='ltr'><strong>vellet,</strong></span> <span class='ocrx_word' id='word_1_540' title='bbox 786 4120 924 4174; x_wconf 90' lang='lat' dir='ltr'><strong>sicut</strong></span> <span class='ocrx_word' id='word_1_541' title='bbox 947 4120 1061 4190; x_wconf 90' lang='lat' dir='ltr'><strong>ipse</strong></span> <span class='ocrx_word' id='word_1_542' title='bbox 1080 4121 1154 4175; x_wconf 88' lang='lat' dir='ltr'><strong>ait</strong></span> <span class='ocrx_word' id='word_1_543' title='bbox 1180 4138 1194 4175; x_wconf 92' lang='lat'><strong>:</strong></span> <span class='ocrx_word' id='word_1_544' title='bbox 1227 4118 1538 4176; x_wconf 88' lang='lat' dir='ltr'><strong>Potestatem</strong></span> <span class='ocrx_word' id='word_1_545' title='bbox 1561 4120 1720 4176; x_wconf 84' lang='lat' dir='ltr'><strong>habeo</strong></span> 
     </span>
    </p>
   </div>
   <div class='ocr_carea' id='block_1_72' title="bbox 114 4214 1722 4286">
    <p class='ocr_par' dir='ltr' id='par_1_72' title="bbox 114 4214 1722 4286">
     <span class='ocr_line' id='line_1_72' title="bbox 114 4214 1722 4286; baseline 0 -18"><span class='ocrx_word' id='word_1_546' title='bbox 114 4214 341 4286; x_wconf 85' lang='lat' dir='ltr'><strong>ponendi</strong></span> <span class='ocrx_word' id='word_1_547' title='bbox 363 4215 592 4269; x_wconf 82' lang='lat' dir='ltr'><strong>animum</strong></span> <span class='ocrx_word' id='word_1_548' title='bbox 619 4231 804 4280; x_wconf 86' lang='lat' dir='ltr'><strong>meam,</strong></span> <span class='ocrx_word' id='word_1_549' title='bbox 833 4226 880 4269; x_wconf 88' lang='lat' dir='ltr'><strong>et</strong></span> <span class='ocrx_word' id='word_1_550' title='bbox 911 4225 1210 4285; x_wconf 88' lang='lat' dir='ltr'><strong>potestatem</strong></span> <span class='ocrx_word' id='word_1_551' title='bbox 1240 4215 1401 4270; x_wconf 87' lang='lat' dir='ltr'><strong>habeo</strong></span> <span class='ocrx_word' id='word_1_552' title='bbox 1425 4217 1609 4270; x_wconf 87' lang='lat' dir='ltr'><strong>iterum</strong></span> <span class='ocrx_word' id='word_1_553' title='bbox 1634 4231 1722 4269; x_wconf 88' lang='lat' dir='ltr'><strong>su-</strong></span> 
     </span>
    </p>
   </div>
   <div class='ocr_carea' id='block_1_73' title="bbox 114 4307 1724 4380">
    <p class='ocr_par' dir='ltr' id='par_1_73' title="bbox 114 4307 1724 4380">
     <span class='ocr_line' id='line_1_73' title="bbox 114 4307 1724 4380; baseline 0.001 -19"><span class='ocrx_word' id='word_1_554' title='bbox 114 4310 285 4364; x_wconf 86' lang='lat' dir='ltr'><strong>mendi</strong></span> <span class='ocrx_word' id='word_1_555' title='bbox 312 4326 430 4365; x_wconf 89' lang='lat' dir='ltr'><strong>eam</strong></span> <span class='ocrx_word' id='word_1_556' title='bbox 456 4307 634 4379; x_wconf 89' lang='lat' dir='ltr'><strong>(Joan.</strong></span> <span class='ocrx_word' id='word_1_557' title='bbox 666 4307 845 4379; x_wconf 71' lang='lat' dir='ltr'><strong>x,18).</strong></span> <span class='ocrx_word' id='word_1_558' title='bbox 866 4307 969 4363; x_wconf 78' lang='lat' dir='ltr'><strong>l’er</strong></span> <span class='ocrx_word' id='word_1_559' title='bbox 999 4310 1178 4380; x_wconf 88' lang='lat' dir='ltr'><strong>ignem</strong></span> <span class='ocrx_word' id='word_1_560' title='bbox 1203 4318 1382 4365; x_wconf 90' lang='lat' dir='ltr'><strong>autem</strong></span> <span class='ocrx_word' id='word_1_561' title='bbox 1409 4309 1606 4380; x_wconf 85' lang='lat' dir='ltr'><strong>passio,</strong></span> <span class='ocrx_word' id='word_1_562' title='bbox 1626 4323 1724 4380; x_wconf 89' lang='lat' dir='ltr'><strong>per</strong></span> 
     </span>
    </p>
   </div>
   <div class='ocr_carea' id='block_1_74' title="bbox 115 4402 1040 4476">
    <p class='ocr_par' dir='ltr' id='par_1_74' title="bbox 115 4402 1040 4476">
     <span class='ocr_line' id='line_1_74' title="bbox 115 4402 1040 4476; baseline 0 -20"><span class='ocrx_word' id='word_1_563' title='bbox 115 4406 353 4476; x_wconf 83' lang='lat' dir='ltr'><strong>gladium</strong></span> <span class='ocrx_word' id='word_1_564' title='bbox 377 4404 495 4473; x_wconf 82' lang='lat' dir='ltr'><strong>ejus</strong></span> <span class='ocrx_word' id='word_1_565' title='bbox 521 4418 668 4457; x_wconf 90' lang='lat' dir='ltr'><strong>mors</strong></span> <span class='ocrx_word' id='word_1_566' title='bbox 700 4402 1040 4472; x_wconf 88' lang='lat' dir='ltr'><strong>intelligitur.</strong></span> 
     </span>
    </p>
   </div>
   <div class='ocr_carea' id='block_1_75' title="bbox 186 4496 1726 4567">
    <p class='ocr_par' dir='ltr' id='par_1_75' title="bbox 186 4496 1726 4567">
     <span class='ocr_line' id='line_1_75' title="bbox 186 4496 1726 4567; baseline 0 -14"><span class='ocrx_word' id='word_1_567' title='bbox 186 4500 322 4567; x_wconf 80' lang='lat' dir='ltr'><strong>Cum</strong></span> <span class='ocrx_word' id='word_1_568' title='bbox 354 4499 599 4553; x_wconf 82' lang='lat' dir='ltr'><strong>venisset</strong></span> <span class='ocrx_word' id='word_1_569' title='bbox 625 4497 691 4553; x_wconf 89' lang='lat' dir='ltr'><strong>ad</strong></span> <span class='ocrx_word' id='word_1_570' title='bbox 723 4497 921 4566; x_wconf 91' lang='lat' dir='ltr'><strong>locum,</strong></span> <span class='ocrx_word' id='word_1_571' title='bbox 951 4496 1242 4552; x_wconf 59' lang='lat' dir='ltr'><strong>aediﬁcavit</strong></span> <span class='ocrx_word' id='word_1_572' title='bbox 1268 4498 1460 4563; x_wconf 88' lang='lat' dir='ltr'><strong>altare,</strong></span> <span class='ocrx_word' id='word_1_573' title='bbox 1489 4506 1544 4553; x_wconf 92' lang='lat' dir='ltr'><strong>et</strong></span> <span class='ocrx_word' id='word_1_574' title='bbox 1563 4498 1726 4553; x_wconf 83' lang='lat' dir='ltr'><strong>desu-</strong></span> 
     </span>
    </p>
   </div>
   <div class='ocr_carea' id='block_1_76' title="bbox 119 4591 1723 4664">
    <p class='ocr_par' dir='ltr' id='par_1_76' title="bbox 119 4591 1723 4664">
     <span class='ocr_line' id='line_1_76' title="bbox 119 4591 1723 4664; baseline -0.001 -17"><span class='ocrx_word' id='word_1_575' title='bbox 119 4607 214 4663; x_wconf 90' lang='lat' dir='ltr'><strong>per</strong></span> <span class='ocrx_word' id='word_1_576' title='bbox 247 4592 398 4664; x_wconf 87' lang='lat' dir='ltr'><strong>ligna</strong></span> <span class='ocrx_word' id='word_1_577' title='bbox 423 4593 749 4662; x_wconf 88' lang='lat' dir='ltr'><strong>composuit.</strong></span> <span class='ocrx_word' id='word_1_578' title='bbox 780 4591 1028 4662; x_wconf 90' lang='lat' dir='ltr'><strong>Cumque</strong></span> <span class='ocrx_word' id='word_1_579' title='bbox 1055 4591 1369 4662; x_wconf 82' lang='lat' dir='ltr'><strong>colligasset</strong></span> <span class='ocrx_word' id='word_1_580' title='bbox 1391 4595 1537 4647; x_wconf 87' lang='lat' dir='ltr'><strong>Isaac</strong></span> <span class='ocrx_word' id='word_1_581' title='bbox 1558 4591 1723 4646; x_wconf 87' lang='lat' dir='ltr'><strong>lilium</strong></span> 
     </span>
    </p>
   </div>
   <div class='ocr_carea' id='block_1_77' title="bbox 1809 3367 3418 3441">
    <p class='ocr_par' dir='ltr' id='par_1_77' title="bbox 1809 3367 3418 3441">
     <span class='ocr_line' id='line_1_77' title="bbox 1809 3367 3418 3441; baseline -0.002 -15"><span class='ocrx_word' id='word_1_582' title='bbox 1809 3372 1913 3426; x_wconf 90' lang='lat' dir='ltr'><strong>sibi</strong></span> <span class='ocrx_word' id='word_1_583' title='bbox 1961 3371 2103 3428; x_wconf 82' lang='lat' dir='ltr'><strong>fecit.</strong></span> <span class='ocrx_word' id='word_1_584' title='bbox 2135 3371 2276 3426; x_wconf 84' lang='lat' dir='ltr'><strong>Esau</strong></span> <span class='ocrx_word' id='word_1_585' title='bbox 2322 3371 2565 3441; x_wconf 87' lang='lat' dir='ltr'><strong>agricola</strong></span> <span class='ocrx_word' id='word_1_586' title='bbox 2615 3378 2768 3436; x_wconf 90' lang='lat' dir='ltr'><strong>erat;</strong></span> <span class='ocrx_word' id='word_1_587' title='bbox 2803 3370 2928 3440; x_wconf 91' lang='lat' dir='ltr'><strong>quia</strong></span> <span class='ocrx_word' id='word_1_588' title='bbox 2976 3367 3288 3424; x_wconf 72' lang='lat' dir='ltr'><strong>Judtcorum</strong></span> <span class='ocrx_word' id='word_1_589' title='bbox 3323 3381 3418 3435; x_wconf 81' lang='lat' dir='ltr'><strong>po-</strong></span> 
     </span>
    </p>
   </div>
   <div class='ocr_carea' id='block_1_78' title="bbox 1813 3459 3416 3537">
    <p class='ocr_par' dir='ltr' id='par_1_78' title="bbox 1813 3459 3416 3537">
     <span class='ocr_line' id='line_1_78' title="bbox 1813 3459 3416 3537; baseline -0.005 -16"><span class='ocrx_word' id='word_1_590' title='bbox 1813 3465 1969 3537; x_wconf 88' lang='lat' dir='ltr'><strong>pulus</strong></span> <span class='ocrx_word' id='word_1_591' title='bbox 2015 3480 2115 3537; x_wconf 91' lang='lat' dir='ltr'><strong>pro</strong></span> <span class='ocrx_word' id='word_1_592' title='bbox 2164 3466 2396 3520; x_wconf 87' lang='lat' dir='ltr'><strong>terrenis</strong></span> <span class='ocrx_word' id='word_1_593' title='bbox 2445 3463 2749 3519; x_wconf 89' lang='lat' dir='ltr'><strong>commodis</strong></span> <span class='ocrx_word' id='word_1_594' title='bbox 2798 3463 2910 3516; x_wconf 88' lang='lat' dir='ltr'><strong>Deo</strong></span> <span class='ocrx_word' id='word_1_595' title='bbox 2958 3460 3252 3516; x_wconf 85' lang='lat' dir='ltr'><strong>serviebat.</strong></span> <span class='ocrx_word' id='word_1_596' title='bbox 3299 3459 3416 3513; x_wconf 82' lang='lat' dir='ltr'><strong>Non</strong></span> 
     </span>
    </p>
   </div>
   <div class='ocr_carea' id='block_1_79' title="bbox 1813 3552 3419 3627">
    <p class='ocr_par' dir='ltr' id='par_1_79' title="bbox 1813 3552 3419 3627">
     <span class='ocr_line' id='line_1_79' title="bbox 1813 3552 3419 3627; baseline -0.006 -10"><span class='ocrx_word' id='word_1_597' title='bbox 1813 3561 1957 3617; x_wconf 92' lang='lat' dir='ltr'><strong>enim</strong></span> <span class='ocrx_word' id='word_1_598' title='bbox 1989 3559 2192 3615; x_wconf 91' lang='lat' dir='ltr'><strong>dictum</strong></span> <span class='ocrx_word' id='word_1_599' title='bbox 2233 3568 2318 3613; x_wconf 88' lang='lat' dir='ltr'><strong>est</strong></span> <span class='ocrx_word' id='word_1_600' title='bbox 2342 3559 2408 3612; x_wconf 91' lang='lat' dir='ltr'><strong>ad</strong></span> <span class='ocrx_word' id='word_1_601' title='bbox 2435 3559 2559 3613; x_wconf 90' lang='lat' dir='ltr'><strong>illos</strong></span> <span class='ocrx_word' id='word_1_602' title='bbox 2593 3575 2606 3612; x_wconf 89' lang='lat'><strong>:</strong></span> <span class='ocrx_word' id='word_1_603' title='bbox 2639 3557 2693 3613; x_wconf 97' lang='lat' dir='ltr'><strong>Si</strong></span> <span class='ocrx_word' id='word_1_604' title='bbox 2725 3571 2992 3627; x_wconf 88' lang='lat' dir='ltr'><strong>pauperes</strong></span> <span class='ocrx_word' id='word_1_605' title='bbox 3017 3552 3228 3610; x_wconf 80' lang='lat' dir='ltr'><strong>fueritis</strong></span> <span class='ocrx_word' id='word_1_606' title='bbox 3251 3553 3419 3622; x_wconf 76' lang='lat' dir='ltr'><strong>Spiri-</strong></span> 
     </span>
    </p>
   </div>
   <div class='ocr_carea' id='block_1_80' title="bbox 1814 3649 3418 3724">
    <p class='ocr_par' dir='ltr' id='par_1_80' title="bbox 1814 3649 3418 3724">
     <span class='ocr_line' id='line_1_80' title="bbox 1814 3649 3418 3724; baseline -0.007 -13"><span class='ocrx_word' id='word_1_607' title='bbox 1814 3666 1892 3722; x_wconf 91' lang='lat' dir='ltr'><strong>tu,</strong></span> <span class='ocrx_word' id='word_1_608' title='bbox 1925 3656 1969 3710; x_wconf 90' lang='lat' dir='ltr'><strong>si</strong></span> <span class='ocrx_word' id='word_1_609' title='bbox 2001 3656 2181 3722; x_wconf 91' lang='lat' dir='ltr'><strong>mites,</strong></span> <span class='ocrx_word' id='word_1_610' title='bbox 2215 3655 2258 3709; x_wconf 92' lang='lat' dir='ltr'><strong>si</strong></span> <span class='ocrx_word' id='word_1_611' title='bbox 2295 3653 2532 3724; x_wconf 87' lang='lat' dir='ltr'><strong>pacilici,</strong></span> <span class='ocrx_word' id='word_1_612' title='bbox 2564 3653 2610 3707; x_wconf 87' lang='lat' dir='ltr'><strong>si</strong></span> <span class='ocrx_word' id='word_1_613' title='bbox 2645 3649 3048 3715; x_wconf 88' lang='lat' dir='ltr'><strong>misericordes,</strong></span> <span class='ocrx_word' id='word_1_614' title='bbox 3081 3651 3127 3704; x_wconf 90' lang='lat' dir='ltr'><strong>si</strong></span> <span class='ocrx_word' id='word_1_615' title='bbox 3159 3661 3418 3718; x_wconf 87' lang='lat' dir='ltr'><strong>persecu-</strong></span> 
     </span>
    </p>
   </div>
   <div class='ocr_carea' id='block_1_81' title="bbox 1816 3741 3415 3818">
    <p class='ocr_par' dir='ltr' id='par_1_81' title="bbox 1816 3741 3415 3818">
     <span class='ocr_line' id='line_1_81' title="bbox 1816 3741 3415 3818; baseline -0.006 -14"><span class='ocrx_word' id='word_1_616' title='bbox 1816 3750 1990 3804; x_wconf 90' lang='lat' dir='ltr'><strong>tiones</strong></span> <span class='ocrx_word' id='word_1_617' title='bbox 2020 3765 2116 3818; x_wconf 90' lang='lat' dir='ltr'><strong>pro</strong></span> <span class='ocrx_word' id='word_1_618' title='bbox 2144 3747 2364 3803; x_wconf 89' lang='lat' dir='ltr'><strong>nomine</strong></span> <span class='ocrx_word' id='word_1_619' title='bbox 2394 3763 2514 3802; x_wconf 93' lang='lat' dir='ltr'><strong>meo</strong></span> <span class='ocrx_word' id='word_1_620' title='bbox 2541 3746 2939 3810; x_wconf 89' lang='lat' dir='ltr'><strong>sustinueritis;</strong></span> <span class='ocrx_word' id='word_1_621' title='bbox 2974 3743 3118 3798; x_wconf 89' lang='lat' dir='ltr'><strong>beati</strong></span> <span class='ocrx_word' id='word_1_622' title='bbox 3149 3741 3327 3808; x_wconf 83' lang='lat' dir='ltr'><strong>eritis,</strong></span> <span class='ocrx_word' id='word_1_623' title='bbox 3358 3749 3415 3796; x_wconf 91' lang='lat' dir='ltr'><strong>et</strong></span> 
     </span>
    </p>
   </div>
   <div class='ocr_carea' id='block_1_82' title="bbox 1818 3838 3421 3912">
    <p class='ocr_par' dir='ltr' id='par_1_82' title="bbox 1818 3838 3421 3912">
     <span class='ocr_line' id='line_1_82' title="bbox 1818 3838 3421 3912; baseline -0.005 -14"><span class='ocrx_word' id='word_1_624' title='bbox 1818 3857 2028 3899; x_wconf 89' lang='lat' dir='ltr'><strong>merces</strong></span> <span class='ocrx_word' id='word_1_625' title='bbox 2060 3853 2239 3897; x_wconf 90' lang='lat' dir='ltr'><strong>vestra</strong></span> <span class='ocrx_word' id='word_1_626' title='bbox 2268 3843 2491 3912; x_wconf 89' lang='lat' dir='ltr'><strong>copiosa</strong></span> <span class='ocrx_word' id='word_1_627' title='bbox 2519 3841 2625 3896; x_wconf 89' lang='lat' dir='ltr'><strong>erit</strong></span> <span class='ocrx_word' id='word_1_628' title='bbox 2658 3841 2711 3895; x_wconf 91' lang='lat' dir='ltr'><strong>in</strong></span> <span class='ocrx_word' id='word_1_629' title='bbox 2742 3839 2896 3896; x_wconf 61' lang='lat' dir='ltr'><strong>caelis</strong></span> <span class='ocrx_word' id='word_1_630' title='bbox 2927 3857 2938 3892; x_wconf 91' lang='lat'>:</span> <span class='ocrx_word' id='word_1_631' title='bbox 2969 3838 3066 3893; x_wconf 92' lang='lat' dir='ltr'><strong>sed</strong></span> <span class='ocrx_word' id='word_1_632' title='bbox 3099 3838 3305 3892; x_wconf 91' lang='lat' dir='ltr'><strong>dictum</strong></span> <span class='ocrx_word' id='word_1_633' title='bbox 3335 3844 3421 3891; x_wconf 89' lang='lat' dir='ltr'><strong>est</strong></span> 
     </span>
    </p>
   </div>
   <div class='ocr_carea' id='block_1_83' title="bbox 1819 3931 3419 4002">
    <p class='ocr_par' dir='ltr' id='par_1_83' title="bbox 1819 3931 3419 4002">
     <span class='ocr_line' id='line_1_83' title="bbox 1819 3931 3419 4002; baseline -0.004 -11"><span class='ocrx_word' id='word_1_634' title='bbox 1819 3936 1883 3991; x_wconf 87' lang='lat' dir='ltr'><strong>ad</strong></span> <span class='ocrx_word' id='word_1_635' title='bbox 1918 3936 2040 3991; x_wconf 86' lang='lat' dir='ltr'><strong>illus</strong></span> <span class='ocrx_word' id='word_1_636' title='bbox 2071 3954 2083 3990; x_wconf 92' lang='lat'>:</span> <span class='ocrx_word' id='word_1_637' title='bbox 2115 3936 2174 3992; x_wconf 82' lang='lat' dir='ltr'><strong>Si</strong></span> <span class='ocrx_word' id='word_1_638' title='bbox 2202 3936 2550 3990; x_wconf 73' lang='lat' dir='ltr'><strong>custodiet-itis</strong></span> <span class='ocrx_word' id='word_1_639' title='bbox 2572 3935 2820 3989; x_wconf 85' lang='lat' dir='ltr'><strong>mandata</strong></span> <span class='ocrx_word' id='word_1_640' title='bbox 2845 3950 2980 4001; x_wconf 90' lang='lat' dir='ltr'><strong>mea,</strong></span> <span class='ocrx_word' id='word_1_641' title='bbox 3007 3943 3054 3988; x_wconf 84' lang='lat' dir='ltr'><strong>et</strong></span> <span class='ocrx_word' id='word_1_642' title='bbox 3075 3931 3284 4002; x_wconf 82' lang='lat' dir='ltr'><strong>judicia</strong></span> <span class='ocrx_word' id='word_1_643' title='bbox 3305 3948 3419 3985; x_wconf 90' lang='lat' dir='ltr'><strong>mea</strong></span> 
     </span>
    </p>
   </div>
   <div class='ocr_carea' id='block_1_84' title="bbox 1820 4025 3423 4098">
    <p class='ocr_par' dir='ltr' id='par_1_84' title="bbox 1820 4025 3423 4098">
     <span class='ocr_line' id='line_1_84' title="bbox 1820 4025 3423 4098; baseline -0.005 -14"><span class='ocrx_word' id='word_1_644' title='bbox 1820 4028 2158 4094; x_wconf 83' lang='lat' dir='ltr'><strong>servaveritis,</strong></span> <span class='ocrx_word' id='word_1_645' title='bbox 2192 4029 2325 4082; x_wconf 87' lang='lat' dir='ltr'><strong>dabo</strong></span> <span class='ocrx_word' id='word_1_646' title='bbox 2350 4027 2492 4081; x_wconf 80' lang='lat' dir='ltr'><strong>vobis</strong></span> <span class='ocrx_word' id='word_1_647' title='bbox 2515 4028 2715 4098; x_wconf 83' lang='lat' dir='ltr'><strong>pluvias</strong></span> <span class='ocrx_word' id='word_1_648' title='bbox 2744 4025 3053 4098; x_wconf 83' lang='lat' dir='ltr'><strong>temporibus</strong></span> <span class='ocrx_word' id='word_1_649' title='bbox 3073 4025 3205 4089; x_wconf 85' lang='lat' dir='ltr'><strong>suis,</strong></span> <span class='ocrx_word' id='word_1_650' title='bbox 3237 4033 3282 4079; x_wconf 87' lang='lat' dir='ltr'><strong>et</strong></span> <span class='ocrx_word' id='word_1_651' title='bbox 3315 4034 3423 4077; x_wconf 88' lang='lat' dir='ltr'><strong>ter-</strong></span> 
     </span>
    </p>
   </div>
   <div class='ocr_carea' id='block_1_85' title="bbox 1822 4116 3428 4195">
    <p class='ocr_par' dir='ltr' id='par_1_85' title="bbox 1822 4116 3428 4195">
     <span class='ocr_line' id='line_1_85' title="bbox 1822 4116 3428 4195; baseline -0.005 -17"><span class='ocrx_word' id='word_1_652' title='bbox 1822 4141 1881 4178; x_wconf 89' lang='lat' dir='ltr'><strong>ra</strong></span> <span class='ocrx_word' id='word_1_653' title='bbox 1913 4123 2135 4194; x_wconf 75' lang='lat' dir='ltr'><strong>proferet</strong></span> <span class='ocrx_word' id='word_1_654' title='bbox 2172 4138 2377 4195; x_wconf 87' lang='lat' dir='ltr'><strong>germen</strong></span> <span class='ocrx_word' id='word_1_655' title='bbox 2421 4136 2604 4188; x_wconf 89' lang='lat' dir='ltr'><strong>suum,</strong></span> <span class='ocrx_word' id='word_1_656' title='bbox 2639 4130 2684 4174; x_wconf 86' lang='lat' dir='ltr'><strong>et</strong></span> <span class='ocrx_word' id='word_1_657' title='bbox 2712 4119 2877 4190; x_wconf 85' lang='lat' dir='ltr'><strong>pomis</strong></span> <span class='ocrx_word' id='word_1_658' title='bbox 2921 4118 3128 4173; x_wconf 89' lang='lat' dir='ltr'><strong>arbores</strong></span> <span class='ocrx_word' id='word_1_659' title='bbox 3153 4116 3428 4188; x_wconf 81' lang='lat' dir='ltr'><strong>repleban-</strong></span> 
     </span>
    </p>
   </div>
   <div class='ocr_carea' id='block_1_86' title="bbox 1825 4209 3413 4287">
    <p class='ocr_par' dir='ltr' id='par_1_86' title="bbox 1825 4209 3413 4287">
     <span class='ocr_line' id='line_1_86' title="bbox 1825 4209 3413 4287; baseline -0.004 -15"><span class='ocrx_word' id='word_1_660' title='bbox 1825 4227 1926 4282; x_wconf 90' lang='lat' dir='ltr'><strong>tur,</strong></span> <span class='ocrx_word' id='word_1_661' title='bbox 1958 4225 2014 4272; x_wconf 88' lang='lat' dir='ltr'><strong>et</strong></span> <span class='ocrx_word' id='word_1_662' title='bbox 2041 4225 2234 4274; x_wconf 66' lang='lat' dir='ltr'><strong>caetera</strong></span> <span class='ocrx_word' id='word_1_663' title='bbox 2265 4231 2385 4287; x_wconf 64' lang='lat' dir='ltr'><strong>qua:</strong></span> <span class='ocrx_word' id='word_1_664' title='bbox 2413 4214 2477 4270; x_wconf 89' lang='lat' dir='ltr'><strong>ad</strong></span> <span class='ocrx_word' id='word_1_665' title='bbox 2507 4215 2731 4270; x_wconf 89' lang='lat' dir='ltr'><strong>delicias</strong></span> <span class='ocrx_word' id='word_1_666' title='bbox 2760 4213 2945 4268; x_wconf 70' lang='lat' dir='ltr'><strong>szeculi</strong></span> <span class='ocrx_word' id='word_1_667' title='bbox 2992 4212 3263 4283; x_wconf 89' lang='lat' dir='ltr'><strong>pertinent</strong></span> <span class='ocrx_word' id='word_1_668' title='bbox 3288 4209 3413 4285; x_wconf 88' lang='lat' dir='ltr'><strong>(Le-</strong></span> 
     </span>
    </p>
   </div>
   <div class='ocr_carea' id='block_1_87' title="bbox 1824 4305 3428 4382">
    <p class='ocr_par' dir='ltr' id='par_1_87' title="bbox 1824 4305 3428 4382">
     <span class='ocr_line' id='line_1_87' title="bbox 1824 4305 3428 4382; baseline -0.004 -16"><span class='ocrx_word' id='word_1_669' title='bbox 1824 4311 2089 4372; x_wconf 82' lang='lat' dir='ltr'><strong>uit.xxvt.</strong></span> <span class='ocrx_word' id='word_1_670' title='bbox 2122 4310 2201 4382; x_wconf 77' lang='lat'><strong>5).</strong></span> <span class='ocrx_word' id='word_1_671' title='bbox 2252 4309 2380 4364; x_wconf 87' lang='lat' dir='ltr'><strong>Fuit</strong></span> <span class='ocrx_word' id='word_1_672' title='bbox 2430 4308 2593 4364; x_wconf 87' lang='lat' dir='ltr'><strong>etiam</strong></span> <span class='ocrx_word' id='word_1_673' title='bbox 2655 4308 2798 4363; x_wconf 88' lang='lat' dir='ltr'><strong>Esau</strong></span> <span class='ocrx_word' id='word_1_674' title='bbox 2846 4315 3108 4371; x_wconf 86' lang='lat' dir='ltr'><strong>venator,</strong></span> <span class='ocrx_word' id='word_1_675' title='bbox 3159 4305 3284 4377; x_wconf 90' lang='lat' dir='ltr'><strong>quia</strong></span> <span class='ocrx_word' id='word_1_676' title='bbox 3328 4321 3428 4376; x_wconf 88' lang='lat' dir='ltr'><strong>per</strong></span> 
     </span>
    </p>
   </div>
   <div class='ocr_carea' id='block_1_88' title="bbox 1827 4398 3432 4475">
    <p class='ocr_par' dir='ltr' id='par_1_88' title="bbox 1827 4398 3432 4475">
     <span class='ocr_line' id='line_1_88' title="bbox 1827 4398 3432 4475; baseline -0.006 -14"><span class='ocrx_word' id='word_1_677' title='bbox 1827 4403 2151 4461; x_wconf 82' lang='lat' dir='ltr'><strong>eﬂ&#39;usionem</strong></span> <span class='ocrx_word' id='word_1_678' title='bbox 2183 4402 2504 4475; x_wconf 86' lang='lat' dir='ltr'><strong>sanguinum</strong></span> <span class='ocrx_word' id='word_1_679' title='bbox 2533 4401 2796 4465; x_wconf 89' lang='lat' dir='ltr'><strong>arietum,</strong></span> <span class='ocrx_word' id='word_1_680' title='bbox 2831 4398 3110 4455; x_wconf 91' lang='lat' dir='ltr'><strong>hircorum</strong></span> <span class='ocrx_word' id='word_1_681' title='bbox 3141 4406 3306 4469; x_wconf 89' lang='lat' dir='ltr'><strong>atque</strong></span> <span class='ocrx_word' id='word_1_682' title='bbox 3350 4398 3432 4452; x_wconf 83' lang='lat' dir='ltr'><strong>vi-</strong></span> 
     </span>
    </p>
   </div>
   <div class='ocr_carea' id='block_1_89' title="bbox 1831 4493 3431 4568">
    <p class='ocr_par' dir='ltr' id='par_1_89' title="bbox 1831 4493 3431 4568">
     <span class='ocr_line' id='line_1_89' title="bbox 1831 4493 3431 4568; baseline -0.004 -14"><span class='ocrx_word' id='word_1_683' title='bbox 1831 4499 2066 4555; x_wconf 90' lang='lat' dir='ltr'><strong>tulorum</strong></span> <span class='ocrx_word' id='word_1_684' title='bbox 2120 4499 2290 4555; x_wconf 87' lang='lat' dir='ltr'><strong>Deum</strong></span> <span class='ocrx_word' id='word_1_685' title='bbox 2339 4497 2556 4568; x_wconf 87' lang='lat' dir='ltr'><strong>placare</strong></span> <span class='ocrx_word' id='word_1_686' title='bbox 2599 4503 2953 4551; x_wconf 82' lang='lat' dir='ltr'><strong>consueverat</strong></span> <span class='ocrx_word' id='word_1_687' title='bbox 2989 4512 3002 4548; x_wconf 87' lang='lat'><strong>:</strong></span> <span class='ocrx_word' id='word_1_688' title='bbox 3034 4493 3203 4550; x_wconf 79' lang='lat' dir='ltr'><strong>Jacob</strong></span> <span class='ocrx_word' id='word_1_689' title='bbox 3246 4503 3431 4548; x_wconf 91' lang='lat' dir='ltr'><strong>autem</strong></span> 
     </span>
    </p>
   </div>
   <div class='ocr_carea' id='block_1_90' title="bbox 1831 4588 3430 4666">
    <p class='ocr_par' dir='ltr' id='par_1_90' title="bbox 1831 4588 3430 4666">
     <span class='ocr_line' id='line_1_90' title="bbox 1831 4588 3430 4666; baseline -0.006 -15"><span class='ocrx_word' id='word_1_690' title='bbox 1831 4595 2061 4666; x_wconf 83' lang='lat' dir='ltr'><strong>simplex</strong></span> <span class='ocrx_word' id='word_1_691' title='bbox 2096 4593 2372 4650; x_wconf 87' lang='lat' dir='ltr'><strong>habitabat</strong></span> <span class='ocrx_word' id='word_1_692' title='bbox 2404 4595 2455 4648; x_wconf 91' lang='lat' dir='ltr'><strong>in</strong></span> <span class='ocrx_word' id='word_1_693' title='bbox 2512 4591 2910 4656; x_wconf 85' lang='lat' dir='ltr'><strong>tabernaculis;</strong></span> <span class='ocrx_word' id='word_1_694' title='bbox 2940 4589 3068 4662; x_wconf 91' lang='lat' dir='ltr'><strong>quia</strong></span> <span class='ocrx_word' id='word_1_695' title='bbox 3119 4588 3277 4644; x_wconf 92' lang='lat' dir='ltr'><strong>electi</strong></span> <span class='ocrx_word' id='word_1_696' title='bbox 3306 4597 3333 4625; x_wconf 74' lang='grc'><strong>⁸</strong></span> <span class='ocrx_word' id='word_1_697' title='bbox 3360 4603 3430 4642; x_wconf 83' lang='lat' dir='ltr'><strong>ex</strong></span> 
     </span>
    </p>
   </div>
   <div class='ocr_carea' id='block_1_91' title="bbox 120 4682 3436 4762">
    <p class='ocr_par' dir='ltr' id='par_1_91' title="bbox 120 4682 3436 4762">
     <span class='ocr_line' id='line_1_91' title="bbox 120 4682 3436 4762; baseline -0.002 -20"><span class='ocrx_word' id='word_1_698' title='bbox 120 4701 302 4754; x_wconf 86' lang='lat' dir='ltr'><strong>suum,</strong></span> <span class='ocrx_word' id='word_1_699' title='bbox 339 4687 524 4758; x_wconf 89' lang='lat' dir='ltr'><strong>posuit</strong></span> <span class='ocrx_word' id='word_1_700' title='bbox 555 4703 680 4742; x_wconf 92' lang='lat' dir='ltr'><strong>eum</strong></span> <span class='ocrx_word' id='word_1_701' title='bbox 728 4687 782 4742; x_wconf 91' lang='lat' dir='ltr'><strong>in</strong></span> <span class='ocrx_word' id='word_1_702' title='bbox 811 4687 972 4741; x_wconf 88' lang='lat' dir='ltr'><strong>altari</strong></span> <span class='ocrx_word' id='word_1_703' title='bbox 1003 4701 1168 4758; x_wconf 90' lang='lat' dir='ltr'><strong>super</strong></span> <span class='ocrx_word' id='word_1_704' title='bbox 1195 4698 1401 4743; x_wconf 89' lang='lat' dir='ltr'><strong>struem</strong></span> <span class='ocrx_word' id='word_1_705' title='bbox 1434 4688 1727 4756; x_wconf 89' lang='lat' dir='ltr'><strong>lignorum.</strong></span> <span class='ocrx_word' id='word_1_706' title='bbox 1755 4694 1808 4755; x_wconf 82' lang='lat'><strong>1)</strong></span> <span class='ocrx_word' id='word_1_707' title='bbox 1833 4688 2086 4762; x_wconf 88' lang='lat' dir='ltr'><strong>gentibus</strong></span> <span class='ocrx_word' id='word_1_708' title='bbox 2135 4687 2249 4743; x_wconf 91' lang='lat' dir='ltr'><strong>sola</strong></span> <span class='ocrx_word' id='word_1_709' title='bbox 2283 4687 2387 4742; x_wconf 78' lang='lat' dir='ltr'><strong>[ide</strong></span> <span class='ocrx_word' id='word_1_710' title='bbox 2409 4728 2424 4752; x_wconf 88' lang='lat'><strong>,</strong></span> <span class='ocrx_word' id='word_1_711' title='bbox 2461 4687 2709 4756; x_wconf 89' lang='lat' dir='ltr'><strong>bonaque</strong></span> <span class='ocrx_word' id='word_1_712' title='bbox 2737 4683 3018 4739; x_wconf 87' lang='lat' dir='ltr'><strong>voluntate</strong></span> <span class='ocrx_word' id='word_1_713' title='bbox 3048 4682 3161 4738; x_wconf 94' lang='lat' dir='ltr'><strong>Deo</strong></span> <span class='ocrx_word' id='word_1_714' title='bbox 3219 4682 3436 4753; x_wconf 87' lang='lat' dir='ltr'><strong>placere</strong></span> 
     </span>
    </p>
   </div>
   <div class='ocr_carea' id='block_1_92' title="bbox 121 4778 1729 4852">
    <p class='ocr_par' dir='ltr' id='par_1_92' title="bbox 121 4778 1729 4852">
     <span class='ocr_line' id='line_1_92' title="bbox 121 4778 1729 4852; baseline 0 -17"><span class='ocrx_word' id='word_1_715' title='bbox 121 4780 223 4837; x_wconf 90' lang='lat' dir='ltr'><strong>Per</strong></span> <span class='ocrx_word' id='word_1_716' title='bbox 249 4783 430 4838; x_wconf 87' lang='lat' dir='ltr'><strong>altare</strong></span> <span class='ocrx_word' id='word_1_717' title='bbox 458 4797 589 4838; x_wconf 79' lang='lat' dir='ltr'><strong>crux</strong></span> <span class='ocrx_word' id='word_1_718' title='bbox 624 4780 950 4852; x_wconf 85' lang='lat' dir='ltr'><strong>intelligitur</strong></span> <span class='ocrx_word' id='word_1_719' title='bbox 974 4799 988 4835; x_wconf 88' lang='lat'><strong>:</strong></span> <span class='ocrx_word' id='word_1_720' title='bbox 1018 4795 1235 4835; x_wconf 88' lang='lat' dir='ltr'><strong>crucem</strong></span> <span class='ocrx_word' id='word_1_721' title='bbox 1277 4795 1409 4850; x_wconf 86' lang='lat' dir='ltr'><strong>ergo</strong></span> <span class='ocrx_word' id='word_1_722' title='bbox 1435 4778 1606 4834; x_wconf 89' lang='lat' dir='ltr'><strong>Filius</strong></span> <span class='ocrx_word' id='word_1_723' title='bbox 1633 4780 1729 4835; x_wconf 91' lang='lat' dir='ltr'><strong>Dei</strong></span> 
     </span>
    </p>
   </div>
   <div class='ocr_carea' id='block_1_93' title="bbox 123 4873 1733 4944">
    <p class='ocr_par' dir='ltr' id='par_1_93' title="bbox 123 4873 1733 4944">
     <span class='ocr_line' id='line_1_93' title="bbox 123 4873 1733 4944; baseline -0.001 -14"><span class='ocrx_word' id='word_1_724' title='bbox 123 4874 437 4941; x_wconf 70' lang='lat' dir='ltr'><strong>(ealilicavit,</strong></span> <span class='ocrx_word' id='word_1_725' title='bbox 473 4875 528 4929; x_wconf 92' lang='lat' dir='ltr'><strong>in</strong></span> <span class='ocrx_word' id='word_1_726' title='bbox 559 4889 664 4944; x_wconf 91' lang='lat' dir='ltr'><strong>qua</strong></span> <span class='ocrx_word' id='word_1_727' title='bbox 714 4874 877 4928; x_wconf 89' lang='lat' dir='ltr'><strong>homo</strong></span> <span class='ocrx_word' id='word_1_728' title='bbox 903 4887 1065 4941; x_wconf 86' lang='lat' dir='ltr'><strong>quem</strong></span> <span class='ocrx_word' id='word_1_729' title='bbox 1113 4882 1505 4942; x_wconf 90' lang='lat' dir='ltr'><strong>assumpserat,</strong></span> <span class='ocrx_word' id='word_1_730' title='bbox 1540 4873 1733 4929; x_wconf 86' lang='lat' dir='ltr'><strong>immo-</strong></span> 
     </span>
    </p>
   </div>
   <div class='ocr_carea' id='block_1_94' title="bbox 125 4965 1734 5041">
    <p class='ocr_par' dir='ltr' id='par_1_94' title="bbox 125 4965 1734 5041">
     <span class='ocr_line' id='line_1_94' title="bbox 125 4965 1734 5041; baseline -0.001 -17"><span class='ocrx_word' id='word_1_731' title='bbox 125 4970 372 5037; x_wconf 72' lang='lat' dir='ltr'><strong>lauetur;</strong></span> <span class='ocrx_word' id='word_1_732' title='bbox 422 4971 548 5041; x_wconf 89' lang='lat' dir='ltr'><strong>quia</strong></span> <span class='ocrx_word' id='word_1_733' title='bbox 599 4969 718 5040; x_wconf 90' lang='lat' dir='ltr'><strong>ipso</strong></span> <span class='ocrx_word' id='word_1_734' title='bbox 765 4967 1114 5039; x_wconf 87' lang='lat' dir='ltr'><strong>permittente</strong></span> <span class='ocrx_word' id='word_1_735' title='bbox 1163 4965 1362 5021; x_wconf 79' lang='lat' dir='ltr'><strong>factum</strong></span> <span class='ocrx_word' id='word_1_736' title='bbox 1411 4975 1512 5021; x_wconf 89' lang='lat' dir='ltr'><strong>est.</strong></span> <span class='ocrx_word' id='word_1_737' title='bbox 1556 4967 1734 5038; x_wconf 90' lang='lat' dir='ltr'><strong>Super</strong></span> 
     </span>
    </p>
   </div>
   <div class='ocr_carea' id='block_1_95' title="bbox 123 5061 1736 5135">
    <p class='ocr_par' dir='ltr' id='par_1_95' title="bbox 123 5061 1736 5135">
     <span class='ocr_line' id='line_1_95' title="bbox 123 5061 1736 5135; baseline -0.001 -17"><span class='ocrx_word' id='word_1_738' title='bbox 123 5065 296 5120; x_wconf 83' lang='lat' dir='ltr'><strong>altare</strong></span> <span class='ocrx_word' id='word_1_739' title='bbox 347 5079 479 5120; x_wconf 91' lang='lat' dir='ltr'><strong>vero</strong></span> <span class='ocrx_word' id='word_1_740' title='bbox 528 5065 674 5135; x_wconf 87' lang='lat' dir='ltr'><strong>ligna</strong></span> <span class='ocrx_word' id='word_1_741' title='bbox 723 5064 1063 5132; x_wconf 89' lang='lat' dir='ltr'><strong>composuit,</strong></span> <span class='ocrx_word' id='word_1_742' title='bbox 1095 5071 1152 5116; x_wconf 91' lang='lat' dir='ltr'><strong>et</strong></span> <span class='ocrx_word' id='word_1_743' title='bbox 1180 5075 1343 5131; x_wconf 89' lang='lat' dir='ltr'><strong>super</strong></span> <span class='ocrx_word' id='word_1_744' title='bbox 1375 5061 1515 5130; x_wconf 87' lang='lat' dir='ltr'><strong>ligna</strong></span> <span class='ocrx_word' id='word_1_745' title='bbox 1555 5062 1736 5131; x_wconf 91' lang='lat' dir='ltr'><strong>posuit</strong></span> 
     </span>
    </p>
   </div>
   <div class='ocr_carea' id='block_1_96' title="bbox 127 5157 1734 5230">
    <p class='ocr_par' dir='ltr' id='par_1_96' title="bbox 127 5157 1734 5230">
     <span class='ocr_line' id='line_1_96' title="bbox 127 5157 1734 5230; baseline -0.002 -15"><span class='ocrx_word' id='word_1_746' title='bbox 127 5161 277 5217; x_wconf 82' lang='lat' dir='ltr'><strong>Isaac</strong></span> <span class='ocrx_word' id='word_1_747' title='bbox 328 5162 497 5216; x_wconf 92' lang='lat' dir='ltr'><strong>lilium</strong></span> <span class='ocrx_word' id='word_1_748' title='bbox 545 5176 702 5216; x_wconf 89' lang='lat' dir='ltr'><strong>suum</strong></span> <span class='ocrx_word' id='word_1_749' title='bbox 735 5161 1088 5230; x_wconf 87' lang='lat' dir='ltr'><strong>colligatum;</strong></span> <span class='ocrx_word' id='word_1_750' title='bbox 1125 5157 1258 5212; x_wconf 91' lang='lat' dir='ltr'><strong>illud</strong></span> <span class='ocrx_word' id='word_1_751' title='bbox 1311 5172 1546 5227; x_wconf 90' lang='lat' dir='ltr'><strong>namque</strong></span> <span class='ocrx_word' id='word_1_752' title='bbox 1587 5157 1734 5229; x_wconf 90' lang='lat' dir='ltr'><strong>quod</strong></span> 
     </span>
    </p>
   </div>
   <div class='ocr_carea' id='block_1_97' title="bbox 126 5251 1739 5322">
    <p class='ocr_par' dir='ltr' id='par_1_97' title="bbox 126 5251 1739 5322">
     <span class='ocr_line' id='line_1_97' title="bbox 126 5251 1739 5322; baseline -0.002 -12"><span class='ocrx_word' id='word_1_753' title='bbox 126 5255 401 5311; x_wconf 82' lang='lat' dir='ltr'><strong>suﬂ&#39;ocare</strong></span> <span class='ocrx_word' id='word_1_754' title='bbox 451 5254 722 5322; x_wconf 89' lang='lat' dir='ltr'><strong>volumus,</strong></span> <span class='ocrx_word' id='word_1_755' title='bbox 753 5252 1025 5308; x_wconf 88' lang='lat' dir='ltr'><strong>nobismet</strong></span> <span class='ocrx_word' id='word_1_756' title='bbox 1070 5251 1202 5319; x_wconf 87' lang='lat' dir='ltr'><strong>ipsis</strong></span> <span class='ocrx_word' id='word_1_757' title='bbox 1251 5251 1610 5321; x_wconf 88' lang='lat' dir='ltr'><strong>supponimus</strong></span> <span class='ocrx_word' id='word_1_758' title='bbox 1637 5293 1653 5316; x_wconf 91' lang='lat'><strong>,</strong></span> <span class='ocrx_word' id='word_1_759' title='bbox 1677 5259 1739 5306; x_wconf 91' lang='lat' dir='ltr'><strong>ut</strong></span> 
     </span>
    </p>
   </div>
   <div class='ocr_carea' id='block_1_98' title="bbox 130 5344 1743 5419">
    <p class='ocr_par' dir='ltr' id='par_1_98' title="bbox 130 5344 1743 5419">
     <span class='ocr_line' id='line_1_98' title="bbox 130 5344 1743 5419; baseline -0.002 -16"><span class='ocrx_word' id='word_1_760' title='bbox 130 5349 379 5419; x_wconf 88' lang='lat' dir='ltr'><strong>pondere</strong></span> <span class='ocrx_word' id='word_1_761' title='bbox 428 5357 618 5403; x_wconf 91' lang='lat' dir='ltr'><strong>nostro</strong></span> <span class='ocrx_word' id='word_1_762' title='bbox 665 5346 978 5413; x_wconf 77' lang='lat' dir='ltr'><strong>suﬂ&#39;ocetur,</strong></span> <span class='ocrx_word' id='word_1_763' title='bbox 1029 5355 1084 5401; x_wconf 92' lang='lat' dir='ltr'><strong>et</strong></span> <span class='ocrx_word' id='word_1_764' title='bbox 1134 5354 1364 5416; x_wconf 89' lang='lat' dir='ltr'><strong>pereat:</strong></span> <span class='ocrx_word' id='word_1_765' title='bbox 1397 5344 1656 5401; x_wconf 90' lang='lat' dir='ltr'><strong>similiter</strong></span> <span class='ocrx_word' id='word_1_766' title='bbox 1685 5354 1743 5400; x_wconf 89' lang='lat' dir='ltr'><strong>et</strong></span> 
     </span>
    </p>
   </div>
   <div class='ocr_carea' id='block_1_99' title="bbox 135 5437 1742 5511">
    <p class='ocr_par' dir='ltr' id='par_1_99' title="bbox 135 5437 1742 5511">
     <span class='ocr_line' id='line_1_99' title="bbox 135 5437 1742 5511; baseline -0.001 -16"><span class='ocrx_word' id='word_1_767' title='bbox 135 5441 475 5510; x_wconf 79' lang='lat' dir='ltr'><strong>Redemptor</strong></span> <span class='ocrx_word' id='word_1_768' title='bbox 524 5449 712 5496; x_wconf 90' lang='lat' dir='ltr'><strong>noster</strong></span> <span class='ocrx_word' id='word_1_769' title='bbox 743 5440 910 5511; x_wconf 87' lang='lat' dir='ltr'><strong>ligna,</strong></span> <span class='ocrx_word' id='word_1_770' title='bbox 943 5437 996 5495; x_wconf 92' lang='lat' dir='ltr'><strong>id</strong></span> <span class='ocrx_word' id='word_1_771' title='bbox 1028 5446 1132 5506; x_wconf 87' lang='lat' dir='ltr'><strong>est,</strong></span> <span class='ocrx_word' id='word_1_772' title='bbox 1182 5449 1402 5509; x_wconf 87' lang='lat' dir='ltr'><strong>peccata</strong></span> <span class='ocrx_word' id='word_1_773' title='bbox 1450 5448 1636 5494; x_wconf 88' lang='lat' dir='ltr'><strong>nostra</strong></span> <span class='ocrx_word' id='word_1_774' title='bbox 1687 5439 1742 5494; x_wconf 90' lang='lat' dir='ltr'><strong>in</strong></span> 
     </span>
    </p>
   </div>
   <div class='ocr_carea' id='block_1_100' title="bbox 132 5532 1743 5606">
    <p class='ocr_par' dir='ltr' id='par_1_100' title="bbox 132 5532 1743 5606">
     <span class='ocr_line' id='line_1_100' title="bbox 132 5532 1743 5606; baseline -0.001 -17"><span class='ocrx_word' id='word_1_775' title='bbox 132 5550 300 5592; x_wconf 87' lang='lat' dir='ltr'><strong>cruce</strong></span> <span class='ocrx_word' id='word_1_776' title='bbox 329 5534 572 5606; x_wconf 90' lang='lat' dir='ltr'><strong>pendens</strong></span> <span class='ocrx_word' id='word_1_777' title='bbox 601 5534 704 5590; x_wconf 91' lang='lat' dir='ltr'><strong>sibi</strong></span> <span class='ocrx_word' id='word_1_778' title='bbox 733 5533 1054 5604; x_wconf 84' lang='lat' dir='ltr'><strong>supposuit;</strong></span> <span class='ocrx_word' id='word_1_779' title='bbox 1086 5543 1144 5588; x_wconf 92' lang='lat' dir='ltr'><strong>ut</strong></span> <span class='ocrx_word' id='word_1_780' title='bbox 1171 5532 1415 5604; x_wconf 89' lang='lat' dir='ltr'><strong>pondere</strong></span> <span class='ocrx_word' id='word_1_781' title='bbox 1447 5548 1546 5589; x_wconf 90' lang='lat' dir='ltr'><strong>suo</strong></span> <span class='ocrx_word' id='word_1_782' title='bbox 1576 5542 1743 5604; x_wconf 88' lang='lat' dir='ltr'><strong>atque</strong></span> 
     </span>
    </p>
   </div>
   <div class='ocr_carea' id='block_1_101' title="bbox 133 5624 1741 5684">
    <p class='ocr_par' dir='ltr' id='par_1_101' title="bbox 133 5624 1741 5684">
     <span class='ocr_line' id='line_1_101' title="bbox 133 5624 1741 5684; baseline -0.002 0"><span class='ocrx_word' id='word_1_783' title='bbox 133 5629 342 5684; x_wconf 87' lang='lat' dir='ltr'><strong>virtute</strong></span> <span class='ocrx_word' id='word_1_784' title='bbox 389 5626 783 5683; x_wconf 75' lang='lat' dir='ltr'><strong>suﬁ&#39;ocarentur</strong></span> <span class='ocrx_word' id='word_1_785' title='bbox 831 5641 895 5680; x_wconf 86' lang='lat' dir='ltr'><strong>ac</strong></span> <span class='ocrx_word' id='word_1_786' title='bbox 921 5625 1258 5680; x_wconf 89' lang='lat' dir='ltr'><strong>delerentur.</strong></span> <span class='ocrx_word' id='word_1_787' title='bbox 1290 5624 1514 5681; x_wconf 77' lang='lat' dir='ltr'><strong>Vincula</strong></span> <span class='ocrx_word' id='word_1_788' title='bbox 1556 5635 1741 5681; x_wconf 90' lang='lat' dir='ltr'><strong>autem</strong></span> 
     </span>
    </p>
   </div>
   <div class='ocr_carea' id='block_1_102' title="bbox 136 5719 1738 5792">
    <p class='ocr_par' dir='ltr' id='par_1_102' title="bbox 136 5719 1738 5792">
     <span class='ocr_line' id='line_1_102' title="bbox 136 5719 1738 5792; baseline -0.001 -14"><span class='ocrx_word' id='word_1_789' title='bbox 136 5723 290 5781; x_wconf 80' lang='lat' dir='ltr'><strong>Isaac</strong></span> <span class='ocrx_word' id='word_1_790' title='bbox 333 5722 683 5780; x_wconf 79' lang='lat' dir='ltr'><strong>alllictionem</strong></span> <span class='ocrx_word' id='word_1_791' title='bbox 734 5720 948 5776; x_wconf 90' lang='lat' dir='ltr'><strong>Domini</strong></span> <span class='ocrx_word' id='word_1_792' title='bbox 1001 5721 1052 5776; x_wconf 92' lang='lat' dir='ltr'><strong>in</strong></span> <span class='ocrx_word' id='word_1_793' title='bbox 1085 5735 1252 5777; x_wconf 90' lang='lat' dir='ltr'><strong>cruce</strong></span> <span class='ocrx_word' id='word_1_794' title='bbox 1296 5719 1738 5792; x_wconf 88' lang='lat' dir='ltr'><strong>designaverunt.</strong></span> 
     </span>
    </p>
   </div>
   <div class='ocr_carea' id='block_1_103' title="bbox 221 5901 1755 5993">
    <p class='ocr_par' dir='ltr' id='par_1_103' title="bbox 221 5901 1755 5993">
     <span class='ocr_line' id='line_1_103' title="bbox 221 5901 1755 5993; baseline -0.007 -9"><span class='ocrx_word' id='word_1_795' title='bbox 221 5940 245 5969; x_wconf 72' lang='grc' dir='ltr'>α</span> <span class='ocrx_word' id='word_1_796' title='bbox 281 5901 376 5985; x_wconf 87' lang='lat' dir='ltr'><strong>Sic</strong></span> <span class='ocrx_word' id='word_1_797' title='bbox 403 5935 535 5983; x_wconf 74' lang='lat' dir='ltr'><strong>mss.</strong></span> <span class='ocrx_word' id='word_1_798' title='bbox 570 5937 622 5983; x_wconf 86' lang='lat' dir='ltr'><strong>at</strong></span> <span class='ocrx_word' id='word_1_799' title='bbox 653 5941 788 5983; x_wconf 88' lang='lat' dir='ltr'><strong>vero</strong></span> <span class='ocrx_word' id='word_1_800' title='bbox 836 5901 992 5991; x_wconf 81' lang='lat' dir='ltr'><strong>‘edit.,</strong></span> <span class='ocrx_word' id='word_1_801' title='bbox 1023 5937 1086 5978; x_wconf 79' lang='lat' dir='ltr'><strong>ear</strong></span> <span class='ocrx_word' id='word_1_802' title='bbox 1107 5922 1344 5993; x_wconf 79' lang='lat' dir='ltr'><strong>gentibus</strong></span> <span class='ocrx_word' id='word_1_803' title='bbox 1365 5922 1463 5978; x_wconf 82' lang='lat' dir='ltr'><strong>soli</strong></span> <span class='ocrx_word' id='word_1_804' title='bbox 1493 5921 1617 5992; x_wconf 75' lang='lat' dir='ltr'><strong>ﬁde,</strong></span> <span class='ocrx_word' id='word_1_805' title='bbox 1651 5930 1755 5977; x_wconf 83' lang='lat' dir='ltr'><strong>etc.</strong></span> 
     </span>
    </p>
   </div>
   <div class='ocr_carea' id='block_1_104' title="bbox 1838 4772 3435 4838">
    <p class='ocr_par' dir='ltr' id='par_1_104' title="bbox 1838 4772 3435 4838">
     <span class='ocr_line' id='line_1_104' title="bbox 1838 4772 3435 4838; baseline -0.006 -1"><span class='ocrx_word' id='word_1_806' title='bbox 1838 4781 2185 4838; x_wconf 90' lang='lat' dir='ltr'><strong>studuerunt.</strong></span> <span class='ocrx_word' id='word_1_807' title='bbox 2219 4780 2323 4834; x_wconf 85' lang='lat' dir='ltr'><strong>Per</strong></span> <span class='ocrx_word' id='word_1_808' title='bbox 2354 4778 2700 4834; x_wconf 89' lang='lat' dir='ltr'><strong>tabernacula</strong></span> <span class='ocrx_word' id='word_1_809' title='bbox 2749 4792 2881 4832; x_wconf 89' lang='lat' dir='ltr'><strong>vero</strong></span> <span class='ocrx_word' id='word_1_810' title='bbox 2913 4777 3028 4832; x_wconf 86' lang='lat' dir='ltr'><strong>sive</strong></span> <span class='ocrx_word' id='word_1_811' title='bbox 3057 4775 3298 4830; x_wconf 87' lang='lat' dir='ltr'><strong>diversas</strong></span> <span class='ocrx_word' id='word_1_812' title='bbox 3325 4772 3435 4828; x_wconf 90' lang='lat' dir='ltr'><strong>Ec-</strong></span> 
     </span>
    </p>
   </div>
   <div class='ocr_carea' id='block_1_105' title="bbox 1839 4865 3440 4942">
    <p class='ocr_par' dir='ltr' id='par_1_105' title="bbox 1839 4865 3440 4942">
     <span class='ocr_line' id='line_1_105' title="bbox 1839 4865 3440 4942; baseline -0.008 -11"><span class='ocrx_word' id='word_1_813' title='bbox 1839 4875 2056 4940; x_wconf 88' lang='lat' dir='ltr'><strong>clesias,</strong></span> <span class='ocrx_word' id='word_1_814' title='bbox 2087 4875 2140 4927; x_wconf 92' lang='lat' dir='ltr'><strong>in</strong></span> <span class='ocrx_word' id='word_1_815' title='bbox 2171 4871 2366 4942; x_wconf 86' lang='lat' dir='ltr'><strong>quibus</strong></span> <span class='ocrx_word' id='word_1_816' title='bbox 2394 4886 2489 4941; x_wconf 93' lang='lat' dir='ltr'><strong>per</strong></span> <span class='ocrx_word' id='word_1_817' title='bbox 2518 4871 2826 4925; x_wconf 89' lang='lat' dir='ltr'><strong>universum</strong></span> <span class='ocrx_word' id='word_1_818' title='bbox 2850 4869 3039 4924; x_wconf 90' lang='lat' dir='ltr'><strong>orbem</strong></span> <span class='ocrx_word' id='word_1_819' title='bbox 3063 4882 3166 4922; x_wconf 83' lang='lat' dir='ltr'><strong>una</strong></span> <span class='ocrx_word' id='word_1_820' title='bbox 3195 4865 3440 4920; x_wconf 83' lang='lat' dir='ltr'><strong>Ecclesia</strong></span> 
     </span>
    </p>
   </div>
   <div class='ocr_carea' id='block_1_106' title="bbox 1841 4962 3439 5034">
    <p class='ocr_par' dir='ltr' id='par_1_106' title="bbox 1841 4962 3439 5034">
     <span class='ocr_line' id='line_1_106' title="bbox 1841 4962 3439 5034; baseline -0.009 -8"><span class='ocrx_word' id='word_1_821' title='bbox 1841 4969 2106 5026; x_wconf 89' lang='lat' dir='ltr'><strong>catholica</strong></span> <span class='ocrx_word' id='word_1_822' title='bbox 2137 4965 2306 5021; x_wconf 87' lang='lat' dir='ltr'><strong>divisa</strong></span> <span class='ocrx_word' id='word_1_823' title='bbox 2339 4973 2444 5034; x_wconf 89' lang='lat' dir='ltr'><strong>est,</strong></span> <span class='ocrx_word' id='word_1_824' title='bbox 2479 4965 2593 5022; x_wconf 88' lang='lat' dir='ltr'><strong>sive</strong></span> <span class='ocrx_word' id='word_1_825' title='bbox 2621 4964 2869 5021; x_wconf 89' lang='lat' dir='ltr'><strong>diversos</strong></span> <span class='ocrx_word' id='word_1_826' title='bbox 2898 4962 3116 5019; x_wconf 89' lang='lat' dir='ltr'><strong>ordines</strong></span> <span class='ocrx_word' id='word_1_827' title='bbox 3149 4971 3439 5029; x_wconf 87' lang='lat' dir='ltr'><strong>possumus</strong></span> 
     </span>
    </p>
   </div>
   <div class='ocr_carea' id='block_1_107' title="bbox 1841 5060 2165 5133">
    <p class='ocr_par' dir='ltr' id='par_1_107' title="bbox 1841 5060 2165 5133">
     <span class='ocr_line' id='line_1_107' title="bbox 1841 5060 2165 5133; baseline -0.012 -15"><span class='ocrx_word' id='word_1_828' title='bbox 1841 5060 2165 5133; x_wconf 87' lang='lat' dir='ltr'><strong>intelligere.</strong></span> 
     </span>
    </p>
   </div>
   <div class='ocr_carea' id='block_1_108' title="bbox 1918 5141 3444 5225">
    <p class='ocr_par' dir='ltr' id='par_1_108' title="bbox 1918 5141 3444 5225">
     <span class='ocr_line' id='line_1_108' title="bbox 1918 5141 3444 5225; baseline -0.008 -15"><span class='ocrx_word' id='word_1_829' title='bbox 1918 5155 2066 5210; x_wconf 87' lang='lat' dir='ltr'><strong>Isaac</strong></span> <span class='ocrx_word' id='word_1_830' title='bbox 2114 5151 2372 5225; x_wconf 88' lang='lat' dir='ltr'><strong>diligebat</strong></span> <span class='ocrx_word' id='word_1_831' title='bbox 2418 5151 2592 5218; x_wconf 90' lang='lat' dir='ltr'><strong>Esau,</strong></span> <span class='ocrx_word' id='word_1_832' title='bbox 2635 5165 2700 5206; x_wconf 90' lang='lat' dir='ltr'><strong>co</strong></span> <span class='ocrx_word' id='word_1_833' title='bbox 2753 5149 2897 5220; x_wconf 93' lang='lat' dir='ltr'><strong>quod</strong></span> <span class='ocrx_word' id='word_1_834' title='bbox 2947 5146 3017 5201; x_wconf 89' lang='lat' dir='ltr'><strong>de</strong></span> <span class='ocrx_word' id='word_1_835' title='bbox 3061 5141 3444 5198; x_wconf 84' lang='lat' dir='ltr'><strong>venationibus</strong></span> 
     </span>
    </p>
   </div>
   <div class='ocr_carea' id='block_1_109' title="bbox 1841 5234 3443 5311">
    <p class='ocr_par' dir='ltr' id='par_1_109' title="bbox 1841 5234 3443 5311">
     <span class='ocr_line' id='line_1_109' title="bbox 1841 5234 3443 5311; baseline -0.006 -9"><span class='ocrx_word' id='word_1_836' title='bbox 1841 5246 1991 5302; x_wconf 88' lang='lat' dir='ltr'><strong>illius</strong></span> <span class='ocrx_word' id='word_1_837' title='bbox 2013 5254 2359 5302; x_wconf 88' lang='lat' dir='ltr'><strong>vesceretur:</strong></span> <span class='ocrx_word' id='word_1_838' title='bbox 2385 5244 2478 5300; x_wconf 87' lang='lat' dir='ltr'><strong>sed</strong></span> <span class='ocrx_word' id='word_1_839' title='bbox 2502 5242 2746 5298; x_wconf 81' lang='lat' dir='ltr'><strong>Rebecca</strong></span> <span class='ocrx_word' id='word_1_840' title='bbox 2767 5238 3029 5311; x_wconf 84' lang='lat' dir='ltr'><strong>diligebat</strong></span> <span class='ocrx_word' id='word_1_841' title='bbox 3053 5234 3240 5293; x_wconf 87' lang='lat' dir='ltr'><strong>Jacob.</strong></span> <span class='ocrx_word' id='word_1_842' title='bbox 3269 5234 3443 5301; x_wconf 84' lang='lat' dir='ltr'><strong>Isaac,</strong></span> 
     </span>
    </p>
   </div>
   <div class='ocr_carea' id='block_1_110' title="bbox 1844 5329 3446 5406">
    <p class='ocr_par' dir='ltr' id='par_1_110' title="bbox 1844 5329 3446 5406">
     <span class='ocr_line' id='line_1_110' title="bbox 1844 5329 3446 5406; baseline -0.009 -9"><span class='ocrx_word' id='word_1_843' title='bbox 1844 5341 1985 5397; x_wconf 86' lang='lat' dir='ltr'><strong>sicut</strong></span> <span class='ocrx_word' id='word_1_844' title='bbox 2014 5339 2274 5406; x_wconf 84' lang='lat' dir='ltr'><strong>diximus,</strong></span> <span class='ocrx_word' id='word_1_845' title='bbox 2305 5339 2357 5393; x_wconf 90' lang='lat' dir='ltr'><strong>in</strong></span> <span class='ocrx_word' id='word_1_846' title='bbox 2391 5337 2494 5392; x_wconf 93' lang='lat' dir='ltr'><strong>hoc</strong></span> <span class='ocrx_word' id='word_1_847' title='bbox 2521 5337 2638 5390; x_wconf 92' lang='lat' dir='ltr'><strong>loco</strong></span> <span class='ocrx_word' id='word_1_848' title='bbox 2668 5345 2850 5406; x_wconf 89' lang='lat' dir='ltr'><strong>typum</strong></span> <span class='ocrx_word' id='word_1_849' title='bbox 2884 5329 3098 5386; x_wconf 89' lang='lat' dir='ltr'><strong>Domini</strong></span> <span class='ocrx_word' id='word_1_850' title='bbox 3138 5336 3324 5384; x_wconf 89' lang='lat' dir='ltr'><strong>tenet:</strong></span> <span class='ocrx_word' id='word_1_851' title='bbox 3349 5341 3446 5398; x_wconf 88' lang='lat' dir='ltr'><strong>per</strong></span> 
     </span>
    </p>
   </div>
   <div class='ocr_carea' id='block_1_111' title="bbox 1845 5419 3448 5500">
    <p class='ocr_par' dir='ltr' id='par_1_111' title="bbox 1845 5419 3448 5500">
     <span class='ocr_line' id='line_1_111' title="bbox 1845 5419 3448 5500; baseline -0.009 -10"><span class='ocrx_word' id='word_1_852' title='bbox 1845 5434 2148 5490; x_wconf 86' lang='lat' dir='ltr'><strong>Rebeccam</strong></span> <span class='ocrx_word' id='word_1_853' title='bbox 2195 5444 2376 5486; x_wconf 90' lang='lat' dir='ltr'><strong>autem</strong></span> <span class='ocrx_word' id='word_1_854' title='bbox 2410 5426 2804 5500; x_wconf 85' lang='lat' dir='ltr'><strong>praescientiam</strong></span> <span class='ocrx_word' id='word_1_855' title='bbox 2837 5425 2931 5480; x_wconf 91' lang='lat' dir='ltr'><strong>Dei</strong></span> <span class='ocrx_word' id='word_1_856' title='bbox 2963 5436 3258 5494; x_wconf 90' lang='lat' dir='ltr'><strong>possumus</strong></span> <span class='ocrx_word' id='word_1_857' title='bbox 3286 5419 3448 5476; x_wconf 84' lang='lat' dir='ltr'><strong>intel-</strong></span> 
     </span>
    </p>
   </div>
   <div class='ocr_carea' id='block_1_112' title="bbox 1849 5514 3450 5600">
    <p class='ocr_par' dir='ltr' id='par_1_112' title="bbox 1849 5514 3450 5600">
     <span class='ocr_line' id='line_1_112' title="bbox 1849 5514 3450 5600; baseline -0.009 -16"><span class='ocrx_word' id='word_1_858' title='bbox 1849 5528 2038 5600; x_wconf 87' lang='lat' dir='ltr'><strong>ligere.</strong></span> <span class='ocrx_word' id='word_1_859' title='bbox 2065 5526 2215 5582; x_wconf 85' lang='lat' dir='ltr'><strong>Isaac</strong></span> <span class='ocrx_word' id='word_1_860' title='bbox 2245 5523 2407 5596; x_wconf 88' lang='lat' dir='ltr'><strong>igitur</strong></span> <span class='ocrx_word' id='word_1_861' title='bbox 2435 5519 2689 5592; x_wconf 87' lang='lat' dir='ltr'><strong>diligebat</strong></span> <span class='ocrx_word' id='word_1_862' title='bbox 2716 5517 2882 5584; x_wconf 86' lang='lat' dir='ltr'><strong>Esau,</strong></span> <span class='ocrx_word' id='word_1_863' title='bbox 2925 5531 2992 5572; x_wconf 90' lang='lat' dir='ltr'><strong>eo</strong></span> <span class='ocrx_word' id='word_1_864' title='bbox 3020 5515 3164 5587; x_wconf 89' lang='lat' dir='ltr'><strong>quod</strong></span> <span class='ocrx_word' id='word_1_865' title='bbox 3195 5514 3262 5570; x_wconf 93' lang='lat' dir='ltr'><strong>de</strong></span> <span class='ocrx_word' id='word_1_866' title='bbox 3289 5527 3450 5569; x_wconf 88' lang='lat' dir='ltr'><strong>vena-</strong></span> 
     </span>
    </p>
   </div>
   <div class='ocr_carea' id='block_1_113' title="bbox 1852 5609 3453 5683">
    <p class='ocr_par' dir='ltr' id='par_1_113' title="bbox 1852 5609 3453 5683">
     <span class='ocr_line' id='line_1_113' title="bbox 1852 5609 3453 5683; baseline -0.012 -2"><span class='ocrx_word' id='word_1_867' title='bbox 1852 5623 2087 5681; x_wconf 89' lang='lat' dir='ltr'><strong>tionibus</strong></span> <span class='ocrx_word' id='word_1_868' title='bbox 2115 5621 2263 5676; x_wconf 89' lang='lat' dir='ltr'><strong>illius</strong></span> <span class='ocrx_word' id='word_1_869' title='bbox 2292 5624 2634 5678; x_wconf 88' lang='lat' dir='ltr'><strong>vesceretur;</strong></span> <span class='ocrx_word' id='word_1_870' title='bbox 2664 5611 2788 5683; x_wconf 91' lang='lat' dir='ltr'><strong>quia</strong></span> <span class='ocrx_word' id='word_1_871' title='bbox 2819 5611 2962 5667; x_wconf 87' lang='lat' dir='ltr'><strong>Deus</strong></span> <span class='ocrx_word' id='word_1_872' title='bbox 2987 5609 3245 5680; x_wconf 83' lang='lat' dir='ltr'><strong>diligebat</strong></span> <span class='ocrx_word' id='word_1_873' title='bbox 3282 5623 3453 5678; x_wconf 88' lang='lat' dir='ltr'><strong>popu-</strong></span> 
     </span>
    </p>
   </div>
   <div class='ocr_carea' id='block_1_114' title="bbox 1853 5698 3460 5782">
    <p class='ocr_par' dir='ltr' id='par_1_114' title="bbox 1853 5698 3460 5782">
     <span class='ocr_line' id='line_1_114' title="bbox 1853 5698 3460 5782; baseline -0.014 -5"><span class='ocrx_word' id='word_1_874' title='bbox 1853 5721 1962 5777; x_wconf 89' lang='lat' dir='ltr'><strong>lum</strong></span> <span class='ocrx_word' id='word_1_875' title='bbox 1985 5717 2322 5782; x_wconf 69' lang='lat' dir='ltr'><strong>Judaeorunt,</strong></span> <span class='ocrx_word' id='word_1_876' title='bbox 2351 5724 2418 5768; x_wconf 92' lang='lat' dir='ltr'><strong>eo</strong></span> <span class='ocrx_word' id='word_1_877' title='bbox 2443 5705 2585 5778; x_wconf 90' lang='lat' dir='ltr'><strong>quod</strong></span> <span class='ocrx_word' id='word_1_878' title='bbox 2611 5703 2846 5762; x_wconf 84' lang='lat' dir='ltr'><strong>assiduis</strong></span> <span class='ocrx_word' id='word_1_879' title='bbox 2871 5718 3059 5762; x_wconf 89' lang='lat' dir='ltr'><strong>eorum</strong></span> <span class='ocrx_word' id='word_1_880' title='bbox 3090 5698 3460 5758; x_wconf 82' lang='lat' dir='ltr'><strong>oblationibus</strong></span> 
     </span>
    </p>
   </div>
  </div>
