3944 6310
558 318 666 381 819

1521 317 1615 376 ΔΟ
1645 315 1881 376 οιιῑιιΛ
1929 317 2182 376 SANCTI
2222 317 2548 375 ΛΜΒΒΟΕΙΙ
2594 317 2961 376 ΑΡΡΕΝΜΧ.
3683 326 3756 386 δὲθ

555 443 866 512 placaretur
894 458 908 495 :
937 447 1113 496 mater
1141 450 1270 494 vero
1313 435 1575 507 diligebat
1598 435 1799 504 Jacob,
1824 437 1950 508 quia
1977 437 2155 494 sciens
2182 439 2236 502 Α
2261 436 2560 492 observare
2577 435 2815 492 nollent:
2845 435 2910 490 iis
2933 433 3161 504 populus
3173 432 3756 505 gettliiisittdutusetom.

558 536 707 590 Deus
737 535 994 604 populum
1027 531 1266 602 gentium
1298 531 1470 592 multo
1498 529 1781 586 meliorem
1824 529 1964 598 fore,
1996 543 2157 600 quam

555 629 819 700 populum
858 626 1193 693 Iudaeorum,
1247 639 1343 695 per
1385 623 1742 694 praeseientiai
1772 640 1887 683 stlte
1926 625 2160 695 gratiam

556 721 734 777 multo
766 719 998 791 amplius
1024 734 1148 775 eum
1176 717 1456 787 diligebat.
1481 718 1623 774 Esau
1641 733 1763 779 cum
1797 718 1851 774 in
1875 717 2162 775 venatione

559 824 889 880 moraretur,
923 823 980 868 ut
1025 813 1094 870 de
1142 812 1448 885 agrestibus
1475 812 1800 869 animalibus
1842 814 1994 869 cibos
2025 813 2162 884 patri

556 908 1138 977 exliiberet,quatenus
1160 906 1333 963 abillo
1355 906 1791 974 bonediceretur,
1807 918 1978 963 mater
1993 906 2162 963 Jacob

553 1001 624 1057 ad
659 1000 1063 1074 percipiendam
1094 1001 1530 1062 benedictionem
1561 1003 1698 1072 patri
1725 1002 2012 1074 applicuit;
2037 1003 2160 1072 quia

554 1110 680 1151 cum
733 1096 966 1166 papulas
1009 1095 1324 1151 Judteorum
1373 1094 1845 1154 observationibus
1893 1096 2164 1167 legalibus

554 1189 776 1246 deditus
804 1200 972 1257 esset,
996 1202 1160 1260 atque
1188 1189 1257 1246 ad
1304 1190 1466 1247 ﬁdem
1506 1191 1707 1247 Christi
1755 1191 2159 1263 percipiendam

555 1285 766 1342 tardius
795 1297 1148 1350 occurreret;
1181 1296 1355 1341 mater
1381 1285 1550 1357 grtia
1602 1287 1857 1357 populum
1885 1286 2159 1357 gentium,

552 1394 620 1435 eo
648 1378 790 1450 quod
823 1379 984 1435 [idem
1014 1379 1219 1436 Christi
1246 1396 1368 1434 cum
1397 1381 1657 1436 aviditate
1687 1383 2060 1452 suscepisset,
2091 1381 2161 1438 ad

553 1474 962 1545 percipiendam
987 1474 1446 1542 benedietlonem,
1469 1490 1591 1548 qum
1612 1475 1819 1532 Judaiis
1841 1476 2178 1546 debebatur,

558 1564 676 1621 Deo
725 1565 942 1622 obtulit.
971 1565 1217 1636 Qualiter
1267 1579 1448 1624 autem
1503 1569 1620 1640 ipse
1661 1572 1894 1642 populus
1917 1572 2162 1642 gentium

558 1660 666 1717 hoc
697 1661 1095 1718 benedictionis
1122 1662 1325 1720 donum
1356 1665 1678 1735 promeruit,
1707 1675 1973 1722 testantur
1997 1681 2164 1737 opera

551 1753 726 1811 Jacob
754 1770 852 1826 per
871 1755 1344 1827 signiﬁcationem,
1368 1773 1490 1828 qua
1519 1773 1614 1828 pro
1642 1757 2016 1816 benedictione
2042 1775 2165 1830 per-

555 1849 810 1921 cipienda
835 1852 1012 1922 egisse
1039 1851 1388 1909 describitur.

632 1942 780 1999 Dixit
805 1942 969 2013 igitur
999 1943 1248 2001 Rebecca
1295 1945 1410 2001 lilio
1455 1961 1556 2001 suo
1606 1945 1821 2004 Jacob:
1857 1944 2000 2015 A/fer
2037 1948 2163 2004 mihi

562 2033 695 2088 duos
724 2035 898 2090 Ιιιειίοδ
927 2037 1148 2107 Optimos
1167 2079 1181 2104 ,
1215 2048 1262 2092 et
1293 2032 1488 2110 facium
1516 2054 1579 2094 ex
1607 2039 1678 2095 eis
1707 2055 1849 2095 escas
1877 2042 2016 2112 patri
2041 2051 2162 2109 tuo,

558 2127 745 2198 quibus
790 2129 1006 2184 libenter
1053 2130 1388 2199 vescitur;et
1435 2132 1693 2188 benedieet
1737 2133 1827 2188 tibi
1856 2150 2028 2189 coram
2054 2132 2165 2189 Do-

560 2220 732 2286 mino,
763 2231 1040 2292 antequam
1086 2224 1338 2279 moriatur
1385 2221 1541 2297 (Gen.
1596 2241 1780 2290 xxvn,
1810 2225 1887 2298 9).
1923 2227 2070 2282 Abiit
2109 2235 2165 2284 et

562 2312 768 2381 attulit,
802 2313 1063 2386 deditque
1101 2314 1284 2372 matri.
1317 2315 1543 2374 Paravit
1571 2317 1660 2373 illa
1692 2319 1867 2389 cibos,
1900 2320 2043 2376 sicut
2067 2335 2167 2377 no.-

561 2420 718 2466 verat
764 2410 907 2466 velle
954 2419 1162 2481 patrem
1215 2412 1362 2468 illius
1385 2453 1401 2477 ,
1433 2420 1490 2468 et
1537 2412 1782 2474 vestibus
1812 2413 1957 2471 Esau
1983 2457 2000 2483 ,
2027 2429 2165 2486 quas

559 2504 703 2576 apud
753 2520 813 2560 se
858 2504 1092 2562 habebat
1147 2506 1332 2572 domi,
1364 2505 1539 2562 induit
1580 2520 1742 2576 eum,
1771 2507 2166 2580 pelliculasque

560 2596 845 2653 hmdorum
881 2597 1238 2654 circumdedit
1268 2600 1553 2664 nianibus,
1577 2611 1632 2656 et
1658 2601 1786 2656 colli
1814 2601 1956 2656 nuda
1985 2613 2167 2672 prote-

559 2690 678 2754 xit,
707 2689 962 2761 deditque
1013 2691 1378 2760 pulmentum,
1410 2699 1466 2747 ct
1492 2707 1664 2762 panes
1703 2708 1839 2764 quos
1883 2705 2112 2750 coxerat
2140 2737 2155 2762 ,

558 2782 805 2838 tradidit.
838 2781 942 2838 Per
979 2781 1120 2838 duos
1160 2782 1346 2839 haedos
1375 2783 1776 2842 confessionem
1817 2796 2166 2856 peccatorum

560 2874 746 2946 populi
787 2874 1040 2946 gentilis,
1070 2881 1128 2932 et
1167 2875 1581 2945 ptenitentiam,
1617 2891 1912 2948 possumus
1959 2879 2164 2936 intelli-

560 2984 712 3042 gere.
750 2971 895 3023 Duos
923 2984 1053 3038 ergo
1094 2968 1283 3024 haedos
1307 2969 1546 3039 optimus
1573 2968 1744 3027 Jacob
1770 2972 1925 3026 matri
1951 2973 2166 3040 obtulit;

561 3072 689 3141 quia
722 3086 818 3141 per
860 3071 1261 3127 confessionem
1296 3080 1642 3140 peccatorum
1671 3080 1727 3126 et
1756 3071 2166 3140 paenitentiam,

563 3177 684 3233 qua:
731 3163 814 3217 via
847 3171 931 3218 est
961 3163 1025 3217 ad
1078 3162 1240 3217 (idem
1273 3160 1560 3227 euntibus,
1595 3163 1824 3232 populus
1851 3161 2072 3233 gentilis
2102 3162 2169 3220 ad

2264 539 2352 585 tus
2369 571 2382 592 ,
2403 529 2469 584 ad
2485 529 2656 585 Deum
2687 529 2901 584 Patrem
2925 545 3048 584 cum
3073 527 3208 583 cibis
3223 541 3440 598 epotum
3455 527 3668 589 bonorum
3680 548 3756 602 βα.

2263 621 2432 677 rexit.
2460 623 2596 682 Cum
2629 621 2767 677 cibis
2789 633 2970 678 autem
3001 629 3056 676 et
3084 635 3252 690 panes
3272 620 3474 676 detulit.
3512 621 3597 677 Per
3620 639 3755 693 panem

2263 733 2411 788 saepe
2433 719 2660 774 verbum
2693 717 2790 774 Dei
2816 717 3153 788 designatur,
3186 715 3316 788 quia
3365 715 3450 771 ille
3485 730 3758 789 congnteala

2263 812 2330 869 ad
2356 811 2524 868 Deum
2552 812 2768 868 Patrem
2813 825 2936 866 cum
2963 811 3102 867 cibis
3129 825 3354 881 operum
3376 810 3609 868 bonorum
3625 816 3760 885 pergit,

2263 909 2355 977 qui
2405 916 2461 962 et
2506 907 2644 966 alios
2696 920 3072 978 quoscumque
3123 913 3342 976 potest,
3395 905 3459 962 ad
3497 905 3616 965 bona
3650 922 3760 979 open

2262 999 2468 1070 agenda
2496 999 2797 1061 admonere
2823 1015 2931 1056 non
2955 998 3178 1056 desinit.

2336 1091 2446 1148 Sed
2467 1102 2521 1147 et
2552 1091 2686 1148 illud
2717 1091 2873 1148 nobis
2900 1089 3252 1162 quaerendum
3283 1098 3388 1156 est,
3418 1105 3508 1145 cur
3533 1099 3671 1148 mater
3687 1093 3762 1164 pel-

2265 1185 2405 1242 libus
2439 1185 2668 1242 haedinis
2706 1200 2899 1242 manus
2924 1183 3094 1240 Jacob
3117 1193 3172 1242 et
3200 1183 3327 1241 colli
3367 1182 3501 1241 nuda
3531 1187 3763 1254 protexerit.

2267 1278 2430 1336 Pellis
2461 1293 2696 1349 namque
2721 1293 2844 1334 eum
2877 1276 2946 1334 ab
2969 1275 3131 1334 bme
3160 1276 3513 1343 subtrahitur.
3532 1291 3638 1334 caro
3653 1293 3764 1350 ηιμ.

2266 1384 2381 1439 ret;
2404 1373 2542 1428 unde
2569 1369 2919 1428 delectabiles
2945 1371 3052 1427 cibi
3082 1371 3279 1426 conﬁci
3314 1380 3567 1440 possunt:
3589 1372 3764 1430 similiter

2265 1467 2418 1524 etab
2460 1481 2788 1537 unoquoque
2814 1474 3103 1537 peccatore
3145 1479 3270 1522 cum
3303 1463 3431 1522 vitia
3473 1462 3764 1532 detrahuntur,

2266 1569 2408 1625 bona
2442 1577 2651 1622 natum
2671 1583 2794 1622 cum
2845 1565 3057 1620 ratione
3103 1576 3411 1636 apparent,
3460 1574 3484 1601 ι
3522 1564 3767 1636 questh

2266 1661 2658 1732 decoquantur,
2712 1659 3065 1716 delatabilcs
3109 1658 3218 1714 cibi
3247 1675 3315 1714 ex
3341 1658 3487 1714 bono
3512 1668 3680 1713 natura
3699 1659 3768 1715 lico

2267 1762 2666 1826 prteparantur.
2713 1750 2818 1808 Per
2854 1751 3054 1808 collum
3087 1751 3270 1822 igitur,
3325 1766 3396 1807 eo
3443 1751 3576 1821 quod
3611 1753 3653 1806 in
3680 1754 3769 1809 collo

2193 1848 2241 1910 B
2268 1861 2414 1916 smpe
2437 1843 2691 1915 superbia
2719 1855 3008 1915 appareat,
3035 1857 3327 1914 possumus
3350 1842 3619 1898 elationem
3643 1845 3772 1902 mentis

2267 1939 2610 2010 intelligere:
2639 1953 2736 2010 per
2762 1952 2955 1994 manus
2987 1953 3118 1994 vero
3143 1953 3307 2008 Opera
3337 1937 3675 2008 designantur.
3696 1939 3772 1995 Col-

2267 2035 2376 2090 lum
2421 2047 2552 2103 ergo
2591 2031 2962 2104 unusquisque
2992 2030 3172 2088 ﬁdelis
3199 2032 3437 2102 pellibus
3482 2032 3671 2086 uredinis
3705 2033 3768 2087 cir-

2267 2130 2518 2193 cumdat,
2551 2142 2674 2182 cum
2705 2126 2775 2182 ad
2825 2127 3025 2182 mentis
3051 2127 3346 2182 elationem
3379 2126 3774 2198 deponendam,et

2270 2218 2594 2276 humilitatis
2623 2235 2736 2274 sua:
2784 2218 3086 2275 custodiam
3147 2229 3374 2289 peccata
3437 2221 3776 2290 praeteriisunt

2269 2315 2458 2370 oculos
2483 2311 2682 2370 mentis
2705 2327 2964 2369 revocare
2995 2327 3102 2368 non
3133 2312 3358 2369 desinit.
3414 2313 3591 2369 Matius
3615 2315 3773 2368 circum-

2267 2407 2392 2472 dat,
2418 2422 2542 2463 cum
2570 2422 2637 2465 ne
2663 2407 2715 2464 itt
2747 2405 2905 2463 bonis
2951 2405 3210 2476 operibus
3263 2406 3574 2472 extollatur,
3620 2417 3770 2479 peccata

2270 2500 2543 2570 prasterita
2571 2509 2696 2556 ante
2722 2499 2912 2556 oculos
2937 2500 3134 2557 mentis
3163 2515 3311 2572 saepe
3340 2499 3572 2556 reducit.

2341 2593 2632 2664 Postquam
2679 2592 2831 2649 Isaac
2851 2592 3030 2650 cilium
3070 2593 3330 2663 sumpsit,
3380 2594 3571 2651 obtulit
3599 2594 3640 2649 ei
3669 2592 3776 2648 laeui

2270 2685 2434 2744 etiam
2463 2687 2672 2742 vinum.
2718 2685 2776 2742 Si
2809 2701 2903 2757 per
2932 2685 3114 2742 cibum
3145 2687 3340 2744 activa:
3371 2687 3500 2743 vitae
3535 2702 3673 2758 opera
3691 2687 3778 2742 nlui.

2271 2789 2528 2852 goantur,
2562 2795 2849 2850 possumus
2894 2796 2988 2850 per
3035 2780 3240 2847 vinum,
3275 2783 3428 2852 quod
3457 2794 3645 2838 mentes
3666 2782 3780 2838 boni-

2271 2891 2402 2932 uum
2432 2876 2671 2942 alienat,
2706 2874 3380 2946 centemplativamvitam
3420 2876 3678 2947 accipere,
3706 2892 3780 2945 qua:

2271 2972 2341 3027 ab
2369 2985 2557 3028 amore
2583 2970 2770 3026 saeculi
2800 2974 3014 3028 mentes
3053 2971 3421 3042 quorumdam
3467 2972 3711 3026 electorum
3733 2969 3782 3023 in-

2273 3065 2563 3124 sensibiles
2585 3065 2782 3122 reddit.
2813 3065 2947 3122 Cibo
2974 3066 3136 3136 igitur
3169 3076 3414 3136 poloque
3445 3079 3662 3136 sumpto,
3686 3063 3780 3117 Isaac

2271 3160 2442 3218 Jacob
2472 3159 2776 3224 benedixit;
2809 3162 2934 3230 qu'a
2958 3159 3034 3214 illi
3061 3159 3500 3218 benedictionem
3522 3159 3709 3215 cteiestis
3723 3170 3784 3225 pa-

563 3255 818 3310 eamdem
873 3255 1032 3314 lidetn
1063 3253 1467 3326 percipiendam
1522 3257 1856 3325 properavit.
1887 3255 1992 3324 Qui
2021 3255 2162 3312 [tardi
2194 3253 2240 3318 C
2275 3259 2394 3312 trite
2422 3271 2451 3310 a
2474 3255 2590 3311 Deo
2622 3255 2963 3325 percipiunt,
2986 3257 3078 3325 qui
3110 3270 3234 3310 eum
3262 3269 3443 3325 usque
3468 3253 3533 3310 ad
3559 3252 3688 3314 linem
3710 3251 3783 3305 vita

563 3350 755 3418 optitui
785 3348 1038 3404 dicuntur
1065 3349 1266 3415 fuisse;
1297 3349 1419 3420 quia
1453 3348 1613 3410 valde
1659 3350 2008 3420 accept-abitis
2057 3352 2168 3407 Deo

565 3451 650 3497 cst
678 3440 996 3512 paenitentia
1027 3443 1327 3512 peccatoris
1353 3457 1475 3496 cum
1504 3442 1982 3500 abrenuntiatione
2008 3444 2169 3499 vilio-

564 3553 705 3599 rum.
736 3535 876 3592 sicut
902 3537 1016 3608 ipse
1047 3536 1312 3591 Dominus
1341 3545 1526 3590 noster
1571 3535 1703 3591 dicit
1734 3537 1786 3590 in
1818 3535 2114 3607 Evangelia
2149 3555 2163 3590 :

565 3629 830 3686 Gaudium
856 3640 927 3682 est
955 3633 1006 3682 in
1049 3628 1176 3683 ταιο
1205 3641 1362 3698 super
1387 3645 1489 3683 uno
1521 3638 1786 3698 peccatore
1817 3629 2165 3695 penitentiam

560 3734 743 3797 agente
766 3764 780 3789 ,
808 3737 962 3794 quam
1005 3737 1160 3794 super
1193 3722 1477 3793 nonaginta
1508 3737 1685 3776 navem
1723 3721 1886 3793 justis
1905 3761 1921 3788 ,
1949 3722 2037 3792 qui
2063 3737 2166 3779 non

557 3817 793 3888 indigent
839 3814 1138 3886 paenitentia
1185 3811 1345 3882 (Luc.
1394 3829 1481 3881 sv,
1517 3811 1604 3885 7);
1663 3827 1760 3884 per
1805 3829 1971 3872 unum
2037 3830 2167 3884 pec-

560 3921 804 3966 catorem
839 3908 1099 3979 populum
1129 3908 1398 3979 gentium,
1434 3921 1534 3978 per
1562 3908 1854 3978 nonaginta
1908 3923 2040 3966 vero
2069 3924 2167 3964 no-

563 4017 685 4058 vem
729 4003 908 4072 justus
951 4001 1173 4058 Iudaeos
1223 4001 1448 4072 intelligi
1486 4001 1696 4058 volens.
1728 4003 1833 4068 Qui
1876 4002 2011 4073 justi
2042 4003 2167 4060 ideo

560 4095 852 4161 dicuntur,
879 4093 1006 4165 quia
1063 4104 1288 4166 propter
1315 4094 1756 4152 observationem
1805 4093 1966 4166 Legis
1990 4095 2168 4166 justus

561 4203 624 4244 se
653 4186 794 4244 l'also
837 4189 1133 4258 putabant;
1167 4203 1295 4244 nam
1344 4187 1412 4244 ad
1450 4187 1672 4246 eosdem
1700 4187 1878 4259 justus
1908 4189 2168 4248 Dominus

562 4280 830 4352 loquitur,
862 4280 1052 4338 dicens
1079 4297 1096 4337 :
1141 4280 1229 4338 Vw
1253 4283 1342 4351 qui
1361 4283 1665 4356 justiﬁcatie
1691 4299 1782 4339 t'os
1801 4300 1976 4342 eorum
2000 4284 2170 4340 Itami-

563 4375 746 4443 nibus,
775 4371 922 4431 Deus
947 4385 1119 4432 autent
1149 4378 1292 4433 novit
1331 4378 1490 4432 corda
1517 4389 1684 4434 uestra
1713 4377 1870 4448 (Lua.
1906 4395 2014 4447 su,
2051 4378 2164 4448 15).

559 4466 663 4538 Qui
708 4469 764 4523 in
813 4467 1134 4538 imperfecto
1178 4483 1407 4525 numero
1457 4472 1924 4543 ponuntur,quia
1953 4473 2165 4531 nullum

553 4561 627 4618 ad
662 4560 961 4632 perfectum
986 4561 1210 4622 adduxit
1238 4563 1352 4620 Lex
1381 4561 1577 4636 (Hebr.
1611 4579 1706 4632 vn,
1737 4565 1852 4638 19).

2273 3363 2390 3404 sua:
2413 3347 2570 3405 bonis
2599 3346 2856 3417 operibus
2880 3346 3094 3416 placare
3113 3346 3361 3404 student.

2341 3441 2490 3500 Idem
2519 3457 2647 3498 vero
2667 3440 2836 3496 Jacob
2859 3455 2982 3496 cum
3012 3439 3221 3511 lugeret
3253 3439 3402 3496 Esau
3427 3439 3634 3499 fratrem
3659 3452 3783 3499 suae,

2270 3538 2422 3602 venit
2469 3536 2537 3598 ad
2593 3535 2880 3606 quemdam
2928 3534 3151 3590 locum:
3203 3549 3447 3604 cumque
3502 3533 3784 3605 supposuisset

2268 3632 2431 3703 capiti
2452 3646 2553 3687 suo
2579 3628 2831 3700 lapidem,
2862 3628 3118 3684 dormivit
3140 3628 3283 3694 illic;
3309 3628 3556 3701 viditque
3581 3629 3626 3692 la
3649 3625 3784 3681 statiuis

2271 3726 2475 3782 scalam
2505 3723 2570 3778 ad
2597 3733 2758 3792 caput
2781 3737 2939 3779 suum
2966 3732 3156 3778 aterra
3179 3738 3354 3793 usque
3386 3721 3455 3778 ad
3485 3722 3661 3779 cteluta
3689 3732 3785 3775 eret-

2270 3830 2380 3876 tam
2404 3860 2421 3887 ,
2450 3827 2505 3874 et
2531 3816 2816 3874 Dominum
2848 3815 3094 3872 innixum
3124 3816 3286 3872 scalae
3314 3858 3332 3883 ,
3381 3818 3599 3888 angelos
3639 3825 3784 3886 quoquc

2269 3915 2366 3971 Dei
2393 3911 2750 3969 ascendentes
2771 3919 2828 3966 et
2849 3910 3356 3979 descendentesper
3371 3927 3494 3966 eam
3511 3908 3647 3982 (Ges.
3663 3920 3784 3969 sunt,

2272 4007 2400 4079 12).
2426 4007 2528 4062 Per
2549 4003 2782 4076 lapidem
2807 4003 2836 4043 δ
2866 4003 3119 4060 Christus
3158 4003 3508 4074 intelligitur,
3553 4002 3785 4058 fundam.

2269 4107 2383 4153 tum
2409 4113 2538 4154 vero
2560 4106 2803 4152 nostrum
2847 4095 3096 4152 Christus
3148 4107 3269 4164 est,
3303 4096 3377 4152 de
3427 4111 3535 4168 quo
3571 4091 3785 4166 Apostaili

2268 4192 2404 4248 dicit
2433 4209 2446 4245 :
2474 4189 2899 4246 Fundamentum
2943 4191 3079 4245 enim
3102 4189 3248 4246 aliud
3287 4206 3443 4246 nemo
3494 4198 3641 4262 potest
3664 4199 3784 4258 ponet

2270 4297 2455 4360 prteter
2481 4286 2538 4342 id
2558 4286 2696 4357 quod
2743 4287 2964 4357 positum
2987 4293 3062 4340 est
3095 4326 3109 4351 ,
3153 4284 3292 4356 quod
3333 4297 3412 4341 est
3462 4278 3787 4341 Christuslrsst

2271 4381 2329 4455 (ι
2357 4381 2478 4438 Cor.
2503 4397 2558 4436 ιιι
2581 4423 2596 4448 ,
2629 4379 2746 4451 12).
2769 4377 2942 4449 Caput
2973 4379 3134 4448 igitur
3161 4378 3570 4449 superlapidem
3593 4374 3786 4446 ponimus,

2269 4474 2314 4530 si
2337 4490 2404 4530 ex
2433 4473 2594 4532 bonis
2621 4471 2881 4542 operibus
2905 4473 3168 4543 parietem
3198 4483 3452 4529 nostrum
3497 4485 3645 4542 super
3664 4465 3786 4522 Chris-

2267 4575 2383 4623 tum
2413 4565 2765 4623 tediticamus.

631 4655 738 4712 Per
758 4671 912 4712 escas
935 4664 1115 4714 autem
1141 4657 1519 4723 delectabiles,
1543 4675 1665 4729 qua:
1689 4658 1836 4718 Isaac
1857 4660 1924 4716 ad
1941 4677 2163 4720 sumcn-
2188 4649 2241 4710 D
2337 4660 2647 4722 Concordat
2675 4661 2802 4716 huic
2846 4660 3030 4718 sensui
3073 4658 3211 4717 visio
3234 4659 3397 4716 scala:
3425 4677 3440 4726 ;
3473 4659 3578 4716 duo
3610 4665 3779 4722 namque

557 4745 688 4804 dum
718 4763 787 4804 ex
810 4747 1035 4805 duobus
1053 4747 1218 4822 5M
1239 4748 1413 4805 [mdis
1440 4760 1765 4820 prteparsta:
1800 4762 1948 4819 sunt,
1983 4753 2164 4822 ρωπί-

555 4841 745 4899 tentiis
771 4856 937 4912 opera
966 4840 1234 4899 debemus
1257 4843 1585 4914 intelligere.
1614 4842 1694 4901 De
1721 4843 1789 4900 iis
1816 4845 1962 4906 escis
1986 4846 2165 4917 loqui-

553 4944 645 4991 tur
672 4934 914 4992 Joannes
944 4934 1184 5005 Baptista
1205 4977 1224 5005 ,
1254 4935 1446 4994 dicens
1479 4955 1493 4994 :
1530 4935 1714 4998 Facite
1740 4941 1941 5008 fructus
1975 4940 2162 5010 dignos

556 5030 868 5098 paenitentia:
891 5027 1106 5101 (Matth.
1136 5045 1229 5098 ιιι,
1255 5029 1351 5101 8).
1376 5030 1481 5085 Per
1510 5041 1688 5086 vestes
1712 5045 1845 5087 vero
1872 5031 2036 5092 valde
2057 5033 2158 5095 bo-

553 5138 688 5190 nas,
715 5139 854 5194 quas
899 5123 1078 5191 Esau,
1128 5125 1186 5180 id
1233 5135 1343 5190 est,
1375 5123 1549 5184 Judaei
1594 5124 1742 5188 domi
1788 5127 2158 5199 reliquerant,

550 5218 756 5286 optima
783 5225 1061 5288 prmccpta
1109 5217 1272 5289 Legio
1321 5231 1610 5287 possumus
1639 5220 1889 5290 accipere
1913 5261 1930 5288 ,
1964 5232 2022 5278 ut
2071 5230 2159 5279 est

550 5309 688 5365 illud
703 5351 719 5377 ,
755 5310 952 5383 Diliges
974 5308 1263 5372 Dominum
1285 5309 1454 5368 Deum
1478 5323 1623 5367 suum
1644 5328 1707 5368 ea:
1723 5322 1830 5368 toto
1847 5315 2004 5371 corde
2026 5325 2115 5372 tuo
2141 5358 2158 5385 ,

2270 4757 2414 4829 ligna
2459 4755 2622 4813 scalte
2667 4755 2908 4826 majora,
2962 4763 3239 4826 quaesout
3279 4770 3350 4811 es
3393 4765 3620 4825 utraque
3653 4757 3784 4822 parte.

2268 4859 2431 4923 atque
2461 4851 2530 4906 ab
2555 4850 2905 4908 interioribus
2950 4849 3019 4905 ad
3078 4849 3367 4920 superiora
3395 4851 3683 4921 eriguntur,
3717 4842 3786 4897 duo

2269 4957 2537 5019 praecepta
2583 4945 2864 5002 cbaritatis
2900 4943 3211 5016 designant.
3258 4945 3364 5004 Per
3379 4945 3580 5016 gradus
3609 4936 3787 5004 veroqli

2267 5040 2324 5096 in
2346 5050 2714 5095 transversum
2744 5054 2810 5094 es
2829 5044 3063 5107 utraque
3091 5046 3245 5108 parte
3297 5037 3403 5098 illis
3442 5037 3643 5096 duobus
3682 5027 3788 5100 lignis

2266 5134 2598 5199 inseruntur,
2643 5141 2856 5188 casteria
2900 5131 3130 5190 virtutes
3171 5130 3552 5202 designantur.
3602 5129 3658 5186 Et
3696 5125 3788 5180 sicut

2266 5227 2376 5284 duo
2424 5228 2565 5298 ligna
2599 5226 2706 5286 nisi
2748 5242 2776 5279 a
2801 5224 3098 5297 gradibus,
3127 5235 3185 5281 et
3221 5225 3423 5296 grados
3451 5225 3552 5282 nisi
3579 5240 3607 5280 a
3639 5218 3787 5277 duobus

2260 5319 2423 5392 lignis
2449 5319 2717 5376 contineri
2741 5333 2850 5384 non
2868 5329 3123 5390 possunt:
3154 5319 3229 5380 ita
3269 5327 3324 5374 ct
3348 5318 3586 5376 cbaritas
3606 5315 3789 5371 sincer-

519 5427 538 5432 -
557 5410 608 5454 et
627 5418 693 5457 ea:
721 5412 829 5458 tota
847 5404 1027 5462 animo
1053 5415 1166 5473 tua,
1195 5415 1243 5461 et
1270 5406 1562 5477 proximum
1590 5416 1738 5462 tuum
1759 5409 1892 5465 sicut
1918 5420 1968 5465 te
1988 5410 2160 5483 ipsum
2262 5415 2392 5471 teris
2419 5413 2736 5479 virtutibus,
2789 5421 2844 5474 et
2865 5421 3089 5474 caetera:
3131 5413 3367 5471 virtutes
3415 5411 3539 5468 sine
3585 5406 3789 5466 ebaritate

551 5490 739 5564 (Deut.
771 5507 854 5561 VI,
874 5495 1057 5567 5);et
1080 5497 1387 5566 multaalia,
1409 5499 1737 5570 sinequibus
1757 5502 1943 5559 nullus
1967 5504 2150 5575 justus
2260 5523 2384 5568 esse
2413 5523 2521 5564 non
2559 5515 2810 5582 possunt.
2840 5505 3389 5577 thuemadmodttm
3428 5497 3787 5572 diversum“s

551 5597 678 5640 esse
698 5591 890 5653 potest.
915 5587 1008 5642 Hie
1036 5599 1163 5646 sunt
1185 5591 1407 5661 optimm
1425 5600 1628 5661 vestes,
1643 5607 1777 5663 quas
1791 5592 1968 5652 Judaei
1987 5597 2160 5664 domi,

2257 5599 2366 5656 nisi
2391 5601 2443 5656 in
2473 5599 2684 5655 duobus
2707 5599 2866 5670 lignis
2886 5599 3188 5670 majoribus
3236 5615 3303 5656 ex
3327 5607 3556 5669 utraque
3585 5603 3711 5666 parte
3731 5589 3787 5644 iu-

549 5675 607 5732 id
630 5686 712 5733 est
731 5718 747 5742 ,
777 5680 832 5733 in
859 5683 1031 5738 vereri
1054 5685 1403 5743 Testamento
1416 5688 1783 5759 reliquerant,
1815 5705 1884 5747 eo
1915 5693 2062 5763 quod
2093 5707 2157 5750 ea
2258 5701 2536 5760 serantur,
2551 5706 2842 5753 ascensum
2855 5691 3164 5754 hominibus
3179 5690 3422 5762 prtebcre
3451 5705 3558 5754 non
3579 5689 3783 5760 passast:

554 5813 850 5956 ᾳωξηιὲξὶίιη
881 5833 998 5888 qua:
1040 5821 1080 5875 si
1102 5819 1207 5890 ﬁde
1253 5819 1362 5878 Deo
1412 5834 1700 5898 coquantur
1715 5842 1735 5892 ;
1796 5843 1953 5898 mss.,
1997 5828 2150 5884 deco-

2332 5830 2360 5870 b
2393 5832 2467 5887 Ita
2500 5848 2657 5908 mss.,
2690 5833 2823 5908 edit.
2849 5833 3242 5902 vero,Christus
3263 5823 3786 5908 intelligitur:Fssda-

2263 5913 2490 5960 mentum
2515 5906 2653 5963 enim
2675 5906 2850 5977 aliud,
2879 5915 2987 5967 etc.
