3944 6310
130 295 225 353 821

899 293 966 348 ΙΝ
1005 292 1474 351 APOCALYPSIN
1514 289 1905 349 EXPOSITIO.
1953 291 2038 346 DE
2085 292 2352 349 VISIONE
2393 293 2673 350 TERTIA.

3315 294 3422 350 822

130 421 155 450 ι
190 413 260 466 ita
289 423 342 467 et
369 419 576 467 cetera:
625 411 883 478 virtutes,
921 411 1021 465 nisi
1075 427 1140 466 ex
1187 411 1478 468 dilectione
1521 411 1611 466 Dei
1656 421 1709 465 ct
1737 413 1785 470 A
1815 408 2144 479 Desinejam
2172 426 2270 479 pro
2303 413 2499 466 timore
2528 410 2669 483 ignis
2709 413 2898 467 aeterni
2929 411 3092 482 ﬁere;
3123 411 3262 485 quia
3301 413 3414 484 jam

125 504 418 560 dilectione
445 503 674 573 proximi
709 512 1024 568 nascantur,
1052 503 1118 557 ad
1148 506 1343 560 caelum
1378 506 1458 560 ire
1486 505 1717 560 volenti-

127 600 224 655 bus
272 613 554 654 ascensum
619 597 864 667 pra-bere
916 612 1020 650 non
1077 607 1332 667 possunt,
1398 599 1539 653 sicut
1587 597 1717 653 dicit

122 692 358 748 Joannes
381 692 655 762 apostolus
684 709 696 744 :
727 690 981 757 Quienim
1013 707 1115 745 non
1138 693 1306 763 diligit
1337 693 1545 761 (mtrem
1563 709 1716 746 suum

122 801 271 857 quem
298 781 630 849 uidet,Deunt
648 799 798 853 quem
823 798 922 836 non
944 782 1094 848 videt,
1112 783 1368 851 quomodo
1396 792 1559 855 potest
1587 782 1712 836 dili-

121 893 235 948 gere
262 876 308 943 (I
329 875 588 941 Ioaimv,
643 873 792 946 20)?
835 874 901 929 Et
941 875 1083 930 sicut
1126 874 1267 930 scala
1315 890 1386 930 ex
1430 890 1532 930 una
1559 883 1714 945 parte

121 979 354 1033 terram,
385 984 448 1023 ex
497 969 664 1023 altera
707 967 904 1023 caelum
963 975 1185 1036 tangere
1215 969 1325 1022 visa
1356 978 1481 1023 est:
1534 968 1604 1021 ita
1661 978 1715 1023 et

119 1062 351 1118 cltaritas
373 1060 805 1116 ubinferioribus
829 1061 1108 1131 proximis,
1138 1075 1167 1114 a
1193 1059 1564 1131 superioribus
1587 1075 1715 1116 vero

120 1158 230 1213 Deo
255 1157 617 1226 coniungitur.
649 1155 806 1211 Unde
833 1163 887 1208 et
916 1156 1090 1224 angeli
1125 1153 1218 1209 Dei
1249 1170 1346 1224 per
1373 1169 1491 1209 eam
1524 1167 1714 1208 ascen-

118 1253 308 1308 dentes
329 1249 791 1306 etdesceudentes
823 1248 1105 1303 m0nslruli
1138 1258 1304 1313 sunt;
1346 1247 1469 1316 quia
1494 1257 1714 1302 sanctos

120 1345 239 1408 Dei,
295 1345 382 1415 qui
419 1360 514 1412 per
543 1343 765 1411 angelos
795 1338 1170 1414 designantur,
1231 1342 1526 1411 aliquando
1554 1355 1709 1396 amor

118 1436 206 1491 Dei
233 1436 814 1512 pet-contemplationis
839 1437 1070 1506 gratiam
1098 1436 1165 1491 ad
1192 1436 1412 1492 excelsa
1434 1434 1704 1501 sublevat,

117 1528 402 1599 aliquando
427 1544 581 1585 amor
601 1541 652 1584 et
673 1545 800 1584 cura
825 1530 1194 1600 proximorum
1225 1529 1291 1583 ad
1327 1529 1585 1584 inferiora
1625 1543 1711 1584 re-

116 1621 280 1678 ducit.
328 1621 614 1677 Dominum
648 1633 826 1677 autem
875 1621 1118 1676 innixum
1174 1624 1338 1676 scalas
1391 1621 1551 1687 vidit;
1583 1623 1710 1692 quia

116 1721 442 1791 quicumque
481 1736 577 1790 per
601 1720 701 1776 iter
731 1720 991 1775 virtutum
1037 1718 1102 1772 ad
1129 1718 1415 1774 Dominum
1445 1733 1712 1775 conscen-

1818 501 2213 571 trauquillitas,
2242 503 2390 558 vitiis
2413 505 2723 573 exstinctis,
2759 505 2951 572 rediit,
2989 523 3107 579 quae
3137 517 3188 562 te
3214 506 3266 562 in
3297 520 3421 577 per-

1816 593 2037 648 ditionis
2070 593 2280 649 foveam
2310 596 2712 653 demerserant.

1889 689 1954 743 Et
1982 691 2106 760 quia
2141 704 2245 744 non
2275 691 2406 745 satis
2440 691 2666 761 prodest
2690 693 2830 749 mala
2861 692 3427 760 deserere,nisibona

1815 799 1978 853 agere
1997 785 2343 847 studeamus,
2376 788 2655 855 sequitur:
2687 786 2929 858 Dixitque
2955 786 3117 843 Iacob
3145 805 3162 843 :
3194 786 3317 844 Non
3343 789 3423 844 di-

1815 879 2013 932 mittam
2031 887 2101 944 te,
2121 879 2221 933 nisi
2247 879 2562 934 benedixeris
2585 881 2900 958 ωηερε
2917 881 2968 937 id
2987 893 3091 948 est,
3112 897 3139 936 a
3163 882 3420 953 precibus

1824 988 1930 1026 non
1959 972 2223 1041 cessabo,
2276 972 2379 1027 nisi
2436 989 2523 1028 me
2571 974 2866 1030 virtutibus
2917 975 3211 1041 ditaveris;
3247 976 3423 1048 utqui

1818 1079 1992 1134 usque
2043 1065 2208 1120 modo
2232 1065 2534 1121 secundum
2567 1081 2788 1122 carnem
2819 1068 2958 1132 vixi,
2994 1069 3194 1124 amodo
3221 1083 3418 1125 secun-

1815 1158 1941 1214 duut
1968 1159 2216 1230 spiritum
2246 1161 2450 1214 vivam.
2481 1169 2503 1197 ε
2554 1157 2804 1230 Dixitque
2824 1161 2866 1214 ei
2891 1177 2910 1214 .'
2955 1162 3108 1229 Quod
3130 1169 3206 1216 est
3235 1177 3422 1216 nomen

1815 1254 2001 1308 tuum?
2026 1253 2309 1324 Respondit
2332 1255 2409 1316 ei,
2430 1253 2630 1319 Iacob;
2653 1254 2881 1323 dixitque
2906 1255 2952 1310 ei
2975 1273 2994 1309 :
3021 1253 3142 1310 Non
3165 1255 3424 1310 vocaberis

1816 1348 1956 1400 ultra
1983 1345 2148 1400 Iacob
2170 1388 2186 1414 ,
2215 1347 2303 1401 sed
2324 1346 2493 1402 Israel
2520 1349 2614 1400 erit
2641 1363 2827 1402 nomen
2862 1357 3006 1401 tuum
3033 1391 3046 1413 ,
3077 1348 3131 1403 id
3161 1357 3246 1404 est
3269 1367 3282 1402 :
3304 1347 3423 1404 Non

1815 1440 2098 1495 vocaberis
2130 1440 2269 1494 ultra
2297 1439 2674 1508 supplantator
2697 1439 2952 1494 vitiorum
2976 1481 2991 1506 ,
3019 1439 3116 1495 sed
3143 1439 3427 1496 vocaberis

1815 1535 1897 1588 vir
1924 1535 2120 1589 videns
2139 1534 2311 1589 Deum
2341 1551 2352 1587 :
2385 1543 2436 1588 ct
2463 1535 2555 1605 qui
2583 1543 2713 1588 ante
2741 1533 2945 1600 ﬂebas,
2980 1549 3047 1590 ne
3073 1537 3124 1589 in
3155 1533 3424 1591 infernum

1816 1626 2238 1696 demergereris,
2259 1641 2404 1681 nunc
2428 1625 2604 1692 ﬂebis,
2623 1640 2690 1683 eo
2723 1625 2868 1697 quod
2903 1625 3086 1698 aliquo
3115 1635 3364 1698 tempore
3393 1642 3424 1683 a

1817 1720 2025 1775 visione
2078 1720 2480 1789 omnipotentis
2540 1719 2638 1774 Dei
2700 1719 3007 1790 elongeris,
3067 1719 3259 1776 dicens
3298 1735 3424 1776 cum

114 1814 242 1871 dere
276 1823 560 1885 satagunt,
593 1824 876 1886 postquam
906 1814 1046 1868 viam
1076 1814 1158 1868 sui
1191 1813 1402 1868 itineris
1432 1813 1708 1883 ﬁnierunt,
1745 1810 1788 1869 B
1817 1816 2137 1872 Psalmista:
2178 1815 2294 1872 Heu
2319 1817 2447 1871 mihi
2472 1858 2488 1885 ,
2518 1814 2642 1888 quia
2674 1816 2928 1871 incolatus
2956 1831 3097 1872 meus
3147 1814 3428 1889 prolonga-

119 1906 409 1962 Duminutn
440 1907 681 1962 omnium
708 1907 976 1962 bonorum
1001 1916 1309 1974 auctorem,
1339 1908 1713 1978 praemiorum—

121 2015 224 2071 que
250 2001 568 2072 largitorem
611 2002 924 2067 inveniunt,
954 2017 1077 2057 cum
1103 2017 1210 2073 quo
1235 2003 1354 2058 sine
1384 2002 1490 2060 ﬁne
1511 2004 1714 2074 gaude-

119 2091 270 2148 bunt.

182 2189 316 2244 Cum
343 2205 472 2245 vero
501 2189 638 2246 idem
655 2187 823 2245 Iacob
845 2200 1221 2246 reverteretur
1241 2191 1310 2246 de
1326 2191 1713 2262 MeSOpotamia

115 2282 287 2355 Syria
307 2326 322 2350 ,
348 2283 700 2354 venissetque
730 2285 794 2338 ad
819 2283 1140 2353 Iordanem,
1174 2282 1508 2339 transductis
1537 2284 1714 2339 omni-

122 2375 222 2431 bus
247 2392 372 2446 quae
407 2376 474 2430 ad
503 2391 561 2432 se
592 2377 963 2447 pertinebant,
989 2379 1251 2432 remansit
1291 2379 1464 2434 solus.
1492 2377 1558 2433 Et
1585 2393 1714 2435 ecce

120 2474 200 2526 vir
219 2471 530 2527 luctabatur
551 2487 674 2527 cum
697 2487 765 2528 eo
798 2488 970 2543 usque
999 2487 1178 2528 mane.
1217 2471 1460 2544 Cumque
1505 2474 1716 2530 videret

118 2563 256 2634 quod
282 2578 411 2620 eum
440 2579 700 2635 superare
726 2581 831 2619 non
866 2575 1085 2635 posset,
1133 2565 1313 2635 tetigit
1372 2581 1600 2620 nervum
1634 2564 1717 2621 le-

121 2657 283 2714 moris
311 2656 435 2728 ejus
459 2699 474 2724 ,
529 2666 580 2716 et
609 2658 790 2712 statim
823 2659 1126 2723 emarcuit,
1183 2657 1431 2728 dixitque
1475 2658 1524 2712 ei
1553 2673 1567 2711 :
1618 2656 1716 2712 Di—

120 2751 258 2806 mitte
277 2767 379 2817 me,
403 2754 520 2825 jam
547 2751 682 2804 enim
696 2749 925 2806 ascendit
954 2765 1164 2804 aurora.
1195 2749 1374 2804 Atille
1403 2749 1713 2818 respondit:

125 2843 241 2899 Non
265 2845 524 2899 dimittam
552 2854 632 2911 te,
687 2845 786 2898 nisi
839 2843 1160 2898 benedizeris
1212 2843 1359 2897 mihi.
1391 2840 1458 2896 Et
1495 2843 1566 2895 ait
1593 2841 1714 2898 illi:

123 2936 233 3002 Quo
258 2939 458 2992 vocaris
483 2937 736 2992 nomine?
785 2935 1078 3006 Respondit
1132 2935 1177 2989 ei
1217 2951 1236 2990 :
1293 2933 1476 2989 Iacob.
1530 2933 1714 2989 Atille

121 3031 246 3084 dixit
269 3045 288 3084 :
319 3029 444 3084 Non
468 3031 728 3085 vocaberis
751 3030 889 3083 ultra
913 3027 1108 3096 Iacob,
1170 3027 1260 3081 sed
1312 3027 1478 3082 Israel
1497 3028 1593 3082 erit
1619 3043 1714 3082 no-

123 3138 232 3177 men
257 3121 580 3195 tstum(Gen.
616 3137 799 3188 xxxtt,
827 3120 955 3192 96).
1006 3121 1110 3177 Per
1149 3119 1321 3175 Iaeob
1345 3119 1447 3175 hoc
1496 3121 1550 3174 in
1591 3120 1712 3176 loco

1817 1920 1900 1967 tus
1925 1923 1998 1966 est
2022 1909 2196 1982 (Psal.
2232 1926 2354 1968 cxrx
2374 1954 2390 1978 ,
2425 1909 2533 1981 5)!

1889 2004 2033 2060 Idem
2079 2006 2242 2060 etiam
2291 2004 2461 2061 Iacob
2507 2012 2628 2074 post
2677 2003 3032 2060 luctationem
3079 2019 3239 2077 quam
3287 2020 3415 2062 cum

1816 2099 2024 2169 Angela
2079 2102 2280 2170 gessit,
2317 2113 2424 2153 uno
2469 2097 2607 2168 pede
2653 2096 2991 2153 eiaudicasse
3039 2097 3275 2154 dicitur:
3325 2099 3422 2171 qui

1817 2207 1948 2247 vero
1974 2191 2272 2259 claudicat,
2303 2205 2467 2261 super
2509 2205 2699 2246 sanum
2732 2191 2925 2260 pedem
2959 2199 3102 2247 totus
3133 2189 3419 2263 innititur,

1815 2283 1989 2340 altero
2035 2285 2308 2355 paulisper
2356 2293 2557 2340 terram
2601 2291 2848 2354 tangens.
2889 2283 3002 2338 Duo
3046 2283 3208 2354 igitur
3242 2284 3411 2353 pedes

1816 2379 2045 2434 duorum
2079 2377 2459 2434 alimentorum
2506 2391 2710 2450 genera
2738 2375 3058 2448 designant;
3109 2383 3237 2432 sunt
3265 2392 3419 2432 nam-

1815 2487 1922 2544 que
1970 2473 2221 2526 alitnenta
2271 2471 2554 2540 corporis,
2610 2481 2736 2526 sunt
2779 2480 2836 2526 et
2879 2469 3095 2526 animus.
3143 2467 3420 2526 Alimenta

1816 2565 2063 2634 corporis
2107 2574 2232 2619 sunt
2277 2564 2417 2628 cibi,
2475 2573 2668 2633 potus,
2726 2561 3055 2618 vestimenta
3101 2579 3114 2616 :
3166 2561 3422 2620 alimenta

1816 2673 1947 2713 vero
1976 2659 2172 2712 animae
2209 2667 2337 2713 sunt
2376 2658 2472 2713 Dei
2517 2657 2784 2724 verbum,
2819 2669 2985 2729 opera
3040 2656 3201 2713 bona.
3241 2657 3423 2715 Unus-

1815 2751 2043 2821 quisque
2087 2750 2250 2821 igitur
2281 2749 2452 2804 ﬁdelis
2483 2749 2527 2804 si
2561 2764 2672 2804 uno
2707 2749 2843 2819 pede
2896 2749 3174 2826 paulisper
3219 2760 3423 2807 terram

1815 2845 2021 2914 tangit,
2055 2860 2219 2912 super
2244 2845 2477 2900 alterum
2528 2853 2672 2901 totus
2702 2845 2983 2911 innititur;
3031 2847 3156 2917 quia
3188 2845 3256 2901 iis
3301 2861 3423 2916 quae

1816 2948 1941 2993 sunt
1985 2938 2170 2994 mundi
2222 2938 2601 2994 tantummodo
2649 2937 2719 2994 ad
2774 2937 3128 2994 necessitates
3176 2939 3424 3008 corporis

1821 3033 2184 3088 sublevandas
2220 3032 2426 3099 utitur,
2461 3032 2602 3088 sicut
2639 3031 2765 3088 dicit
2800 3030 3129 3101 Apostolus:
3161 3029 3426 3086 Habentes

1815 3135 1984 3182 autem
2015 3127 2199 3180 victum
2245 3137 2290 3180 et
2317 3127 2587 3192 vestitum,
2629 3125 2696 3180 iis
2735 3125 2960 3180 contenti
2996 3127 3158 3180 simus
3206 3123 3420 3195 (lTint.

121 3221 349 3292 quilibet
379 3229 635 3292 peccator
659 3229 712 3275 et
738 3220 1016 3290 pauitans
1039 3217 1379 3288 designatur.
1395 3215 1552 3284 Quod
1585 3231 1714 3272 vero
1743 3213 1787 3276 C
1819 3237 1892 3287 v1,
1929 3221 2016 3290 8).
2049 3219 2105 3274 ln
2133 3234 2196 3274 ea
2228 3234 2357 3274 vero
2379 3235 2498 3290 quae
2525 3217 2592 3273 ad
2619 3215 2848 3274 salutem
2882 3217 3078 3272 animae
3104 3217 3416 3288 pertinent,

123 3317 344 3388 angelus
371 3329 496 3371 cum
519 3315 688 3371 Iacob
710 3313 736 3354 δ
766 3315 818 3368 in
851 3314 1021 3384 ﬁgura
1057 3312 1271 3368 Domini
1305 3310 1638 3377 luctabatur,
1662 3319 1717 3367 et

122 3412 208 3468 ille
233 3425 358 3468 cum
385 3410 611 3481 angelo,
639 3408 775 3465 illud
796 3408 1065 3476 signiﬁcat
1087 3406 1230 3478 qttod
1281 3406 1544 3460 Dominus
1586 3404 1719 3460 dicit

123 3507 172 3560 in
204 3505 506 3576 Evangelio
534 3523 546 3559 :
583 3504 817 3576 Regnum
841 3503 1086 3557 calorum
1115 3501 1216 3556 sint
1257 3500 1470 3570 patitur,
1517 3509 1563 3554 et
1611 3501 1718 3553 υἱο-

123 3600 238 3655 lenti
257 3600 475 3672 rapiunt
496 3596 631 3654 illud
664 3596 885 3667 (Matth.
922 3612 973 3651 xt
999 3637 1015 3664 ,
1049 3595 1176 3666 12).
1208 3595 1312 3663 Qui
1358 3604 1488 3649 sunt
1536 3604 1716 3648 autem

118 3692 337 3750 violenti
369 3735 383 3759 ,
429 3692 531 3748 nisi
565 3699 881 3762 peccatores
923 3701 975 3745 et
1026 3691 1356 3759 pmnitentes
1382 3689 1405 3743 Ἰ
1435 3689 1564 3756 Qui.
1589 3701 1715 3742 cum

123 3799 181 3842 se
205 3785 400 3841 vident
446 3799 546 3854 pro
576 3785 880 3839 sceleribus
917 3785 1033 3837 suis
1062 3784 1256 3838 mortis
1285 3791 1561 3852 perpetua:
1600 3794 1723 3836 esse

125 3895 268 3948 reos,
303 3877 512 3935 tamdiu
547 3877 769 3948 januam
810 3875 1048 3945 paradisi
1077 3875 1330 3944 precibus
1367 3873 1606 3943 pulsant,
1635 3886 1724 3927 us-

126 3989 229 4044 que
250 3973 384 4029 dum
413 3973 496 4028 eis
519 3971 705 4026 aditus
753 3970 907 4040 regni
955 3969 1200 4025 cwlestis
1224 3967 1522 4038 aperiatur.
1553 3965 1726 4022 Iacob

126 4083 255 4138 ergo
274 4082 403 4124 cum
437 4065 674 4122 Domino
705 4065 941 4122 luctatur
962 4062 1183 4134 quando
1209 4061 1440 4132 quilibet
1471 4070 1724 4131 peccator

127 4163 522 4230 pertimescens
545 4175 732 4231 pmnas
751 4159 887 4229 ignis
913 4158 1127 4220 a3tcrni,
1151 4157 1354 4212 tamdiu
1387 4157 1438 4211 in
1471 4156 1723 4227 precibus

129 4254 403 4322 persistit,
435 4267 612 4320 usque
637 4251 763 4305 dum
797 4251 846 4305 ei
871 4249 1248 4305 misericordia
1285 4248 1470 4304 divina
1502 4263 1724 4305 succur-

128 4355 240 4413 rat,
273 4348 415 4402 sicut
442 4346 720 4415 sequenti:
755 4343 1121 4398 manifestam.

196 4438 296 4506 Qui
327 4453 454 4492 cum
491 4438 698 4491 videret
729 4437 872 4507 quod
906 4452 1026 4491 cuni
1075 4451 1338 4506 superare
1371 4451 1476 4491 non
1515 4442 1722 4506 posset,

128 4532 298 4600 tetigit
316 4546 545 4586 nervum
583 4530 812 4586 feruoris
835 4532 990 4600 ejus,
1025 4539 1079 4585 et
1105 4530 1289 4585 statim
1329 4529 1618 4585 emarcuit.
1657 4529 1722 4584 Et

1819 3323 1963 3369 totus
2007 3313 2304 3378 incumbit;
2349 3327 2417 3368 ne
2452 3311 2795 3383 aiiquandoa
2827 3311 2912 3365 via
2948 3311 3075 3378 Dei,
3129 3326 3251 3382 qua:
3277 3309 3426 3381 salus

1822 3410 2019 3464 anima:
2057 3418 2176 3474 est,
2228 3407 2431 3462 deviet.
2475 3406 2557 3463 Ad
2593 3407 2930 3480 apertionem
2981 3405 3206 3462 secundi
3257 3403 3426 3478 sigilli

1817 3502 2294 3558 demonstrandam
2328 3516 2498 3570 pauca
2529 3501 2599 3557 de
2621 3499 2807 3556 multis
2834 3497 3074 3554 diximus
3099 3541 3112 3564 ,
3146 3514 3294 3554 nunc
3328 3514 3422 3555 or-

1819 3595 1999 3651 dinem
2033 3608 2450 3664 persequamur.

1890 3688 2146 3759 Sequitur
2175 3704 2187 3740 :
2222 3686 2413 3741 Audivi
2463 3688 2746 3742 secundum
2780 3685 2978 3740 animal
3023 3685 3198 3739 dicens
3223 3699 3243 3739 :
3292 3679 3424 3739 Veni

1819 3792 1867 3837 et
1895 3782 2048 3847 uide;
2075 3782 2125 3836 id
2147 3789 2228 3836 est
2253 3825 2266 3843 ,
2303 3780 2544 3850 intellige
2571 3778 2929 3850 spirituaiiter
2951 3820 2964 3844 ,
2989 3793 3110 3848 qua:
3137 3791 3164 3830 a
3191 3777 3424 3848 patriar-

1820 3877 1937 3932 cbis
1967 3875 2102 3930 facta
2143 3873 2467 3944 eugnovisti.
2497 3869 2524 3908 ἀ
2556 3869 2624 3926 Et
2670 3887 2783 3926 ecce
2828 3887 2985 3943 equus
3024 3868 3212 3940 rufus:
3241 3877 3288 3924 et
3331 3869 3422 3940 qui

1823 3969 2030 4025 sedebat
2051 3983 2205 4038 super
2230 3967 2412 4032 illum,
2442 3965 2622 4019 datum
2647 3973 2720 4020 est
2759 3965 2803 4018 ei
2835 3974 2890 4018 ut
2912 3970 3130 4018 sumeret
3153 3977 3328 4032 pacem
3360 3962 3425 4016 de

1824 4072 1992 4123 terra,
2031 4071 2074 4114 et
2106 4069 2162 4114 ut
2210 4058 2426 4114 invicem
2457 4074 2509 4113 se
2548 4057 2891 4127 interﬁciant.
2926 4050 2991 4109 Et
3021 4054 3174 4108 datus
3221 4063 3296 4108 est
3345 4053 3427 4109 illi

1824 4156 2031 4231 gladius
2072 4173 2307 4230 magnus.
2354 4155 2458 4211 Per
2506 4169 2704 4226 equum
2751 4151 2929 4208 rufum
2968 4150 3132 4222 justi,
3166 4149 3258 4221 qui
3303 4157 3428 4220 post

1824 4249 2088 4304 diluvium
2123 4247 2386 4319 usquead
2421 4247 2616 4318 Legem
2652 4245 2909 4313 luerunt,
2943 4241 3322 4314 designantur.
3357 4240 3427 4298 Et

1824 4343 1948 4414 quia
1989 4341 2141 4398 rufus
2184 4343 2334 4398 color
2375 4357 2543 4397 aureo
2585 4340 2758 4395 colori
2809 4352 3099 4409 parumper
3125 4336 3426 4412 appropin-

1825 4445 1984 4509 quat,
2029 4435 2193 4491 veluti
2223 4436 2268 4490 si
2301 4451 2467 4490 aureo
2494 4433 2665 4489 coiuri
2697 4432 3055 4503 sanguineum
3084 4430 3424 4495 admisceas;

1827 4546 1932 4587 non
1957 4531 2252 4601 incongrue
2274 4529 2444 4584 sancti
2472 4527 2611 4594 viri,
2645 4512 2735 4596 qui
2777 4534 2903 4581 ante
2931 4523 3130 4595 Legem
3162 4521 3386 4580 fuerunt
3407 4565 3423 4591 ,

127 4627 248 4695 quia
270 4627 443 4682 libido
481 4641 551 4680 ex
581 4627 788 4682 temore
820 4627 1080 4689 nascitur,
1108 4642 1205 4694 per
1223 4641 1454 4680 nervum
1474 4625 1716 4691 feruoris,
1747 4613 1801 4675 D
1829 4624 1951 4677 huic
1977 4623 2149 4678 colori
2196 4627 2621 4692 comparantur;
2653 4633 2718 4674 eo
2746 4617 2889 4688 quod
2917 4625 2973 4674 et
3001 4616 3273 4688 sapientia
3315 4613 3429 4671 cla-

131 4721 428 4791 vuiuptates
467 4721 721 4777 carnales
757 4721 983 4790 intelligi
1014 4727 1261 4789 possunt.
1296 4719 1530 4774 Nervum
1561 4719 1724 4788 igitur

124 4813 347 4872 iemoris
376 4815 677 4886 peccatoris
725 4815 988 4870 Dominus
1015 4814 1218 4884 tetigit,
1253 4829 1375 4868 cum
1403 4813 1582 4867 omnia
1621 4813 1718 4868 dc-

128 4911 324 4968 sideris
351 4913 593 4967 carnalia
614 4952 630 4980 ,
651 4928 716 4967 ex
744 4911 937 4981 quibus
970 4923 1192 4980 peccata
1216 4910 1489 4971 oriuntur,
1521 4906 1725 4962 exstin-

133 5004 236 5070 xit;
267 5007 389 5076 quia
423 5005 537 5062 ﬁeri
563 5021 668 5060 non
699 5015 898 5074 potest,
923 5013 980 5057 ut
1005 5019 1032 5055 a
1069 5003 1304 5072 peccatis
1323 4999 1720 5066 abstineamus,

133 5096 384 5165 quamdiu
404 5096 458 5155 in
481 5096 850 5168 voluptatibus
875 5095 1183 5150 carnalibus
1202 5093 1427 5148 resoluti
1451 5092 1717 5162 jacemus.

135 5187 279 5246 Dixit
311 5190 473 5262 igitur
495 5191 720 5261 angelus
747 5189 796 5244 ei
816 5231 832 5256 ,
858 5188 1114 5244 videlicet
1144 5187 1235 5243 ille
1266 5187 1355 5257 qui
1381 5189 1433 5240 in
1487 5200 1720 5257 persona

137 5281 349 5342 Domini
377 5300 500 5340 cum
533 5302 602 5340 eo
641 5284 985 5340 luctabatur:
1039 5282 1246 5337 Dimitte
1283 5299 1393 5348 me,
1443 5283 1550 5346 iam
1586 5283 1721 5336 enim

134 5378 362 5434 ascendit
383 5395 574 5434 aurora
625 5377 797 5449 (Gen.
830 5393 975 5433 xxxtt
1001 5419 1017 5445 ,
1045 5375 1198 5449 26);
1250 5391 1315 5431 ac
1361 5376 1407 5430 si
1448 5375 1719 5432 dixisset:

209 5521 235 5550 ιι
276 5511 361 5568 lta
389 5523 438 5570 et
463 5527 657 5571 caetera:
682 5517 958 5571 virtutes...
984 5515 1207 5586 prtrbere
1239 5533 1338 5574 non
1370 5524 1606 5590 possunt,
1629 5516 1732 5570 boc

143 5594 309 5639 totum
338 5601 368 5640 e
391 5603 518 5642 mss.
547 5590 856 5644 restitutum
884 5598 988 5643 est.

279 5657 447 5740 Edit._,
474 5663 525 5714 in
552 5661 720 5734 ﬁgura
749 5661 1056 5724 luctabatur,
1083 5659 1218 5714 illud
1265 5660 1564 5733 significat;
1595 5673 1730 5717 mss.

144 5735 197 5780 ut
225 5735 276 5790 in
310 5737 584 5790 contextu.

219 5807 242 5839 ε
283 5799 481 5883 Eadem
511 5803 667 5883 edit"
696 5800 949 5883 Dixitque
976 5802 1022 5859 ei
1048 5819 1064 5858 :
1109 5803 1234 5872 Non
1264 5803 1526 5862 vocaberis
1547 5819 1568 5870 ;
1597 5816 1728 5862 mss.

150 5886 279 5946 vero
302 5873 576 5952 uobiscum
609 5875 829 5934 iaciunt.

1825 4717 2064 4783 ruerint,
2091 4733 2209 4788 qua:
2240 4729 2335 4786 per
2371 4727 2563 4770 aurum
2592 4713 2882 4784 ﬁguratur,
2922 4721 2978 4768 et
3003 4709 3056 4766 in
3087 4706 3429 4782 persecutio-

1821 4812 1978 4867 nibus
2020 4819 2074 4864 et
2104 4809 2350 4864 adversis
2391 4813 2707 4863 constantes
2735 4797 2965 4870 fuerint,
3001 4817 3126 4872 qua:
3169 4815 3264 4872 per
3295 4812 3424 4854 san-

1824 4907 2044 4975 guinem
2077 4906 2395 4972 ﬁgurantur.
2432 4900 2626 4957 Sessor
2655 4911 2783 4953 vero
2815 4896 2977 4964 hujus
3006 4893 3132 4965 equi
3165 4889 3425 4947 Dominus

1824 5008 1936 5065 est,
1967 4999 2056 5069 qui
2101 4997 2153 5052 in
2184 4996 2386 5051 sanctis
2422 4993 2535 5050 suis
2567 4992 2792 5047 habitat.
2827 4989 2962 5045 liuic
2992 4984 3193 5043 sessuri
3236 4982 3425 5038 datum

1827 5101 1911 5147 est
1943 5101 2001 5146 ut
2047 5103 2231 5160 pacem
2262 5095 2502 5143 sutneret
2539 5085 2609 5141 de
2657 5093 2824 5141 terra.
2857 5082 2912 5138 Si
2957 5093 3060 5150 pax
3103 5076 3243 5131 bona
3273 5081 3359 5130 est
3392 5088 3422 5128 a

1830 5187 1973 5253 Deo,
2031 5185 2098 5240 de
2146 5195 2286 5238 terra
2317 5180 2590 5254 quomodo
2621 5187 2831 5248 sumpta
2868 5172 2992 5230 est?
3036 5169 3144 5226 Sed
3177 5177 3260 5225 est
3312 5181 3419 5238 pax

1831 5281 1999 5346 bona,
2033 5286 2086 5334 et
2112 5287 2194 5333 est
2230 5290 2334 5347 pax
2378 5275 2540 5330 mala.
2572 5273 2765 5328 Pacem
2806 5267 3001 5324 malam
3032 5262 3130 5319 ﬁlii
3159 5262 3255 5318 Dei
3298 5268 3425 5319 ante

1831 5375 2094 5431 diluvium
2149 5387 2271 5428 cum
2305 5371 2430 5426 ﬁliis
2483 5367 2765 5425 hominum
2819 5363 3157 5426 habuerunt,
3210 5355 3431 5430 quando

1906 5513 1931 5550 (ι
1968 5513 2110 5570 Edit.
2137 5511 2292 5575 Gil|.,
2324 5510 2394 5568 Et
2419 5525 2537 5568 ecce
2566 5523 2722 5579 equus
2749 5508 2933 5579 rufus.
2955 5501 3054 5560 Hic
3079 5499 3223 5579 color
3248 5515 3429 5575 aureo,

1836 5597 1941 5643 ctc.
1976 5569 2155 5639 Rom.
2190 5569 2309 5653 post
2337 5596 2522 5653 vocem
2575 5569 2724 5648 rufus
2754 5569 2960 5653 addidit
2992 5580 3048 5653 et
3085 5569 3184 5626 itas
3231 5569 3431 5653 con-se;

1836 5667 2097 5730 quentes,
2137 5644 2529 5730 et'qui‘sedebal
2559 5644 2720 5730 super
2749 5649 2901 5707 illum
2928 5661 2952 5730 :A
2990 5647 3169 5704 datum
3197 5653 3270 5700 est
3298 5644 3346 5721 ei
3373 5655 3429 5730 ut

1837 5719 2056 5792 sumeret
2085 5719 2264 5800 pacem
2288 5726 2349 5780 de
2373 5734 2530 5780 terra.
2559 5719 2666 5778 Nos
2705 5737 2836 5780 vero
2858 5728 3055 5784 eth-tera
3077 5732 3142 5780 ex
3167 5719 3304 5776 mss.
3345 5728 3432 5774 re-

1835 5802 2129 5859 stituimus.
