4042 6314
476 199 584 257 8'25

1408 194 1501 248 AD
1539 191 1771 249 OPEBA
1810 188 2060 247 SANCTI
2097 185 2425 245 AMBROSII
2465 183 2834 244 APPENDIX.

3689 176 3791 234 53.4

471 316 610 373 ﬁlias
636 330 826 373 eorum
845 325 1176 389 acceperunt
1198 359 1212 383 ,
1243 326 1296 373 et
1331 331 1460 372 suas
1489 315 1571 372 eis
1609 314 1880 372 dederunt
1907 311 2076 386 (Gen.
2109 315 2163 375 Α
2186 308 2492 367 Pharaonis
2521 309 2774 366 inventus
2803 307 2972 364 fuisse
3020 307 3232 379 legitur.
3283 303 3548 362 Eamdem
3589 300 3794 374 signiﬁ-

471 430 528 470 vt
549 457 565 482 ,
601 413 700 487 l);
756 413 990 486 ideoque
1027 430 1150 470 cum
1181 414 1289 470 illis
1319 414 1475 485 aquis
1511 413 1700 469 diluvii
1728 412 1892 469 deleti
1923 421 2069 468 sunt.

469 507 580 566 Sed
611 517 666 565 et
695 508 822 565 ﬁliis
851 507 1015 565 lsrael
1053 510 1312 582 praicepit
1345 509 1609 565 Dominus
1646 516 1706 564 ut
1741 506 1919 565 foedus
1964 521 2072 562 non

471 604 673 661 inirent
705 619 827 660 cum
859 604 1218 672 Chananaeis,
1252 620 1428 676 neque
1461 604 1598 660 ﬁlias
1630 618 1820 660 eorum
1857 602 2072 671 accipe-

477 706 632 764 rent,
670 713 769 753 iiec
810 697 950 753 ﬁlias
979 713 1106 754 suas
1134 698 1243 754 illis
1273 697 1466 754 darent
1495 697 1703 770 (Exod.
1737 711 1907 759 xxvi,
1938 694 2010 752 32
2030 693 2072 766 ).

480 793 614 851 Nam
645 793 715 849 de
758 808 891 864 pace
923 794 1062 850 bona
1091 803 1147 850 et
1187 793 1325 848 mala
1372 793 1658 849 Psalmista
1686 791 1951 863 loquitur,
1995 788 2079 846 di-

473 903 638 944 cens:
670 885 800 944 Cum
825 889 983 944 electo
1015 889 1208 943 electus
1236 890 1368 955 eris,
1395 900 1441 943 et
1467 904 1582 942 cum
1603 903 1840 960 perverso
1873 901 2078 957 perver—

477 982 601 1036 teris
651 981 670 1053 (
705 978 850 1034 Psal.
887 996 1039 1048 xvu,
1089 979 1220 1054 27).
1249 980 1401 1036 Hanc
1427 995 1558 1052 ergo
1599 995 1785 1051 pacem
1826 979 1972 1034 Deus
2010 979 2079 1035 de

475 1087 619 1132 terra
642 1075 1125 1146 sumpsit,quando
1143 1077 1317 1146 justos
1349 1076 1598 1131 [nomines
1622 1075 1691 1131 ab
1713 1074 1894 1145 impiis
1918 1089 2076 1142 sepa-

475 1169 622 1225 ravit
667 1177 885 1235 mente,
921 1185 1032 1223 non
1072 1184 1325 1240 corpore.
1360 1168 1430 1222 Et
1459 1178 1512 1222 ut
1556 1168 1770 1223 invicem
1796 1183 1850 1223 se
1879 1166 2078 1234 inter/i-

475 1265 635 1318 ciant.
669 1265 715 1320 A
753 1263 948 1334 quibus
981 1279 1080 1333 pax
1126 1263 1301 1319 ablata
1342 1273 1457 1328 est,
1506 1277 1850 1334 consequens
1877 1271 1995 1331 est,
2023 1271 2081 1317 ut

473 1354 615 1410 alius
635 1355 702 1410 ab
740 1355 849 1409 alio
881 1353 1274 1421 interﬁciatur;
1322 1370 1445 1410 nam
1481 1369 1627 1426 saepe
1650 1355 1784 1424 justi
1814 1354 2077 1425 injustos,

478 1457 535 1504 et
564 1448 749 1518 injusti
795 1448 972 1516 justos
1003 1447 1366 1513 interﬁciunt,
1410 1449 1551 1504 sicut
1601 1449 1764 1503 Aram
1808 1447 1979 1502 frater
2010 1449 2083 1501 A-

476 1539 664 1598 brahae
683 1540 984 1597 secundum
1001 1541 1348 1598 traditionem
1370 1541 1680 1598 Iudaeorum
1705 1542 1758 1597 in
1787 1541 1909 1613 igne
1923 1539 2083 1595 Chal-

477 1635 755 1701 dzeorum,
792 1650 861 1691 eo
888 1635 1034 1706 quod
1065 1634 1243 1707 ignem
1270 1636 1503 1692 adorare
1540 1636 1802 1702 noluerit,
1833 1648 2083 1692 mortuus

2177 403 2450 460 cationem
2477 401 2643 458 habet
2685 409 2961 456 carectum
2990 401 3043 456 in
3074 398 3179 455 hoc
3216 399 3373 466 loco,
3420 409 3586 468 quam
3617 403 3673 449 et
3702 407 3795 463 pa-

2181 512 2372 571 pyrus;
2397 511 2524 552 nam
2548 501 2824 551 carectum
2850 507 3044 548 manus
3065 489 3475 548 attrectantium
3499 485 3792 541 vulnerare

2178 590 2356 653 solet.
2393 603 2460 645 ex
2493 602 2696 659 papyro
2722 596 2904 642 autem
2944 583 3244 656 antiquitus
3266 582 3394 638 libri
3422 577 3790 636 conﬁcieban-

2179 695 2289 742 tur.
2315 685 2419 741 Per
2436 692 2715 740 carectum
2750 697 2881 753 ergo
2907 679 3082 736 Judaei
3125 679 3510 749 designantur,
3549 673 3644 744 qui
3673 687 3796 742 pro-

2181 779 2404 850 plietas,
2463 775 2704 832 medicos
2751 773 3006 830 videlicet
3064 771 3372 843 spiritales,
3415 770 3509 839 qui
3564 766 3792 820 vulnera

2179 893 2368 934 eorum
2399 888 2591 932 sanare
2623 872 2952 944 cupiebant,
2984 870 3400 928 interfecerunt.
3430 866 3600 923 Iidem
3629 865 3794 920 etiam

2181 982 2236 1028 et
2281 986 2377 1042 per
2408 984 2669 1040 papyrum
2715 966 3112 1038 designantur,
3145 979 3212 1019 eo
3241 961 3384 1034 quod
3416 959 3474 1016 in
3510 956 3796 1027 scripturis

2183 1065 2285 1120 sibi
2313 1079 2344 1120 a
2385 1063 2496 1118 Deo
2538 1061 2754 1118 traditis
2801 1058 3194 1132 gloriarentur,
3226 1069 3361 1128 quas
3404 1053 3699 1124 legebant,
3745 1059 3796 1106 et

2184 1173 2292 1214 non
2325 1155 2729 1213 custodiebant.
2769 1164 2791 1194 ο
2839 1153 2982 1209 Filia
3023 1167 3156 1208 vero
3206 1149 3508 1206 Pharaonis
3538 1145 3796 1202 videlicet

2184 1252 2389 1309 diaboli
2413 1250 2668 1322 populum
2693 1264 2758 1306 ex
2773 1249 3026 1322 gentibus
3049 1246 3317 1317 ﬁguravit.
3353 1244 3491 1300 Filia
3508 1257 3644 1314 ergo
3661 1241 3794 1296 Pha-

2183 1346 2366 1403 raonis
2387 1347 2614 1418 Moysen
2645 1361 2675 1398 a
2700 1345 3002 1416 papyrione
3027 1337 3462 1413 sustulit(Ea'od.
3491 1353 3552 1403 ιι,
3573 1333 3654 1409 5);
3673 1338 3792 1407 quia

2186 1439 2428 1496 Ecclesia
2449 1454 2518 1496 ex
2541 1435 2968 1509 gentibuslidem
2983 1434 3185 1492 Christi
3213 1430 3791 1505 suscipiens,eumdem

2185 1532 2462 1590 Christum
2494 1547 2523 1586 a
2554 1530 2760 1588 Judteis
2799 1528 3028 1586 credere
3063 1527 3384 1584 nolentibus
3410 1523 3658 1581 abstulit.

2261 1625 2460 1682 Postea
2503 1639 2627 1680 cum
2661 1622 2802 1680 idem
2831 1621 3047 1695 Moyses
3074 1636 3205 1678 oves
3235 1618 3428 1676 Jethro
3467 1615 3686 1685 cognati
3713 1614 3794 1671 sui

477 1739 562 1784 est
591 1746 603 1782 :
639 1729 780 1783 sicut
808 1728 1082 1784 Abraham
1109 1739 1344 1802 quatuor
1373 1747 1530 1802 rcges
1560 1747 1661 1804 pro
1693 1731 1806 1788 suis
1833 1730 2083 1801 impieta-
2113 1726 2162 1787 B
2188 1729 2469 1792 PaSCerel.
2501 1717 2757 1788 apparuit
2785 1715 2834 1771 ei
2865 1714 3127 1771 Dominus
3157 1713 3211 1768 in
3243 1714 3366 1784 igne
3391 1710 3630 1766 ﬂammae
3657 1707 3793 1774 rubi,

487 1821 632 1877 tibus
664 1837 785 1878 cum
812 1823 1148 1879 exercitibus
1177 1824 1484 1881 interfecit:
1516 1826 1658 1882 sicut
1677 1825 1772 1882 ﬁlii
1803 1824 1972 1883 Jacob
1993 1827 2084 1898 qui

482 1931 581 1989 pro
611 1925 801 1988 stupro
839 1918 1050 1974 sororis
1077 1933 1269 1974 omnes
1299 1918 1616 1976 Sichitnitas
1664 1919 2080 1977 interfecerunt.

480 2014 588 2070 Per
617 2012 854 2085 gladium
901 2024 1084 2069 autem
1119 2029 1374 2086 magnum
1405 2029 1578 2086 aquas
1613 2015 1803 2070 diluvii
1835 2016 2087 2085 accipere

485 2119 808 2178 possumus,
858 2105 1058 2176 quibus
1103 2110 1283 2162 omnis
1319 2107 1554 2163 mundus
1579 2106 1791 2163 deletus
1827 2116 1932 2164 est.
1958 2107 2090 2164 Pos-

485 2213 675 2256 sumus
695 2198 858 2254 etiam
883 2213 980 2270 per
1005 2198 1245 2268 gladium
1267 2214 1520 2271 magnum
1537 2198 1921 2256 exterminium
1935 2200 2090 2271 quin-

487 2309 594 2365 que
637 2293 917 2348 civitatum
949 2292 1257 2364 intelligere
1278 2335 1294 2362 ,
1336 2308 1564 2365 quarum
1598 2293 1932 2350 habitatores
1967 2295 2091 2365 igne

488 2397 545 2442 et
569 2386 833 2455 sulphure
865 2385 1145 2457 perierunt
1168 2427 1184 2453 ,
1222 2401 1524 2458 eorumque
1549 2394 1784 2454 terram,
1817 2401 1939 2458 quae
1966 2399 2089 2442 cum

491 2481 626 2552 ipsis
657 2481 712 2535 in
741 2482 994 2553 abyssum
1029 2479 1278 2536 demersa
1310 2487 1413 2536 est.

560 2574 630 2630 Et
682 2591 798 2630 cum
853 2575 1138 2646 aperuisset
1183 2573 1412 2645 sigillum
1443 2575 1668 2628 tertium.
1717 2572 2092 2644 Sigilliftet‘tii

481 2669 696 2741 apertio
717 2668 785 2724 ad
813 2667 1015 2740 Legem
1041 2677 1096 2723 et
1115 2666 1182 2721 ad
1206 2683 1302 2723 eos
1327 2667 1418 2738 qui
1444 2667 1544 2722 sub
1567 2665 1708 2737 Lege
1731 2666 1948 2723 luerunt
1973 2681 2095 2737 per-

487 2763 644 2819 tinet.
681 2762 760 2819 Ad
791 2758 1279 2828 demonstrandum
1311 2773 1442 2830 ergo
1478 2758 1624 2814 tertii
1661 2758 1831 2829 sigilli
1860 2759 2097 2830 apertio-

490 2872 650 2924 nem,
698 2854 907 2925 placuit
945 2864 1004 2910 ut
1030 2867 1201 2925 pauca
1231 2851 1300 2908 de
1341 2851 1555 2924 Moyse,
1599 2863 1655 2908 et
1681 2852 1751 2909 de
1793 2853 1859 2907 iis
1887 2867 2010 2924 qua:
2042 2853 2098 2908 in

487 2949 633 3020 Lege
663 2947 1056 3003 irrationabilia
1083 2959 1209 3002 esse
1230 2945 1486 3002 videntur
1507 2987 1523 3014 ,
1546 2944 1813 3001 dicamus.
1830 2945 1887 3002 In
1914 2945 2099 3001 Exodo

490 3043 758 3110 scriptum
784 3047 870 3094 est
900 3037 1045 3106 quod
1073 3052 1197 3092 cum
1229 3045 1389 3092 natus
1419 3043 1568 3092 esset
1599 3036 1848 3110 Moyses,
1870 3037 2100 3093 abscon-

2187 1825 2242 1872 et
2271 1813 2492 1870 videbat
2527 1812 2672 1885 quod
2704 1810 2876 1868 rubus
2907 1809 3164 1876 arderet,
3212 1820 3268 1865 et
3299 1823 3408 1864 non
3449 1807 3798 1863 comburere-

2188 1921 2276 1968 tur
2299 1907 2500 1981 (Exod.
2536 1923 2614 1976 ut,
2638 1904 2728 1979 Ξ).
2763 1905 3062 1962 Possumus
3084 1920 3184 1976 per
3213 1904 3409 1960 rubum
3431 1901 3527 1975 qui
3557 1900 3796 1957 ﬂammas

2190 2019 2262 2060 ex
2293 2017 2354 2060 se
2375 2000 2734 2074 producebat,
2761 2009 2816 2056 et
2847 2015 2954 2054 non
2980 1997 3428 2061 comburebatur.
3457 1995 3675 2052 beatam
3695 1993 3796 2050 vir-

2189 2103 2376 2172 ginem
2421 2098 2650 2155 Mariam
2695 2097 3022 2168 intelligere,
3071 2110 3194 2167 qua:
3224 2093 3422 2150 Filium
3467 2093 3660 2149 Deiex
3704 2106 3796 2148 suo

2191 2204 2350 2252 utero
2373 2190 2633 2265 protulit,
2663 2201 2718 2246 et
2744 2189 3109 2262 virginitatem
3157 2203 3264 2243 non
3296 2184 3518 2242 amisit:
3561 2183 3658 2240 sed
3682 2198 3796 2254 pro-

2192 2294 2312 2358 pter
2331 2300 2394 2342 ea
2407 2301 2526 2356 qua:
2539 2293 2864 2354 sequuntur,
2881 2297 2978 2352 per
2998 2281 3193 2337 rubum
3207 2279 3486 2336 Christum
3508 2293 3631 2334 esse
3655 2277 3795 2333 intel-

2195 2380 2468 2452 ligendum
2505 2379 2670 2454 526
2695 2378 2972 2444 existimo,
3015 2374 3315 2434 secundum
3337 2373 3482 2442 quod
3513 2371 3679 2428 homo
3698 2381 3793 2426 est.

2195 2475 2440 2532 Flamma
2475 2487 2608 2530 vero
2636 2471 2756 2528 rubi
2798 2472 2916 2544 ejus
2939 2469 3276 2527 divinitatem
3311 2467 3583 2540 ﬁguravit.
3619 2464 3797 2521 Bubus

2195 2585 2325 2642 ergo
2353 2569 2601 2633 ardebat,
2633 2579 2688 2624 et
2717 2582 2826 2622 non
2855 2565 3312 2630 comburebatur;
3341 2563 3470 2635 quia
3502 2560 3675 2617 Filius
3707 2559 3796 2615 Dei

2197 2664 2476 2724 hominem
2505 2676 2812 2730 assumens,
2844 2661 2986 2717 sicut
3012 2661 3132 2731 ejus
3153 2657 3414 2714 divinitas
3439 2671 3552 2710 non
3585 2663 3671 2710 est
3693 2667 3799 2708 mu-

2199 2766 2307 2816 tata
2333 2757 2384 2812 in
2416 2756 2834 2822 immanitatem,
2867 2763 2924 2809 ut
2943 2752 3226 2809 amitteret
3253 2748 3396 2822 quod
3421 2757 3578 2814 erat;
3606 2746 3687 2802 sic
3710 2761 3801 2800 nec

2199 2851 2318 2922 ejus
2347 2849 2661 2905 humanitas
2689 2863 2787 2919 per
2831 2846 3174 2903 divinitatem
3218 2842 3444 2909 ardens,
3474 2855 3584 2897 non
3607 2851 3691 2895 ρει
3710 2837 3800 2892 ah-

2201 2959 2417 3021 sumpta
2448 2949 2522 3004 ita
2553 2964 2582 3002 a
2613 2945 2933 3010 divinitate,
2968 2950 3030 2998 ut
3057 2941 3337 2998 amitteret
3369 2935 3800 2994 humanitatem:

2202 3043 2296 3100 sed
2323 3058 2395 3099 ex
2427 3041 2638 3096 duabus
2665 3037 2987 3095 substantiis
3017 3033 3374 3090 humanitatis
3401 3039 3567 3101 atque
3594 3027 3804 3084 deitatis

493 3133 642 3190 ditus
673 3141 759 3190 est
783 3132 1062 3188 mensibus
1091 3132 1266 3187 tribus
1301 3146 1331 3186 a
1363 3130 1681 3202 parentibus
1709 3135 1860 3198 suis;
1907 3142 2098 3203 postea
2122 3126 2168 3189 C
2201 3152 2341 3192 unus
2358 3133 2608 3190 Christus
2628 3129 2928 3204 permansit
2955 3137 3009 3185 et
3047 3135 3361 3199 permanet,
3392 3120 3801 3190 sicutscriptum

494 3241 632 3282 vero
661 3224 790 3281 fecit
829 3226 876 3281 ei
911 3235 1084 3280 mater
1110 3223 1366 3280 ﬁscellam
1415 3226 1682 3294 scirpeam
1708 3266 1723 3291 ,
1754 3234 1810 3280 et
1834 3224 1952 3280 livit
1978 3240 2098 3281 eam
2199 3240 2316 3287 est:
2349 3229 2607 3301 perfectus
2648 3223 2813 3291 Deus,
2840 3222 3100 3294 perfectus
3125 3221 3316 3286 homo,
3347 3234 3415 3273 ea:
3447 3219 3626 3272 anima
3654 3213 3801 3268 ratio-

494 3317 764 3378 biluminc
785 3332 847 3374 ac
871 3318 1011 3388 Dice.
1043 3325 1097 3372 οι
1117 3319 1296 3388 Ροείιο
1319 3317 1468 3372 illius
1497 3315 1700 3372 infame
1718 3358 1734 3382 9
1768 3317 1948 3387 υοὸιιῖι
1972 3332 2098 3374 eum
2203 3325 2310 3380 nali
2334 3333 2381 3378 et
2408 3329 2637 3378 humana
2666 3337 2818 3376 carne
2841 3317 3127 3374 subsistens
3157 3315 3452 3388 (Athenas.
3477 3312 3536 3367 in
3564 3307 3796 3382 ngb.).

493 3414 549 3468 in
571 3422 789 3468 carecto
816 3411 949 3484 ripa:
976 3410 1212 3466 ﬂuminis
1238 3411 1451 3485 (Exod.
1475 3427 1546 3478 ιι,
1579 3412 1602 3467 l
1630 3420 1675 3466 et
1697 3411 1861 3484 seq.).
1886 3411 2100 3485 Moyses
2278 3419 2623 3488 Locutusqne
2667 3425 2752 3472 est
2797 3414 3059 3471 Dominus
3101 3411 3168 3467 ad
3232 3409 3461 3482 Moysen
3510 3407 3580 3463 de
3635 3403 3800 3461 medio

492 3505 774 3564 Christum
828 3505 1132 3577 ﬁgurabat:
1167 3519 1268 3575 per
1298 3520 1514 3562 menses
1557 3514 1735 3560 autem
1769 3515 1881 3562 tres
1905 3506 2092 3577 quibus

2204 3514 2438 3571 ﬂammae
2469 3512 2588 3568 rubi
2617 3529 2630 3566 :
2681 3508 2766 3565 Ne
2816 3507 3097 3580 appropies
3130 3505 3234 3560 huc
3254 3546 3270 3571 ,
3318 3502 3459 3560 solae
3489 3503 3792 3557 calceamen-

493 3597 846 3656 absconditus
875 3606 961 3656 est
1003 3598 1240 3669 Moyses,
1285 3599 1386 3654 tria
1431 3608 1673 3669 tempora
1705 3598 2099 3670 designantur:
2206 3618 2316 3664 tum
2373 3607 2438 3661 de
2468 3604 2682 3678 pedibus
2728 3603 2870 3671 tuis;
2921 3602 3069 3656 locus
3094 3599 3231 3655 enim
3271 3599 3326 3653 in
3351 3613 3453 3668 quo
3480 3604 3626 3660 stat,
3678 3602 3796 3648 τεπα

495 3709 661 3752 unum
683 3701 810 3750 ante
837 3693 1098 3749 ἀίιυνίυῐη
1126 3708 1141 3746 ³
1172 3691 1473 3748 secundum
1501 3692 1898 3764 Ροείάηυνίυιη
1932 3708 2104 3764 υείίηθ
2204 3713 2386 3762 sancta
2406 3712 2498 3758 est.
2541 3699 2730 3757 Videris
2759 3699 2867 3756 vidi
2887 3699 3214 3771 aﬂiictionem
3237 3695 3422 3769 pepuli
3451 3695 3587 3756 mei,
3633 3691 3795 3758 quiest

500 3791 571 3847 ad
620 3790 876 3862 M‘Wseni
934 3789 1155 3844 ίθηίυπι
1185 3802 1214 3841 ³
1260 3789 1445 3860 Μογεε
1483 3802 1656 3860 usque
1694 3788 1763 3844 ad
1811 3793 2103 3846 adventum
2207 3796 2263 3850 in
2293 3793 2531 3869 £gypto
2557 3837 2572 3862 ,
2623 3802 2672 3847 et
2701 3793 2950 3865 gemitum
2978 3793 3096 3865 ejus
3132 3789 3342 3859 audivi,
3383 3797 3436 3842 et
3465 3785 3701 3843 descendi
3737 3784 3794 3838 li-

499 3881 738 3940 Domini.
774 3890 801 3919 τι
824 3879 882 3936 1η
931 3880 1016 3937 his
1048 3881 1220 3937 tribus
1261 3881 1597 3952 temporibus
1622 3881 1874 3939 homines
1905 3881 2092 3940 adven-

2209 3891 2392 3947 berare
2417 3906 2553 3945 eum.
2589 3888 2698 3945 Sed
2735 3887 2882 3956 veni,
2912 3885 3116 3941 mittam
3160 3894 3208 3940 te
3241 3883 3310 3937 ad
3340 3881 3705 3945 Pharaonem,
3744 3887 3792 3932 ut

498 3985 586 4033 tus
610 3973 818 4033 Christi
865 3973 1168 4030 secundum
1211 3989 1432 4030 carnem
1464 3973 1657 4042 latuit;
1683 3991 1711 4029 a
1741 3975 1997 4047 perfectis
2023 3984 2092 4032 ta-

2207 3985 2399 4044 educas
2451 3982 2592 4055 ﬁlios
2650 3980 2818 4037 Israel
2850 3981 2915 4036 de
2937 3990 3075 4036 terra
3117 3976 3348 4050 Egypti
3393 3974 3603 4046 (Exod.
3644 3971 3794 4037 ul,5,

499 4085 624 4127 men
645 4069 941 4142 praedictus
967 4069 1195 4126 est.Per
1225 4069 1483 4127 ﬁscellam
1507 4087 1636 4127 vero
1665 4073 1933 4142 scirpeam
1949 4073 2108 4129 beata
2210 4091 2258 4134 et
2279 4077 2434 4148 seq.).
2467 4077 2534 4132 Et
2578 4085 2699 4145 post
2728 4090 2936 4146 pauca:
2983 4070 3232 4144 Dixitque
3280 4069 3495 4143 Moyses
3537 4069 3608 4124 ad
3642 4066 3798 4122 Domi-

507 4165 664 4235 virgo
689 4163 859 4219 Maria
884 4163 1165 4234 designata
1192 4175 1312 4220 est:
1338 4172 1512 4221 mater
1537 4181 1667 4237 ergo
1691 4165 1948 4223 ﬁscellam
1975 4168 2109 4222 scir-
2212 4188 2335 4226 num
2361 4187 2381 4226 :
2411 4169 2538 4237 Quis
2560 4185 2654 4242 ego
2685 4185 2821 4234 sum,
2856 4177 2909 4221 ut
2937 4165 3123 4221 vadum
3149 4164 3218 4218 ad
3239 4161 3591 4229 Pharaonem,
3622 4169 3670 4215 et
3687 4158 3802 4214 edu-

500 4272 692 4330 peam,
739 4260 792 4312 in
823 4271 929 4327 qua
956 4257 1170 4328 Moyses
1194 4268 1490 4327 poneretur
1515 4300 1531 4323 ,
1582 4262 1937 4330 praeparavit;
1983 4263 2092 4334 qui:

2214 4283 2331 4322 cam
2359 4265 2496 4334 ﬁlios
2543 4261 2713 4319 Israel
2745 4263 2811 4319 de
2851 4261 3090 4334 Ᾰὲρῃρςο
3117 4259 3325 4333 (lbid.,
3351 4257 3486 4329 ﬂ)?
3531 4256 3599 4312 Et
3625 4256 3678 4310 in
3719 4268 3800 4309 se-

505 4351 778 4423 sapientia
809 4349 947 4419 Dei,
977 4365 1100 4422 quae
1121 4360 1208 4406 est
1236 4350 1406 4406 Filius
1435 4351 1565 4417 Dei,
1598 4351 1812 4408 beatam
1835 4362 1892 4410 et
1913 4330 2115 4426 glorio-
2214 4330 2507 4432 quentibus
2549 4357 2619 4414 de
2666 4355 2798 4412 ﬁliis
2849 4330 3048 4411 Israelj
3066 4330 3304 4426 loquitur
3360 4351 3427 4408 ad
3485 4348 3804 4414 Dominam,

504 4461 623 4503 sam
654 4443 874 4500 Mariam
907 4459 1127 4515 semper
1169 4444 1437 4517 Virginem
1469 4445 1665 4516 elegit,
1699 4446 1752 4502 in
1783 4448 1941 4518 cujus
1972 4448 2114 4505 inte-
2214 4454 2441 4510 dicens:
2473 4453 2596 4508 Non
2627 4451 2842 4506 audient
2877 4466 3054 4507 vocem
3078 4466 3244 4506 meam
3272 4490 3288 4516 ,
3329 4447 3421 4502 sed
3451 4445 3628 4501 dicent
3649 4461 3668 4500 :
3701 4442 3808 4499 Non

505 4546 716 4594 merato
743 4545 903 4594 utero
941 4536 1250 4606 hominem,
1307 4537 1396 4593 cui
1436 4553 1534 4610 per
1564 4539 1829 4596 unitatem
1860 4555 2112 4611 personae
2139 4535 2192 4597 D
2217 4548 2462 4620 apparuit
2487 4547 2579 4602 tibi
2609 4545 2868 4601 Dominus
2894 4543 3106 4617 (Exod.
3137 4558 3210 4610 ιν,
3245 4541 3336 4615 1);
3367 4550 3424 4598 et
3452 4541 3686 4596 iterum:
3720 4536 3814 4592 Oli-

506 4631 966 4704 coniungeretur,
997 4630 1279 4688 formaret.
1311 4631 1419 4689 Per
1450 4631 1690 4689 bitumen
1715 4649 1847 4690 vero
1870 4634 2014 4706 quod
2045 4638 2115 4691 ab
2217 4657 2362 4698 sacro
2384 4683 2399 4708 ,
2437 4640 2679 4707 Domine,
2709 4640 2853 4694 mitte
2881 4655 3034 4711 quem
3060 4637 3314 4692 missurus
3352 4651 3408 4691 es
3441 4632 3651 4708 (Ibid.,
3706 4632 3808 4705 15).

505 4725 663 4797 aquis
706 4725 843 4780 solvi
875 4740 984 4780 non
1007 4731 1221 4797 potest,
1270 4725 1638 4796 virginitatem
1690 4727 1864 4783 beatae
1894 4727 2112 4794 Marite,

506 4832 632 4890 qum
654 4817 803 4874 nullo
823 4827 962 4874 testu
985 4819 1192 4875 carnali
1224 4819 1419 4875 violari
1440 4821 1634 4891 potuit,
1657 4821 1968 4894 intelligere
1992 4837 2116 4891 pos-

507 4925 738 4969 sumus:
798 4927 901 4982 per
932 4913 1106 4984 picem
1148 4921 1331 4969 autem
1352 4953 1370 4980 ,
1402 4929 1525 4985 qua:
1563 4912 1590 4953 b
1619 4925 1804 4971 cusws
1849 4923 1935 4971 est
1968 4915 2112 4984 vini,

511 5003 879 5062 humilitatem
909 5005 1193 5062 custodem
1224 5015 1548 5062 ceterarum
1584 5007 1870 5062 virtutum.
1909 5008 1985 5064 De
2010 5024 2114 5079 qua

506 5100 626 5170 ipsa
666 5099 907 5171 loquitur
933 5098 1120 5155 dicens
1149 5116 1163 5154 :
1210 5099 1347 5168 Quia
1377 5103 1602 5170 respexit
1654 5102 1996 5158 humilitatem
2024 5121 2118 5158 an.

505 5191 646 5248 cillte
679 5209 789 5249 suae
806 5210 825 5261 ;
864 5209 981 5249 ecce
1001 5194 1137 5248 enim
1159 5210 1224 5249 ea:
1252 5195 1348 5249 hoc
1377 5194 1578 5250 beatam
1619 5212 1701 5251 me
1728 5196 1896 5253 dicent
1943 5213 2118 5253 omnes

513 5290 870 5362 generationes
891 5288 1059 5362 (Luc.
1084 5305 1124 5355 ι,
1155 5291 1226 5345 48
1245 5289 1286 5362 ).
1317 5289 1419 5347 Per
1441 5289 1644 5346 ﬁumen
1672 5306 1804 5348 vero
1836 5292 2074 5348 mundus
2101 5311 2115 5348 :

511 5395 610 5451 per
637 5389 913 5438 carectum
940 5385 994 5437 in
1023 5397 1132 5452 quo
1159 5382 1371 5455 Moyses
1398 5384 1607 5456 positus
1632 5391 1718 5440 est
1735 5427 1748 5451 ,
1781 5383 1955 5441 Judaei
1977 5385 2121 5442 desi-

511 5483 777 5548 gnantur;
831 5493 956 5533 nam
1001 5479 1055 5534 in
1084 5478 1438 5550 sequentibus
1487 5479 1542 5534 in
1587 5480 1890 5552 papyrione
1935 5496 1963 5536 a
2010 5480 2121 5538 ﬁlia

585 5628 612 5657 ἰ
653 5617 729 5674 Ita
761 5633 929 5693 ms_s.;
951 5618 1080 5693 edit.
1111 5635 1143 5676 e
1169 5621 1472 5693 contrario,
1486 5619 1553 5676 In
1582 5621 1647 5676 iis
1667 5621 1831 5677 tribus
1861 5622 2112 5693 tempori-

506 5692 601 5817 liu:
621 5690 880 5762 quomodo
911 5692 1141 5747 homines
1167 5692 1414 5749 adventus
1437 5691 1747 5750 Christi
1789 5690 2097 5762 praedictum

512 5779 566 5819 es
594 5801 607 5816 .

2220 4735 2348 4792 Haec
2389 4734 2555 4790 verba
2605 4733 2985 4789 demonstrant
3031 4731 3251 4804 Moysen
3283 4730 3513 4786 invitum
3573 4727 3814 4784 obedisse

2221 4831 2493 4888 mandatis
2523 4829 2780 4894 Domini;
2821 4840 2878 4886 ut
2908 4829 3171 4886 educeret
3213 4828 3354 4885 ﬁlios
3385 4826 3554 4884 lsrael
3585 4828 3656 4884 de
3684 4837 3812 4882 terra

2222 4924 2441 4998 [Egypti
2469 4942 2484 4980 :
2511 4923 2606 4980 sed
2644 4923 3002 4994 quaerendum
3031 4921 3190 4978 nobis
3228 4930 3348 4986 est,
3400 4937 3501 4978 cur
3531 4931 3716 4978 tantus
3736 4920 3814 4975 vir

2220 5018 2433 5074 Domini
2486 5027 2816 5090 praeceptum
2865 5017 3069 5072 invitus
3122 5025 3421 5073 exsecutus
3469 5015 3565 5071 sit.
3615 5015 3804 5072 Verum

2221 5110 2360 5166 hanc
2389 5111 2508 5183 ejus
2553 5110 2911 5181 pertinaciam
2942 5108 3263 5181 spiritaliter
3306 5107 3619 5180 intelligere
3657 5107 3810 5164 debe-

2222 5219 2362 5271 mus;
2387 5204 2672 5259 dicitenim
2689 5203 3013 5274 Apostolus:
3040 5201 3170 5258 Haec
3189 5211 3361 5257 autem
3384 5203 3566 5256 omnia
3587 5202 3640 5256 in
3652 5202 3804 5273 ﬁgunt

2220 5297 2582 5370 contingebant
2612 5297 2720 5352 illis
2745 5313 2765 5352 :
2794 5298 2990 5368 scripta
3011 5305 3132 5351 sunt
3158 5305 3331 5350 autem
3353 5293 3424 5349 ad
3447 5296 3806 5367 correptiones:

2221 5400 2474 5456 nostram,
2501 5390 2557 5444 in
2584 5407 2714 5460 quos
2735 5391 2866 5459 ﬁnes
2892 5390 3206 5445 seculorum
3243 5387 3562 5444 devenerunt
3589 5387 3644 5460 (Ι
3693 5383 3799 5441 Car.

2225 5502 2258 5542 ι
2279 5526 2295 5554 ,
2331 5485 2446 5556 ll).
2481 5485 2586 5541 Per
2615 5483 2836 5557 Moysen
2866 5483 3030 5557 igitur
3054 5483 3108 5541 in
3137 5483 3242 5539 hoc
3271 5481 3394 5538 loco
3418 5481 3645 5554 apostoli
3670 5477 3798 5535 desi-

2290 5621 2319 5662 ιν
2362 5622 2534 5690 Edit.,
2566 5631 2734 5678 custos
2760 5632 2838 5678 est
2864 5623 3164 5688 bituminis;
3193 5636 3351 5688 mss.,
3377 5629 3553 5676 custos
3579 5629 3652 5676 est
3675 5615 3781 5672 riui.

2251 5706 2303 5769 _°
2347 5692 2491 5770 Filia
2512 5689 2627 5750 uero
2650 5694 3043 5770 Pharaonis_....
3060 5694 3336 5770 ﬁguravit,
3363 5692 3422 5750 in
3449 5692 3581 5751 edit.
3607 5689 3780 5759 reiecta~

2221 5761 2439 5824 fuerant
2469 5771 2592 5840 poSt
2618 5759 2865 5835 verb'um,
2899 5759 3130 5823 assium:
