3944 6310
89 309 184 365 825

837 294 905 352 IN
947 290 1423 351 APOCALYPSIN
1464 287 1851 347 EXPOSITIO.
1898 287 1985 344 DE
2024 287 2298 346 VISIONE
2339 286 2616 345 TERTIA.

3259 288 3365 346 826

90 427 336 495 gnantur;
363 414 415 470 in
450 411 604 467 initio
641 424 877 481 namque
909 408 1310 480 praedicationis
1333 405 1663 478 evangelica:
1690 406 1745 467 Α
1768 413 1914 461 sunt.
1931 403 2143 477 Moyses
2168 405 2363 462 iterum
2381 421 2598 461 manum
2625 406 2678 461 in
2707 407 2886 463 sinum
2911 406 3078 474 misit,
3099 415 3156 464 et
3173 422 3364 464 sanam

89 509 297 583 apostoli
325 506 557 562 scientes
583 502 909 559 electionem
944 503 1185 573 gentium
1211 502 1657 571 reprobationem

91 622 198 665 esse
219 602 540 666 ludaeorum,
576 599 836 655 nolebant
867 599 1126 670 gentibus
1147 595 1451 652 dovtrinam
1478 595 1660 650 Evan-

87 701 199 773 gelii
246 695 486 760 tradere,
531 702 588 748 ut
638 693 706 749 de
747 701 1015 764 potestate
1064 690 1272 746 diaboli
1310 697 1652 745 ernerentur.

89 792 227 852 Unde
247 802 297 846 et
320 788 578 845 Dominus
600 786 654 842 in
679 785 892 842 visione
915 784 1327 858 quadrupedum
1356 795 1517 854 atque
1538 799 1658 853 rep-

89 889 242 944 tilium
272 885 482 941 Petrum
503 924 517 947 ,
551 890 577 918 ⁸
605 895 704 936 cur
729 891 920 953 gentes
946 879 1276 951 despiceret,
1302 877 1657 949 reprehendit

85 982 290 1040 dicens:
321 976 470 1046 Quod
504 975 643 1030 Deus
671 975 988 1046 puriﬁcavit,
1024 985 1076 1028 tu
1105 989 1382 1028 commune
1416 988 1480 1026 ne
1508 971 1657 1024 dixe-

85 1076 147 1132 ris
174 1074 304 1146 (Act.
339 1088 394 1138 χ,
429 1071 558 1139 15).
593 1069 674 1124 Ad
705 1069 849 1124 hunc
879 1068 1043 1140 igitur
1068 1082 1288 1123 sensum
1321 1067 1556 1138 pertinet
1587 1065 1654 1119 ilo

85 1167 162 1225 Iud
183 1209 196 1233 ,
225 1165 360 1237 quod
390 1163 652 1219 Dominus
692 1163 830 1218 dixit
858 1163 923 1216 ad
956 1161 1173 1234 Moysen
1203 1179 1216 1214 :
1260 1158 1345 1214 Ne
1371 1158 1658 1231 appropin-

83 1276 190 1330 ques
214 1257 343 1320 huc,
375 1255 513 1310 solve
557 1254 956 1310 calceamentum
981 1254 1046 1308 de
1073 1253 1286 1324 pedibus
1325 1254 1467 1318 tuis;
1510 1253 1656 1308 locus

86 1353 206 1408 enim
250 1351 304 1406 in
336 1365 434 1421 quo
457 1358 567 1404 stas
594 1389 609 1414 ,
662 1357 798 1404 ttrra
835 1357 1015 1401 sancta
1053 1357 1128 1402 est
1166 1345 1376 1418 (Exod.
1412 1362 1470 1400 ιιι
1504 1387 1518 1411 ,
1551 1347 1608 1415 5)
1640 1388 1654 1412 ,

84 1464 139 1504 ac
166 1448 206 1502 si
245 1445 400 1502 alicui
437 1459 502 1500 ex
529 1443 741 1515 magnis
769 1443 1036 1514 apostolis
1083 1442 1343 1496 Dominus
1383 1441 1651 1496 dixisset:

83 1541 316 1612 Quamvis
347 1546 590 1594 mortuos
627 1538 880 1603 suscites,
910 1536 1158 1607 quamvis
1189 1535 1375 1590 umbra
1403 1538 1654 1604 corporis

84 1634 150 1691 tui
174 1642 393 1706 aegrotos
414 1645 609 1697 sanes;
643 1631 696 1684 in
722 1629 870 1685 nullo
899 1637 1078 1686 tamen
1096 1638 1150 1683 te
1171 1626 1302 1682 mihi
1333 1640 1654 1697 comparare

81 1727 288 1784 audeas:
311 1725 433 1796 quia
461 1737 658 1795 magna
688 1739 808 1794 quae
831 1723 967 1795 agis,
990 1738 1096 1778 non
1119 1719 1323 1775 suntde
1354 1719 1529 1783 te,sed
1550 1734 1652 1790 ego

1761 498 2020 563 retraxit;
2049 497 2174 567 quia
2219 498 2606 568 praedicatores
2646 501 2820 556 sancti
2854 500 2908 555 in
2935 498 3042 557 ﬁne
3063 500 3248 557 mundi
3269 500 3370 557 Ju-

1758 591 1907 648 daaos
1921 591 1974 646 in
1989 592 2166 646 sinum
2183 591 2469 662 recipient,
2484 609 2605 649 cum
2620 593 2698 649 eis
2713 593 2871 650 ﬁdem
2888 591 3089 650 Christi
3104 593 3367 666 prmdica-

1759 685 1913 754 bunt,
1939 701 2139 757 eosque
2157 687 2224 742 ad
2241 689 2549 752 sanitatem,
2564 704 2726 760 quam
2742 689 3061 758 amiserant,
3082 690 3366 748 reducent.

1834 780 1890 834 In
1930 783 2282 853 sequentibus
2321 796 2538 853 quoque
2562 784 2829 856 scriptum
2877 793 3002 852 est,
3045 785 3190 856 quod
3239 800 3363 842 cum

1759 883 2126 931 reverteretur
2154 873 2368 946 Moyses
2397 875 2450 930 in
2480 875 2794 949 rEgyptum,
2833 879 3068 934 occurrit
3097 879 3146 934 ei
3182 879 3368 935 Domi-

1759 983 1896 1035 nus,
1931 978 1984 1023 et
2007 969 2221 1024 volebat
2250 968 2562 1026 interﬁcere
2590 986 2736 1028 eum.
2769 971 2918 1028 Tulit
2939 973 3086 1028 illico
3119 973 3367 1045 Sephora

1757 1065 2128 1118 acutissimam
2154 1072 2386 1132 petram,
2411 1075 2463 1120 et
2491 1065 2833 1122 circumcidit
2856 1081 3076 1122 carnem
3111 1068 3364 1139 praeputii

1759 1155 1856 1210 ﬁlii
1883 1157 1986 1222 sui,
2015 1155 2298 1227 tetigitque
2329 1154 2494 1227 pedes
2517 1157 2657 1226 ejus,
2680 1168 2736 1213 et
2767 1157 2940 1214 dixit:
2976 1159 3218 1229 Sponsus
3242 1177 3369 1213 san-

1755 1248 1975 1320 guinum
2024 1259 2078 1302 tu
2135 1249 2265 1302 mihi
2317 1266 2370 1304 es
2427 1247 2634 1322 (Exod.
2687 1266 2736 1304 tv
2772 1291 2788 1318 ,
2849 1250 2982 1322 25).
3045 1251 3113 1306 Et
3161 1251 3372 1307 dimisit

1757 1359 1905 1409 eum,
1941 1352 2225 1414 postquam
2253 1343 2472 1398 dixerat
2503 1362 2516 1398 :
2549 1343 2787 1417 Sponsus
2817 1347 3128 1416 sanguinum
3164 1357 3218 1400 tu
3243 1347 3370 1400 mihi

1759 1455 1834 1505 es,
1874 1439 1944 1495 ob
1973 1438 2469 1494 circumcisionem.
2500 1437 2556 1494 Si
2609 1439 2871 1494 Dominus
2911 1438 3165 1494 occidere
3194 1439 3369 1494 voluit

1758 1531 2014 1604 Moysen,
2043 1547 2211 1603 quare
2234 1547 2340 1585 non
2371 1530 2502 1587 fecit
2521 1530 2665 1600 quod
2697 1531 2902 1598 voluit,
2929 1545 3051 1587 cum
3075 1530 3363 1586 Psalmista

1756 1625 1932 1682 dicat:
1966 1624 2155 1680 Omnia
2176 1641 2509 1697 quascumque
2535 1626 2695 1680 voluit
2724 1624 3004 1693 Dominus,
3029 1625 3152 1695 fecit
3183 1623 3365 1694 (Psal.

1756 1737 1978 1788 cxsxrv,
2027 1719 2122 1792 6).
2169 1721 2275 1778 Sed
2300 1721 2550 1776 voluntas
2597 1735 2742 1792 smpe
2790 1736 2888 1792 pro
2938 1718 3366 1775 comminatione

81 1835 258 1892 operor
281 1833 373 1888 per
404 1815 872 1872 te.Calceamenta
895 1824 1072 1870 autem
1104 1814 1269 1884 pedes
1293 1813 1563 1877 mttniunt,
1588 1827 1655 1868 ne
1686 1805 1734 1866 B
1763 1817 2020 1888 ponitur:
2051 1817 2416 1872 comminatus
2447 1825 2532 1874 est
2561 1817 2723 1887 igitur
2738 1815 3001 1871 Dominus
3029 1814 3199 1888 Moysi
3218 1830 3366 1870 mor-

80 1923 255 1969 terram
280 1919 498 1982 tangant
524 1928 538 1968 :
564 1924 661 1980 per
687 1917 890 1964 terram
920 1923 1050 1964 vero
1071 1916 1261 1979 gentes
1283 1905 1651 1977 designantur.

78 2007 216 2063 Solae
236 2049 250 2071 ,
278 2007 482 2078 inquit,
508 2005 908 2060 calceamentum
939 2004 1002 2058 de
1029 2004 1243 2074 pedibus
1275 2005 1413 2067 tuis;
1442 2000 1495 2056 id
1527 2011 1612 2057 est
1636 2042 1651 2066 ,

77 2098 211 2154 aufer
243 2098 418 2153 odium
447 2106 507 2154 et
533 2097 938 2169 deSpectionem
963 2098 1204 2167 gentium
1236 2094 1306 2150 de
1335 2093 1498 2149 corde
1527 2103 1640 2148 tuo.

77 2192 226 2248 Locus
249 2193 382 2248 enim
399 2193 450 2246 in
482 2209 582 2263 quo
609 2201 712 2246 stas
730 2233 745 2258 ,
778 2201 913 2245 terra
940 2199 1120 2244 sancta
1142 2200 1214 2244 est
1237 2205 1257 2244 :
1285 2186 1338 2243 id
1361 2195 1466 2254 est,
1498 2202 1654 2241 mun-

74 2287 162 2343 dos
183 2287 231 2342 in
251 2301 356 2358 quo
386 2285 600 2343 habitas
619 2328 635 2350 ,
667 2300 788 2341 meo
819 2286 1082 2356 sanguine
1113 2283 1426 2354 redemptus
1454 2290 1558 2338 est.

135 2379 196 2436 Et
218 2381 269 2435 in
295 2379 650 2452 sequentibus
671 2378 808 2434 dixit
837 2377 1097 2434 Dominus
1127 2377 1192 2431 ad
1223 2377 1444 2448 Moysen
1471 2393 1482 2429 :
1515 2374 1654 2443 Quid

72 2482 134 2527 est
157 2473 283 2541 quod
310 2482 446 2528 tenes
478 2473 532 2526 in
578 2489 732 2526 manu
762 2473 892 2526 tua?
938 2471 1000 2525 At
1032 2468 1120 2524 ille
1153 2471 1324 2524 dixit:
1357 2469 1536 2540 Virga.
1565 2467 1654 2523 Ait

70 2565 184 2620 illi:
225 2563 428 2640 Projice
455 2581 574 2619 eam
623 2566 676 2618 in
718 2574 927 2619 terram.
962 2563 1128 2632 Quam
1158 2579 1275 2617 cum
1309 2562 1642 2636 projecisset,

72 2673 199 2713 versa
225 2668 294 2714 est
320 2660 373 2712 in
397 2659 694 2723 colubrum,
724 2657 798 2710 ita
829 2667 883 2711 ut
918 2660 1115 2728 fugeret
1147 2655 1389 2727 Moyses,
1418 2654 1651 2725 dixitque

69 2753 108 2806 ei
128 2751 401 2808 Dominus:
423 2751 768 2824 Apprehende
793 2751 1016 2808 caudam
1039 2754 1151 2824 ejus
1174 2770 1193 2820 ;
1225 2769 1379 2824 quam
1403 2769 1519 2806 cum
1551 2768 1648 2823 ap-

69 2844 430 2916 prehendisset,
486 2861 631 2901 versa
681 2855 755 2900 est
809 2847 862 2899 in
898 2846 1092 2916 virgam
1141 2844 1360 2919 (Exod.
1407 2860 1496 2910 tv,
1553 2842 1650 2915 2).

68 2939 159 2995 Per
196 2941 396 3012 virgam
445 2939 627 2997 Judaei
674 2940 1046 3012 designantur.
1096 2939 1310 3012 Moyses
1356 2939 1562 3010 virgam
1595 2937 1647 2992 in

67 3048 210 3087 tuanu
239 3033 493 3101 tenebat,
522 3033 644 3104 quia
669 3035 902 3104 apostoli
927 3033 1185 3104 p0pulum
1214 3032 1528 3089 Judaeorum
1553 3046 1650 3102 per

63 3141 281 3183 amorem
309 3127 360 3183 in
396 3127 573 3184 corde
606 3129 901 3194 tenebant,
951 3138 1171 3199 totaque
1203 3128 1403 3183 virtute
1435 3128 1649 3182 labora-

64 3219 179 3276 bant
221 3229 276 3276 ut
319 3237 414 3276 eos
468 3236 568 3290 per
613 3220 918 3275 doctrinam
961 3235 1072 3276 suae
1125 3221 1532 3292 praedicationis
1582 3221 1649 3276 ad
1677 3199 1723 3263 (ἶ

63 3312 269 3366 salutem
320 3312 719 3382 perducerent.
780 3311 1018 3380 Proiecit
1058 3313 1275 3384 Moyses
1319 3314 1526 3383 virgam
1583 3313 1652 3370 de

66 3417 239 3470 manu,
272 3405 395 3474 quia
449 3403 690 3474 apostoli
721 3402 972 3458 videntes
1025 3402 1324 3458 Judzeosin
1371 3402 1648 3460 Christum

66 3495 197 3550 nullo
227 3497 386 3552 modo
421 3497 568 3553 velle
596 3496 858 3564 credere,
886 3512 1129 3553 amorem
1177 3512 1368 3552 eorum
1401 3513 1428 3551 a
1465 3499 1647 3553 cordi-

64 3587 151 3642 bus
170 3589 277 3644 suis
295 3590 781 3661 projecernnt.Pcr
794 3591 1074 3646 coluhrum
1089 3605 1216 3645 vero
1237 3590 1488 3646 diabolus
1503 3591 1650 3646 desi-

61 3683 430 3751 gnatur.Versa
463 3693 552 3739 est
579 3683 742 3755 igitur
755 3684 902 3755 virga
932 3685 984 3739 in
1007 3684 1314 3749 colubrum,
1334 3684 1457 3754 quia
1476 3682 1650 3739 Judazi

62 3788 120 3829 ex
148 3776 534 3846 praedicatione
573 3777 945 3848 apostolorqu
990 3776 1294 3832 deteriores
1324 3775 1530 3842 effecti,
1555 3776 1648 3846 qui

60 3882 171 3924 ante
189 3870 510 3928 dicebautur
537 3871 767 3942 poliulus
799 3871 928 3937 Dei,
974 3871 1096 3926 lacti
1129 3878 1255 3924 sunt
1277 3869 1367 3924 lilii
1395 3881 1447 3926 et
1474 3885 1647 3924 mem-

63 3964 143 4019 bra
168 3967 389 4025 diaboli.
425 3968 588 4040 Fugit
615 3967 827 4040 Moyses
849 4009 864 4033 ,
896 3965 1021 4037 quia
1040 3964 1292 4036 apostoli,
1326 3965 1531 4019 relictis
1557 3963 1650 4019 Ju-

61 4059 210 4129 daeis,
245 4065 583 4120 transierunt
611 4062 678 4117 ad
703 4071 914 4134 gentes.
948 4061 1052 4116 Per
1082 4059 1310 4114 caudam
1343 4075 1497 4125 vero,
1525 4074 1649 4129 quae

60 4152 753 4229 ﬁnisestcorporisJudtei
801 4154 893 4225 qui
933 4156 985 4209 in
1011 4155 1117 4210 line
1152 4154 1339 4210 mundi
1389 4153 1646 4209 nascituri

56 4257 189 4314 sunt,
206 4249 587 4323 designantur.
609 4251 822 4322 Moyses
845 4249 1007 4320 igitur
1019 4247 1243 4304 caudam
1263 4248 1533 4318 serpentis
1553 4262 1649 4318 ap-

59 4340 355 4410 prehendit,
387 4353 560 4415 atque
589 4343 641 4398 itt
674 4343 882 4414 virgam
907 4357 1061 4396 versa
1077 4350 1190 4407 est;
1235 4343 1358 4412 quia
1389 4341 1649 4412 pru'dica-

58 4437 385 4490 toressancti
447 4436 502 4490 in
552 4433 658 4489 ﬁne
720 4434 906 4488 mundi
967 4431 1188 4489 Judtcos
1246 4431 1649 4501 quodammodo

56 4526 496 4593 apprehendent;
563 4541 685 4581 cum
753 4541 848 4596 per
918 4540 1106 4581 eorum
1180 4524 1488 4580 doctrinam
1581 4526 1646 4579 ad

1760 1918 1866 1966 tem
1887 1953 1900 1975 ,
1935 1925 2003 1966 eo
2031 1911 2175 1980 quod
2217 1910 2656 1965 incircumcisum
2689 1909 2860 1964 ﬁlium
2894 1910 3093 1976 ferret,
3126 1909 3269 1964 sicut
3296 1907 3365 1964 ad

1757 2004 2032 2060 Abraham
2080 2003 2358 2074 loquitur,
2400 2003 2634 2058 dicens:
2697 2001 2879 2056 Omnis
2913 2002 3090 2056 anima
3133 2017 3196 2056 ea:
3227 2001 3369 2057 vobis

1755 2114 1870 2170 quas
1896 2099 2198 2152 circumcisa
2214 2113 2315 2151 non
2339 2097 2516 2167 fuerit,
2546 2095 2731 2168 peribit
2754 2095 2818 2149 de
2843 2095 3052 2166 populis
3065 2095 3172 2149 suis
3201 2093 3359 2165 (Gen.

1755 2206 1889 2255 xvu,
1922 2189 2048 2262 14).
2083 2189 2189 2247 Sed
2236 2190 2336 2244 ista
2387 2188 2900 2260 praetermittentes,
2949 2187 3018 2241 ad
3049 2187 3354 2256 spiritalem

1756 2284 2170 2356 intelligentiam
2221 2298 2590 2339 recurramus.
2622 2281 2840 2354 Moyses
2881 2282 2934 2335 in
2979 2280 3082 2336 hoc
3109 2280 3231 2336 loco
3256 2295 3354 2336 cos

1755 2378 1848 2448 qui
1896 2393 1965 2434 ex
2016 2377 2273 2448 gentibus
2321 2374 2718 2442 crediderunt,
2768 2374 3054 2445 designat;
3105 2373 3158 2428 in
3208 2372 3365 2428 initio

1758 2485 1988 2540 namque
2013 2469 2133 2525 lidei
2162 2469 2391 2538 apostoli
2423 2478 2477 2523 et
2498 2467 2680 2523 caeteri
2702 2466 3090 2538 praedicatores
3110 2467 3365 2523 conside-

1756 2573 1940 2620 rantes
1987 2564 2412 2620 imbecillitatem
2457 2563 2699 2634 gentium
2732 2561 2892 2617 ﬁdem
2925 2561 3125 2618 Christi
3179 2562 3356 2618 susci-

1755 2662 2016 2732 pientium
2043 2703 2058 2726 ,
2093 2661 2386 2715 noluerunt
2416 2660 2497 2715 eis
2523 2658 2822 2714 austeriora
2849 2658 3054 2714 Christi
3084 2667 3358 2730 prazrepta

1756 2756 1990 2826 primum
2047 2755 2292 2819 tradere;
2339 2770 2406 2808 ne
2434 2753 2576 2808 forte
2622 2753 2798 2808 territi
2847 2769 2955 2808 non
2982 2752 3252 2808 auderent
3295 2751 3364 2808 ad

1755 2847 1922 2904 ﬁdetn
1973 2845 2176 2903 Christi
2227 2847 2632 2917 suscipiendam
2662 2847 2949 2904 accedere.
2989 2847 3115 2902 lla‘c
3144 2847 3211 2900 ita
3244 2861 3368 2902 esse

1753 2941 2037 3012 apostolus
2065 2941 2262 2996 Paulus
2285 2941 2648 3006 demonstrat,
2681 2943 2771 3012 qtti
2795 2941 2877 2996 eis
2898 2941 2988 3011 qui
3013 2955 3078 2995 ex
3108 2938 3366 3011 gentibus

1753 3033 2128 3100 crediderant,
2180 3049 2276 3104 per
2305 3033 2591 3106 epistolam
2622 3033 2864 3104 loquitur
2891 3075 2905 3098 ,
2939 3034 3166 3088 dicens:
3203 3031 3362 3086 Tam-

1753 3143 1911 3198 quam
1938 3127 2169 3198 parvulis
2207 3127 2260 3180 in
2287 3125 2495 3180 Christo
2527 3126 2608 3180 lac
2633 3125 2772 3180 vobis
2797 3136 2975 3197 potum
3003 3125 3155 3191 dedi,
3185 3134 3234 3178 et
3257 3140 3363 3179 non

1756 3236 1922 3275 escam
1947 3235 1968 3285 ;
1994 3219 2225 3274 nondum
2257 3219 2389 3273 enim
2418 3223 2682 3290 poteratis,
2716 3219 2808 3272 sed
2839 3235 2932 3273 nec
2954 3219 3128 3272 adhuc
3149 3219 3363 3288 quidem

1757 3314 2003 3384 potestis;
2043 3314 2217 3368 adhuc
2261 3313 2393 3367 enim
2449 3313 2568 3366 estis
2605 3313 2840 3367 carnales
2876 3311 2920 3383 (l
2972 3309 3093 3366 Cor.
3127 3327 3183 3366 ιιι
3215 3353 3229 3377 ,
3261 3310 3342 3383 2).

1756 3405 1861 3462 Sed
1895 3416 1947 3460 et
1978 3406 2206 3477 apostoli
2243 3405 2354 3470 eis,
2401 3407 2490 3475 qui
2523 3405 2662 3474 apud
2695 3405 3036 3459 Antiochiam
3081 3405 3134 3460 in
3161 3404 3355 3461 Chris-

1757 3507 1868 3552 tum
1919 3497 2296 3563 crediderant,
2353 3497 2746 3552 mandaverunt
2792 3497 3036 3552 dicentes
3079 3515 3092 3551 :
3144 3496 3358 3552 Placuit

1756 3592 1980 3664 Spiritui
2011 3602 2186 3646 sancto
2227 3603 2273 3646 et
2314 3593 2458 3645 nobis
2507 3592 2638 3645 nihil
2668 3593 2928 3662 imponere
2969 3591 3107 3646 vobis
3149 3592 3350 3657 oneris,

1754 3687 1916 3740 nisiut
1932 3685 2388 3758 527'rbstineatis
2409 3701 2496 3740 vos
2513 3684 2574 3737 ab
2597 3684 2748 3749 escis,
2768 3699 2884 3753 qua?
2905 3683 3058 3737 idolis
3084 3684 3357 3738 immolan-

1753 3789 1858 3844 tur,
1887 3790 1934 3832 et
1961 3796 1990 3831 a
2021 3779 2380 3845 fornicatione,
2414 3788 2461 3833 et
2497 3781 2779 3849 suffocato,
2810 3786 2858 3830 et
2897 3777 3166 3849 sanguine.
3198 3776 3362 3831 Com-

1755 3874 1990 3928 miuatus
2021 3881 2105 3928 est
2132 3871 2294 3941 igitur
2330 3871 2594 3927 Dominus
2619 3870 2788 3942 Moysi
2820 3879 3048 3925 mortem
3078 3912 3092 3935 ,
3125 3887 3190 3925 eo
3215 3873 3364 3941 quod

1753 3979 1971 4020 carnem
2006 3964 2257 4034 prteputii
2283 3963 2376 4019 lilii
2405 3964 2488 4017 sui
2521 3962 2922 4019 circumcidere
2947 3963 3359 4021 dissimularet:

1753 4059 1875 4129 quia
1909 4056 2259 4113 credentibus
2287 4072 2354 4112 ex
2390 4058 2640 4127 gentibus
2663 4099 2679 4123 ,
2713 4071 2779 4111 eo
2807 4055 2952 4127 quod
2985 4056 3148 4126 tepidi
3176 4068 3364 4113 essent

1754 4151 1807 4206 in
1835 4152 2119 4215 rharitate,
2149 4150 2413 4204 Dominus
2441 4161 2673 4205 mortem
2705 4151 3072 4205 comminatus
3095 4161 3208 4216 est;
3231 4165 3356 4206 cum

1752 4249 1832 4300 eis
1862 4257 2130 4316 prtecepta
2162 4244 2440 4316 Evangelii
2476 4245 2557 4299 sui
2585 4244 2936 4315 anteposuit,
2969 4244 3060 4299 ubi
3095 4245 3359 4316 scriptum

1753 4351 1836 4396 est
1862 4359 1873 4394 :
1902 4342 2057 4394 Arcto
2080 4351 2127 4395 et
2149 4352 2371 4411 angusta
2396 4341 2476 4394 via
2504 4350 2598 4404 est,
2634 4357 2748 4411 qua:
2775 4342 2916 4394 ducit
2946 4340 3015 4395 ad
3037 4341 3193 4396 vitam
3216 4358 3232 4405 ;
3261 4339 3289 4378 δ
3315 4352 3362 4397 et

1755 4433 1910 4503 pauci
1934 4443 2074 4498 sunt,
2109 4433 2198 4504 qui
2244 4432 2439 4487 vadunt
2468 4449 2559 4505 per
2590 4450 2726 4488 eam.
2756 4432 2890 4488 Lata
2918 4444 2970 4488 et
3007 4435 3236 4503 spatiosa
3279 4435 3364 4489 via

1753 4539 1860 4591 est,
1889 4543 2004 4597 qute
2031 4527 2168 4580 ducit
2214 4526 2283 4579 ad
2305 4537 2551 4590 mortem;
2599 4536 2644 4580 et
2689 4528 2840 4581 multi
2871 4537 3014 4593 sunt,
3042 4527 3132 4590 qui
3169 4527 3363 4582 vadunt

56 4612 202 4671 iidem
249 4617 462 4676 Christi
500 4626 915 4684 convertentur,
958 4625 1122 4688 atque
1165 4633 1232 4673 ex
1279 4617 1405 4672 ﬁliis
1443 4616 1644 4673 diaboli
1676 4600 1724 4661 ί)
1752 4637 1842 4690 per
1869 4637 1979 4675 eam
2012 4619 2232 4688 (Matth.
2267 4635 2361 4686 vn,
2394 4619 2523 4689 l4);
2553 4629 2603 4673 et
2635 4619 2873 4674 iterum:
2908 4621 3009 4687 Qui
3033 4637 3133 4675 non
3156 4620 3362 4692 bajulat

54 4706 349 4767 ellicientur
382 4712 482 4768 lilii
506 4711 625 4767 Dei.

115 4802 242 4861 Nam
272 4815 327 4862 et
349 4807 523 4875 illud,
571 4808 716 4880 quod
749 4808 1102 4880 praecipiente
1133 4807 1365 4862 Domino
1389 4851 1404 4874 ,
1438 4807 1650 4879 Moyses

52 4911 262 4956 manum
297 4901 352 4956 in
386 4903 568 4958 sinum
601 4902 772 4968 misit,
805 4913 859 4957 et
885 4902 1158 4972 lcprosam
1193 4901 1442 4966 retraxit,
1467 4911 1521 4955 et
1552 4901 1654 4955 ite-

53 5008 160 5049 rum
193 4997 365 5063 misit,
401 5007 459 5054 et
481 5013 611 5053 sana
638 4996 826 5053 eﬁ'ecla
855 5006 972 5063 est;
1023 4996 1269 5051 eamdem
1301 4993 1652 5064 signiﬁcatio-

52 5101 164 5143 ncm
206 5088 412 5146 habet:
447 5107 546 5157 per
574 5105 793 5145 manum
839 5105 1073 5161 namque
1101 5089 1272 5159 Moysi
1313 5088 1482 5144 Judaei
1506 5089 1651 5142 desi-

49 5193 293 5250 gnantur.
368 5185 590 5240 Manum
661 5185 874 5256 Moyses
930 5185 983 5238 in
1035 5184 1214 5238 sinum
1271 5182 1449 5246 misit;
1522 5181 1648 5251 quia

48 5276 286 5344 Apostoli
332 5277 654 5333 Judaiorum
685 5276 918 5333 salutem
965 5275 1343 5332 desiderantes
1365 5316 1380 5342 ,
1412 5274 1492 5330 eis
1521 5273 1649 5330 doc-

50 5368 237 5426 trinam
263 5370 388 5427 lidei
416 5372 716 5442 praedicare
740 5386 847 5427 non
870 5369 1177 5427 cessabant.
1198 5370 1408 5442 Moyses
1431 5386 1648 5425 manum

51 5466 298 5532 retraxit,
323 5475 380 5520 et
398 5464 668 5535 lcprosam
701 5465 939 5531 invenit;
969 5465 1091 5536 quia
1106 5463 1280 5520 Judaei
1300 5480 1367 5519 ex
1393 5463 1652 5534 praedica-

51 5554 192 5612 tioiie
211 5559 588 5628 apostolorum
615 5559 784 5614 multo
815 5558 1030 5630 pejores
1052 5557 1255 5623 ell‘ecti,
1276 5557 1328 5612 in
1357 5559 1648 5628 pessimam

53 5646 250 5718 Iepram
294 5651 702 5710 incredulitatis
751 5664 914 5723 atque
955 5651 1414 5723 blasphemiarum
1441 5651 1649 5722 delapsi

118 5796 144 5861 ξι
184 5790 257 5846 lta
285 5805 424 5848 mss.
449 5808 465 5844 :
499 5799 554 5845 at
582 5792 740 5853 edit.,
769 5803 832 5861 ne
859 5797 1034 5861 gentes
1055 5789 1360 5859 despiceret,
1390 5787 1587 5861 docuit.

1752 4731 1955 4769 crucem
1985 4730 2155 4779 suam,
2189 4723 2236 4768 et
2259 4713 2492 4782 sequitur
2521 4729 2622 4776 me,
2649 4730 2752 4766 non
2775 4724 2851 4767 est
2876 4730 2954 4769 me
2983 4715 3173 4786 dignus
3203 4713 3360 4787 (Luc.

1755 4825 1872 4875 xrv,
1898 4809 1968 4864 27
1993 4813 2046 4878 );
2077 4818 2132 4863 et
2154 4809 2322 4864 multa
2347 4807 2452 4861 alia
2480 4822 2604 4877 quae
2630 4808 2699 4863 de
2731 4809 3071 4865 resecatione
3101 4809 3360 4866 vitiorum

1757 4906 1808 4961 in
1840 4903 2168 4974 Evangelia,
2198 4914 2255 4958 et
2278 4903 2334 4958 in
2364 4901 2526 4957 dietis
2558 4904 2877 4973 apostolicis
2909 4906 3286 4960 inveniuntur.

1830 4997 1932 5051 Per
1977 5007 2183 5065 petram
2238 5011 2369 5050 vero
2422 4994 2672 5051 Christus
2718 4995 3077 5068 intelligitur,
3127 5011 3359 5052 acumen

1758 5100 1942 5146 autem
1974 5100 2142 5160 petra:
2190 5089 2325 5144 dura
2357 5101 2630 5161 prmcepta
2675 5091 2978 5162 Evangelii.
3011 5091 3158 5145 Tulit
3201 5090 3364 5161 igitur

1761 5181 2004 5251 Sephora
2023 5181 2392 5236 acutissimam
2424 5193 2671 5254 petram,
2702 5193 2756 5238 et
2776 5181 3117 5237 circumcidit
3138 5196 3358 5236 carnem

1759 5275 2008 5348 praeputii
2043 5274 2136 5330 lilii
2167 5276 2288 5342 sui;
2337 5278 2461 5348 quia
2497 5275 2740 5332 Ecclesia
2783 5289 3018 5331 cernens
3060 5272 3203 5328 lilios
3230 5289 3361 5330 suos

1759 5371 1912 5426 nullo
1941 5369 2103 5424 modo
2133 5385 2298 5440 posse
2342 5368 2636 5440 perfectam
2665 5367 2926 5438 consequi
2954 5367 3186 5424 salutem
3211 5409 3226 5433 ,
3259 5369 3362 5425 nisi

1759 5464 1940 5522 omnia
1965 5464 2238 5520 desideria
2262 5465 2505 5520 carnalia
2531 5465 2598 5519 ab
2618 5478 2807 5517 eorum
2821 5461 3144 5532 corporibus
3172 5463 3365 5520 exstir-

1757 5569 1950 5634 paret,
1985 5559 2108 5614 tulit
2145 5559 2450 5614 austeriora
2494 5563 2763 5625 przecepta
2808 5555 3127 5625 Evangelii,
3158 5565 3212 5612 et
3243 5574 3356 5612 am-

1760 5653 1970 5726 putavit
1989 5667 2020 5708 a
2050 5650 2372 5722 corporibus
2398 5648 2630 5704 ﬁliorum
2655 5662 2878 5704 suorum
2910 5647 3154 5705 omnium
3188 5650 3366 5705 nutri-

119 5851 146 5894 “
187 5861 267 5917 ita
293 5865 460 5930 mss;
491 5865 618 5922 edit.
653 5851 832 5920 autem
858 5851 882 5932 ξ
904 5869 950 5918 et
979 5861 1132 5932 pauci
1149 5851 1294 5926 sunt,
1318 5851 1403 5930 qui
1435 5860 1649 5932 vadunt,
1682 5859 1761 5918 vel
1789 5860 1877 5932 qui
1898 5859 2094 5915 intrant
2118 5870 2208 5926 per
2235 5869 2369 5910 eam.
2402 5851 2470 5908 Et
2493 5853 2677 5908 iterum
2701 5893 2716 5924 ,
2746 5864 2857 5912 etc.
