3944 6310
81 280 177 338 82)
789 275 860 334 IN
897 275 1372 334 APOCALYPSIN
1417 277 1802 335 EXPOSITIO.
1846 277 1935 333 DE
1977 277 2250 336 VISIONE
2289 279 2569 338 TERTIA.
3253 285 3361 344 830

81 400 187 454 lana
215 402 390 450 autem
436 395 657 465 linoque
681 401 935 449 contexta
979 394 1144 448 utitur
1175 404 1326 456 veste
1349 435 1364 460 ,
1407 394 1648 466 quicum
1678 392 1732 458 Α
1755 407 1878 449 esse
1899 403 2148 464 oportet:
2173 409 2298 450 nam
2320 397 2365 451 si
2386 411 2571 452 caecus
2595 411 2799 454 caecum
2823 397 3025 456 ducere
3047 405 3361 469 tentaverit,

83 488 442 546 traditionibus
485 486 856 558 apostolorum
885 487 1048 543 etiam
1089 485 1412 544 traditiones
1437 486 1656 544 Judmo—
1758 488 1918 543 ambo
1950 487 2004 544 in
2035 485 2247 544 foveam
2276 488 2477 544 cadunt
2506 489 2723 562 (Matth.
2755 505 2824 546 xv
2849 531 2866 558 ,
2899 491 3015 564 16).
3045 491 3149 561 Qui
3176 493 3360 564 lepro-

80 599 188 639 rum
213 581 324 638 vult
349 581 663 638 observare.
1758 597 1851 637 sus
1879 582 2083 653 septies
2107 583 2320 653 aspergi
2352 584 2690 654 pra-cipitur,
2715 583 2844 654 quia
2871 584 3071 641 nullius
3093 585 3362 650 munditia

145 677 397 746 Praecepit
426 676 590 732 etiam
622 677 880 732 Dominus
911 675 1081 750 Moysi
1103 719 1120 744 ,
1152 685 1215 732 ut
1243 677 1288 733 si
1320 677 1442 748 quis
1472 676 1654 748 lepro-
1754 675 1875 732 sine
1911 675 2070 731 donis
2101 686 2310 746 septem
2352 675 2590 745 Spiritus
2619 677 2792 732 sancti
2827 677 3065 746 perfecta
3101 693 3225 736 esse
3269 695 3369 750 po-

81 788 165 829 gns
185 771 471 827 mundatus
506 781 684 838 esset,
718 776 927 829 veniret
957 773 1026 828 ad
1065 774 1408 829 sacerdotem
1439 815 1453 839 ,
1481 781 1540 829 et
1569 773 1652 831 of.
1757 776 1881 822 test.
1913 765 2045 835 Quis
2068 767 2214 824 enim
2234 769 2354 822 sine
2376 767 2575 822 timore
2605 767 2722 834 Dei,
2748 769 2869 825 sine
2895 769 3098 839 pietate
3119 771 3368 830 caneris-

83 868 232 922 lerret
257 866 392 921 duos
419 880 669 936 passeres
711 865 1008 922 sacerdoti.
1040 867 1118 922 Ex
1143 867 1342 938 quibus
1372 867 1462 922 ille
1485 883 1651 922 unum
1756 875 1863 930 que
1883 860 2179 916 virtutibus
2200 860 2381 918 salvus
2403 875 2525 918 esse
2552 862 2766 931 potest?
2787 861 2897 921 Sed
2920 878 3043 926 eum
3070 864 3366 934 unusquise

84 959 351 1016 immolatis
380 997 395 1026 ,
452 959 744 1017 decurrere
801 961 1005 1017 laceret
1057 961 1376 1032 sanguinem
1428 961 1547 1031 ejus
1598 961 1651 1016 in
1755 971 1859 1026 que
1900 969 1928 1008 a
1977 955 2438 1024 praedicatoribus
2478 954 2602 1008 ﬁdei
2650 957 2888 1026 qualiter
2932 957 3118 1017 vivere
3165 959 3366 1018 debeat

81 1069 231 1126 aquas
279 1053 571 1118 viventes,
618 1055 972 1126 etintingens
1028 1070 1304 1124 passerem
1361 1054 1541 1108 vivum
1599 1054 1651 1108 in
1753 1045 2054 1106 secundum
2094 1046 2346 1106 "laudata
2391 1047 2487 1101 Dei
2522 1045 2775 1116 docetur,
2820 1051 3024 1120 septies
3059 1066 3199 1122 aqua
3237 1055 3365 1109 viva

81 1161 251 1218 aquas,
294 1145 346 1200 in
375 1147 573 1218 quibus
615 1148 938 1217 sanguinem
986 1147 1249 1202 immolati
1295 1146 1532 1217 passeris
1559 1145 1654 1201 de-
1753 1144 2081 1213 aspergitur.
2124 1141 2252 1200 Post
2297 1141 2745 1201 emundatioucm
2778 1159 2908 1200 vero
2941 1146 3144 1215 leprosi
3173 1162 3365 1218 passer

80 1255 277 1298 currere
303 1239 544 1309 fecerat,
583 1256 708 1296 eum
753 1241 899 1312 ligno
923 1241 1178 1306 cedrino,
1215 1241 1333 1295 lana
1365 1241 1646 1306 coccinea,
1753 1236 1911 1290 vivus
1946 1235 1999 1294 in
2041 1249 2174 1306 agro
2204 1234 2427 1296 evolare
2464 1235 2778 1301 Ridebatur;
2815 1237 2941 1308 quia
2973 1239 3364 1306 pradieatores

80 1346 127 1393 et
151 1337 377 1409 hyssopo
401 1346 713 1405 aspergeret
744 1335 950 1405 septies
982 1335 1282 1406 leprosum,
1314 1345 1366 1390 et
1396 1345 1522 1390 tunc
1550 1333 1651 1392 rite
1751 1331 1926 1388 sancti
1970 1338 2094 1400 post
2133 1330 2418 1400 expletum
2449 1330 2688 1390 ofﬁcium
2724 1331 3138 1400 praedicationis
3163 1349 3276 1396 sua
3303 1334 3361 1394 in

55 1429 410 1486 mandaretur
436 1427 625 1501 (Lavit.
657 1443 773 1492 stv,
811 1429 846 1485 '5
887 1438 937 1484 et
963 1428 1116 1500 seq.).
1162 1429 1264 1484 Per
1309 1432 1648 1486 sacerdotem
1750 1439 1883 1494 agro
1913 1426 2099 1494 patria:
2128 1421 2376 1480 caelestis
2406 1423 2625 1485 evolare
2657 1433 3057 1494 promerentur.

79 1524 305 1580 Christus
353 1522 717 1593 intelligitur:
769 1521 880 1578 duo
928 1537 1062 1578 vero
1111 1537 1368 1595 passeres
1417 1523 1647 1578 duorum
1825 1518 1881 1573 in
1913 1518 2019 1574 alio
2063 1534 2279 1588 quoque
2322 1516 2447 1573 loco
2490 1516 2754 1587 scriptum
2786 1526 2906 1583 est;
2939 1518 3062 1588 quia
3099 1521 3363 1592 praecepit

80 1618 525 1673 Testamentorum
569 1614 825 1671 doctores
870 1616 1290 1687 intelliguntur:
1341 1631 1440 1687 per
1480 1630 1648 1686 aquas
1752 1612 2017 1670 Dominus
2048 1611 2245 1682 Moysi,
2277 1619 2336 1666 ut
2361 1609 2627 1672 aderrant
2657 1609 2756 1668 lilii
2778 1609 2944 1670 Israel
2971 1612 3246 1670 sacerdoti
3271 1629 3364 1670 ca-

79 1721 237 1766 autem
267 1710 504 1764 viventes
534 1720 802 1779 praecepta
837 1709 1115 1780 Evangelii
1159 1708 1513 1780 designantur
1533 1751 1548 1777 ,
1579 1710 1647 1766 de
1751 1721 1907 1775 prum
1935 1705 2306 1770 emissarium,
2331 1717 2672 1774 poueretque
2694 1704 2956 1760 sacerdos
2979 1719 3174 1764 manus
3196 1721 3366 1779 super

80 1803 253 1875 quibus
278 1804 534 1860 Dominus
557 1802 691 1858 dicit
722 1803 775 1858 in
802 1801 1129 1874 Evangelia:
1157 1801 1257 1868 Qui
1277 1801 1440 1858 credit
1461 1803 1516 1858 in
1541 1820 1641 1871 me,
1674 1799 1723 1862 B
1749 1807 1914 1870 Caput
1943 1799 2062 1868 ejus
2084 1839 2098 1863 .
2141 1806 2197 1856 et
2227 1795 2580 1856 conﬁteretur
2609 1812 2774 1866 super
2806 1812 2930 1854 eum
2967 1809 3186 1867 peccata
3224 1800 3364 1858 ﬁlio-

77 1898 195 1952 ticut
241 1896 360 1951 dicit
409 1895 723 1968 Scriptura,
774 1895 996 1964 [tantine
1025 1894 1088 1950 de
1117 1904 1290 1950 centre
1318 1898 1435 1968 ejus
1485 1895 1647 1960 ﬂuent
1751 1909 1871 1952 rum
1893 1891 2082 1958 Israel,
2103 1901 2157 1950 et
2177 1892 2417 1950 mitteret
2436 1905 2560 1952 eum
2581 1905 2678 1961 per
2703 1889 2980 1950 hominem
3010 1902 3283 1962 paratum,
3303 1894 3358 1952 in

79 2007 206 2062 aqua
221 1991 340 2045 siste
365 1989 549 2061 (Joan.
573 2005 670 2055 vti,
695 1991 813 2062 38).
837 1989 1020 2061 Aquas
1041 1991 1190 2045 vivas
1213 2000 1388 2055 vocat,
1408 2005 1475 2046 eo
1499 1991 1647 2063 quod
1749 1986 2026 2046 desertum
2049 1995 2140 2050 ;ut
2163 1993 2408 2055 portaret
2429 1993 2646 2053 peccata
2664 1983 2900 2040 ﬁliorum
2921 1982 3088 2042 Israel
3103 1985 3156 2046 in
3170 1985 3362 2044 deser-

79 2085 218 2139 vitam
260 2093 516 2139 aeternam
547 2093 810 2155 praestent
859 2082 1188 2139 facientibus
1217 2099 1303 2140 ea.
1332 2083 1436 2139 Per
1464 2099 1648 2154 passe-
1750 2093 1887 2140 tum.
1922 2081 2019 2144 ille
2047 2091 2228 2144 autem
2259 2081 2350 2153 qui
2373 2095 2600 2154 caprum
2620 2079 2966 2142 emissarium
2993 2080 3046 2134 in
3069 2079 3356 2144 desertum

77 2191 173 2231 rem
203 2177 356 2246 igitur
386 2177 727 2238 imtnolatum
751 2219 765 2240 .
797 2178 940 2234 sicut
981 2177 1237 2244 diximus,
1267 2179 1520 2234 doctores
1547 2178 1644 2234 Ju-
1750 2175 2017 2245 ducebat,
2059 2192 2166 2236 non
2210 2174 2630 2244 permittebatur
2669 2176 2723 2236 in
2762 2183 2942 2238 castra
2984 2174 3216 2244 ingredi,
3253 2176 3359 2236 nisi

75 2271 288 2334 deorum
312 2312 326 2337 ,
377 2269 698 2328 sacerdotes
738 2272 994 2329 videlicet
1019 2316 1034 2341 ,
1081 2273 1275 2330 scribat
1303 2282 1358 2330 et
1390 2274 1642 2345 pbarisaei
1746 2275 1904 2344 prius
1934 2273 2137 2330 levaret
2162 2272 2487 2332 vestimenta
2511 2285 2608 2334 sua
2639 2268 2845 2339 (Lavit.
2873 2285 2961 2328 avt
2981 2311 2994 2333 ,
3024 2269 3091 2327 10
3113 2279 3158 2326 et
3182 2287 3290 2340 seq.
3310 2270 3352 2342 ).

75 2366 414 2436 designantur.
445 2364 684 2437 Sanguis
713 2381 878 2433 vero,
912 2367 1003 2437 qui
1032 2367 1198 2421 vitam
1232 2369 1442 2438 passeri
1501 2383 1646 2438 prre-
1749 2366 2016 2425 Eamdem
2041 2382 2174 2438 ergo
2200 2367 2654 2438 signiﬁcationem
2691 2365 2853 2422 habet
2881 2365 3165 2432 sacerdos,
3193 2382 3356 2437 quam

74 2459 244 2523 stabat,
265 2457 518 2528 spiritalis
545 2469 633 2514 est
662 2459 1044 2530 intelligentia,
1076 2477 1196 2532 quae
1219 2461 1273 2516 in
1305 2462 1644 2519 observatio-
1747 2473 1802 2524 et
1832 2478 1996 2534 caper
2025 2463 2374 2526 emissaries;
2407 2462 2726 2532 signiﬁcant
2752 2463 2898 2520 enim
2936 2462 3225 2522 Dominum
3257 2478 3360 2520 no-

75 2549 212 2604 nibus
233 2548 536 2608 intimorum
587 2551 810 2608 latebat.
857 2552 927 2607 Et
955 2554 1099 2609 sicut
1145 2568 1335 2624 passer
1359 2553 1481 2610 sine
1511 2571 1642 2611 san-
1746 2567 1916 2616 strutn
1939 2557 2127 2616 Iesum
2141 2555 2446 2616 Christum.
2469 2555 2743 2615 Sacerdos
2763 2559 3112 2628 igitursuper
3127 2572 3354 2629 caprum

73 2644 214 2713 guine
241 2654 475 2701 mortuus
500 2645 739 2702 efﬁcitur
765 2689 780 2712 ,
831 2648 904 2702 ita
932 2657 987 2704 et
1019 2649 1204 2704 multm
1233 2650 1644 2708 observationes
1746 2650 2090 2706 emissarium
2141 2659 2363 2720 peccata
2403 2649 2642 2706 ﬁliorum
2695 2648 2864 2710 lsrael
2904 2648 3192 2708 confessus
3233 2657 3355 2717 est;

73 2734 374 2805 JildiBOI'lIm,
404 2738 454 2794 si
475 2739 740 2808 spiritalis
772 2739 1131 2810 intelligentia
1159 2740 1457 2808 defuisset,
1489 2759 1641 2802 vanae
1745 2747 1872 2818 quia
1898 2743 2073 2806 Filius
2106 2745 2200 2805 Dei
2235 2753 2456 2814 peccata
2487 2745 2706 2815 generis
2733 2743 2956 2803 humani
2983 2758 3149 2814 super
3177 2741 3359 2802 homi-

76 2843 179 2885 esse
198 2830 520 2887 viderentur.
546 2831 842 2903 Postquam
868 2848 999 2904 ergo
1029 2836 1249 2905 sanguis
1273 2838 1512 2906 passeris
1539 2853 1638 2906 ap-
1746 2855 1870 2900 nem
1915 2854 2075 2909 quem
2109 2839 2432 2907 assumpsit,
2467 2838 2670 2908 posuit,
2703 2847 2761 2892 ut
2791 2853 2889 2907 pro
2920 2837 2999 2894 eis
3026 2837 3143 2904 ipse
3173 2850 3354 2892 more-

79 2925 250 2990 paruit,
289 2936 446 2995 atque
495 2928 546 2980 in
593 2941 764 2997 aquas
794 2926 944 2981 vivas
985 2926 1245 2992 decurrit,
1280 2944 1467 2996 passer
1493 2946 1640 2985 mor-
1746 2944 1913 2988 retur.
1945 2933 2052 2988 Per
2080 2933 2355 2990 desertum
2382 2947 2536 2999 vero,
2559 2932 2716 3002 cujus
2744 2930 3134 2990 habitationem
3159 2943 3357 2988 omnes

79 3026 184 3072 tuus
211 3031 319 3086 est;
348 3021 470 3091 quia
500 3033 790 3091 postquam
823 3021 1085 3089 spiritalis
1108 3022 1493 3094 intelligentia,
1519 3040 1638 3094 qua:
1745 3027 1992 3083 deliciosi
2018 3025 2465 3096 perhorrescunt,
2489 3041 2625 3082 crux
2647 3024 2988 3095 designatur,
3007 3023 3218 3082 cunctis
3241 3024 3355 3080 reis

79 3112 121 3163 in
147 3112 600 3170 observationibus
647 3113 958 3172 Judteorum
994 3113 1230 3182 latebat,
1280 3131 1378 3185 per
1408 3117 1634 3187 gratiam
1746 3120 1906 3177 valde
1943 3120 2239 3176 horribilis.
2291 3119 2461 3176 Duxit
2499 3134 2635 3190 ergo
2673 3118 2838 3174 homo
2869 3127 3088 3187 paratus
3126 3131 3351 3187 caprum

77 3204 260 3263 Domini
290 3209 456 3266 nostri
485 3209 615 3265 Jesu
645 3206 846 3265 Christi
879 3209 1226 3265 manifestata
1254 3219 1359 3275 est,
1390 3211 1636 3282 quaedam
1667 3196 1711 3259 C
1745 3211 2088 3273 emissarium
2113 3212 2166 3272 in
2195 3213 2497 3278 desertum,
2522 3213 2648 3282 quia
2675 3210 2852 3268 Judaei
2877 3211 2971 3281 qui
2997 3210 3065 3266 ed
3099 3209 3202 3267 hoc
3228 3225 3353 3267 sce-

76 3299 448 3358 observationes
479 3303 686 3374 legales
730 3303 865 3360 nihil
913 3303 1238 3374 profuerunt
1288 3321 1301 3358 ι
1332 3305 1427 3360 sed
1457 3313 1511 3359 et
1536 3307 1634 3376 ipsi
1745 3307 1828 3361 lus
1857 3305 2284 3376 perpetrandum
2319 3304 2344 3343 ι)
2380 3305 2617 3376 prmsciti
2649 3303 2891 3370 fuerant,
2927 3303 3220 3361 Dominum
3251 3317 3352 3359 no-

76 3392 152 3459 qui
196 3404 404 3465 propter
448 3396 754 3453 custodiam
784 3397 944 3469 Legis
970 3398 1128 3454 ﬁdem
1174 3398 1379 3453 Christi
1419 3415 1639 3470 spreve—
1742 3412 1921 3456 strutn
1954 3399 2142 3456 Iesum
2175 3399 2454 3455 Christum
2485 3397 2900 3454 crucitixerunt.
2932 3396 3013 3452 Illi
3043 3404 3224 3452 autem
3256 3396 3351 3466 qui

77 3496 210 3554 runt,
236 3490 524 3548 secundum
552 3492 792 3548 animam
812 3494 1009 3548 mortui
1043 3503 1187 3548 sunt.
1217 3493 1448 3565 Sanguis
1477 3496 1640 3566 igitur
1742 3511 1966 3564 caprum
1986 3494 2334 3552 emissarium
2357 3495 2408 3549 in
2431 3493 2710 3551 desertum
2735 3491 2990 3555 duxerat,
3018 3501 3348 3559 prmceptum

78 3585 281 3648 passeris
309 3588 460 3657 aquis
507 3587 816 3644 visentibus
842 3588 1120 3643 admixtus
1151 3597 1270 3654 est;
1313 3590 1436 3659 quia
1464 3591 1641 3646 omnis
1743 3597 1827 3644 est
1856 3602 1914 3644 ut
1947 3589 2156 3643 lavaret
2185 3587 2337 3657 prius
2366 3587 2691 3644 vestimenta
2723 3600 2821 3639 sua
2845 3623 2858 3646 ,
2900 3591 2955 3637 et
2987 3581 3068 3638 sic
3099 3580 3352 3652 ingrede-

75 3674 321 3746 Scriptura
343 3722 356 3743 ,
385 3696 505 3751 quin
533 3681 602 3736 ad
635 3696 834 3737 novum
864 3681 1275 3738 Testamentum
1312 3686 1337 3716 ⁸
1366 3684 1594 3753 pertinet
1623 3726 1637 3751 ,
1743 3693 1896 3737 retur
1926 3682 1978 3736 in
2007 3690 2226 3740 castra:
2269 3681 2394 3750 quia
2425 3677 2598 3735 Judaei
2641 3676 3018 3735 interfectores
3053 3673 3254 3730 Christi
3297 3677 3349 3730 in

74 3771 306 3840 exemplis
357 3776 556 3831 veteris
599 3775 932 3830 'l‘estamenti
986 3774 1306 3846 spiritaliter
1349 3777 1641 3832 intellectis
1741 3784 1920 3830 castra
1967 3772 2226 3830 Ecclesia:
2271 3770 2482 3842 ingredi
2520 3785 2625 3826 non
2674 3775 2988 3838 potuerunt,
3042 3764 3146 3822 nisi
3192 3765 3346 3833 prius

74 3862 252 3930 repleta
278 3875 378 3922 est.
407 3867 511 3923 Per
557 3869 764 3939 lignum
807 3883 939 3926 vero
967 3868 1248 3924 cedrinum
1302 3867 1494 3935 Pater,
1546 3885 1642 3939 per
1741 3881 1880 3937 aqua
1911 3865 2253 3934 baptismatis
2286 3863 2662 3919 abuterentur.

75 3952 336 4029 hyssopum
362 3961 570 4018 Filius:
602 3978 700 4033 per
731 3963 910 4018 lanam
941 3973 1122 4018 autem
1151 3966 1486 4030 eorcineam,
1519 3980 1639 4035 quae
1814 3961 1881 4017 Et
1908 3961 1960 4017 in
1992 3958 2422 4018 Denteronomio
2452 3954 2716 4026 praecepit
2747 3953 2960 4023 Moyses
2989 3950 3116 4010 ﬁliis
3142 3949 3345 4018 Israel,

74 4045 302 4117 fulgorem
333 4053 466 4124 ignis
490 4056 675 4123 habet,
692 4056 930 4128 Spiritus
959 4065 1178 4110 sanctus
1197 4056 1534 4126 designatur.
1569 4056 1639 4112 lis
1739 4056 1930 4112 dicens
1967 4073 1978 4108 :
2010 4054 2071 4110 Si
2100 4052 2368 4110 transieris
2389 4067 2478 4123 per
2500 4066 2704 4122 agrum,
2731 4058 2778 4104 et
2806 4045 3062 4104 inueneris
3089 4060 3232 4104 arens
3259 4044 3344 4098 in-

74 4142 220 4199 tribus
242 4150 328 4218 qui
358 4149 458 4206 rite
485 4149 739 4208 mundari
774 4150 1020 4218 volebat,
1055 4151 1447 4222 aspergebatur
1471 4167 1485 4216 ;
1512 4153 1635 4222 quia
1739 4148 2007 4205 cubantem
2032 4163 2185 4216 super
2210 4145 2384 4218 pallas
2411 4159 2564 4208 suos;
2593 4158 2656 4197 ne
2678 4152 2849 4199 teneas
2876 4154 3023 4194 arent
3041 4153 3159 4193 cum
3187 4135 3346 4206 pullis

75 4236 228 4293 nullus
276 4258 366 4311 per
391 4260 584 4315 aquam
635 4244 974 4316 baptismatis
1015 4259 1044 4299 a
1097 4245 1245 4315 lepra
1288 4255 1634 4316 peccatorum
1737 4245 1864 4309 suis,
1905 4243 1996 4300 sed
2032 4242 2232 4299 dimitte
2273 4241 2483 4300 avolavit
2518 4254 2662 4294 arent
2697 4238 2752 4290 in
2781 4249 3044 4308 campum,
3088 4241 3135 4290 et
3163 4239 3344 4301 captos

73 4332 294 4390 mandari
323 4346 535 4408 potest,
568 4339 680 4396 nisi
706 4338 807 4395 sub
835 4337 1176 4395 invocatione
1221 4339 1396 4395 Patris
1425 4351 1478 4396 et
1509 4339 1632 4395 Filii
1735 4350 1850 4395 tene
1876 4340 2057 4410 ﬁlios;
2087 4349 2144 4394 ut
2171 4338 2323 4412 longe
2351 4336 2490 4394 vittas
2515 4344 2744 4406 tempore
2774 4333 2828 4386 in
2855 4341 3018 4396 terra,
3046 4345 3198 4400 quam
3228 4324 3340 4384 Do-

72 4433 116 4475 θι
137 4422 348 4495 spirit“!
373 4433 568 4488 sanati.
1735 4435 1906 4490 minus
1929 4432 2073 4489 Deus
2103 4444 2222 4488 tuus
2251 4432 2452 4487 dederit
2478 4429 2572 4486 tibi
2606 4429 2857 4500 (Denter.
2902 4439 3040 4489 uti,
3069 4423 3150 4495 6).
3175 4422 3346 4481 Num-

131 4517 225 4573 Sed
270 4523 314 4577 si
363 4539 458 4594 per
502 4524 623 4581 llch
665 4524 766 4581 tria
805 4525 965 4580 Pater
1006 4535 1060 4580 et
1099 4525 1270 4581 Filius
1311 4535 1367 4581 et
1400 4526 1634 4597 Spiritus
1665 4593 1700 4597 _
1737 4526 1866 4597 quid
1899 4537 1920 4568 ε
1945 4525 2194 4582 dimissio
2216 4524 2443 4580 aviculm
2464 4522 2582 4578 dies
2603 4521 2836 4590 alicujus
2859 4531 3061 4588 augere
3087 4517 3342 4587 poterat?

71 4620 264 4668 sanctus
289 4615 659 4689 designantur,
682 4633 780 4674 cur
800 4633 993 4690 passer
1020 4619 1176 4674 vivus
1199 4629 1420 4690 quartus
1443 4593 1631 4690 adjun-
1661 4593 1715 4654 Ῑ)
1743 4593 1857 4677 Son
1881 4663 1896 4686 ,
1928 4619 2026 4677 sed
2059 4617 2417 4689 spiritualiter
2447 4613 2865 4685 intelligendum
2901 4619 3005 4667 est.
3053 4613 3156 4666 l’er
3184 4624 3340 4666 avent

71 4699 230 4768 gitur?
270 4707 368 4764 Per
415 4725 694 4782 passerem
739 4727 972 4784 namque
1020 4712 1204 4768 vivum
1254 4712 1637 4782 praedicatores
1744 4729 2084 4786 unaqumque
2113 4721 2298 4768 sancta
2325 4710 2507 4766 anima
2535 4708 2850 4780 designatur
2880 4725 2893 4761 :
2923 4721 3021 4778 per
3045 4705 3224 4777 pullos
3249 4719 3347 4760 au-

71 4798 178 4852 novi
204 4798 522 4862 Testatnentl
553 4806 868 4879 designatos
894 4805 1064 4862 fuisse
1090 4807 1346 4864 diximus.
1369 4806 1639 4864 Sacerdos
1741 4817 1851 4865 tem
1881 4809 2000 4877 ejus
2041 4806 2186 4862 bona
2217 4819 2381 4874 opera
2423 4803 2824 4874 intelliguntur.
2865 4801 3000 4857 Nam
3043 4801 3184 4855 sicut
3227 4798 3346 4856 avis

71 4899 185 4958 ergo
205 4891 342 4964 ligno
367 4900 593 4954 cedrino
615 4941 630 4964 ,
662 4915 864 4967 cocco,
894 4910 951 4955 et
981 4900 1223 4972 hyssopo
1249 4915 1525 4972 passerem
1557 4901 1635 4958 vi-
1743 4901 1922 4973 pullos
1951 4915 2083 4956 suos
2107 4898 2209 4953 sub
2239 4898 2356 4954 alas
2386 4906 2717 4968 congregat,
2751 4907 2810 4951 ut
2839 4909 2935 4950 eos
2967 4892 3206 4948 fovendo
3235 4905 3340 4946 nu-

72 4991 179 5038 vum
199 4985 549 5060 adjungebat;
573 4995 702 5064 quia
723 4993 983 5049 Dominus
1004 5002 1188 5049 noster
1207 4992 1366 5052 Iesus
1385 4993 1636 5052 Christus
1739 4994 1896 5058 triat;
1935 4992 2008 5046 ita
2054 5007 2391 5062 unaquaique
2428 4999 2615 5046 sancta
2648 4989 2832 5044 animo
2862 5000 3028 5056 Opera
3060 4999 3153 5040 sua
3200 4983 3342 5038 intra

71 5068 116 5125 in
159 5075 487 5140 invocatione
532 5087 617 5142 sui
666 5087 920 5152 nominis,
973 5097 1028 5143 et
1073 5087 1250 5143 Patris
1298 5099 1354 5144 et
1397 5088 1631 5159 Spiritus
1737 5088 1922 5144 cordis
1947 5098 2157 5142 secreta
2191 5087 2469 5152 recondit,
2499 5094 2555 5140 et
2577 5101 2639 5140 ea
2668 5098 2888 5148 setnper
2917 5077 3172 5150 augendo
3200 5075 3340 5132 mul-

71 5170 222 5224 sancti
257 5172 492 5247 adiungit
531 5178 891 5238 ministerium
936 5180 1316 5248 sacerdotum,
1355 5195 1562 5253 nosque
1599 5198 1630 5238 a
1743 5185 1953 5255 tiplicat
1983 5192 2038 5238 et
2083 5182 2282 5248 nutrit,
2326 5189 2384 5235 ut
2409 5197 2476 5236 ex
2517 5181 2581 5235 iis
2615 5177 2925 5234 mercedem
2961 5171 3335 5245 plenissimam

73 5265 284 5323 peccatis
312 5272 540 5338 nostris,
573 5275 664 5346 qui
695 5290 793 5345 per
819 5275 1097 5346 leprosum
1130 5275 1501 5347 designantur,
1537 5294 1632 5348 per
1736 5279 1986 5350 recipiat.
2029 5281 2200 5338 Avem
2249 5279 2432 5346 itaque
2475 5291 2596 5331 cum
2640 5274 2802 5345 pullis
2847 5271 2962 5327 suis
3007 5267 3334 5334 invenimus,

74 5364 238 5411 eorum
287 5359 679 5422 invocationem
713 5410 728 5436 ,
789 5377 843 5423 et
903 5383 999 5438 per
1046 5383 1238 5438 aquam
1295 5369 1633 5439 baptismatis
1734 5387 1858 5427 cum
1888 5370 2348 5440 aliquemjustuin
2375 5385 2472 5440 pro
2493 5367 2606 5423 suis
2634 5365 2792 5426 bonis
2819 5361 3081 5434 operibus
3102 5359 3336 5416 amando

74 5444 559 5529 ahluit.Qnipasser
581 5463 633 5518 in
656 5465 811 5535 aquis
831 5464 1144 5520 viventibus
1168 5464 1355 5535 intingi
1377 5464 1631 5536 jubetur;
1734 5461 2143 5534 amplectimur.
2195 5464 2368 5518 Avetu
2417 5461 2469 5522 in
2509 5474 2644 5530 agro
2679 5457 2902 5513 avolare
2943 5453 3332 5526 permittimus,

75 5537 181 5604 (illia
211 5546 294 5613 qui
334 5549 466 5606 alios
502 5553 681 5624 docet,
738 5556 791 5610 in
841 5554 1040 5611 divinis
1081 5555 1377 5627 Scripturis
1415 5557 1632 5613 doctum
1735 5572 1860 5614 cum
1888 5572 2014 5614 eum
2041 5572 2205 5628 quem
2236 5553 2631 5625 diligebamus,
2679 5567 2774 5622 per
2809 5558 3041 5605 mortem
3071 5548 3137 5604 ad
3168 5563 3333 5620 regna

140 5696 163 5790 ξ
183 5698 434 5790 “uitium;
458 5709 584 5768 edit.
599 5728 750 5784 vero,
768 5717 1005 5784 pertinet,
1020 5714 1339 5790 spiritalibus
1355 5717 1632 5775 intellecti-
1737 5721 1856 5778 sciti
1876 5719 2103 5789 fuerant.

148 5838 170 5880 δ
199 5842 383 5919 Omnes
403 5853 552 5928 edit.,
597 5862 810 5932 praestiti
837 5864 1042 5936 fueram
1063 5878 1084 5920 :
1112 5877 1302 5923 omnes
1330 5878 1462 5923 mss.
1495 5881 1632 5940 prte-

1782 5766 1854 5834 ’ῖ
1876 5766 2127 5849 ii-J'Hi'éé.
2178 5802 2236 5851 st
2281 5791 2440 5862 edin,
2495 5794 2708 5854 dimissa
2748 5791 2952 5852 avicula
2991 5792 3101 5853 dies
3142 5792 3339 5870 alienos

1782 5881 1927 5940 ngare
1951 5873 2173 5941 poterat.
