3944 6310
644 307 745 368 851

640 431 894 488 caelestia
936 429 1322 487 conscendisse
1363 429 1706 502 gaudemus:
1760 431 1900 487 ﬁlios
1951 446 2084 487 vero
2128 431 2248 502 ejus
2275 435 2327 494 Α

642 532 837 594 captos
862 531 1134 591 tenemus,
1168 524 1212 577 si
1241 521 1360 593 ejus
1389 522 1529 578 bona
1561 537 1726 594 opera
1753 521 1807 579 in
1833 532 2016 580 mente
2037 524 2242 580 retine-

643 633 790 686 mus,
813 629 978 690 atque
999 619 1052 673 in
1073 633 1263 675 eorum
1289 617 1595 674 imitatione
1619 617 1950 689 proﬁcimus.
1979 619 2044 672 Et
2065 619 2117 672 in
2144 617 2250 674 hoc

644 711 1041 783 longitudinem
1067 710 1191 766 vitae
1217 710 1376 766 nobis
1398 711 1756 782 acquirimus,
1780 727 1903 781 quae
1930 727 2038 766 non
2068 712 2171 767 nisi
2195 711 2247 767 in

643 805 860 863 caelesti
900 803 1237 861 beatitudine
1279 805 1596 860 constitutis
1625 804 1805 860 datur.
1846 804 1926 860 De
1964 805 2248 875 apertione

638 899 792 956 tertii
824 899 990 972 sigilli
1021 913 1194 970 pauca
1223 898 1292 956 de
1321 899 1506 955 multis
1535 899 1795 966 diximus,
1832 915 1974 955 nunc
2001 901 2246 956 ordinem

640 1007 1065 1066 prosequamur.

717 1087 914 1160 (Vers.
947 1087 1038 1160 5.)
1081 1088 1269 1144 Audivi
1302 1091 1511 1145 tertium
1552 1089 1749 1146 animal
1780 1090 1999 1146 dicens:
2039 1089 2165 1146 Veni
2205 1101 2252 1146 et

641 1183 762 1238 uide
787 1201 806 1250 ;
839 1182 893 1239 id
922 1193 1032 1248 est,
1065 1184 1308 1256 intellige
1334 1185 1660 1255 spiritaliter
1685 1185 1848 1258 529
1869 1184 2248 1258 aScripturam

647 1275 827 1348 Legis.
864 1275 931 1330 Et
956 1287 1071 1332 ecce
1099 1293 1262 1350 equus
1295 1279 1461 1349 niger,
1493 1289 1543 1335 et
1570 1280 1660 1349 qui
1687 1280 1890 1354 sedebat
1921 1297 2079 1352 super
2108 1298 2249 1348 eum,

646 1371 867 1427 habebat
896 1381 1140 1428 stateram
1164 1375 1217 1427 in
1242 1390 1400 1428 manu
1423 1392 1539 1430 sua.
1569 1375 1673 1431 Per
1694 1391 1894 1446 equum
1917 1377 2130 1446 nigrum
2154 1377 2253 1432 do-

647 1475 837 1520 ctores
883 1463 1044 1537 Legis
1095 1481 1384 1536 possumus
1431 1468 1784 1539 intelligere;
1833 1470 2060 1541 nigredo
2105 1473 2250 1528 enim

647 1557 778 1629 equi
805 1558 922 1615 sive
947 1559 1340 1616 obscuritatem
1370 1560 1555 1632 Legis,
1588 1577 1750 1632 quam
1779 1562 2104 1626 docuerunt.
2136 1564 2255 1622 sive

647 1650 908 1706 duritiam
935 1651 1207 1722 designat.
1239 1652 1376 1709 Nam
1407 1663 1464 1710 et
1493 1655 1709 1728 Moyses
1737 1656 1986 1712 velamen
2021 1655 2254 1712 habebat

651 1760 817 1818 super
845 1745 1039 1804 faciem
1072 1764 1250 1815 suam,
1281 1764 1346 1805 eo
1371 1749 1515 1821 quod
1541 1749 1802 1820 splendor
1826 1752 2004 1806 vultus
2032 1750 2172 1820 ejus,
2202 1751 2251 1806 id

649 1848 756 1904 est,
805 1841 1068 1912 spiritalis
1110 1842 1465 1915 intelligentia
1517 1843 1570 1898 in
1617 1843 1761 1915 Lege
1814 1860 1844 1898 a
1895 1844 2251 1915 lippientibus
2283 1836 2330 1896 B

647 1936 826 1994 oculis
851 1953 959 1994 non
989 1949 1174 2010 posset
1197 1941 1390 1995 videri.
1417 1941 1614 1999 Sessor
1634 1952 1815 1997 autem
1840 1945 1964 2014 equi
1993 1943 2252 1998 Dominus

647 2039 736 2086 est
769 2047 781 2084 :
814 2038 1019 2087 statera
1067 2047 1198 2088 vero
1233 2034 1547 2104 aequitatem
1577 2035 1768 2104 judicii
1809 2034 1998 2107 legalis
2027 2036 2254 2092 demon-

651 2133 817 2192 strat,
847 2135 906 2182 ut
932 2137 1016 2182 est
1045 2128 1188 2184 istud
1215 2147 1227 2184 :
1259 2130 1498 2184 Animam
1539 2148 1635 2201 pro
1673 2132 1872 2199 anima,
1915 2133 2124 2187 oculum
2160 2151 2252 2203 pro

651 2220 833 2286 oculo,
867 2221 1068 2276 dentem
1089 2239 1184 2295 pro
1210 2224 1383 2290 dente,
1409 2225 1592 2297 pedem
1615 2243 1711 2297 pro
1741 2227 1870 2296 pede
1900 2227 2097 2301 (Exod.
2136 2245 2250 2294 XXI,

650 2311 771 2384 2'5),
797 2312 826 2351 1)
865 2325 921 2370 ct
959 2315 1173 2386 qualem
1208 2315 1475 2374 inﬁixerit
1509 2318 1631 2387 quis
1671 2318 1964 2387 maculam,
2003 2319 2165 2376 talem
2201 2328 2256 2376 ct

647 2407 925 2463 sus1inere
951 2418 1200 2480 cogatur.

723 2501 907 2574 (Vers.
963 2501 1043 2575 6.)
1087 2503 1151 2559 Et
1181 2505 1360 2560 audiui
1379 2522 1550 2560 vocem
1590 2506 1644 2561 in
1669 2507 1838 2562 medio
1865 2516 2090 2579 quatuor
2136 2510 2254 2563 ani-

645 2597 866 2651 malium
905 2597 1176 2654 dicentem.
1203 2599 1394 2656 Potest
1423 2615 1519 2670 per
1546 2616 1734 2656 vocem
1764 2617 1886 2672 quae
1929 2602 2068 2658 facta
2095 2614 2178 2658 est
2203 2605 2254 2659 in

651 2689 834 2744 medio
872 2699 1105 2761 quatuor
1133 2692 1473 2761 animalium,
1503 2709 1606 2748 vox
1634 2693 1896 2750 Ecclesia:
1927 2695 2123 2764 accipi,
2158 2697 2260 2752 Do-

653 2782 786 2838 mini
812 2783 1238 2840 misericordiam
1268 2787 1632 2856 implorantis.
1666 2787 1881 2842 Biiibris
1911 2789 2072 2844 tritici
2100 2789 2260 2843 dena-

651 2876 754 2941 rio,
783 2884 831 2929 et
861 2885 960 2931 tres
991 2877 1198 2933 bilibres
1244 2879 1426 2934 hordei
1452 2880 1690 2947 denario,
1722 2892 1768 2935 et
1798 2883 1971 2936 uinum
1998 2893 2046 2936 et
2091 2883 2258 2937 oleum

655 2985 720 3024 ne
751 2969 965 3024 laeseris.
999 2969 1188 3042 Magna
1238 2983 1363 3027 sunt
1418 2989 1538 3042 quae
1583 2974 1827 3044 protulit,
1857 2982 1913 3029 et
1961 2975 2119 3031 valde
2163 2977 2262 3032 ob-

655 3074 837 3114 seura.
871 3060 978 3116 Per
1007 3062 1246 3118 triticum
1272 3081 1337 3119 ex
1362 3081 1469 3135 quo
1497 3065 1650 3135 panis
1697 3067 1932 3137 optimus
1954 3069 2258 3136 conﬁcitur,

657 3151 897 3206 divinam
926 3153 1258 3224 Scripturam
1286 3172 1574 3225 possumus
1600 3159 1872 3229 accipere,
1911 3175 2030 3231 qua:
2059 3169 2143 3216 est
2172 3176 2264 3230 pa-

661 3247 748 3301 nis
791 3247 1097 3303 animarum
1141 3266 1154 3302 :
1189 3249 1312 3305 dua:
1350 3267 1479 3306 vero
1518 3250 1668 3308 libra:
1710 3254 1869 3308 tritici
1916 3254 2027 3310 duo
2076 3255 2265 3311 Testa-
2291 3229 2336 3292 ϐ

662 3345 842 3391 menta
866 3337 1174 3410 designant,
1204 3343 1400 3412 quibus
1443 3343 1625 3399 divina
1656 3345 1939 3416 Scriptura
1981 3347 2259 3404 dividitur.

665 3430 744 3486 Ex
779 3431 846 3486 iis
869 3431 1078 3489 duabus
1107 3435 1259 3491 libris
1287 3438 1446 3492 tritici
1478 3453 1729 3510 magnam
1755 3440 2000 3494 ciborum
2051 3443 2262 3511 copiam

660 3523 820 3579 nobis
846 3529 1022 3583 sancti
1077 3535 1257 3598 patres
1301 3539 1768 3601 praiparaverunt,
1797 3533 1889 3603 qui
1927 3547 2046 3588 eam
2081 3535 2268 3590 multi-

662 3615 877 3686 pliciter
904 3631 1269 3690 exposuerunt
1313 3639 1327 3676 :
1357 3622 1616 3680 denarius
1641 3634 1821 3680 autem
1854 3626 2141 3682 Dominum
2173 3629 2266 3683 de-

657 3713 857 3784 signat.
894 3715 1042 3770 Bimc
1091 3731 1223 3788 ergo
1249 3718 1402 3774 libra:
1442 3720 1607 3775 tritici
1647 3721 1873 3776 denario
1904 3723 2260 3792 cepulantur;

657 3805 782 3878 quia
806 3807 947 3877 quod
995 3820 1180 3865 sancta
1225 3813 1497 3882 Scriptura
1544 3813 1805 3885 loquitur,
1838 3815 1906 3869 ad
1951 3822 2126 3871 unius
2173 3817 2263 3872 Dei

656 3899 1133 3971 omnipotentiam,
1154 3905 1602 3974 magnitudinem,
1634 3908 1956 3974 bonitatem,
1989 3917 2150 3977 atque
2180 3924 2268 3964 se-

657 3995 948 4050 veritatem
976 3999 1244 4067 pertinet;
1270 4000 1530 4071 quidquid
1577 4001 1721 4058 enint
1767 4003 1896 4058 boni
1932 4020 2060 4074 erga
2082 4006 2264 4074 proxi-

658 4101 777 4142 mos
799 4088 1038 4157 agimus,
1067 4090 1134 4145 de
1174 4091 1268 4146 illo
1293 4103 1398 4162 est,
1433 4109 1540 4149 non
1579 4093 1649 4150 de
1679 4096 1858 4152 nobis.
1910 4097 2012 4153 Per
2056 4101 2265 4169 asperi-

655 4187 823 4234 tatem
865 4195 994 4236 vero
1046 4181 1235 4239 hordei
1288 4200 1451 4252 opera
1492 4196 1802 4244 sanctorum
1855 4189 2259 4260 designantur:

657 4285 781 4340 quae
819 4285 1012 4343 aspera
1059 4275 1278 4345 quidem
1305 4277 1562 4334 videntur
1589 4295 1688 4351 per
1714 4280 2113 4350 operationem,
2164 4283 2261 4338 sed

659 4378 785 4431 spes
805 4380 868 4421 ea
895 4368 1080 4422 suavia
1103 4367 1253 4435 facit,
1275 4374 1410 4426 sicut
1431 4370 1567 4427 dicit
1585 4372 1846 4428 Dominus
1877 4373 2105 4445 :Jugum
2127 4377 2261 4431 enim

656 4473 828 4513 meum
865 4475 1019 4515 suave
1047 4471 1142 4526 est,
1185 4472 1234 4516 et
1263 4479 1392 4518 anns
1431 4481 1598 4519 meum
1653 4466 1759 4521 leve
1789 4465 2006 4538 (Matth.
2038 4484 2114 4533 ιι,
2143 4467 2257 4540 50).

657 4550 792 4608 Tres
813 4564 993 4608 autem
1024 4553 1247 4612 bilibres
1271 4555 1462 4613 hordei
1491 4568 1616 4613 sunt
1641 4576 1655 4614 :
1679 4575 1789 4614 non
1812 4561 2262 4618 inconvenientcr

656 4659 790 4716 ergo
830 4657 852 4685 ο
884 4661 978 4716 per
1029 4649 1302 4704 senarium
1337 4667 1654 4720 numerum,
1683 4656 1774 4723 qui
1832 4654 2102 4724 perfectus
2151 4666 2259 4722 est,
2290 4628 2342 4689 D

659 4752 825 4809 opera
855 4750 1166 4797 sanctorum
1189 4742 1576 4815 designantur,
1599 4747 1724 4816 quia
1754 4747 2016 4817 perfectio
2043 4759 2264 4803 sancto-

666 4849 787 4890 rum
820 4849 886 4890 ex
913 4834 1067 4890 bonis
1097 4837 1360 4908 operihns
1386 4840 1669 4894 accrescit.
1696 4839 1833 4896 Tres
1880 4841 2105 4898 bilibres
2134 4858 2266 4914 ergo

667 4926 857 4984 hordei
912 4929 1139 4985 denario
1168 4931 1605 5002 conjunguntur;
1638 4934 1765 5004 quia
1817 4935 2078 5006 quidquid
2136 4935 2262 4991 boni

657 5021 820 5078 electi
854 5021 906 5078 in
939 5021 1043 5079 hoc
1071 5024 1274 5079 sreculo
1291 5035 1613 5095 operantur,
1646 5027 1902 5098 quidquid
1930 5029 2143 5085 adversi
2173 5045 2265 5100 pa-

659 5115 890 5180 tiuntur,
925 5131 1022 5186 pro
1051 5131 1240 5172 amore
1268 5117 1426 5173 unius
1456 5117 1551 5174 Dei
1580 5121 1970 5192 omnipotentis
1995 5132 2160 5194 agunt
2205 5133 2262 5180 et

658 5211 959 5278 patiuntur.

737 5306 910 5362 Aliter
941 5325 956 5364 :
986 5323 1084 5378 per
1111 5324 1311 5379 equum
1363 5309 1398 5364 ii
1429 5310 1518 5380 qui
1549 5325 1646 5380 per
1699 5311 1894 5383 Legem
1959 5313 2093 5368 salvi
2140 5312 2266 5368 facti

664 5408 814 5466 sunt,
845 5399 1202 5471 designantur
1237 5421 1250 5458 :
1297 5418 1393 5473 per
1419 5419 1766 5460 ascensorem
1819 5407 1936 5475 ejus
1975 5405 2090 5471 ipse
2109 5405 2267 5461 dator

661 5488 821 5562 Legis
852 5509 866 5547 :
889 5509 985 5564 per
1010 5501 1270 5553 stateram
1293 5513 1422 5554 vero
1443 5499 1670 5571 aequitas
1686 5497 1874 5570 judicii
1898 5499 2036 5571 ejus.
2065 5501 2269 5558 Conse-

728 5685 758 5753 _II
795 5673 956 5753 Dom.
980 5677 1113 5753 edit.
1135 5679 1274 5746 Sola,
1303 5683 1390 5752 qui
1429 5681 1765 5752 Scripturam
1795 5683 1943 5753 legis.

723 5745 752 5785 δ
792 5747 1000 5804 Omnes
1030 5748 1187 5816 edit.,
1235 5762 1285 5806 et
1313 5745 1469 5823 quale
1505 5745 1763 5825 inﬂixerit
1785 5745 1903 5825 quis
1941 5755 2158 5823 malum,
2189 5764 2268 5809 ta-

643 5818 909 5894 te..et1:._:
941 5833 1074 5874 mss.
1107 5831 1288 5894 autem
1314 5818 1451 5894 utin
1473 5818 1752 5883 contextu.
1782 5870 1783 5873 η

726 5899 752 5931 ε
795 5884 964 5957 Edit.,
997 5894 1089 5958 p’er
1135 5890 1390 5948 binarium
1423 5891 1710 5952 numerum.
1757 5895 1823 5952 Et
1872 5895 2034 5967 intra,
2075 5906 2122 5951 et
2161 5909 2253 5964 per

1644 312 1736 368 AD
1772 311 2005 370 OPERA
2047 311 2104 369 S.
2149 311 2480 370 AMBROSII
2519 311 2889 370 APPENDIX.

3743 320 3801 379 83!

2352 446 2524 503 quens
2550 441 2708 489 estut
2727 447 2824 504 per
2844 431 2999 487 binas
3018 431 3188 487 libras
3216 429 3378 486 tritici
3393 439 3447 486 et
3465 445 3555 502 per
3571 441 3654 489 tres
3669 434 3803 495 bilibres

2351 525 2539 582 hordei
2589 534 2746 581 vetus
2773 524 3180 582 Testamentum
3214 526 3569 596 intelligamus
3597 545 3608 580 :
3633 545 3703 599 per
3717 531 3805 591 binas

2349 633 2478 689 ergo
2505 617 2672 674 libras
2702 618 2866 674 tritici
2912 618 3020 675 duo
3064 629 3334 690 pracepta
3378 617 3752 694 charitatis,qna
3778 630 3804 682 iit

2349 712 2493 785 Lege
2521 725 2575 769 et
2604 713 2912 786 'prophetis
2941 714 3256 786 specialiter
3298 715 3706 782 commendantur,
3723 723 3806 776 deti.

2349 816 2603 878 gnantur,
2636 809 2776 863 sicut
2822 808 3084 864 Dominus
3109 808 3246 864 dicit
3293 809 3346 862 in
3395 807 3751 880 Evangelimlu
3775 817 3807 869 is

2349 901 2546 956 duobus
2576 902 2832 957 mandatis
2871 912 2976 956 tota
3005 901 3114 957 Lea:
3149 902 3337 970 pendet
3367 912 3414 957 et
3434 903 3808 974 prophetellatti.

2350 992 2631 1065 ιιηίιίο).
2661 994 2726 1049 Et
2755 1009 2850 1066 per
2901 1004 3012 1051 tres
3063 995 3290 1050 bilibres
3336 994 3521 1050 hordei
3561 1006 3682 1050 vetus
3706 997 3811 1053 Testa-

2352 1099 2590 1145 mentum
2622 1104 2909 1160 possumus
2955 1090 3238 1160 accipere;
3270 1104 3338 1145 eo
3378 1090 3518 1161 quod
3545 1091 3590 1145 in
3617 1100 3697 1147 tres
3712 1105 3811 1162 partes

2351 1181 2420 1237 ab
2469 1181 2709 1237 llebrzeis
2751 1183 3044 1248 dividatur,
3082 1183 3134 1238 in
3183 1182 3509 1253 Pr0phetas,
3554 1185 3602 1238 in
3623 1183 3812 1255 Legem,u

2354 1277 2750 1349 llagiographa.
2765 1277 2874 1334 Nec
2897 1279 3054 1334 incon
3065 1280 3354 1335 venienter
3371 1295 3468 1350 per
3493 1278 3725 1348 hordeum,
3739 1287 3814 1354 quod

2352 1387 2606 1442 asperum
2656 1372 2819 1428 habet
2863 1375 3147 1440 corticem,
3181 1384 3342 1430 vetus
3371 1373 3720 1430 Testamentum
3737 1377 3814 1432 des-

2352 1476 2572 1536 gnatur,
2595 1463 2622 1502 δ
2646 1478 2868 1538 propter
2895 1469 3244 1538 asperitatem
3270 1468 3525 1525 videlicet
3551 1483 3814 1541 praeceptorum

2353 1558 2628 1628 legalium.
2658 1559 2793 1615 Nam
2821 1561 2964 1616 sicut
2997 1561 3260 1618 hordeum
3285 1561 3426 1617 infra
3455 1565 3737 1632 asperitatem
3753 1580 3817 1620 cst-

2353 1651 2472 1706 ticis
2499 1651 2584 1706 sui
2611 1652 2904 1708 medullam
2931 1654 3195 1720 continet,
3221 1669 3287 1709 ex
3321 1669 3426 1724 qua
3458 1656 3602 1724 panis
3627 1655 3814 1712 conﬁcitur.

2355 1745 2427 1800 ita
2455 1757 2510 1801 ct
2541 1746 2681 1801 infra
2717 1747 2955 1804 litteram
2985 1749 3186 1805 veteris
3211 1748 3544 1804 Testamenti
3575 1752 3817 1820 spiritalisit-

2357 1839 2654 1910 tclligentia
2704 1841 3034 1910 continetur,
3065 1858 3131 1897 ex
3163 1857 3268 1912 qua
3297 1857 3328 1896 a
3379 1843 3634 1914 magistris
3667 1841 3818 1899 Bedes:

2357 1935 2514 2004 panis
2536 1933 2803 1991 doctrinae
2835 1937 3098 2007 spiritalis
3147 1937 3478 2004 conﬁcitur,
3508 1937 3570 1992 ad
3615 1941 3817 1994 nutritura

2357 2026 2596 2082 ﬁdelium
2640 2028 2969 2098 proﬁciens;
2995 2029 3185 2086 scribit
3242 2031 3392 2086 enim
3433 2031 3680 2100 apostolus
3708 2030 3819 2087 Paris

2356 2122 2480 2192 quia
2506 2121 2718 2177 nullum
2747 2123 2815 2178 ad
2847 2123 3146 2194 perfectum
3177 2123 3404 2180 adduxit
3442 2124 3581 2192 Lex,
3610 2126 3820 2180 nullumm-

2357 2213 2485 2269 licet
2513 2231 2701 2270 eorum
2743 2217 2834 2284 qui
2875 2231 2995 2272 eam
3040 2218 3338 2274 carnaliter
3367 2219 3655 2290 intelligunt
3687 2228 3727 2275 et
3755 2234 3821 2289 ore

2356 2318 2547 2364 rantur
2579 2326 2592 2364 :
2624 2324 2720 2366 eos
2761 2325 2894 2365 vero
2934 2311 3027 2382 qui
3058 2325 3180 2366 eam
3211 2311 3536 2382 spiritaliter
3563 2313 3823 2383 inlelligtttttet

2356 2411 2673 2471 operantur,
2707 2403 2775 2456 ad
2807 2402 3168 2474 perfeCIionis
3196 2404 3420 2460 culmen
3451 2405 3565 2460 sine
3585 2404 3712 2460 dubio

2358 2497 2552 2569 (Hebr.
2578 2512 2670 2564 vn,
2705 2497 2819 2570 i9).
2846 2499 2982 2554 Tres
3012 2514 3142 2570 ergo
3167 2497 3325 2555 libra:
3368 2499 3554 2555 hordei
3581 2500 3821 2571 duplicantur,

2361 2599 2417 2645 ut
2445 2589 2509 2645 ad
2542 2591 2840 2657 senarium,
2869 2592 2961 2662 qui
3010 2591 3282 2662 perfectus
3320 2601 3408 2648 est
3452 2608 3692 2658 numerus,
3715 2608 3824 2663 pene-

2360 2682 2678 2749 nianl;cum
2713 2693 2868 2739 vetus
2898 2682 3306 2740 Testamentum
3340 2701 3370 2739 a
3417 2685 3694 2741 doctoribus
3721 2684 3828 2738 Beric-

2358 2777 2457 2831 sizc
2475 2777 2650 2846 primo
2675 2777 3054 2844 ltistorialiter,
3075 2788 3262 2847 postea
3277 2778 3590 2850 spiritaliter
3605 2779 3826 2848 intelligitur,

2361 2871 2590 2941 ejusque
2644 2871 2906 2941 spiritalis
2957 2870 3317 2941 intelligentia
3371 2873 3616 2943 operibus
3655 2872 3827 2941 impletur.

2360 2963 2467 3020 Per
2491 2964 2776 3020 denarium
2829 2974 3010 3021 autem
3041 2974 3248 3020 aeterna
3275 2965 3387 3020 vita
3439 2966 3722 3038 designatur,
3751 2965 3831 3019 situ

2366 3058 2626 3114 Dominus
2652 3059 2814 3115 docet
2845 3062 2898 3114 in
2930 3059 3230 3132 Evangelia
3257 3059 3490 3132 (Matth.
3516 3079 3595 3128 xx,
3617 3063 3674 3128 2).
3706 3061 3832 3116 Preca-

2365 3160 2453 3206 tur
2484 3152 2646 3222 igitur
2677 3153 2959 3209 Dominttm
3005 3155 3272 3223 Ecclesia,
3305 3168 3358 3214 et
3395 3157 3525 3214 dicit
3560 3155 3750 3210 :Bililris
3783 3159 3832 3206 tr."-

2370 3244 2458 3298 tici
2503 3246 2717 3300 denario
2743 3288 2759 3312 ,
2786 3257 2834 3301 et
2860 3258 2959 3303 tres
2981 3247 3191 3304 bilibres
3237 3252 3420 3306 hordei
3449 3250 3658 3317 denario,
3680 3248 3717 3302 id
3739 3247 3832 3308 εει,ίί

2367 3339 2457 3407 qui
2487 3337 2596 3394 duo
2619 3351 2885 3410 przecepta
2909 3343 3192 3399 charitatis
3216 3346 3514 3402 secundum
3536 3345 3764 3399 doctrinam
3781 3341 3834 3395 l2-

2366 3433 2449 3504 gis
2500 3443 2662 3504 atque
2711 3435 3130 3506 Prophetarum,
3163 3440 3412 3510 patribus
3459 3440 3683 3495 videlicet
3719 3437 3834 3491 veteris

2366 3524 2704 3582 Testamenti
2739 3546 2752 3581 :
2784 3529 3035 3585 similiter
3056 3541 3111 3586 et
3141 3531 3223 3587 eis
3253 3534 3344 3602 qui
3377 3543 3530 3588 vetus
3548 3533 3833 3588 Testamenus

2366 3618 2686 3687 spiritaliter
2717 3621 3027 3693 intelligunt
3056 3632 3111 3679 et
3133 3635 3454 3695 aperantur,
3489 3626 3538 3681 id
3563 3634 3649 3692 est,
3680 3622 3832 3677 ﬁdelitas

2368 3713 2656 3781 Ecclesiae,
2686 3716 2971 3772 denarium
3007 3717 3136 3774 vita:
3188 3729 3420 3776 aeternae
3475 3721 3672 3792 dignare
3705 3713 3829 3787 largiti.

2367 3803 2473 3860 Per
2500 3809 2877 3864 austeritatem
2911 3825 3042 3864 vero
3083 3811 3193 3866 vini
3242 3813 3474 3868 activam
3503 3814 3665 3877 vitam,
3690 3823 3836 3881 periit?

2365 3897 2654 3970 gttedinem
2705 3901 2809 3956 olei
2837 3903 3314 3974 contemplativam
3360 3920 3632 3976 possumus
3665 3903 3834 3971 accitam

2366 3991 2521 4059 Quod
2547 4007 2678 4064 ergo
2705 3994 2839 4050 dicit
2863 4013 2876 4050 :
2914 3995 3106 4051 Vinum
3137 4008 3183 4052 et
3218 3998 3390 4053 oleum
3412 4016 3474 4053 ne
3499 3999 3679 4061 laseris,
3707 3996 3837 4049 talest

2365 4101 2429 4141 ac
2448 4087 2492 4140 si
2521 4086 2762 4142 diceret:
2798 4089 2902 4143 Eos
2920 4091 3009 4158 qui
3040 4091 3138 4145 tihi
3164 4106 3259 4161 per
3282 4094 3478 4147 activae
3505 4092 3614 4147 vita:
3639 4087 3837 4159 opensitc

2365 4184 2804 4253 contemplativa:
2845 4184 3052 4241 servire
3082 4185 3437 4254 studuerunt,
3465 4202 3530 4242 ne
3574 4185 3837 4246 mseriarum

2365 4277 2433 4332 ad
2459 4277 2720 4349 judicium
2752 4281 2988 4335 veneris.

2435 4374 2622 4446 (νενεο
2659 4374 2737 4447 7-)
2785 4374 3041 4447 Sequitur
3076 4395 3090 4433 :
3147 4376 3217 4431 Et
3267 4394 3387 4432 cum
3412 4379 3669 4449 aperuisset
3698 4367 3840 4440 sigith

2364 4476 2624 4536 quartum.
2658 4469 2885 4539 Apertio
2906 4468 3067 4539 sigilli
3089 4469 3268 4540 quarti
3295 4469 3363 4526 ad
3390 4469 3657 4540 prophetas
3676 4461 3838 4534 patintia

2365 4561 2456 4631 qui
2484 4559 2776 4616 adventum
2804 4561 3026 4629 Christi,
3059 4565 3395 4631 passionem,
3429 4573 3483 4619 et
3508 4554 3838 4618 resurrcuiw

2367 4654 2506 4726 ejus,
2537 4655 2990 4727 voeationemque
3008 4658 3256 4728 gentium
3287 4666 3343 4712 et
3385 4666 3567 4727 aperto
3602 4651 3841 4709 sermoneﬁ

2365 4763 2463 4819 per
2493 4749 2675 4802 varias
2706 4747 2904 4820 ﬁguras
2931 4750 3299 4819 praedixerunt
3334 4768 3348 4803 :
3377 4750 3612 4805 Salvator
3638 4745 3759 4815 igitur
3775 4747 3840 4790 lt‘i'

2367 4852 2450 4898 ter
2476 4852 2727 4913 quartum
2755 4842 2992 4913 sigillum
3023 4843 3258 4911 aperuit,
3296 4843 3512 4913 quando
3547 4829 3838 4904 intelligentia

2368 4936 2759 5008 Prophetarum
2812 4936 3127 4993 doctoribus
3168 4937 3430 4993 Ecclesiae
3472 4934 3691 5006 praebuit.
3720 4923 3837 4984 Sedis

2365 5030 2523 5087 dictis
2553 5029 2946 5103 prophetarum
2975 5046 3080 5086 non
3109 5041 3192 5086 est
3217 5031 3379 5086 nobis
3424 5043 3630 5086 necesse
3653 5021 3840 5096 quibit“is

2368 5126 2572 5192 dicere,
2601 5140 2668 5182 eo
2697 5125 2841 5195 quod
2873 5126 2942 5181 ab
2969 5126 3174 5181 eisdem
3222 5125 3538 5182 doctoribus
3563 5111 3843 5192 expositi

2298 5222 2303 5227 ’
2373 5221 2438 5275 Et
2467 5222 2590 5292 quia
2617 5234 2725 5276 non
2753 5221 2931 5276 solum
2957 5234 3080 5290 qum
3098 5235 3124 5273 a
3159 5221 3449 5290 prophetis
3474 5219 3653 5288 scripta
3674 5201 3843 5272 sani.-illi

2369 5324 2560 5385 etquae
2591 5313 2658 5368 ab
2683 5313 2767 5369 eis
2817 5321 2967 5384 gesta
2995 5321 3145 5376 sunt,
3176 5313 3475 5383 spiritalem
3522 5310 3698 5366 habent
3727 5294 3844 5392 ἰυιςὶξο

2370 5407 2631 5479 gentiam,
2657 5420 2832 5478 pauca
2866 5405 2932 5462 de
2960 5405 3026 5460 iis
3069 5421 3188 5475 qua:
3217 5420 3314 5476 per
3344 5405 3528 5472 David,
3557 5401 3706 5458 Eliam
3731 5401 3770 5448 et
3787 5387 3844 5441 Br

2371 5513 2539 5556 meum
2574 5507 2729 5571 gesta
2749 5508 2894 5565 sunt,
2923 5498 3189 5554 dicamus.

2370 5692 2470 5736 tres
2501 5681 2659 5736 libras
2709 5677 2927 5747 hordei;
2954 5692 3085 5734 mss.
3139 5686 3320 5736 autem
3370 5689 3590 5752 utroque
3624 5675 3721 5730 loco
3755 5662 3841 5721 tit-*5

2372 5760 2773 5896 magalia?“
2796 5821 2942 5896 edit.
2959 5837 3110 5889 vero,
3144 5801 3352 5896 propter
3402 5824 3691 5895 asperitatem
3709 5805 3834 5870 cortis!

2362 5896 2462 5953 sui.
2493 5893 2781 5949 Medullam
2807 5894 3053 5965 continet,
3077 5897 3186 5951 etc‘.
