4042 6314
129 280 235 336 833

880 275 947 334 IN
986 275 1468 335 APOCALYPSIN
1512 274 1904 335 EXPOSITIO.
1949 277 2038 336 DE
2079 276 2356 339 VISIONE
2396 279 2673 338 TERTIA.

3331 282 3439 342 8'51

196 393 254 448 lu
281 393 486 466 Regum
514 393 788 451 rnlutninc
825 394 1089 466 scriptum
1113 404 1216 464 est,
1245 396 1370 467 quia
1403 413 1526 453 cum
1567 395 1729 452 David
1759 403 1812 464 Α
1840 405 2038 467 potest;
2060 399 2323 468 processit
2353 413 2588 471 namque
2613 398 2866 456 Salvator
2897 406 3084 455 noster
3099 406 3288 456 contra
3312 400 3442 457 Phi-

124 487 292 544 vellet
321 503 545 560 pergere
584 487 650 544 ad
681 504 913 561 pugnam
960 499 1151 546 contra
1207 489 1566 557 Philistaeum,
1597 489 1734 546 dixit

124 583 190 640 ad
223 583 354 640 Saul
387 601 400 638 :
451 583 705 640 Pascebat
744 601 919 641 seruus
961 595 1080 640 tuus
1118 601 1323 660 gregem
1351 586 1512 656 patris
1542 585 1651 651 sui,
1683 595 1734 641 et

122 678 361 734 veniebat
410 678 490 735 leo
518 679 598 734 vel
649 695 824 747 ursus,
856 679 1166 752 tollebatque
1213 682 1423 734 arietem
1468 679 1533 734 de
1563 678 1735 734 medio

119 772 315 846 gregis,
346 781 395 827 et
415 771 742 842 insequebar,
774 773 1220 845 percutiebamque
1245 789 1352 840 eos,
1394 772 1734 844 eruebamque

121 885 238 924 eum
266 867 333 924 de
357 883 446 923 ore
465 883 661 922 eorum.
708 865 776 921 Et
800 866 883 922 illi
925 857 1302 939 consurgebant
1329 867 1601 922 adversum
1628 881 1731 932 me,

119 971 164 1016 et
185 959 640 1034 apprehendebam
677 969 903 1016 mentum
935 976 1136 1028 eorum,
1168 968 1217 1016 et
1246 958 1601 1028 sulfocabam,
1650 959 1734 1014 in-

119 1055 534 1128 terﬁciebantque
559 1072 644 1110 eos
667 1073 687 1123 ;
710 1072 832 1109 nam
879 1064 926 1110 et
978 1055 1178 1111 leonem
1199 1064 1246 1111 et
1283 1071 1465 1110 ursum
1496 1053 1736 1126 interfeci

119 1168 243 1224 ergo
269 1167 446 1208 seruus
472 1161 592 1206 tuus
619 1150 660 1223 (Ι
691 1151 822 1222 Reg.
841 1166 972 1219 xm,
1001 1153 1070 1208 34
1093 1161 1140 1206 et
1166 1150 1321 1223 seq.).
1350 1149 1521 1206 David
1546 1149 1734 1206 Chris-

121 1255 235 1302 tum
262 1244 572 1316 signiﬁcat;
608 1261 706 1318 per
734 1245 950 1302 leonem
984 1256 1167 1302 autem
1209 1255 1265 1302 et
1312 1260 1498 1301 ursum
1542 1258 1732 1315 perse-

116 1346 342 1396 cutores
368 1335 636 1394 Ecclesiae
669 1335 1026 1408 designantur
1057 1355 1070 1390 :
1104 1351 1203 1409 per
1248 1337 1463 1393 leonem
1499 1336 1736 1405 impera-

117 1441 269 1490 tores
324 1441 382 1490 et
425 1432 612 1489 caeteri
644 1432 920 1503 principes
949 1442 1105 1488 terra:
1154 1451 1168 1486 :
1203 1447 1300 1503 per
1330 1447 1521 1486 ursum
1558 1429 1734 1486 Judaei

116 1526 394 1598 designati
445 1534 594 1588 sunt,
625 1525 716 1596 qui
765 1524 1070 1581 Ecclesiam
1103 1523 1194 1581 Dei
1247 1523 1522 1596 persecuti
1562 1532 1732 1578 sunt:

117 1635 218 1692 per
246 1605 487 1677 arietem
513 1634 648 1676 vero
685 1628 952 1692 martyres
1000 1618 1380 1690 designantur.
1413 1619 1524 1674 Leo
1574 1618 1738 1690 igitur

116 1723 170 1771 et
209 1729 380 1769 ursus
424 1713 592 1779 venit,
621 1722 784 1785 atque
813 1714 1040 1769 arietem
1070 1712 1140 1769 de
1181 1713 1361 1769 medio
1390 1714 1570 1785 gregis
1607 1713 1732 1768 abs-

1835 490 2087 557 listrentu,
2123 491 2340 562 quando
2365 491 2560 549 ductus
2599 500 2683 548 est
2728 491 2782 548 in
2831 491 3108 548 desertum
3150 508 3179 546 a
3232 492 3439 562 Spiritu

1833 592 2042 650 sancto;
2065 593 2120 639 ut
2138 591 2444 641 tentaretur
2459 601 2487 637 a
2506 584 2748 652 diabolo,
2767 586 3122 658 vinceretque
3141 584 3439 642 diabolum.

1833 676 2084 749 Quinque
2112 677 2320 749 lapides
2346 678 2513 734 David
2543 679 2597 735 in
2630 694 2816 749 peram
2861 681 3040 748 misit,
3067 679 3162 737 sed
3215 695 3287 737 ex
3330 695 3440 736 uno

1833 770 2045 828 Goliam
2091 773 2418 843 prostravit;
2454 773 2578 844 quia
2626 773 2874 831 Salvator
2923 784 3111 830 noster
3159 774 3441 831 scientiam

1833 865 2075 938 quinque
2100 866 2365 922 librorum
2393 868 2680 939 aequaliter
2706 868 2970 940 possedit,
2995 869 3088 925 sed
3125 883 3191 924 ex
3223 883 3357 939 uno,
3390 867 3445 925 id

1836 969 1920 1017 est
1969 962 2425 1028 Deutcronomio,
2477 961 2616 1017 trina
2664 961 2975 1018 testimonia
3023 961 3344 1033 assumpsit,
3374 977 3444 1019 ex

1835 1052 2035 1126 quibus
2059 1065 2170 1110 tres
2191 1053 2526 1109 tentationes
2554 1052 2760 1110 diaboli
2802 1053 3024 1110 devicit.
3058 1055 3124 1110 Et
3155 1056 3295 1110 sicut
3341 1055 3444 1110 Da-

1836 1146 1924 1202 vid
1971 1146 2135 1202 funda
2185 1147 2419 1218 lapidem
2445 1147 2602 1218 jecit,
2627 1155 2682 1203 et
2708 1147 2920 1204 Goliam
2954 1147 3250 1214 interiecit;
3285 1148 3354 1203 ita
3385 1155 3444 1205 et

1844 1240 2105 1298 Dominus
2133 1251 2320 1298 noster
2350 1241 2508 1299 Iesus
2531 1240 2782 1298 Christus
2807 1241 2987 1314 lingua
3034 1250 3236 1299 sancta:
3265 1242 3452 1315 Scrip-

1837 1343 1975 1391 tura:
2006 1337 2316 1394 testimonia
2347 1337 2594 1407 protulit,
2629 1345 2682 1392 et
2723 1335 3003 1392 diabolum
3037 1337 3338 1408 superavit.

1908 1429 2127 1488 Aliter:
2156 1432 2395 1502 perrexit
2444 1430 2608 1486 David
2649 1430 2715 1486 ad
2748 1446 2982 1502 pugnam
3004 1441 3192 1487 contra
3242 1430 3446 1488 Philis-

1838 1531 2001 1579 tzeum
2034 1541 2047 1577 :
2089 1523 2347 1579 similiter
2375 1531 2436 1581 et
2462 1523 2738 1592 Christus,
2770 1534 2828 1579 ut
2876 1524 3151 1580 diabolum
3181 1524 3449 1590 vinceret,

1836 1618 1902 1673 ad
1926 1618 2232 1689 passionem
2264 1619 2595 1689 properavit.
2631 1618 2798 1674 David
2828 1619 3007 1690 lapide
3041 1619 3251 1676 Goliam
3299 1619 3449 1692 deje-

1836 1711 1931 1778 cit,
1960 1711 2210 1767 similiter
2231 1722 2285 1768 et
2301 1711 2552 1768 Christus
2575 1710 2854 1768 diabolum
2885 1723 3064 1768 morte
3081 1728 3178 1768 sua
3198 1713 3448 1783 peremit.

115 1808 277 1873 tulit;
309 1806 437 1878 quia
465 1817 850 1878 persecutores
887 1805 1154 1878 quosdam
1184 1805 1251 1862 de
1274 1805 1517 1862 Ecclesia
1547 1805 1738 1862 ﬁdeles
1769 1806 1818 1868 B
1843 1802 2091 1874 Cumque
2117 1804 2354 1876 gladium
2385 1819 2496 1860 non
2553 1805 2786 1862 haberet
2833 1807 2885 1862 in
2915 1821 3076 1862 manu
3109 1806 3298 1872 David,
3335 1807 3455 1864 tulit

118 1901 391 1963 tulerunt,
439 1909 604 1971 atque
647 1913 746 1970 pro
800 1895 1002 1954 Christi
1050 1899 1274 1956 nomine
1315 1898 1732 1956 interfecerunt.

118 1994 185 2050 Et
219 1994 376 2050 sicut
406 1991 574 2048 David
603 1991 815 2048 leonem
863 2001 922 2049 et
973 2006 1160 2048 ursum
1205 1993 1486 2050 insecutus
1513 2007 1738 2064 percus-

117 2089 211 2156 sit,
240 2098 411 2160 atque
461 2091 686 2144 arietem
719 2087 786 2144 de
811 2102 908 2144 ore
938 2102 1126 2144 eorum
1169 2088 1316 2144 eruit
1359 2105 1374 2144 :
1400 2089 1653 2145 similiter
1679 2098 1734 2145 et

119 2181 470 2252 Redemptor
501 2191 686 2238 noster
713 2180 978 2252 quosdam
1024 2197 1088 2238 ex
1126 2183 1568 2252 persecutoribus
1611 2199 1738 2253 pcr-

119 2288 352 2334 secutus
378 2285 483 2344 est,
515 2274 735 2347 quando
761 2276 844 2332 eis
881 2291 1100 2346 pmnam
1151 2291 1314 2347 quam
1365 2277 1736 2344 merebantur,

119 2370 174 2425 in
209 2370 475 2439 praesenti
505 2371 706 2426 smculo
755 2368 1038 2442 irrogavit,
1069 2369 1214 2425 sicut
1245 2369 1420 2441 primo
1447 2369 1610 2444 530
1637 2370 1740 2426 lle-

121 2463 274 2530 rodi,
314 2473 372 2519 et
413 2463 610 2518 iterum
649 2463 917 2531 secundo,
961 2472 1017 2518 et
1064 2464 1258 2530 tertio,
1289 2474 1343 2519 et
1373 2464 1556 2518 multis
1594 2463 1736 2518 aliis.

121 2556 419 2614 Percussit
444 2557 666 2628 quippe,
693 2555 910 2628 quando
938 2570 1034 2612 eos
1065 2565 1269 2612 acterna
1301 2564 1478 2612 morte
1519 2555 1745 2612 damna-

122 2653 200 2710 vit
241 2671 258 2708 :
314 2651 545 2708 arietem
599 2651 667 2708 de
727 2665 826 2708 ore
872 2666 1058 2708 eorum
1093 2652 1256 2718 eruit,
1297 2651 1422 2720 quia
1479 2649 1740 2721 populum

125 2747 384 2804 ﬁdelium
425 2747 494 2802 ab
533 2761 726 2804 eorum
753 2745 1086 2803 laceratione
1115 2746 1386 2803 liberavit.
1440 2746 1508 2801 Et
1549 2745 1745 2802 iterum

123 2841 206 2897 illi
231 2839 644 2912 consurgebant
680 2839 974 2896 adversum
1021 2839 1221 2904 David,
1254 2840 1379 2909 quia
1407 2838 1746 2909 temporibus

127 2942 560 3007 persecuturum
593 2948 716 2990 cum
736 2932 829 2988 alii
853 2932 1201 3004 punirentur,
1231 2931 1322 2987 alii
1351 2943 1542 2988 contra
1563 2931 1750 2987 Chris-

127 3036 252 3085 tum
283 3027 660 3099 insurgebant,
688 3035 748 3081 ut
767 3025 891 3096 ejus
914 3040 1110 3082 nomen
1141 3033 1304 3097 atque
1334 3025 1604 3082 culturam
1628 3025 1751 3081 lun-

125 3121 287 3178 ditus
307 3121 740 3193 exstinguerent.
784 3119 889 3176 Sed
926 3119 1093 3175 David
1127 3118 1572 3190 apprehendehat
1599 3134 1752 3175 men-

1839 1898 2077 1970 gladium
2111 1897 2139 1937 ι)
2171 1897 2458 1966 Ριιῑιὶειαξί,
2501 1911 2557 1956 et
2601 1899 2876 1956 interfecit
2919 1916 3044 1958 eum
3087 1901 3268 1972 gladio
3323 1917 3447 1971 suo,

1840 1993 2197 2063 praeciditque
2224 2001 2390 2064 caput
2428 1995 2568 2064 ejus.
2619 1994 2847 2052 Gladius
2886 1994 3088 2051 diaboli
3118 2009 3264 2051 mors
3306 2004 3387 2051 est
3433 2013 3448 2051 :

1840 2084 2053 2141 Invidia
2078 2088 2214 2142 enim
2247 2087 2444 2142 diaboli
2472 2105 2612 2145 mors
2654 2089 2868 2144 intravit
2895 2088 2951 2144 in
2975 2089 3150 2146 orbem
3194 2098 3450 2146 terrarum

1843 2181 2002 2254 (Sap.
2035 2197 2094 2247 ll,
2116 2182 2232 2254 24).
2255 2181 2365 2238 lste
2387 2192 2470 2239 est
2493 2183 2725 2255 gladius,
2755 2200 2864 2254 quo
2886 2183 3118 2255 primum
3145 2183 3450 2254 hominem,

1841 2271 2039 2328 deinde
2068 2289 2244 2345 genus
2282 2273 2580 2330 humanum
2623 2291 2795 2348 usque
2825 2275 2953 2332 dum
2996 2291 3027 2332 a
3057 2275 3280 2334 Christo
3309 2277 3453 2334 redi-

1843 2375 2106 2433 meretur,
2138 2366 2433 2424 interlecit.
2465 2368 2622 2424 Hunc
2669 2368 2908 2440 gladium
2945 2368 3302 2438 incurrimus,
3328 2386 3452 2427 cum

1842 2476 2136 2532 peccamus
2167 2478 2180 2515 :
2207 2461 2304 2517 sed
2345 2463 2493 2518 hunc
2517 2463 2754 2534 gladium
2785 2464 3039 2521 Christus
3061 2481 3168 2521 non
3195 2464 3455 2534 habebat;

1843 2553 1968 2625 quia
1998 2564 2279 2624 peccatum
2305 2571 2411 2610 non
2439 2555 2670 2623 fecerat,
2695 2572 2796 2613 nec
2825 2557 3077 2615 inventus
3097 2560 3273 2616 fuerat
3297 2558 3458 2615 dolus

1846 2647 1900 2703 in
1931 2664 2027 2704 ore
2054 2647 2173 2720 ejus
2212 2649 2257 2719 (l
2282 2647 2402 2704 Pet.
2439 2667 2500 2717 ιι,
2529 2648 2645 2723 22).
2675 2650 2936 2726 Originali
2965 2669 3184 2726 quoque
3231 2665 3458 2726 peccato

1853 2754 1876 2782 ο
1903 2744 2178 2800 obnoxius
2201 2759 2308 2800 non
2334 2753 2482 2811 erat;
2512 2747 2636 2817 quia
2664 2763 2731 2803 ex
2753 2747 3046 2804 concubitu
3069 2748 3195 2815 viri,
3223 2749 3314 2821 qui
3341 2749 3462 2807 sine

1849 2847 2076 2908 peccato
2099 2853 2224 2894 esse
2273 2854 2381 2893 non
2413 2849 2612 2909 potest,
2644 2849 2800 2896 ortus
2839 2855 2946 2895 non
2981 2839 3179 2897 fuerat.
3210 2840 3460 2899 Christus

1849 2929 2035 3001 itaque
2059 2931 2150 3002 qui
2177 2940 2414 2987 mortem
2444 2947 2508 2987 ex
2533 2930 2720 2988 debito
2747 2948 2858 2989 non
2886 2932 3142 3003 habebat,
3171 2951 3203 2991 a
3241 2935 3462 2994 diabolo

1851 3026 1946 3097 qui
1993 3035 2184 3082 auctor
2203 3027 2322 3097 ejus
2346 3039 2484 3092 erat,
2531 3035 2762 3084 mortem
2813 3029 3098 3099 mutuavit,
3129 3040 3184 3086 et
3213 3045 3314 3102 per
3339 3045 3461 3088 eam

1853 3118 2103 3175 eumdem
2141 3119 2441 3190 principem
2467 3121 2661 3176 mortis
2685 3120 2982 3178 interfecit.
3010 3121 3118 3178 Per
3159 3132 3323 3194 caput
3366 3137 3464 3179 au-

127 3225 253 3272 tum
313 3231 528 3280 eorum,
577 3224 634 3272 et
671 3213 1001 3282 suﬁ'ocabat,
1053 3213 1520 3285 interticiebatque
1572 3228 1668 3270 eos
1709 3208 1826 3287 (lC
1859 3221 1967 3267 tem
2019 3211 2280 3268 Philistwi
2331 3228 2506 3285 genus
2548 3213 2844 3270 humanum
2893 3214 2948 3270 in
3000 3213 3103 3272 hoc
3153 3215 3276 3272 loco
3317 3215 3466 3273 desi-

126 3309 276 3384 Reg.
305 3325 436 3376 xvn,
467 3307 581 3381 55).
612 3307 716 3365 Per
733 3317 998 3376 mentum,
1021 3307 1165 3380 quod
1190 3307 1272 3362 ori
1299 3315 1386 3363 est
1413 3307 1748 3378 proximum,

127 3402 507 3474 blasphemia:
544 3401 856 3458 Iudaeorum
880 3410 1040 3472 atque
1088 3416 1420 3473 paganorum
1461 3401 1754 3472 designan-

129 3507 248 3555 tur.
286 3495 540 3552 Cbristus
570 3503 811 3552 mentum
842 3503 1255 3565 persecutorum
1284 3493 1664 3564 apprehendit,
1698 3502 1754 3550 et

130 3592 454 3661 suﬂ'oravit,
504 3591 888 3660 interfecitque
911 3605 1028 3656 eos;
1061 3589 1285 3660 quando
1327 3589 1754 3660 imperatoribus

127 3687 188 3744 in
205 3686 496 3745 Christum
517 3684 890 3751 credentibus,
913 3684 1094 3740 onmis
1121 3684 1333 3740 cultura
1359 3692 1416 3739 et
1439 3699 1596 3739 error
1619 3698 1756 3754 gen-

131 3782 321 3839 tilium
353 3779 429 3836 ita
457 3778 752 3835 suﬁ‘ocatus
773 3785 879 3842 est,
907 3787 965 3833 ut
1005 3777 1188 3833 nullus
1213 3786 1626 3848 persecutorum
1655 3791 1753 3832 au-

128 3875 303 3932 deret
383 3886 447 3930 os
512 3872 580 3928 ad
633 3871 1122 3944 blaspltemattdum
1171 3869 1447 3927 Christum
1496 3871 1752 3941 aperire;

130 3976 160 4006 ⁸
183 3981 502 4038 omnesque
526 3965 781 4022 exstincti
809 3975 975 4032 sunt,
1013 3964 1363 4022 credentibus
1390 3961 1446 4020 in
1475 3962 1754 4020 Christum

127 4063 427 4138 gentibus.

207 4159 369 4216 Idem
415 4166 593 4214 autem
627 4156 798 4214 David
823 4171 946 4212 cum
986 4155 1054 4212 ad
1081 4154 1287 4212 bellum
1320 4164 1508 4212 contra
1560 4153 1759 4210 Philis-

131 4261 310 4311 taum
337 4252 465 4317 iret,
497 4249 750 4307 baculum
777 4264 940 4305 suum
971 4247 1095 4303 tulit
1119 4262 1326 4313 secum,
1353 4262 1514 4318 quem
1541 4259 1759 4316 semper

131 4343 468 4404 habebatin
497 4343 782 4409 manibus,
831 4340 1107 4413 elegitque
1153 4340 1260 4396 sibi
1300 4339 1542 4412 quinque
1582 4337 1760 4409 limpi-

128 4441 412 4499 dissimos
443 4438 649 4510 lapides
677 4437 747 4493 de
780 4445 1047 4500 torrente,
1079 4443 1134 4489 et
1165 4433 1314 4488 misit
1341 4447 1438 4489 eos
1461 4431 1516 4488 in
1549 4445 1757 4502 peram,

129 4551 311 4608 quam
338 4531 578 4588 habebat
598 4546 811 4599 secum,
835 4537 891 4584 et
906 4527 1129 4584 fundam
1154 4542 1318 4583 manu
1351 4525 1493 4594 tulit,
1528 4535 1585 4582 et
1633 4539 1760 4596 pro-

1855 3315 2076 3378 gnatur.
2109 3307 2359 3363 Prmcidit
2385 3308 2554 3364 David
2569 3319 2732 3379 caput
2755 3308 3046 3376 Philistaai,
3065 3310 3190 3382 quia
3211 3309 3466 3368 Christus

1855 3417 1883 3456 a
1910 3417 2141 3471 corpore
2170 3402 2373 3458 diaboli
2401 3403 2698 3458 electorum
2733 3404 3142 3462 multitudinem
3169 3405 3466 3476 separavit.

1859 3493 2063 3550 Detulit
2091 3495 2224 3550 illud
2256 3496 2308 3550 in
2333 3496 2698 3566 Hierusalem,
2729 3497 2855 3568 quia
2887 3498 3293 3556 multitudinem
3323 3501 3469 3558 elec-

1859 3597 2034 3643 torum
2065 3589 2118 3644 in
2147 3589 2360 3645 cmlesti
2386 3589 2746 3659 beatitudine,
2777 3606 2898 3662 qua:
2924 3590 3266 3650 Hierusalem
3307 3608 3470 3651 voca-

1860 3690 1968 3748 tur,
1992 3681 2310 3738 collocavit.

1931 3775 2007 3831 De
2031 3773 2148 3830 Elia
2177 3791 2308 3830 vero
2337 3785 2394 3832 et
2423 3775 2624 3832 Elisreo
2644 3777 2896 3848 quamvis
2925 3792 3114 3836 eorum
3143 3779 3284 3838 facta
3311 3779 3469 3852 plena

1858 3870 1966 3926 sint
2007 3870 2347 3940 spiritalibus
2390 3871 2664 3938 sensibus,
2693 3887 2757 3928 ea
2801 3874 3177 3932 tantummodo
3225 3875 3470 3947 profera-

1860 3980 2004 4031 mus,
2028 3979 2190 4034 quam
2212 3963 2445 4020 Domino
2464 3963 2515 4019 in
2536 3964 2832 4037 Evangelio
2862 3977 3293 4025 commemorata
3319 3978 3466 4026 sunt.

1858 4057 1993 4114 Nam
2015 4073 2138 4114 cum
2161 4058 2402 4115 venisset
2421 4057 2684 4116 Dominus
2709 4060 2763 4116 in
2791 4059 3082 4127 Nazaretb,
3129 4061 3385 4120 dixerunt
3415 4063 3468 4120 ei

1857 4152 2110 4208 concives
2145 4153 2266 4224 ejus
2316 4169 2332 4206 :
2381 4151 2592 4221 Quanta
2620 4154 2915 4211 audivimus
2942 4159 3085 4228 facta
3124 4158 3178 4213 in
3232 4157 3470 4230 Cap/tar-

1861 4262 2042 4310 naum,
2065 4250 2150 4318 fac
2179 4256 2227 4300 et
2249 4246 2331 4301 hic
2357 4245 2411 4300 in
2432 4247 2606 4319 patria
2647 4256 2756 4303 tua.
2818 4249 3071 4322 Dixitque
3115 4251 3196 4306 eis
3239 4269 3254 4307 :
3307 4251 3472 4308 Amen

1861 4339 1978 4394 dico
2004 4339 2144 4395 vobis
2166 4382 2180 4408 ,
2213 4340 2334 4412 quia
2361 4341 2538 4396 multa:
2565 4341 2734 4397 uiduae
2776 4351 2924 4397 erant
2953 4343 3009 4397 in
3037 4342 3218 4399 diebus
3245 4341 3382 4400 Elia:
3417 4345 3471 4400 in

1861 4431 2054 4500 Israel,
2082 4433 2291 4503 quando
2318 4433 2552 4490 clausum
2578 4445 2654 4491 est
2686 4435 2892 4501 caelum,
2925 4445 2975 4490 et
3003 4436 3074 4490 ad
3115 4435 3315 4493 nullout
3345 4439 3469 4494 illa-

1861 4543 1977 4581 rum
2026 4527 2214 4582 missus
2242 4536 2317 4582 est
2355 4524 2528 4596 Elias,
2561 4528 2662 4582 nisi
2709 4528 2761 4582 in
2794 4528 3070 4593 Sareptam
3121 4528 3358 4586 Sidonia:
3399 4529 3470 4586 ad

129 4631 321 4689 cessit
342 4635 535 4685 contra
579 4624 934 4682 Philistzeum.
985 4623 1090 4679 Per
1127 4622 1380 4678 baculum
1428 4635 1538 4692 quo
1600 4619 1763 4674 homo
1787 4619 1841 4681 D
1868 4619 2128 4675 mulierem
2152 4619 2384 4674 viduam.
2419 4617 2488 4674 Et
2511 4620 2664 4676 multi
2691 4620 2884 4691 leprosi
2902 4633 3051 4676 erant
3076 4623 3130 4677 in
3157 4623 3336 4679 diebus
3355 4623 3475 4680 Eli-

133 4734 520 4791 sustentatur,
543 4723 777 4796 apostoli
799 4720 1176 4792 designantur,
1201 4719 1293 4791 qui
1312 4716 1763 4787 Christumquasi
1863 4715 1954 4767 swi
1975 4713 2028 4767 in
2062 4711 2255 4781 Israel,
2283 4722 2332 4768 et
2357 4729 2506 4768 nemo
2531 4729 2708 4768 eorum
2734 4714 3013 4770 mundatus
3048 4726 3145 4785 est,
3177 4717 3278 4773 nisi
3322 4717 3373 4772 Ν
3382 4734 3474 4773 aa-

131 4822 559 4887 sustinuerunt,
597 4831 723 4873 cum
754 4830 892 4886 opus
939 4821 1166 4885 propter
1203 4811 1351 4884 quod
1395 4811 1449 4867 in
1500 4809 1762 4866 mundum
1864 4822 1986 4860 man
2019 4805 2187 4878 Syrus
2209 4804 2365 4877 (Luc.
2396 4822 2473 4874 tv,
2499 4804 2570 4862 23
2595 4815 2644 4861 et
2671 4807 2831 4878 seq.).
2857 4805 2914 4862 In
2957 4807 3165 4880 Regum
3197 4811 3474 4867 volumine

132 4921 408 4980 venerat,
437 4910 872 4982 compleverunt,
900 4907 1038 4964 sicut
1059 4907 1193 4962 dicit
1216 4904 1496 4976 apostolus
1521 4901 1759 4958 Paulus:

130 5007 252 5065 Dei
281 5006 425 5064 enim
447 5004 714 5080 adjutores
743 5017 923 5058 sumus
961 4999 1000 5072 (I
1030 4998 1154 5056 Cor.
1182 5013 1264 5066 ut,
1295 4997 1376 5068 9).
1417 4997 1522 5054 Per
1575 5010 1761 5068 peram

133 5114 344 5160 autem
371 5100 492 5172 ejus
523 5098 834 5155 humanitas
878 5095 1233 5167 designatur:
1269 5107 1366 5164 per
1408 5097 1651 5163 qulnque
1683 5090 1761 5146 la~

133 5196 318 5270 pides
341 5193 584 5265 quinque
603 5191 728 5248 libri
751 5190 945 5262 Moysi,
971 5202 1107 5260 quos
1128 5188 1182 5242 in
1207 5202 1394 5258 peram
1424 5185 1604 5252 misit;
1639 5185 1764 5256 quia

135 5285 449 5346 scientiam
476 5283 719 5356 quinque
741 5281 1004 5337 librorum
1036 5277 1272 5346 homini,
1305 5294 1467 5350 quem
1518 5292 1769 5350 assump-

131 5387 330 5447 serat,
358 5379 549 5436 dedit:
579 5392 676 5450 per
701 5376 920 5433 fundam
951 5384 1132 5432 autem
1173 5373 1295 5445 ejus
1338 5373 1577 5446 linguam
1625 5373 1770 5430 acci-

133 5489 292 5548 pere
323 5486 632 5544 possumus.
663 5469 951 5528 Processio
981 5483 1110 5526 vero
1137 5467 1306 5524 David
1335 5477 1529 5524 contra
1570 5467 1768 5523 Philis-

135 5582 327 5629 tmum
375 5566 590 5625 duobus
619 5566 796 5623 modis
845 5564 1142 5623 secundum
1197 5563 1512 5636 allegoriam
1546 5562 1770 5634 intelligi

234 5743 264 5772 α
305 5731 595 5802 Omnesque
632 5728 870 5786 exstincti
901 5737 1046 5795 sunt,
1068 5725 1398 5783 credentibus
1419 5727 1476 5782 in
1506 5725 1772 5784 Christum

139 5804 430 5881 gentibus,
460 5819 528 5860 ex
559 5818 692 5881 mss.
727 5803 1060 5881 restituitur.

235 5878 267 5920 δ
309 5877 514 5937 Omnes
530 5875 690 5945 cdit.,
725 5874 1011 5944 Pltilistwi;
1037 5882 1084 5932 et
1109 5883 1263 5946 caput
1290 5873 1432 5929 illius
1459 5874 1774 5945 amputavit.

1864 4902 2128 4972 scriptum
2176 4910 2262 4958 est
2305 4901 2432 4972 quia
2475 4915 2598 4957 cum
2647 4903 2907 4972 cmpisset
2950 4902 3140 4962 Achab
3182 4921 3278 4962 rex
3307 4905 3475 4962 Israel

1868 4995 2044 5051 Ellam
2071 4995 2347 5067 persequi,
2375 4993 2729 5067 praecipiente
2751 4995 3004 5066 Domino,
3050 4999 3180 5055 abiit
3213 5001 3266 5055 in
3290 4999 3479 5056 desero

1871 5099 2007 5156 tum,
2039 5101 2093 5146 et
2122 5089 2262 5146 sedit
2281 5091 2438 5160 juxta
2464 5097 2763 5148 torrentem
2793 5091 2996 5148 Charib
3030 5093 3216 5149 :corvi
3261 5108 3480 5166 quoque

1871 5183 2187 5242 deferebant
2214 5183 2266 5240 ei
2295 5199 2467 5254 panes
2495 5194 2552 5240 et
2576 5199 2772 5242 carnes
2793 5201 2976 5254 mane,
3009 5198 3062 5244 et
3092 5203 3260 5259 panes
3277 5199 3332 5246 et
3359 5205 3482 5249 car-

1872 5292 1972 5334 nes
1991 5291 2239 5348 vespere,
2282 5285 2338 5332 et
2371 5276 2592 5333 bibebat
2624 5277 2695 5334 de
2722 5287 2968 5338 torrente
3013 5281 3100 5348 (ill
3129 5283 3260 5355 Reg.
3286 5299 3417 5351 xvu,
3444 5284 3480 5341 ὅ

1871 5381 1919 5428 et
1949 5369 2105 5442 seq.).
2162 5369 2311 5427 Elias
2367 5368 2642 5427 Christum
2676 5372 2979 5445 ﬁgurabat:
3023 5389 3122 5444 per
3173 5387 3476 5433 torrentem

1871 5476 2056 5524 autem
2086 5465 2288 5524 Charib
2311 5465 2507 5537 Legem
2535 5465 2800 5522 debemus
2819 5465 3141 5540 intelligere.
3171 5469 3371 5526 Charib
3398 5471 3485 5527 in-

1875 5568 2209 5633 terpretatur
2258 5559 2639 5628 mendacium,
2669 5575 2778 5617 non
2815 5560 2959 5632 quod
3003 5564 3088 5618 lex
3131 5564 3480 5624 mendacium

1879 5724 1907 5781 Ι
1939 5736 1987 5781 te
2012 5743 2041 5781 ε
2071 5737 2089 5782 t
2241 5769 2255 5784 .

1913 5744 1936 5783 ⁸
1961 5811 1982 5876 ς
2007 5744 2082 5856 Ιιέ
2095 5735 2297 5858 ᾏπῗιῗεε
2327 5815 2485 5869 mss.;
2514 5814 2708 5858 omnes
2733 5801 3050 5876 vero__edit.,
3079 5804 3333 5862 obnoxius
3354 5813 3486 5876 erat,

1885 5873 2008 5946 quia
2035 5876 2086 5929 in
2109 5885 2321 5949 peccato
2346 5884 2490 5932 ortus
2513 5890 2614 5930 non
2641 5877 2832 5948 fuerat.
2863 5873 3102 5934 Christus
3122 5881 3315 5953 itaque,
3339 5887 3450 5937 etc.
