4042 6314
618 264 725 339 eis

1559 278 1652 337 AD
1689 268 1916 337 09an
1962 268 2207 335 SANCTI
2248 252 2575 336 Anneosn
2614 272 2979 335 APPENDIX.

3822 260 3916 342 836

613 403 707 470 sit;
736 401 916 458 solent
963 416 1197 473 namque
1219 399 1513 473 prudentes
1540 414 1846 474 proponere
1873 397 2215 454 auditoribus
2242 410 2294 472 Α
2323 396 2794 467 praedicaverunt;
2824 396 2968 452 unde
2995 402 3051 451 et
3098 407 3197 466 per
3222 394 3524 453 buceellam
3574 397 3730 469 panis
3772 397 3914 454 initia

612 493 725 548 suis
758 491 1066 564 parabolas,
1091 492 1414 564 utapertius
1451 493 1824 565 intelligantur
1845 506 1930 558 ea,
1974 506 2093 562 quae
2131 489 2211 545 di-

612 600 736 641 cere
758 585 968 652 volunt,
990 596 1045 642 et
1076 586 1424 643 introducunt
1444 587 1645 643 be_~tias
1673 595 1726 642 et
1756 601 1884 641 aves
1909 583 2212 655 loquentes.

612 678 766 748 Quod
789 679 966 735 sisoia
986 680 1152 736 verba
1178 680 1556 751 parabolarum
1581 679 1850 746 attendas,
1878 676 2215 734 mendacium

609 786 731 828 esse
762 772 1061 844 proSpicies
1092 790 1101 825 :
1134 775 1217 829 sin
1249 790 1377 830 vero
1417 784 1671 838 sensum,
1699 773 1982 829 veritatem
2016 768 2214 841 probn~

610 860 716 923 bis.
750 866 1017 923 Similiter
1054 878 1110 923 et
1130 868 1377 939 qumdatn
1426 874 1694 938 pra-cepta
1727 867 1941 938 legalta,
1974 866 2017 920 si
2072 865 2218 918 litte-

606 974 720 1015 ratn
748 961 1124 1016 tantummodo
1153 961 1425 1029 attendas,
1458 962 1668 1016 inutilia
1709 960 1805 1015 tibi
1846 958 2210 1015 videbuntur:

606 1055 650 1109 si
700 1053 998 1125 spiritalem
1054 1054 1506 1125 intelligentiam,
1540 1055 1745 1110 veritas
1792 1053 1886 1108 tibi
1931 1066 2121 1122 magna
2161 1051 2213 1105 in

604 1145 787 1203 littera
814 1146 1064 1221 refulget.
1095 1148 1355 1217 Quaedam
1383 1148 1547 1221 igitur
1588 1156 1857 1219 praecepta
1898 1145 2091 1216 iegalia
2115 1142 2212 1199 .luo

606 1239 741 1295 dacis
770 1240 1115 1297 mendacium
1140 1252 1268 1296 sunt
1287 1257 1302 1308 ;
1323 1243 1446 1311 quia
1471 1256 1532 1297 ea
1557 1241 1849 1296 carnaliter
1871 1238 2212 1308 intelligunt:

604 1331 767 1388 nobis
802 1342 984 1389 autem
1022 1334 1257 1400 veritas;
1294 1333 1420 1403 quia
1450 1347 1512 1388 ea
1558 1330 1878 1402 spiritaliter
1910 1328 2216 1395 intelligere

602 1437 878 1479 curamus.
914 1424 1020 1481 Per
1057 1438 1252 1480 corvos
1276 1439 1408 1481 vero
1431 1422 1743 1481 sacerdotes
1781 1422 2091 1478 Judaeorum
2113 1420 2212 1475 de-

600 1514 909 1587 signantur,
940 1517 1212 1574 velamine
1243 1518 1489 1574 eordium
1519 1530 1742 1573 suorum
1776 1516 2050 1573 tenebrosi
2080 1533 2093 1570 :
2121 1528 2217 1585 per

599 1626 797 1669 carnes
812 1613 941 1685 juge
962 1613 1289 1669 sacriﬁcium
1331 1612 1473 1683 quod
1504 1624 1664 1667 tuane
1685 1622 1741 1668 et
1769 1624 1996 1680 vespere
2014 1607 2212 1665 oil‘ereo

603 1705 783 1763 batur.
814 1706 987 1761 Panes
1006 1716 1185 1761 autem
1208 1716 1376 1776 panes
1401 1704 1787 1776 prepositionis
1814 1702 2211 1769 demonstrant,

2324 489 2446 546 lidei
2477 504 2763 562 possumus
2785 490 3109 562 intelligere.

2396 586 2460 640 Et
2484 586 2605 657 quia
2638 585 2717 641 illi
2743 596 3123 657 competenter
3147 586 3215 643 ad
3239 587 3399 643 tidem
3427 588 3675 653 veniunt,
3695 587 3786 658 qui
3813 594 3917 643 stu-

2321 679 2453 734 dent
2509 680 2659 751 prius
2708 688 2929 752 peccata
2976 692 3075 736 sua
3120 680 3395 745 conﬁteri,
3433 688 3586 737 recte
3630 680 3914 736 subditur:

2323 772 2573 844 Dixitque
2601 774 2651 828 ei
2684 773 2882 830 mulier
2915 791 2928 828 :
2992 770 3125 828 Viuit
3158 773 3414 830 Dominus
3444 772 3588 830 Deus
3639 783 3783 839 tntts,
3805 774 3919 844 quia

2321 874 2424 920 non
2447 865 2609 921 habeo
2635 878 2841 937 partem,
2876 866 2978 921 nisi
3022 876 3274 938 quantum
3303 878 3469 938 potest
3517 866 3753 939 paginas
3778 884 3919 937 cape-

2324 975 2378 1015 re
2401 960 2591 1024 {arium
2614 960 2665 1014 in
2695 952 2903 1032 hydria,
2928 971 2977 1016 et
3021 963 3294 1033 paululum
3334 963 3435 1016 olei
3465 963 3521 1016 in
3567 960 3797 1035 leryttte.
3824 961 3917 1018 Le-

2320 1051 2515 1123 cythus
2547 1062 2641 1107 vas
2663 1062 2803 1119 erat,
2830 1054 2882 1108 in
2908 1066 3016 1124 qun
3047 1055 3227 1109 oleum
3253 1054 3592 1110 servabatur.
3625 1055 3916 1109 Possumus

2321 1158 2451 1200 vero
2483 1160 2575 1215 per
2607 1144 2837 1201 farinam
2870 1148 3159 1214 rationem,
3190 1162 3288 1218 per
3314 1147 3497 1203 oleum
3544 1156 3729 1203 autem
3756 1165 3915 1219 opera

2320 1236 2709 1293 misericordiae
2738 1238 3063 1309 intelligere.
3116 1239 3348 1296 Gentilis
3387 1255 3519 1311 ergo
3557 1243 3795 1313 popilius
3830 1257 3917 1297 co-

2321 1344 2595 1401 gnoscens
2633 1345 2693 1387 se
2720 1334 2962 1403 graviter
2989 1346 3225 1399 errasse,
3267 1333 3638 1390 conﬁtebatur
3690 1335 3819 1389 nihil
3867 1334 3913 1390 in

2320 1436 2380 1478 se
2404 1420 2530 1477 buiti
2559 1437 2715 1489 esse;
2741 1421 2851 1478 nisi
2874 1423 3253 1480 tantummodo
3273 1424 3416 1495 quod
3443 1440 3634 1496 parum
3672 1427 3913 1491 rationis,

2318 1527 2374 1570 et
2407 1530 2594 1586 parum
2626 1530 2694 1571 ex
2727 1518 2986 1587 operiths
3042 1519 3437 1575 misericOrdim
3493 1519 3777 1577 videretur
3829 1522 3914 1577 ba-

2319 1608 2471 1663 bere.
2528 1608 2776 1665 Gentiles
2818 1624 3054 1681 namque
3107 1627 3296 1681 parum
3336 1612 3567 1668 rationis
3615 1614 3914 1680 habebant;

2318 1702 2447 1771 quia
2477 1718 2544 1758 ex
2579 1711 2735 1773 parte
2763 1704 3139 1771 rationabiles,
3180 1721 3246 1761 ea
3280 1706 3516 1762 maxima
3544 1718 3734 1765 autem
3771 1719 3915 1780 parte

601 1802 693 1872 qui
727 1800 948 1856 assidue
987 1801 1040 1855 in
1083 1808 1381 1871 conspectu
1435 1797 1650 1855 Demiui
1704 1800 2045 1867 ponebantur
2084 1813 2096 1850 :
2133 1794 2214 1851 bi-
2243 1824 2291 1894 Β
2320 1796 2721 1855 irrationabiles
2743 1808 2918 1854 erant.
2943 1800 3083 1867 Qttid
3107 1800 3251 1856 enim
3275 1802 3731 1873 irrationabilius,
3764 1819 3914 1876 quam

598 1892 764 1950 bebat
805 1906 933 1951 vero
974 1894 1043 1949 de
1071 1900 1343 1959 torrente,
1376 1894 1501 1964 quia
1544 1893 1595 1946 in
1627 1891 2103 1947 observationibus
2133 1890 2210 1946 le-

599 1986 818 2060 galibus
846 1987 1102 2043 Christus
1126 1984 1522 2043 delectabatur.
1557 1986 1686 2041 Post
1715 1984 1833 2040 dies
1863 1993 2045 2039 autem
2073 1984 2212 2039 mul-

596 2090 683 2139 tos
713 2085 950 2139 siccatus
1002 2092 1085 2139 est
1134 2090 1385 2147 torrens;
1414 2082 1539 2152 quia
1583 2081 1834 2137 veniente
1876 2078 2098 2136 Christo
2157 2080 2212 2135 in

597 2188 787 2243 carne,
820 2182 874 2232 et
900 2174 1257 2247 Evangetium
1290 2172 1643 2245 praedicente,
1677 2174 1994 2230 observatio
2022 2172 2213 2244 legalis

595 2272 855 2333 cessavit,
897 2268 1059 2338 atque
1108 2268 1177 2322 ab
1207 2267 1305 2322 illo
1338 2276 1583 2336 tempore
1633 2266 1765 2320 nihil
1812 2264 2037 2337 profuit,
2070 2267 2213 2321 sicut

594 2360 727 2416 dicit
779 2361 1043 2416 Dominus
1098 2374 1113 2416 :
1168 2358 1275 2413 Lex
1328 2368 1374 2414 et
1412 2358 1675 2430 propheta:
1727 2372 1886 2429 usque
1930 2358 1997 2412 ad
2039 2355 2209 2412 Joan‘

592 2468 731 2522 nem,
767 2464 874 2510 etc.
905 2452 1124 2525 (Matth.
1162 2451 1385 2523 xt,15).
1417 2448 1487 2507 Et
1516 2452 1716 2507 iterum
1749 2452 1881 2506 dicit
1930 2451 1998 2506 ad
2042 2449 2209 2506 lsrael

586 2560 686 2619 per
715 2547 1059 2617 prophetam.
1096 2543 1180 2601 Ne
1199 2542 1435 2613 offeratis
1464 2543 1601 2598 ultra
1629 2542 1945 2611 sacriﬁcium
1977 2544 2202 2613 frustra.

591 2638 878 2695 Incensum
908 2640 1224 2695 abominatio
1272 2646 1349 2694 est
1396 2637 1522 2692 mihi
1554 2653 1572 2693 :
1602 2636 1897 2691 neomenias
1923 2645 1971 2691 et
1995 2636 2210 2691 sabbata

588 2743 758 2789 uestra
787 2749 891 2789 non
944 2734 1133 2803 feram,
1187 2733 1349 2803 iniqui
1403 2741 1523 2787 sunt
1567 2741 1723 2787 cretata
1770 2732 1923 2786 uestri
1979 2728 2131 2805 (Era.
2169 2744 2208 2796 ι,

598 2825 714 2899 ts).

662 2920 731 2975 Et
760 2918 893 2975 dixit
914 2919 1163 2975 Dominus
1179 2919 1247 2973 ad
1273 2918 1449 2974 Eliam
1468 2937 1486 2974 .'
1522 2918 1662 2973 Vade
1688 2918 1743 2973 in
1762 2919 2035 2989 Sareptam
2051 2918 2208 2974 Sido-

589 3015 816 3081 niorttm,
837 3022 883 3069 et
908 3014 1140 3069 manebis
1162 3013 1266 3079 ibi;
1290 3014 1512 3083 prwcepi
1543 3012 1677 3065 enim
1705 3011 1777 3065 ibi
1804 3013 2013 3066 mulieri
2041 3013 2209 3066 videte

596 3118 651 3163 ut
680 3118 859 3181 pascat
880 3118 927 3163 te
957 3104 1053 3181 (Ill
1084 3106 1218 3179 Reg.
1250 3121 1380 3171 χιιι,
1415 3104 1493 3177 9).
1527 3106 1630 3173 Qui
1676 3104 2055 3177 consurgens‘,’h
2073 3105 2210 3161 abiit

2314 1890 2503 1947 dicere
2532 1891 2680 1962 ligno
2699 1904 2792 1947 aut
2822 1893 2986 1964 lapidi
3019 1911 3031 1947 :
3063 1894 3207 1949 Deus
3235 1902 3391 1951 meus
3421 1909 3481 1951 es
3513 1897 3606 1951 tu?
3641 1897 3912 1955 Ilabebaat

2313 1994 2370 2040 et
2392 1998 2583 2055 parum
2615 1986 3037 2053 misericordite;
3070 1990 3196 2057 quia
3245 1989 3359 2058 ipsa
3414 1996 3609 2044 natura
3656 2002 3914 2061 sapeeos

2313 2081 2379 2137 ad
2408 2081 2509 2137 hoc
2547 2081 2886 2154 impellebat,
2923 2093 2980 2140 ut
3009 2085 3230 2141 miseris
3251 2087 3630 2144 subvenirent.
3666 2088 3771 2146 Per
3801 2103 3913 2145 vasa

2314 2189 2445 2231 vero
2474 2176 2526 2230 in
2548 2175 2746 2247 quibus
2768 2177 2938 2232 farina
2970 2186 3028 2233 et
3072 2179 3253 2235 oleum
3292 2182 3712 2249 continebatur,
3734 2194 3913 2238 eorum

2313 2268 2478 2325 corda
2525 2269 2905 2340 designantur.
2941 2268 3024 2325 En
3073 2273 3265 2346 colligo
3306 2274 3410 2329 duo
3441 2275 3612 2349 tigna,
3646 2286 3701 2331 att
3754 2277 3914 2349 ingra-

2314 2362 2454 2429 diar,
2482 2364 2528 2417 el
2550 2362 2744 2433 faciant
2793 2365 2929 2418 illud
2960 2365 3085 2419 ntilti
3114 2375 3162 2420 et
3187 2367 3302 2436 ﬁlis
3330 2382 3460 2431 meo,
3500 2378 3557 2422 ιιι
3587 2371 3914 2425 coniciamus

2313 2466 2361 2512 et
2389 2459 2692 2511 moriamur.
2728 2458 2893 2529 Ligna
2916 2474 3035 2529 qua-
3063 2461 3117 2515 in
3146 2462 3370 2516 civitate
3405 2462 3759 2533 colliguntur,
3790 2466 3914 2521 nihil

2312 2552 2564 2607 utilitatis
2596 2551 2819 2619 habent,
2855 2554 2959 2609 nisi
2988 2563 3042 2609 ut
3062 2554 3169 2625 igni
3193 2555 3606 2612 comburantur.
3647 2558 3753 2614 Per
3779 2560 3914 2631 ligna

2312 2643 2477 2715 igitur
2506 2660 2726 2702 errores
2746 2647 3030 2718 gentilium
3054 2648 3321 2705 diabolica
3350 2648 3546 2707 fraude
3576 2652 3787 2708 inronti
3823 2653 3913 2709 de-

2310 2739 2619 2808 signantur.
2648 2739 2839 2797 Mulier
2865 2742 3007 2814 ligna
3030 2742 3143 2798 duo
3182 2744 3510 2815 colligebat,
3548 2748 3675 2816 quia
3702 2746 3916 2819 gentilis

2312 2835 2546 2905 populus
2583 2846 2653 2891 ex
2698 2835 2946 2892 doctrina
2972 2836 3421 2910 philosOpherum
3444 2849 3607 2913 amne.
3634 2851 3913 2913 poetarum

2311 2929 2558 2985 diversos
2582 2942 2801 2987 errores
2830 2932 3146 3003 colligebat,
3179 2943 3278 3004 pro
3300 2936 3498 3007 quibus
3527 2946 3798 3008 perpetuo
3839 2937 3910 2991 in-

2310 3023 2505 3079 ccndio
2529 3020 2858 3081 traderetur.
2890 3025 2995 3082 Sed
3044 3026 3173 3097 quid
3205 3036 3313 3094 est,
3342 3029 3485 3099 quod
3534 3029 3702 3085 dicit:
3736 3028 3810 3085 Ut
3834 3043 3915 3083 rs-

2310 3119 2574 3172 medamtts
2605 3128 2651 3174 et
2678 3119 3139 3175 moriamur?Nos
3187 3122 3331 3177 enim
3378 3122 3503 3178 ideo
3552 3123 3910 3187 comedimus,

590 3199 644 3256 in
676 3201 984 3271 Sareptatn.
1033 3198 1182 3255 Elias
1213 3200 1266 3254 in
1300 3198 1587 3270 Sareptam
1634 3200 1797 3264 abiit;
1827 3199 1951 3269 quia
1985 3198 2204 3254 Judzcos

2311 3218 2372 3266 ut
2395 3211 2559 3266 vitam
2591 3212 2901 3284 incorpore
2946 3226 3227 3271 servemus
3261 3232 3273 3270 :
3326 3214 3441 3271 haec
3491 3225 3666 3272 autem
3694 3216 3830 3273 ideo
3857 3228 3912 3274 se

590 3293 833 3368 perﬁdos
866 3295 1119 3351 Christus
1166 3293 1578 3365 derelinquens,
1617 3308 1711 3365 per
1751 3295 2033 3364 apostolos
2076 3309 2204 3350 suos

589 3390 843 3446 transivit
868 3389 937 3444 ad
967 3397 1161 3461 gentes
1188 3405 1201 3441 :
1226 3386 1457 3458 Sarepta
1482 3403 1613 3443 vero
1648 3402 1915 3444 succensa
1939 3389 2205 3460 interpre-

584 3492 755 3548 tator,
786 3485 869 3541 vel
894 3485 1148 3556 angustia
1176 3484 1371 3555 panis;
1404 3482 1639 3552 gentiles
1668 3482 1889 3553 quippe,
1921 3482 2079 3555 531
2110 3484 2201 3554 qui

587 3590 745 3635 erant
768 3577 965 3635 civitas
1001 3578 1229 3645 diaboli,
1261 3587 1315 3633 et
1346 3576 1437 3648 qui
1470 3592 1567 3649 per
1599 3578 1883 3649 Sareptam
1912 3579 2202 3649 designan-

585 3682 696 3744 tur,
719 3676 842 3747 igne
875 3675 1132 3729 vitiorum
1164 3674 1415 3728 succensi
1443 3683 1619 3727 erant.
1649 3672 1723 3727 De
1745 3674 1850 3727 hoc
1866 3671 1992 3743 igne
2018 3672 2202 3744 Scrip-

580 3777 705 3826 tura
760 3770 936 3826 dicit:
994 3767 1187 3824 Omnes
1237 3783 1323 3822 vos
1359 3765 1695 3822 accendenles
1740 3769 1939 3838 ignem,
1980 3767 2201 3822 accincti

580 3864 805 3935 ﬂammis
821 3863 1143 3918 ambulatein
1161 3862 1353 3917 lumine
1369 3861 1502 3932 ignis
1514 3863 1667 3915 uestri
1677 3903 1691 3928 ,
1710 3872 1754 3916 et
1769 3864 1820 3914 in
1833 3862 2056 3932 [latrantis
2070 3878 2197 3933 quas

577 3957 911 4013 succendistis
932 3954 1228 4030 uobis(Esa.
1262 3971 1315 4023 ι,
1344 3954 1455 4028 Η).
1488 3952 1566 4010 llli
1588 3966 1822 4026 namque
1853 3956 2088 4012 ﬂammis
2104 3973 2196 4013 ac-

577 4053 912 4119 cinctisunt,
929 4054 1020 4124 qui
1051 4053 1176 4122 igne
1192 4052 1450 4105 vitiorum
1475 4049 1714 4121 undique
1737 4060 2068 4120 exuruntur,
2101 4050 2193 4123 qui

577 4154 635 4206 et
683 4147 934 4216 angustia
982 4145 1138 4215 panis
1170 4144 1614 4213 vocantur;quia
1664 4142 1843 4199 nullus
1867 4144 2192 4214 praedicator

572 4252 828 4309 umquam
851 4237 916 4293 ad
950 4253 1045 4294 eos
1066 4244 1399 4301 accesScrat,
1421 4238 1512 4307 qui
1534 4235 1795 4306 pabulum
1820 4236 1976 4293 verbi
1997 4238 2090 4293 Dei
2108 4244 2190 4295 eis

578 4330 905 4403 impertiret.
936 4332 1183 4402 Cumque
1202 4332 1447 4386 venisset
1473 4333 1538 4384 ad
1570 4341 1779 4401 portam
1804 4333 2060 4399 civitatis,
2095 4347 2191 4405 ap-

576 4427 756 4501 paruit
786 4430 836 4483 ei
868 4425 1066 4483 mulier
1083 4425 1263 4493 vidua,
1295 4425 1564 4497 colligens
1605 4426 1772 4495 ligna.
1808 4426 2065 4484 Eamdem
2115 4429 2190 4485 si-

575 4520 985 4593 gniﬁcationem
1019 4517 1184 4574 habet
1226 4515 1444 4585 mulier,
1473 4530 1634 4588 quam
1664 4524 1720 4573 et
1762 4519 1989 4586 civitas;
2014 4521 2186 4592 signi~

2307 3304 2444 3361 dicit
2470 3306 2784 3376 comedere,
2817 3316 2875 3363 ut
2899 3310 3192 3376 moriatur;
3213 3309 3334 3380 quia
3356 3308 3602 3367 dccttina
3629 3313 3909 3384 gentilium

2308 3410 2539 3458 mortem
2573 3404 2746 3474 magis
2778 3403 2960 3470 infert,
2982 3420 3142 3477 quam
3167 3408 3353 3464 vitam.

2378 3493 2459 3550 Ad
2482 3508 2645 3566 quam
2678 3496 2822 3552 Elius
2849 3515 2862 3551 :
2908 3496 3070 3565 Vade,
3101 3508 3148 3555 et
3178 3503 3263 3572 fac
3296 3500 3428 3556 sicut
3454 3503 3653 3570 dixisti,
3684 3514 3904 3559 rerum

2303 3597 2472 3644 tamen
2499 3591 2627 3645 mitti
2673 3591 2758 3661 {ac
2786 3606 2849 3647 ea:
2878 3593 2991 3665 ipsa
3020 3595 3255 3665 farinula
3281 3597 3677 3653 attbcin'ericitntl
3718 3610 3903 3668 pandis

2303 3684 2602 3754 parentum,
2632 3692 2680 3740 et
2709 3683 2843 3753 affer
2866 3686 2934 3740 ad
2957 3700 3074 3755 me;
3106 3687 3194 3743 tibi
3220 3701 3390 3745 autem
3410 3700 3458 3746 et
3484 3693 3599 3762 [illo
3632 3700 3719 3747 tus
3742 3694 3904 3763 faciet

2302 3788 2492 3847 postea.
2522 3778 2623 3835 Per
2655 3792 2851 3849 panem
2884 3780 3040 3847 lldcs,
3072 3796 3167 3854 per
3195 3785 3433 3843 cinerem
3458 3798 3590 3844 vero
3614 3794 3764 3859 sepe
3795 3796 3903 3861 ραι

2300 3870 2529 3926 nitentia
2562 3870 2900 3943 designatur,
2931 3875 3073 3931 sicut
3097 3876 3228 3933 dicit
3254 3879 3445 3936 beatus
3488 3881 3591 3938 Job
3619 3882 3683 3938 ad
3719 3882 3905 3940 Domi.

2298 3972 2424 4018 num
2461 3983 2473 4018 :
2510 3962 2719 4021 Idcirco
2744 3968 2854 4037 ipse
2889 3982 2968 4023 me
2992 3972 3325 4041 reprehendo,
3360 3982 3528 4048 stage
3548 3977 3903 4049 penitentiam

2297 4058 2349 4111 in
2380 4058 2563 4128 favilla
2590 4071 2635 4114 et
2659 4061 2828 4115 cinere
2851 4060 2994 4132 (Job.
3022 4080 3153 4132 XLII,
3185 4065 3263 4137 6).
3316 4066 3477 4123 Panis
3518 4070 3680 4141 igitur
3708 4073 3903 4131 cinere

2293 4153 2628 4222 cooperitnr,
2660 4166 2782 4209 cum
2812 4155 3044 4226 quilibet
3073 4158 3308 4216 infidelis
3351 4156 3419 4217 ad
3459 4162 3617 4219 tidem
3646 4165 3899 4231 veniens,

2295 4247 2527 4315 primum
2556 4249 2740 4304 studet
2765 4248 2969 4306 deﬂere
2994 4251 3133 4307 mala
3155 4266 3275 4325 quas
3297 4254 3454 4323 fecit;
3482 4264 3537 4312 ut
3566 4262 3905 4317 convenien-

2294 4341 2399 4396 tius
2426 4340 2490 4396 ad
2524 4340 2683 4399 tidem
2712 4342 2915 4400 Christi
2955 4347 3362 4419 percipiendam
3384 4390 3399 4418 ,
3429 4366 3551 4423 quae
3580 4351 3635 4408 in
3680 4353 3901 4427 baptis-

2292 4440 2435 4487 mate
2461 4432 2639 4499 datur,
2687 4439 2934 4494 accedat.
2966 4439 3113 4497 Elias
3142 4440 3327 4513 itaque
3372 4444 3626 4516 ptrcccpit
3674 4448 3900 4503 mulieri

2292 4532 2349 4579 ιιι
2376 4540 2440 4581 ex
2497 4526 2665 4582 l’arinu
2718 4544 2910 4601 partem
2940 4532 3167 4601 faceret,
3200 4535 3418 4609 sibique
3466 4530 3739 4607 deterret;
3772 4544 3899 4614 quia

576 4614 707 4670 ﬂeat
746 4615 895 4671 enim
938 4612 1239 4670 Ecclesiam
1287 4620 1353 4669 ea
1402 4612 1662 4685 gentibus
1736 4622 2120 4687 congregatam
2168 4635 2180 4671 :
2209 4645 2261 4707 Β
2289 4618 2679 4687 przedicatores
2705 4624 2878 4680 sancti
2899 4634 3091 4697 gentes
3113 4627 3492 4697 hortabantur,
3521 4643 3579 4688 ut
3614 4622 3679 4689 ea
3724 4612 3898 4690 ratio.

575 4710 739 4765 vidua
796 4724 926 4765 vero
968 4720 1107 4776 erat,
1139 4709 1267 4780 quin
1313 4707 1484 4763 Deum
1527 4708 1703 4764 vitum
1737 4722 1917 4778 suum,
1946 4713 2184 4781 peccatis

572 4807 689 4862 suis
714 4803 1089 4876 exigentibus,
1126 4801 1463 4874 perdiderat.
1497 4800 1565 4857 Et
1585 4804 1797 4858 vocavit
1845 4814 1988 4871 eam,
2014 4805 2183 4861 dixit-

571 4914 677 4971 que
698 4901 747 4955 ei
778 4914 791 4951 ε
823 4898 970 4969 After
1000 4894 1127 4951 mihi
1152 4896 1425 4970 psaltriam
1447 4906 1595 4968 aqum
1622 4897 1677 4951 in
1709 4910 1847 4964 case,
1882 4908 1935 4953 at
1985 4900 2174 4955 bibam.

2286 4712 2372 4765 nis
2400 4713 2543 4769 bono
2572 4712 2715 4787 quod
2746 4732 2777 4773 a
2810 4720 2920 4775 Deo
2961 4730 3340 4793 perceperant,
3371 4726 3552 4782 cibum
3602 4727 3731 4784 ﬁdet
3784 4729 3897 4785 Deo

2284 4818 2680 4880 praepararent,
2712 4813 2925 4884 sibique
2945 4815 3256 4883 deferrent;
3289 4819 3449 4877 ﬁdem
3471 4831 3703 4895 namque
3722 4834 3895 4881 unus-

2278 4902 2510 4973 quisque
2538 4904 2605 4959 ad
2632 4905 2960 4976 baptismum
3007 4910 3249 4979 veniens,-
3286 4914 3630 4984 praedicarem
3681 4917 3887 4988 defert,

4029 4326 4031 4455 ι

4025 4850 4027 4979 l

568 4993 777 5049 Minora
822 4993 999 5063 petiit,
1034 4998 1090 5046 ut
1137 4990 1204 5045 ad
1258 4990 1465 5060 majora
1513 4988 1852 5061 perveniret;
1887 5000 2179 5062 possumus
2276 5006 2399 5050 cum
2431 4994 2499 5051 ad
2529 4998 3014 5072 interrogationem
3060 5006 3369 5063 sacerdotis
3405 5004 3640 5080 quaiiter
3666 5006 3889 5079 credat,

567 5102 805 5159 namque
839 5100 936 5158 per
973 5083 1253 5156 paululum
1284 5096 1462 5154 aqum,
1483 5083 1631 5154 quod
1669 5084 1910 5139 animum
1943 5086 2175 5143 sitientis
2273 5088 2566 5152 conﬁtetur
2592 5107 2608 5157 ;
2635 5093 2779 5151 Elias
2804 5104 2995 5166 partem
3026 5108 3185 5170 quem
3226 5102 3438 5159 mulieri
3465 5102 3649 5162 facere
3674 5114 3889 5178 praee-

562 5185 874 5257 reirigerat,
906 5180 1244 5238 voluntatem
1291 5179 1627 5235 audientium
1665 5180 1997 5253 intelligere;
2043 5183 2166 5254 quia
2277 5184 2375 5254 pit,
2399 5186 2661 5255 comedit,
2685 5190 2809 5260 quia
2839 5192 3110 5261 profectus
3136 5194 3370 5252 filiorum
3401 5204 3613 5271 merces
3634 5208 3719 5257 est
3746 5208 3892 5273 prae—

562 5279 705 5335 sicut
734 5273 974 5334 sitientis
1000 5274 1238 5344 linguam
1268 5278 1404 5343 aqua
1434 5272 1738 5345 reirigerat,
1774 5276 1845 5330 ita
1883 5285 1937 5332 et
1974 5277 2167 5343 prtedi-
2273 5276 2603 5335 dicaturum.
2651 5281 2998 5354 Quapropter
3051 5286 3197 5343 Elias
3252 5272 3781 5366 mulieri
3832 5300 3891 5352 at

557 5381 805 5428 eatorum
850 5376 1062 5425 mentes
1096 5372 1377 5436 promptus
1401 5366 1615 5422 animus
1642 5368 1969 5423 auditurum.
2002 5367 2167 5426 Cum—
2269 5373 2373 5430 sibi
2405 5376 2662 5446 primum,
2697 5390 2884 5450 postea
2912 5380 3015 5439 sibi
3044 5392 3098 5439 et
3127 5382 3238 5441 alio
3256 5392 3358 5441 suo
3385 5392 3585 5459 panem
3603 5396 3889 5462 praepara-

557 5478 667 5535 que
699 5465 788 5560 illa
820 5470 1081 5560 pergeret
1117 5468 1176 5513 ul
1208 5457 1452 5560 eff-erret.
1487 5461 1742 5560 clamavit
1774 5471 1909 5533 post
1953 5472 2159 5534 tergum
2225 5527 2233 5534 ,
2269 5477 2385 5538 ret;
2428 5474 2553 5544 quia
2606 5475 2892 5533 conversio
2940 5480 3243 5549 peccatoris
3286 5457 3639 5552 prmmealori
3686 5457 3882 5560 suum

558 5555 698 5628 ejus,
728 5552 957 5611 dicens:
985 5551 1131 5621 Aﬂ'er
1160 5551 1289 5606 mihi
1320 5561 1371 5608 et
1407 5552 1691 5610 bucellam
1742 5557 1891 5627 partis
1915 5557 1971 5611 in
2002 5568 2160 5613 manu
2267 5560 2565 5635 imputatur
2598 5584 2612 5623 :
2645 5576 2835 5640 postea
2871 5580 3004 5628 vero
3047 5551 3348 5632 conversus
3380 5584 3571 5649 panem
3598 5551 3707 5636 sibi
3736 5594 3888 5652 pra-

557 5660 666 5708 tua.
695 5650 861 5718 Quasi
893 5658 1013 5721 post
1042 5657 1254 5719 tergum
1283 5648 1442 5705 nobis
1467 5657 1573 5718 est,
1597 5649 1741 5720 quod
1794 5652 2108 5721 ignoramus
2140 5670 2153 5707 :
2267 5666 2442 5725 parat,
2474 5674 2597 5733 cum
2625 5658 2679 5715 in
2705 5661 2863 5719 bonis
2889 5665 3145 5736 operibus
3189 5648 3547 5741 semetipsum
3578 5648 3879 5739 exercens,

555 5747 703 5804 Elias
728 5759 859 5816 ergo
891 5751 1011 5814 post
1036 5750 1243 5813 tergum
1270 5743 1513 5800 mulieris
1536 5744 1817 5813 clamavit,
1850 5748 1973 5818 quia
2018 5762 2155 5819 prae-

2311 5744 2524 5808 ibzer'es
2564 5752 2814 5835 ccclesiis
2856 5758 3047 5827 pati-ire
3098 5752 3190 5816 lial
3224 5756 3459 5819 obtinet.
3504 5756 3661 5833 Quod
3687 5777 3878 5825 autem

553 5838 831 5900 dicatores
857 5836 1029 5896 sancti
1080 5828 1334 5907 gentibus
1373 5832 1563 5908 Deum,
1595 5855 1756 5912 quem
1807 5839 2149 5914 ignorabant,

2316 5844 2337 5901 ἰ
2386 5844 2533 5905 Elias
2572 5852 2593 5903 ε’
2644 5828 2851 5922 ilgdria
2879 5853 3065 5924 farina:
3094 5870 3196 5914 non
3245 5856 3486 5929 deﬁciet.
3516 5828 3609 5919 ζει
3636 5864 3879 5936 («genus

4029 4326 4031 4455 ι

4025 4850 4027 4979 l
