3950 6314
85 295 173 355 337
659 354 662 355 ί
785 286 848 344 1N
888 265 1361 344 uocantum
1400 263 1786 342 expostulo.
1832 281 1924 342 ne
1965 265 2238 344 Vistone
2278 278 2557 344 TERTIA.
3245 291 3350 348 338

80 411 166 466 olei
188 406 438 462 minuetur
461 419 621 476 itaque
641 404 696 459 in
718 403 881 472 diem,
909 405 964 459 in
983 418 1088 472 qua
1126 403 1340 458 datum
1368 411 1442 458 est
1468 401 1650 457 Domi—
1676 401 1728 465 Α
1754 402 2051 474 aliquando
2075 411 2252 460 morte
2275 411 2446 460 totum
2470 412 2671 476 corpus
2695 411 3022 477 occupante,
3056 407 3354 478 multisque

80 520 162 559 nus
211 500 430 572 pluviam
471 515 625 572 super
671 510 860 555 terram
908 496 1001 569 (ill
1033 498 1161 571 Reg.
1195 513 1332 566 xvu,
1361 497 1483 571 li);
1518 498 1646 555 illud
1752 497 1930 552 modis
1972 498 2097 552 aliis
2137 498 2442 568 pulte-Sonat
2489 499 2764 556 homines.
2811 497 3103 568 Propheta:
3134 501 3349 573 itaque,

78 592 342 666 signiﬁcat,
366 591 507 662 quod
540 591 675 648 tidcs
701 593 767 645 ab
797 590 1100 648 electorum
1123 591 1380 646 cordibus
1406 592 1652 662 bonaque
1752 593 1842 660 qui
1888 590 2094 662 populo
2145 592 2391 661 peccanti
2438 592 2809 662 pratdlcebant
2839 594 2982 664 quod
3013 593 3067 649 in
3102 597 3349 658 rapinam

78 701 222 756 opera
254 697 356 739 non
399 684 675 748 deﬁcient,
711 699 880 752 usque
910 683 1038 740 dum
1093 685 1355 740 Dominus
1395 685 1461 739 ad
1505 683 1653 754 judi-
1753 691 1807 738 ct
1848 683 2090 753 gladium
2135 694 2190 738 ct
2229 685 2596 754 perditionem
2637 685 2924 754 darentur,
2955 701 3061 741 non
3096 687 3357 745 inconve-

77 783 203 840 cium
225 791 343 834 cum
365 778 619 834 omnibus
641 779 844 834 sanctis
866 779 979 834 suis
997 779 1198 836 veniat.
1755 775 1974 832 nienter
2000 776 2246 832 colorem
2274 777 2538 848 pallidum
2561 777 2819 836 habuisse
2842 779 3104 837 diuttntur
3130 799 3142 837 :
3169 798 3360 838 sessor

137 872 389 932 Similiter
417 881 472 928 et
499 872 730 928 Elisteus
768 873 1050 928 Christum
1079 873 1376 944 ﬁgurabat,
1415 872 1655 928 Naaman
1757 879 1937 928 autem
1973 871 2134 942 hujus
2161 873 2285 944 equi
2318 872 2580 928 DOminus
2609 884 2711 942 est,
2738 873 2828 946 qui
2855 875 2906 931 in
2933 876 3214 947 prophetis
3244 877 3360 934 suis

76 986 193 1028 vero
219 968 464 1039 populum
497 968 766 1039 gentium.
793 967 950 1024 Multi
977 968 1179 1038 leprosi
1204 969 1434 1025 erantin
1465 967 1686 1034 Israel,
1759 963 2100 1020 inhabitavit.
2127 965 2231 1021 Sed
2269 963 2430 1022 valde
2473 966 2667 1022 durum
2707 965 2948 1036 videtur,
2977 963 3121 1040 quod
3158 981 3358 1027 nomen

77 1074 125 1121 et
152 1073 301 1120 nemo
328 1075 519 1118 eorum
554 1061 853 1116 mundatus
881 1071 988 1126 est,
1018 1061 1124 1116 nisi
1168 1061 1407 1116 Naaman
1459 1061 1656 1132 Syrus;
1758 1057 1951 1113 mortis
1974 1058 2230 1115 habuisse
2261 1059 2487 1126 dicitur;
2522 1057 2642 1131 ipse
2677 1062 2824 1117 enim
2855 1058 2963 1116 Vlia
3001 1067 3086 1118 est
3113 1065 3358 1120 omnidm

76 1159 191 1232 quia
220 1157 466 1214 veniente
513 1157 740 1213 Christo
773 1157 826 1211 in
858 1169 1050 1220 carne,
1099 1168 1153 1213 et
1183 1155 1358 1212 iudici
1389 1164 1442 1212 et
1471 1163 1662 1227 gentes
1760 1152 2062 1209 electorum
2104 1161 2353 1220 suorum,
2398 1154 2542 1208 sicut
2579 1154 2697 1224 ipse
2724 1154 2853 1210 dicit
2887 1173 2900 1209 :
2937 1151 3052 1228 Ego
3100 1163 3212 1210 sum
3260 1159 3363 1212 vita

77 1253 210 1323 lepra
268 1253 616 1320 peccatorum
665 1263 890 1305 suorum
939 1248 1261 1305 circumdati
1315 1255 1475 1305 erant
1518 1245 1660 1304 :sed

75 1337 261 1402 intimis
292 1344 341 1398 in
396 1343 685 1414 iniquitate
739 1355 836 1399 sua
885 1342 1354 1412 permanantibus,
1394 1349 1588 1414 gentes
1631 1355 1661 1395 a

76 1439 211 1510 lepra
250 1445 597 1509 peccatorum
636 1451 861 1494 suorum
893 1436 1172 1491 mundata:
1201 1441 1354 1491 sunt.
1397 1432 1667 1504 Praecepit

75 1547 195 1606 ergo
219 1532 448 1588 Elimus
477 1531 742 1600 Naaman,
767 1531 962 1587 dicens
987 1547 1000 1585 :
1031 1528 1175 1585 Vade
1203 1540 1248 1585 et
1281 1529 1455 1584 lavare
1479 1527 1665 1597 septies

77 1628 122 1682 in
170 1624 421 1690 Iordane,
475 1633 523 1680 et
575 1624 782 1696 recipiet
840 1624 1119 1678 sanitatem
1171 1635 1292 1677 caro
1356 1628 1466 1687 uta,
1513 1625 1668 1690 atque

75 1718 387 1775 ntttndaberis
433 1714 551 1790 (IV
609 1717 739 1789 Reg.
793 1731 844 1782 ν,
881 1716 946 1772 l0
996 1714 1038 1787 ).
1086 1715 1253 1779 Abiit,
1305 1721 1362 1770 et
1415 1713 1547 1768 lavit
1606 1712 1662 1766 in

1763 1243 1948 1317 (Joan.
1979 1243 2190 1316 xiv,6).
2218 1245 2324 1301 Sed
2366 1245 2414 1300 st
2458 1246 2758 1318 diligenter
2803 1245 3115 1318 Scriptttras
3151 1248 3364 1306 divinas

1761 1335 2186 1407 inspexerimus,
2213 1337 2558 1394 inveniemus
2591 1338 2878 1393 Dominum
2911 1345 3155 1394 unatrqu
3178 1341 3364 1396 .lcsutn

1762 1426 2041 1484 Christum
2070 1429 2236 1484 etiam
2268 1437 2502 1486 inertem
2551 1430 2757 1486 vocari.
2803 1427 2938 1484 Nam
2969 1431 3112 1486 sicut
3141 1433 3253 1486 Vita
3285 1439 3367 1487 εει

1763 1521 2008 1576 omnium
2041 1522 2360 1588 utceterum,
2398 1523 2594 1595 quibus
2623 1523 2870 1595 quotidie
2893 1524 3063 1579 Vitam
3097 1526 3362 1581 aeternam

1765 1615 2030 1685 largitur;
2068 1615 2139 1670 ita
2171 1621 2227 1670 et
2264 1627 2412 1672 mors
2447 1616 2557 1672 dici
2599 1625 2780 1687 potest
2812 1618 3198 1687 reproborum,
3230 1625 3371 1689 quos

1769 1715 1865 1778 pro
1893 1699 2204 1764 sceleribus
2227 1711 2341 1766 suis
2379 1711 2626 1781 quotidie
2658 1711 2820 1766 morti
2856 1711 3025 1766 tradit
3050 1719 3329 1783 perpctttzt‘
3357 1731 3370 1779 ;

74 1812 297 1869 Jnrdane
324 1812 552 1879 septies,
587 1819 642 1867 et
675 1809 924 1866 restituta
952 1818 1035 1864 est
1065 1821 1195 1864 caro
1226 1807 1348 1877 ejus
1379 1807 1519 1860 sicut
1543 1813 1670 1860 caro
1701 1790 1748 1862 ii
1777 1805 1893 1877 ipse
1923 1807 2068 1860 enim
2099 1806 2265 1861 habet
2296 1811 2619 1876 potestatem
2652 1808 2894 1861 animam
2927 1817 2984 1860 et
3025 1817 3226 1879 corpus
3253 1817 3376 1878 per-

77 1905 214 1976 pneri
245 1904 473 1976 parvuli,
504 1912 562 1960 et
582 1902 877 1958 mundatus
901 1913 979 1957 est
1030 1917 1058 1955 τι
1092 1901 1263 1970 lepra.
1301 1902 1453 1970 Aqua
1477 1897 1668 1953 lords—

77 1998 154 2053 nis
181 1997 508 2064 baptismum
562 1995 850 2066 ﬁgurabt,
894 2005 962 2050 eo
998 1992 1144 2064 quod
1203 1992 1256 2046 in
1304 2005 1368 2046 ea
1419 1988 1674 2045 Christus

75 2091 367 2162 baptizatus
391 2088 484 2144 sit.
539 2087 780 2144 Naaman
813 2086 972 2157 aquis
1019 2085 1280 2141 Jordnnis
1311 2083 1533 2138 ablutus
1566 2089 1670 2148 est,

74 2192 126 2240 et
151 2183 298 2253 lepra
325 2181 641 2246 mundatus;
666 2180 792 2252 quia
813 2178 1047 2251 populus
1071 2178 1320 2249 gentium
1359 2190 1499 2246 aqua
1531 2175 1677 2229 sacri

78 2274 414 2342 baptismatis
439 2291 469 2330 a
503 2275 654 2344 lepra
707 2281 1058 2345 peccatorum
1091 2285 1316 2326 suorum
1361 2277 1447 2324 est
1477 2283 1680 2340 expur-

75 2379 245 2442 gatus.
276 2369 516 2440 Septena
545 2384 676 2423 vero
707 2367 828 2437 cjns
850 2366 1052 2421 lavatio
1084 2363 1462 2436 septiformem
1503 2360 1681 2432 Spiri-

76 2472 182 2519 tum
209 2474 458 2520 sancmm
503 2460 796 2532 ﬁgurabat,
843 2474 943 2530 per
983 2458 1138 2529 cujus
1164 2457 1546 2526 operationem
1593 2466 1684 2510 re-

81 2559 264 2613 missio
293 2566 647 2628 peccatorum
708 2556 761 2610 in
819 2554 1100 2625 baptismo
1149 2553 1330 2615 datur;
1365 2551 1490 2622 quia
1541 2550 1686 2605 sicut

77 2667 272 2724 corpus
299 2651 591 2708 visibiliter
612 2649 766 2720 aquis
803 2647 1168 2719 baptismatis,
1202 2645 1280 2700 ita
1312 2645 1494 2699 animo
1546 2643 1681 2698 tnvl-

78 2747 306 2803 sibiliter
334 2762 438 2817 per
467 2744 848 2815 operationem
875 2740 1117 2813 Spiritus
1145 2739 1322 2794 sancti
1363 2752 1394 2793 a
1440 2737 1687 2809 peccatis

79 2842 328 2898 omnibus
355 2840 706 2896 emundatur.
727 2837 878 2895 Εἰθιὶ
907 2845 1089 2893 autem
1123 2835 1216 2907 qui
1249 2833 1485 2901 pretium
1518 2832 1688 2889 'sani-

79 2939 199 2993 tatis
220 2954 250 2992 a
277 2935 522 2993 Nnamau
547 2935 815 3005 percepit,
844 2934 1160 3002 lepramque
1180 2927 1301 2999 ejus
1323 2925 1686 2993 hareditavit,

78 3045 172 3086 eos
241 3030 520 3101 designat,
577 3028 668 3100 qui
726 3026 1034 3083 doctrinam
1101 3037 1219 3079 sua:
1291 3019 1692 3092 praedicationis

1771 1898 1906 1954 dere
1933 1897 1986 1953 in
2013 1897 2322 1970 gehennam
2359 1897 2575 1972 (Matth.
2609 1909 2663 1965 κ,
2689 1898 2807 1969 28).
2838 1900 3043 1957 Nomen
3068 1905 3198 1972 ergo
3231 1905 3379 1957 tuor-

1773 1994 1845 2049 tis
1874 1993 2138 2050 habuisse
2167 1994 2391 2060 dicitur,
2423 1996 2550 2066 quia
2586 1994 2887 2051 Israelitico
2911 1997 3109 2067 populi)
3130 1997 3384 2068 peccauti

1777 2093 2011 2141 mortem
2044 2085 2251 2151 intulit,
2281 2087 2423 2141 sicut
2463 2087 2515 2140 in
2556 2086 2776 2142 cantico
2817 2079 3235 2144 Denterottomii
3269 2089 3388 2160 ipse

1778 2179 2064 2234 manifeste
2093 2175 2455 2245 demonstrat,
2490 2185 2615 2234 enin
2647 2179 2783 2236 dicit
2807 2198 2818 2234 :
2840 2178 2990 2254 Ignis
3011 2189 3291 2238 succensas
3314 2185 3392 2240 est

1780 2275 1834 2327 in
1866 2279 2044 2344 furore
2072 2283 2203 2336 meo,
2232 2277 2279 2328 et
2311 2273 2508 2329 ardebit
2529 2281 2693 2348 argue
2719 2276 2788 2330 ad
2809 2275 3046 2348 inferni'
3066 2277 3344 2334 novissima
3373 2295 3392 2334 :

1781 2367 2142 2440 devorabiique
2171 2375 2361 2424 terram
2387 2385 2500 2424 cum
2522 2371 2750 2443 germine
2774 2385 2888 2436 suo,
2920 2377 2967 2427 et
2990 2375 3240 2428 Montium
3266 2379 3389 2446 furt-

1784 2463 2025 2518 damertm
2047 2464 2327 2518 cohiberet.
2365 2461 2698 2536 Congregnbo
2731 2473 2886 2536 super
2915 2475 3002 2522 eos
3025 2467 3184 2536 malit,
3230 2479 3278 2524 et
3299 2486 3389 2523 sua

1785 2557 1941 2629 gittdia
1962 2565 2102 2612 meas
2147 2556 2414 2628 carnpiebo
2439 2559 2491 2612 in
2513 2557 2586 2612 eis
2615 2575 2632 2608 :
2653 2563 3026 2614 consumentttr
3045 2560 3214 2632 fatue;
3237 2561 3283 2616 et
3306 2561 3394 2616 dt!-

1786 2650 2040 2705 eorabnnt
2067 2663 2152 2706 eos
2177 2657 2294 2706 nites
2321 2659 2496 2706 morsu
2527 2653 2872 2708 optatissime.
2902 2651 3095 2710 Dentes
3115 2656 3392 2711 bestiarum

1788 2747 2060 2801 immittam
2091 2745 2144 2800 in
2185 2755 2270 2802 eos
2295 2757 2413 2800 cum
2457 2745 2635 2816 furore
2664 2747 2983 2803 trahentium
3018 2756 3175 2821 super
3205 2757 3396 2806 terram

1790 2851 1946 2910 atque
1970 2840 2310 2912 serpentium.
2342 2836 2501 2896 Foris
2535 2843 2754 2898 vastabit
2783 2855 2868 2898 eos
2891 2843 3135 2918 gladius,
3178 2846 3225 2901 et
3256 2846 3396 2902 intus

1793 2943 1970 3008 pavor,
1989 2933 2048 2990 et
2073 2933 2280 3007 reliqua
2305 2931 2485 3010 (Deut.
2507 2949 2678 3005 χχχιι,
2705 2936 2777 2992 22
2807 2937 2854 2993 et
2876 2939 3030 3010 δρψ).

1868 3025 2022 3082 lianc
2068 3029 2308 3097 equitem
2356 3026 2605 3084 internus
2649 3028 3007 3098 sequebatur,
3048 3029 3175 3102 quia
3204 3045 3397 3090 onmcs

79 3125 398 3180 hominibus
436 3122 710 3178 vendunt:
767 3134 907 3190 quos
974 3118 1243 3173 Dominus
1287 3113 1341 3170 in
1393 3113 1693 3186 Evangelio
1737 3193 1750 3195 Α
1795 3119 1888 3190 qui
1919 3120 2784 3193 comrniuntibnesprOphctttt-nm
2809 3133 3134 3195 quasemr‘e
3179 3121 3396 3184 Domini

81 3233 184 3274 non
212 3226 492 3288 pastores,
527 3215 624 3271 sed
680 3213 1054 3269 mercenaries
1081 3217 1246 3264 vocat
1269 3206 1468 3282 (Joan.
1489 3219 1543 3274 ιι,
1573 3205 1685 3276 η).

1804 3213 1861 3269 ad
1883 3213 2140 3285 pupulum
2157 3193 3006 3288 protulerant,contempserunt,
3031 3219 3281 3278 infernus
3301 3219 3369 3279 alt
3385 3254 3399 3265 -

78 3311 307 3367 Elis-aus
340 3311 509 3381 igitur
553 3308 850 3364 sanitatem
877 3305 1134 3370 contulit,
1186 3311 1241 3359 et
1278 3302 1426 3358 Gieai
1457 3302 1692 3372 pretium

78 3407 313 3476 accepit;
339 3404 476 3476 quia
505 3403 572 3457 ab
597 3403 678 3459 eis
699 3415 842 3473 quos
872 3399 1058 3456 divina
1090 3395 1468 3453 misericordia
1497 3396 1692 3460 saltat,

76 3500 320 3570 perversi
349 3499 613 3552 doctores
641 3495 884 3567 pretium
911 3489 1164 3548 sanitatis
1198 3490 1446 3560 axigttnt.
1476 3488 1544 3542 Et
1572 3485 1700 3544 ideo

80 3591 333 3648 heredes
353 3592 528 3660 lepra:
559 3604 750 3645 eorum
785 3586 1120 3652 efﬁciuntur;
1167 3585 1291 3655 quia
1317 3585 1368 3638 in
1398 3577 1556 3636 malis
1579 3591 1699 3650 qua!

77 3685 162 3743 isti
213 3702 316 3758 per
377 3686 616 3757 gratiam
654 3683 752 3738 Dei
807 3687 1280 3750 contempserunt,
1315 3684 1700 3746 permanentes

81 3781 506 3836 damnationem
555 3777 660 3833 sibi
707 3785 1023 3847 perpetuam
1074 3772 1382 3842 acquirunt.
1443 3771 1516 3825 De
1544 3776 1702 3840 aper-

79 3872 334 3930 tionibus
361 3883 608 3941 quatuor
629 3870 936 3941 sigillorum
957 3881 1078 3937 qua:
1101 3863 1167 3920 ad
1197 3869 1356 3920 vetus
1376 3860 1702 3918 Testamen-

81 3979 192 4025 tum
222 3969 518 4040 pertinere
547 3975 758 4021 certum
793 3972 900 4030 est,
927 3975 1096 4033 pauca
1125 3961 1193 4016 de
1224 3959 1408 4015 multis
1443 3958 1701 4024 diximus;

82 4063 689 4120 utdemonstraremus
720 4059 855 4113 nihil
884 4057 1032 4113 aliud
1064 4055 1190 4112 esse
1219 4054 1520 4126 sigillorum
1551 4064 1708 4123 aper-

82 4157 318 4225 tionem,
353 4157 467 4213 nisi
496 4155 1028 4211 demonstrationem
1085 4150 1417 4223 spiritlium
1443 4159 1706 4205 sensuum

82 4251 136 4308 in
169 4252 351 4310 reteri
381 4250 770 4316 Testamento,
805 4262 928 4320 quae
952 4245 1118 4302 nobis
1149 4257 1244 4317 per
1270 4241 1546 4302 (ibristnm
1570 4242 1707 4300 facta

80 4355 186 4403 est.

153 4439 722 4513 (Vers.8.)Sequitur
741 4453 753 4492 :
773 4437 842 4492 Et
865 4452 982 4492 ecce
1009 4443 1166 4506 equus
1189 4434 1439 4506 pallidus,
1465 4441 1512 4488 et
1527 4432 1711 4504 quise-

83 4536 238 4592 debat
259 4552 436 4607 super
469 4549 607 4600 eam,
638 4547 823 4587 nomen
839 4529 1094 4602 δεείιιί
1115 4543 1274 4595 more,
1295 4537 1342 4583 et
1362 4531 1604 4598 infernus
1628 4535 1712 4579 se-

1796 3304 2028 3362 sorbuit.
2060 3299 2216 3363 Unde
2246 3309 2301 3364 et
2331 3309 2612 3380 sequitur:
2648 3309 2714 3364 Et
2738 3310 2860 3365 datu
2891 3322 2966 3366 est
3009 3311 3054 3368 ei
3088 3317 3319 3385 potestas
3348 3311 3403 3372 iit

1797 3401 2021 3466 quatitur
2048 3401 2224 3474 partes
2245 3409 2398 3457 terra
2426 3401 2662 3456 occidere
2687 3403 2738 3457 in
2757 3404 3012 3477 gladio,et
3029 3407 3240 3478 fama,"
3258 3419 3403 3462 mor-

1801 3503 1868 3559 te,
1901 3501 1947 3547 et
1971 3491 2148 3549 bestiis
2174 3503 2350 3549 terrae.
2380 3493 2485 3550 Per
2513 3507 2748 3563 quatuor
2778 3497 2964 3566 partes
2993 3505 3152 3553 terrae
3174 3495 3202 3535 ι)
3231 3497 3410 3556 omnis

1801 3595 1946 3642 terra
1979 3585 2144 3644 lsrael
2176 3586 2512 3658 designatttr.
2543 3587 2792 3658 Qualiter
2821 3595 3002 3645 autem
3033 3589 3087 3645 in
3119 3585 3326 3662 gladio,
3351 3597 3408 3647 et

1802 3677 1968 3742 fame,
1985 3689 2040 3735 et
2064 3685 2261 3747 morte,
2283 3679 2542 3737 eibestiis
2566 3689 2729 3736 terra:
2758 3683 3068 3754 consumpti
3086 3681 3313 3751 t‘ttcrint,
3340 3683 3407 3740 li-

1806 3772 1888 3827 bri
1916 3772 2312 3844 Prophetarum
2355 3779 2517 3846 atque
2548 3771 2757 3846 Regum
2786 3781 2975 3845 aperte
3004 3774 3408 3834 demonstrant.

1804 3865 2167 3934 Quaerendum
2197 3881 2328 3923 vero
2359 3868 2518 3924 nobis
2548 3869 2976 3939 cstcurapertio
2996 3875 3227 3940 quatuor
3257 3871 3412 3942 Sigil-

1805 3961 1982 4016 lurum
2013 3961 2080 4016 ad
2108 3965 2266 4018 vetus
2297 3959 2731 4031 Testamentum,
2757 3963 2919 4018 tridui
2951 3969 3084 4020 Vero
3115 3956 3182 4020 ad
3207 3977 3412 4023 novum

1811 4056 2100 4126 pertineat.
2117 4054 2362 4124 Quatuor
2386 4059 2620 4128 namqtm
2643 4061 2768 4112 sunt
2795 4055 3090 4126 elementa,
3107 4057 3302 4130 quibds
3327 4071 3414 4116 sc-

1811 4145 2048 4207 cundum
2080 4157 2282 4224 corpus
2304 4151 2685 4218 subsisttmns;
2714 4151 2871 4207 vetus
2897 4149 3060 4223 igitur
3090 4147 3417 4211 Testamen-

1814 4254 1926 4300 tum
1955 4244 2008 4300 in
2040 4245 2390 4316 qttatcrnario
2419 4247 2649 4301 nuinero
2687 4257 2793 4300 non
2829 4245 3282 4305 inconveniettter
3314 4255 3415 4320 βοά

1816 4339 2001 4404 nitur;
2031 4339 2158 4410 quia
2189 4336 2273 4394 lex
2303 4339 2475 4412 Moysi
2507 4337 2639 4394 nihil
2674 4338 2824 4395 aliud
2868 4339 3072 4411 popqu
3105 4339 3374 4399 llebraico
3402 4387 3418 4413 ,

1817 4433 1921 4488 nisi
1951 4443 2014 4490 ea
2030 4445 2151 4504 quae
2173 4431 2240 4488 ad
2259 4441 2495 4506 quatuor
2511 4425 2779 4490 elementa
2810 4435 3102 4504 pertinent,
3128 4433 3424 4506 reprOmlt-s

1819 4529 1903 4583 tit.
1943 4527 2151 4584 Novum
2197 4541 2326 4583 vero
2369 4527 2778 4584 Testamentum
2819 4528 2872 4582 in
2911 4529 3156 4584 ternario
3187 4539 3422 4587 numero

79 4591 356 4703 qnebaturr
373 4591 522 4686 eam.
558 4591 820 4682 Videntur
841 4591 1095 4694 liam—quin
1121 4622 1190 4679 de
1213 4591 1402 4694 equite
1416 4591 1610 4692 quarto
1628 4618 1711 4674 di.
1741 4591 1794 4653 θ
1824 4625 2073 4693 ponitur;
2101 4621 2227 4692 quia
2261 4620 2396 4678 iich
2426 4627 2630 4677 sancta:
2658 4617 2967 4687 Trinitatis,
2999 4621 3119 4678 sine
3150 4633 3253 4694 qua
3287 4621 3426 4681 salvi

81 4737 313 4795 cuntur,
351 4725 430 4782 ad
466 4722 870 4780 Antichristum
901 4721 1180 4792 pertinere
1210 4735 1224 4771 :
1266 4717 1362 4773 sed
1393 4717 1516 4788 quia
1549 4727 1717 4784 stipes

85 4824 266 4880 riores
301 4829 428 4878 tres
458 4819 676 4891 equites
704 4819 758 4873 in
787 4818 990 4872 bonum
1019 4821 1231 4886 partem
1258 4811 1604 4884 interpretati
1632 4826 1725 4866 su-

86 4931 234 4983 mus,
268 4923 334 4970 ut
353 4910 736 4970 uorivcnirent
761 4924 886 4965 eum
908 4906 1291 4980 apertionibus
1319 4906 1482 4960 trium
1515 4905 1725 4975 sigillo-

85 5024 212 5065 rum
244 5023 262 5075 ;
297 5005 538 5064 ordinis
559 5003 833 5060 rectitude
859 5003 1027 5070 cogit,
1063 5011 1116 5055 ut
1157 5007 1212 5055 et
1245 4999 1409 5054 istum
1443 5001 1494 5052 in
1526 4997 1725 5053 bonam

87 5112 312 5173 partem
345 5099 764 5168 intelligamus,
797 5104 1066 5166 quatenus
1095 5089 1394 5149 concordet
1421 5101 1544 5148 eum
1572 5105 1730 5162 aper-

91 5196 248 5253 tione
269 5193 480 5267 quarti
514 5191 877 5262 sigilli,qnam
904 5187 971 5242 ad
995 5186 1294 5258 pr0phctas
1323 5188 1600 5257 pertinere
1628 5179 1727 5241 de-

89 5287 575 5346 monstravimus.
611 5285 798 5355 Equus
831 5284 1000 5354 igitur
1039 5279 1278 5352 pallidus
1317 5280 1615 5352 prophetas
1647 5283 1728 5336 si-

89 5383 335 5455 gniﬁcat
361 5401 374 5437 :
416 5379 606 5451 pallor
630 5393 760 5435 vero
785 5377 1023 5434 diversis
1056 5375 1238 5431 modis
1265 5376 1465 5430 accidit
1489 5375 1731 5430 homini-

91 5477 236 5546 bus;
267 5471 594 5547 aliquando
619 5487 857 5544 namque
877 5485 1103 5540 pavore,
1128 5468 1424 5540 aliquando
1448 5465 1731 5538 languore,

169 5669 199 5700 ι
246 5659 391 5714 Post
427 5671 626 5710 vocem
672 5652 976 5714 novissima,
1025 5649 1200 5706 codex
1237 5647 1394 5706 Gem.
1439 5645 1742 5717 subjungit,

93 5743 141 5789 et
168 5743 410 5794 arma;
455 5740 565 5782 nec
610 5725 838 5780 ulterius
881 5723 1136 5790 producit
1167 5721 1540 5794 testimonium
1572 5719 1733 5787 hujus

94 5804 348 5871 cantici;
381 5793 537 5858 ean.
590 5797 720 5851 illud
775 5794 1077 5850 extendunt
1136 5809 1309 5871 usque
1362 5793 1428 5871 agi
1483 5794 1738 5871 uerbum,

1823 4725 1946 4773 esse
1971 4729 2076 4770 non
2110 4727 2420 4787 possumus,
2454 4714 2508 4770 in
2546 4725 2612 4770 eo
2643 4713 2954 4785 specialiter
2983 4711 3420 4773 contmendtttttr.

1900 4809 2102 4884 (Vers.
2132 4808 2242 4882 9.)
2286 4808 2350 4863 Et
2404 4823 2522 4863 cum
2565 4807 2848 4877 aperuisset
2892 4805 3124 4881 sigillum
3170 4809 3427 4880 quintum.

1826 4905 2012 4974 Quinti
2043 4903 2204 4976 sigilli
2228 4903 2459 4974 apertio,
2484 4897 2622 4959 sexti
2649 4901 2706 4958 et
2732 4900 2969 4974 septimi,
2998 4900 3267 4973 sirutjam
3294 4901 3434 4958 ditia

1830 5011 1974 5064 mus,
2013 4998 2078 5052 ad
2121 4998 2460 5068 apertionem
2512 4995 2640 5051 novi
2689 4989 3031 5051 Testamenti
3072 4997 3352 5066 pertinet:
3384 4999 3439 5052 et

1825 5091 2076 5164 quamuis
2131 5105 2331 5147 novum
2380 5087 2795 5147 Testamentum
2845 5088 3064 5160 apertio
3109 5085 3179 5142 sit
3232 5088 3433 5145 Veteris

1831 5186 2168 5244 Testamenti
2200 5202 2213 5252 ;
2249 5195 2428 5241 tamen
2461 5184 2628 5240 multa
2662 5185 2713 5240 in
2748 5191 2814 5240 eo
2852 5181 3084 5238 obscure
3115 5179 3392 5253 ponuntur
3417 5225 3432 5251 ,

1830 5297 1950 5352 qua!
1980 5288 2203 5337 necesse
2225 5285 2393 5337 estut
2419 5279 2790 5349 aperiantur.
2820 5274 2986 5346 igitur
3009 5271 3250 5345 sigillum
3277 5275 3438 5347 quin-

1835 5383 1949 5429 tum
1996 5383 2209 5430 sextum
2245 5384 2303 5430 et
2347 5373 2640 5445 septimum
2667 5366 2921 5425 Salvator
2951 5367 3190 5438 aperuit,
3221 5365 3444 5440 quando

1835 5479 1897 5522 ea
1925 5473 2048 5538 qum
2080 5481 2177 5537 per
2199 5465 2488 5538 parabolas
2521 5464 2636 5536 ipsc
2663 5461 2879 5517 locutus
2907 5459 3024 5527 est,
3057 5465 3115 5517 et
3144 5458 3444 5534 ﬁguraliter

1889 5645 2147 5702 essimus.

1853 5660 1886 5716 ⁸
1913 5717 1940 5756 ι)
1980 5721 2184 5774 Omnes
2207 5715 2366 5782 edit.,
2391 5715 2557 5788 omnis
2584 5724 2720 5771 terra
2743 5715 3066 5788 designatur;
3094 5733 3288 5776 omnes
3312 5735 3444 5776 vero

1850 5806 1982 5845 mss.
2030 5789 2239 5845 addunt
2268 5788 2328 5843 τὸ
2382 5787 2571 5855 Israel,
2602 5789 2746 5860 quod
2791 5787 3162 5847 necessarium
3194 5790 3280 5847 hic
3323 5806 3447 5849 csso

97 5859 406 5942 antarii;
426 5875 682 5928 nost‘cro
704 5873 1027 5926 ceterorum
1055 5863 1178 5923 cod.
1200 5859 1512 5923 auctoritati
1533 5875 1743 5920 morem
1852 5862 2148 5921 ostendunt
2169 5859 2474 5931 sequentia.
