3950 6314
624 272 732 328 859

1565 268 1661 327 AD
1697 266 1930 325 OPERA
1960 265 2210 325 SANCTI
2251 264 2577 325 AMBROSI]
2612 265 2978 324 APPENDIX.

3704 280 3802 338 N01

625 386 814 458 gessit,
840 384 1158 442 doctoribus
1185 383 1451 443 Ecclesiae
1475 385 1751 457 patefecit.
1778 385 1886 442 Sed
1913 385 1984 442 de
2006 384 2227 455 exposi-
2257 387 2310 447 Α
2336 383 2630 453 desiderat,
2664 400 2763 456 pro
2791 384 3054 456 quibusin
3077 383 3373 454 diejudieii
3390 384 3670 459 damnabitur,
3682 393 3770 451 diem

620 481 772 536 tione
804 482 929 536 novi
957 480 1288 537 Testamenti
1321 494 1427 536 non
1474 490 1560 537 est
1609 480 1769 536 nobis
1810 495 2037 535 necesse
2067 477 2225 550 quid-

617 591 782 647 quam
808 575 1019 641 dicere.
1045 592 1110 632 eo
1136 576 1279 646 quod
1315 591 1344 629 a
1373 575 1583 631 sanctis
1613 575 1858 646 patribus
1901 574 2226 630 mirabiliter

615 679 672 726 et
697 669 1078 740 multipliciter
1117 670 1190 727 sit
1231 671 1564 741 expositum.
1612 669 1798 738 Quinti
1849 669 2012 740 igitur
2056 667 2224 739 sigilli

617 761 829 834 apertio
851 761 919 816 ad
949 769 1221 834 martyres
1247 761 1526 833 pertinet:
1556 761 1805 832 quintum
1832 775 1962 816 vero
1987 758 2224 830 sigillum

620 863 747 912 tunc
773 855 1022 911 Christus
1043 855 1282 926 aperuit,
1327 853 1548 925 quando
1569 869 1632 911 ea
1660 869 1786 926 qua:
1811 868 1907 924 per
1933 851 2229 924 parabolas

619 958 674 1005 et
699 947 960 1020 quasdam
1006 946 1209 1018 ﬁguras
1249 947 1317 1003 de
1363 947 1753 1018 persecutione
1801 955 2124 1017 martyrum,
2170 952 2226 1000 et

617 1042 1016 1112 gloriﬁcatione
1044 1056 1232 1097 eorum
1264 1039 1426 1108 dixit,
1456 1040 1778 1098 doctoribus
1808 1040 2073 1097 Ecclesiae
2106 1054 2224 1093 nia-

617 1137 916 1196 nil‘estavit.
945 1139 1174 1208 Aperuit
1197 1135 1360 1193 etiam
1409 1137 1659 1209 quintum
1700 1136 1968 1208 sigillum,
2000 1131 2222 1206 quando

612 1233 694 1290 eis
726 1235 1010 1292 caelestem
1049 1231 1285 1303 gloriam
1330 1246 1492 1302 quam
1542 1229 1894 1303 promiserat,
1949 1227 2222 1290 contulit,

613 1344 818 1400 eosque
843 1329 896 1382 in
916 1324 1124 1382 mundo
1151 1324 1294 1396 apud
1324 1325 1576 1381 homines
1597 1324 1945 1381 clariﬁcavit.
1982 1320 2102 1376 Vidi
2129 1319 2224 1375 sub

609 1425 778 1478 altare
810 1421 909 1478 Dei
937 1421 1140 1476 animas
1171 1419 1569 1490 interfectorum
1599 1416 2050 1490 prapteroerbam
2082 1412 2181 1468 Dei
2207 1455 2223 1481 ,

615 1525 663 1570 et
694 1513 1046 1570 testimonium
1070 1509 1218 1578 Jesu,
1242 1509 1380 1582 quod
1402 1509 1678 1565 habebant.
1715 1509 1904 1564 Altare
1926 1506 2019 1562 Dei
2039 1502 2226 1560 Chris-

617 1617 707 1664 tus
735 1618 820 1663 est
852 1624 866 1663 :
897 1605 1095 1662 aninne
1121 1605 1284 1675 igitur
1323 1613 1640 1659 sanctorum
1690 1602 1794 1657 sub
1830 1601 2004 1656 altare
2044 1598 2226 1669 quies-

615 1707 775 1766 cunt,
816 1700 942 1770 quia
984 1699 1126 1754 sicut
1162 1696 1326 1767 capiti
1367 1697 1652 1767 supposita
1692 1707 1820 1751 sunt
1852 1691 2118 1757 membra,
2148 1690 2227 1746 ei-

2328 475 2565 543 Domini,
2595 477 2647 533 id
2676 487 2778 544 est,
2809 479 3216 535 damnationem
3242 494 3394 534 suam
3423 479 3650 537 desiderat.

2399 572 2468 628 Et
2511 574 2647 629 data
2688 583 2805 629 sunt
2855 573 2962 629 illis
2986 575 3209 646 singular
3238 574 3378 630 slolte
3405 574 3531 631 albis.
3557 576 3675 634 Stulte
3691 581 3775 638 alba

2327 667 2499 739 gloria
2527 679 2612 724 est
2640 677 2952 724 sanctarum
2982 670 3314 735 animarum,
3352 668 3560 740 singulas
3585 671 3703 727 stolas
3725 677 3773 727 at.

2327 761 2424 817 bas
2445 762 2619 818 sancti
2644 761 2740 818 Dei
2766 778 2906 818 nunc
2925 762 3207 832 possident
3233 780 3246 829 ;
3279 762 3401 833 quia
3427 763 3778 841 corporibusm

2328 863 2380 910 tn
2403 863 2544 910 terra
2565 857 2972 926 quiescentibus
2995 854 3052 923 ,ι’
3065 857 3237 912 solius
3275 856 3463 912 anima:
3481 856 3725 916 beatitudine
3740 880 3781 917 e-

2331 958 2482 1006 terna
2515 949 2900 1020 perfruuntur:
2923 951 3077 1006 binas
3106 952 3274 1007 stolas
3307 962 3430 1008 tunc
3458 952 3782 1022 percipient,cuu

2331 1053 2455 1114 post
2483 1044 2938 1100 resurrectionem
2972 1043 3170 1099 anima:
3198 1057 3322 1097 cum
3349 1044 3620 1111 corporibus
3640 1046 3783 1117 gloriam
3869 1041 3871 1046 “

2328 1136 2566 1192 caelestis
2589 1137 2779 1206 patriae
2803 1136 2920 1192 sine
2952 1136 3059 1192 ﬁne
3105 1135 3473 1207 possidebunt.
3508 1134 3561 1188 Et
3590 1137 3727 1192 dictum
3741 1155 3784 1194 at

2328 1231 2434 1286 illis
2459 1240 2514 1284 ut
2540 1232 2922 1301 requiescerent
2975 1229 3148 1284 adhuc
3196 1239 3398 1298 tempus
3439 1229 3664 1295 modicum,
3688 1232 3784 1286 dom

2325 1324 2641 1394 impleantur
2667 1325 2897 1378 conservi
2926 1339 3130 1388 eorum,
3164 1332 3213 1377 et
3235 1323 3424 1393 fratres
3439 1325 3786 1392 (erumpitur:-

2325 1417 2534 1484 ﬁciendi
2563 1427 2702 1483 sunt,
2729 1417 2862 1472 sicut
2892 1427 2939 1470 et
2969 1417 3070 1471 illi.
3107 1415 3348 1486 Tempus
3394 1415 3622 1470 modicum
3657 1427 3786 1488 tempta

2325 1519 2411 1565 est
2456 1525 2630 1580 usque
2678 1511 2745 1565 ad
2793 1510 2935 1566 diem
2973 1509 3166 1580 judicii
3197 1526 3211 1562 :
3243 1507 3388 1580 quod
3420 1508 3786 1567 niodienmitlcitw

2324 1601 2547 1668 dicitur,
2588 1603 2712 1672 quia
2752 1603 2803 1657 in
2843 1603 3251 1672 comparatione
3290 1601 3452 1656 futuri
3481 1603 3786 1674 temporisullc

2327 1695 2599 1750 modicum
2621 1704 2727 1752 est.
2753 1695 2936 1750 Sancti
2969 1710 3099 1766 ergo
3119 1695 3212 1764 qui
3235 1694 3346 1749 hoc
3371 1693 3653 1759 desiderant,
3669 1697 3786 1753 mdia

611 1810 722 1867 que
748 1795 1068 1860 cohaerent,
1106 1793 1179 1846 ita
1210 1799 1266 1848 et
1294 1789 1493 1847 anima:
1531 1799 1848 1846 sanctorum
1901 1788 1954 1842 in
2008 1784 2219 1843 cretesti
2249 1781 2300 1844 B
2321 1787 2509 1859 judicii
2539 1787 2652 1855 ﬁat,
2681 1789 2733 1844 in
2766 1805 2870 1858 qua
2901 1801 2953 1844 et
2982 1803 3218 1858 corpora
3259 1797 3316 1844 et
3358 1788 3624 1844 mercedem
3656 1788 3786 1860 plenam
3869 1845 3871 1867 Ι

607 1887 781 1959 gloria
810 1885 1155 1953 coustitutm,
1201 1884 1422 1940 Christo
1461 1882 1721 1938 salvatori
1751 1879 2011 1951 subjecta:
2047 1888 2174 1934 sunt
2199 1919 2216 1945 ,

608 1985 772 2055 eique
801 1999 899 2056 per
919 1982 1369 2054 conjunctionem
1403 1980 1774 2037 membrorum
1804 1985 2120 2034 nectuntur.

682 2078 866 2152 (Vcrs.
897 2078 986 2145 10,
1022 2078 1136 2150 ll.)
1168 2076 1231 2132 Et
1259 2075 1551 2131 clamabant
1571 2091 1690 2130 voce
1711 2089 1924 2144 magna,
1953 2071 2215 2126 dicentes:

613 2171 913 2245 Usqueqno,
933 2170 1150 2226 Domine
1174 2180 1388 2225 sanctus
1413 2179 1460 2224 et
1487 2184 1656 2232 verus,
1672 2184 1775 2222 non
1794 2165 2011 2239 judicas
2041 2173 2088 2218 et
2114 2179 2217 2218 non

606 2266 842 2322 vindicas
867 2265 1170 2338 sanguinem
1194 2275 1426 2319 nostrum
1457 2261 1522 2317 de
1538 2262 1602 2316 iis
1622 2302 1637 2328 ,
1659 2261 1746 2330 qui
1776 2259 2008 2312 habitant
2036 2257 2089 2311 in
2115 2267 2219 2312 ter-

602 2362 694 2416 ra?
716 2362 848 2417 Cum
866 2360 1134 2430 scriptura
1155 2356 1648 2429 praecipiatmalum
1679 2369 1780 2425 pro
1802 2352 1948 2408 malo
1965 2365 2071 2406 non
2095 2348 2219 2406 red-

605 2455 739 2512 dere
771 2455 952 2527 (Rom.
984 2469 1084 2521 xu,
1113 2454 1226 2523 l7),
1247 2460 1304 2508 et
1331 2449 1592 2506 Dominus
1619 2448 1768 2503 dicat
1795 2448 1847 2501 in
1879 2443 2214 2514 Evangelio:

609 2549 823 2622 Diligite
853 2549 1092 2604 inimicos
1118 2556 1336 2613 vestros,
1360 2552 1407 2599 et
1439 2541 1721 2611 benefacite
1747 2541 1841 2606 iis,
1874 2539 1962 2610 qui
1995 2539 2217 2592 oderunt

602 2661 693 2702 vos
719 2642 940 2717 (Matth.
977 2658 1030 2709 v,
1060 2639 1156 2714 4s)
1184 2657 1200 2706 ;
1228 2639 1356 2712 quid
1383 2648 1469 2695 est
1495 2635 1643 2709 quod
1671 2634 1847 2690 sancti
1879 2634 1932 2687 iu
1969 2629 2212 2688 calesti-

601 2740 702 2796 bus
729 2735 1017 2794 constituti
1047 2733 1314 2789 ultionem
1361 2731 1432 2787 de
1471 2727 1712 2784 inimicis
1750 2725 1864 2781 suis
1903 2721 2218 2795 expetunt?

604 2830 714 2890 Sed
742 2832 949 2887 scimus
976 2835 1198 2884 sanctos
1225 2825 1320 2880 Dei
1349 2823 1495 2880 diem
1525 2820 1779 2877 ultimum
1799 2817 2134 2881 desiderare,
2157 2813 2213 2870 in

603 2939 715 2997 quo
751 2933 806 2980 et
841 2936 1074 2992 corpora
1120 2927 1178 2976 et
1222 2916 1530 2974 mercedem
1562 2914 1780 2986 plenam
1813 2911 2060 2967 laborum
2089 2924 2216 2964 suo-

601 3033 724 3074 rutn
756 3032 786 3071 a
817 3015 1048 3070 Domino
1077 3011 1406 3086 percipient.
1437 3008 1571 3064 Nam
1601 3006 1747 3062 hunc
1771 3005 1914 3060 diem
1952 3002 2214 3058 Dominus

602 3109 1035 3166 desiderandum
1059 3121 1182 3161 esse
1213 3102 1497 3174 discipulis
1522 3101 1638 3158 suis
1669 3094 2062 3163 manilestavit,
2090 3109 2212 3150 cum

2321 1882 2565 1938 laborum
2590 1899 2810 1939 suorum
2839 1882 3128 1952 recipiant,
3154 1893 3375 1954 tempus
3401 1883 3632 1939 modicum
3647 1899 3788 1956 exspes
3869 1871 3871 1942 ἐ

2323 1987 2437 2032 tare
2459 1978 2738 2048 jubentur,
2769 1978 2947 2034 donec
2972 1977 3269 2049 impleatur
3299 1993 3543 2033 numerus
3561 1977 3788 2034 irattumeo-
3869 1975 3871 2049 Ῑ

2321 2086 2439 2126 rum
2469 2087 2484 2137 ;
2516 2072 2638 2140 quia
2667 2071 2786 2126 dies
2810 2071 2997 2141 juilicii
3039 2089 3149 2127 non
3200 2073 3418 2140 veniet,
3455 2088 3600 2142 usque
3628 2073 3788 2128 damiu-

2321 2165 2537 2236 pleatur
2563 2165 2742 2221 omnis
2770 2182 3030 2223 numerus
3059 2167 3386 2223 electorum.
3421 2166 3520 2222 Sed
3545 2167 3783 2237 querulum

2321 2258 2482 2313 nobis
2502 2268 2617 2325 est,
2648 2274 2747 2314 cur
2769 2259 2902 2314 sola:
2930 2258 3125 2314 animae
3149 2276 3247 2329 pro
3271 2259 3469 2316 Christi
3499 2258 3672 2315 nomie
3690 2261 3786 2314 inta-

2321 2349 2586 2406 l'ectorum
2613 2351 2716 2407 sub
2745 2351 2919 2407 altare
2939 2351 3035 2407 Dei
3054 2352 3333 2424 quievisse
3351 2394 3367 2420 ,
3398 2363 3453 2409 et
3477 2352 3618 2408 stolas
3636 2352 3785 2422 singula

2319 2443 2603 2512 accepisse
2634 2445 2922 2513 legantur;
2969 2459 3090 2498 cum
3141 2459 3337 2500 omnes
3375 2444 3636 2500 electorum
3670 2443 3784 2499 anima:

2319 2535 2423 2592 sub
2454 2535 2556 2591 hoc
2586 2535 2760 2592 altare
2788 2537 3092 2606 quiescant,
3115 2536 3450 2608 easdemque
3489 2538 3627 2592 stolas
3656 2547 3694 2591 et
3715 2537 3785 2606 ipsi

2321 2628 2682 2700 possideant?
2709 2628 2813 2684 Per
2833 2628 3044 2684 animas
3072 2629 3236 2700 igitur
3269 2629 3640 2686 interfectorum
3656 2643 3785 2684 nocte

2320 2722 2431 2778 lunt
2464 2737 2754 2794 martyres,
2785 2724 2880 2780 sed
2910 2733 2965 2780 et
2992 2739 3185 2781 omnes
3213 2728 3428 2782 animas
3451 2725 3785 2797 juswrutnddie-

2320 2834 2440 2874 mus
2477 2819 2754 2890 accipere;
2783 2834 2850 2875 eo
2871 2819 3014 2890 quod
3047 2828 3102 2875 et
3123 2820 3224 2891 ipsi
3257 2822 3461 2877 mundo
3479 2821 3576 2877 sint
3598 2819 3789 2882 mortuiut

2321 2913 2430 2968 Deo
2455 2913 2725 2978 viverent,
2751 2912 2891 2968 sicut
2914 2913 3046 2972 dicit
3078 2913 3373 2982 Apostolus
3406 2933 3419 2968 :
3450 2915 3620 2970 Μονιηὶ
3638 2916 3788 2968 enitan-

2318 3004 2416 3071 tis,
2465 3015 2514 3060 et
2549 3005 2654 3060 vita
2703 3015 2869 3060 vestra
2902 3005 3206 3061 abscondita
3240 3016 3317 3062 est
3344 3023 3460 3062 cum
3485 3006 3656 3064 Cltristo
3677 3004 3790 3060 inﬂa

2321 3095 2550 3169 (Coloss.
2589 3114 2667 3166 ιιι,
2708 3099 2789 3170 5).
2822 3097 2888 3154 Ει
2919 3098 2988 3155 de
3007 3102 3304 3171 semetipso
3337 3102 3467 3158 dicit
3489 3120 3502 3155 :
3527 3101 3636 3156 Mitti
3655 3101 3790 3154 manu:

601 3205 762 3275 signa
782 3202 891 3258 diei
916 3200 1107 3273 judicii
1140 3197 1487 3269 praediceret,
1516 3195 1708 3252 dicens
1735 3213 1748 3249 :
1775 3191 1906 3248 Cum
1932 3199 2104 3245 autem
2132 3189 2211 3243 vi-
2239 3182 2284 3244 C
2317 3191 2597 3260 cruciﬁxus
2626 3200 2726 3260 est,
2759 3200 2804 3245 et
2825 3207 2919 3262 ego
2939 3193 3134 3246 mundo
3157 3191 3356 3265 (Galat.
3385 3210 3468 3260 γι,
3497 3193 3575 3266 li)
3598 3202 3672 3260 ;et
3690 3211 3701 3246 :
3720 3193 3792 3246 thl-
3867 3193 3869 3244 ε

607 3295 787 3351 deritis
815 3293 925 3349 haec
946 3293 1084 3363 ﬁeri,
1110 3291 1354 3362 respicite
1384 3300 1428 3344 et
1459 3291 1624 3344 levate
1650 3288 1824 3358 capita
1856 3293 2023 3338 vestra
2041 3296 2062 3348 ;
2083 3297 2210 3352 quo-

605 3389 750 3446 niam
783 3387 1215 3462 appropinquavit
1249 3385 1537 3458 redemptio
1565 3393 1733 3438 uestra
1761 3379 1919 3449 (Luc.
1956 3395 2071 3443 xxt,
2092 3373 2208 3448 28).

599 3483 668 3540 Et
697 3484 751 3539 in
783 3483 1034 3538 oratione
1065 3480 1346 3536 Dominica
1365 3478 1587 3534 assidue
1611 3477 1882 3548 petimus,
1901 3472 2212 3526 utadveniat

599 3593 816 3650 regnum
830 3588 977 3631 tuum
993 3573 1213 3642 (Matth.
1232 3589 1312 3640 vr,
1328 3571 1650 3644 {0).Verum
1667 3568 1793 3640 quia
1804 3574 2115 3623 sanctorum
2130 3579 2215 3620 re-

601 3672 876 3728 surreetio
903 3679 1066 3741 atque
1097 3666 1428 3740 glorilicatio
1460 3665 1514 3719 in
1530 3663 1620 3718 die
1648 3661 1838 3732 judicii
1873 3659 2056 3726 ﬁet,et
2093 3657 2214 3713 dics

590 3762 1083 3838 judiciidamnatio
1113 3762 1221 3818 erit
1256 3758 1550 3830 impiorum
1573 3797 1590 3824 ,
1623 3754 1800 3811 sancti
1827 3753 2095 3808 ultionem
2121 3749 2193 3806 de

597 3858 838 3917 inimicis
854 3858 970 3914 suis
999 3853 1313 3928 postulant,
1337 3849 1559 3922 quando
1582 3856 1772 3919 petunt
1789 3845 1976 3901 utdies
1994 3842 2210 3898 Domini

599 3954 818 4021 veniat;
840 3952 969 4024 quia
991 3966 1070 4022 ,eo
1108 3948 1197 4006 die
1218 3945 1568 4004 damnatione
1590 3950 1849 4015 perpetua
1867 3939 2211 3994 damnabun-

599 4057 712 4106 tur.
733 4047 844 4105 Sed
873 4047 960 4102 hic
981 4042 1212 4117 quaBStio
1242 4043 1439 4107 oritur,
1462 4055 1562 4096 cur
1599 4035 1777 4094 sancti
1813 4034 1960 4091 diem
1992 4032 2209 4089 Domini

604 4141 946 4207 desiderent,
971 4155 1094 4196 cum
1128 4137 1392 4210 propheta
1420 4135 1566 4192 dicat
1600 4151 1614 4188 :
1663 4133 1750 4189 Va:
1790 4129 2208 4186 desiderantibus

604 4237 742 4292 diem
773 4235 984 4291 Domini
1007 4234 1190 4308 (Amos
1231 4249 1282 4298 v,
1327 4231 1460 4304 18)?
1511 4230 1730 4288 Scimus
1780 4242 2014 4298 namque
2064 4225 2206 4280 diem

600 4327 817 4384 Domini
848 4328 1254 4384 damnationem
1286 4339 1410 4380 esse
1450 4324 1776 4394 impiorum,
1825 4321 1966 4376 sicut
1987 4319 2096 4390 jam
2125 4317 2210 4373 di-

601 4425 802 4480 ximus.
847 4421 915 4478 Et
951 4421 1081 4492 quid
1125 4433 1349 4476 necesse
1395 4417 1498 4474 fuit
1527 4417 1809 4488 prophetae
1847 4414 2034 4469 dicere
2066 4429 2079 4466 :
2116 4411 2208 4466 Va:

602 4513 1020 4571 desiderantibus
1063 4513 1200 4568 diem
1237 4509 1486 4566 Domini!
1515 4524 1638 4565 cum
1678 4507 1859 4562 nullus
1887 4505 2086 4577 impius
2114 4520 2204 4561 re-

2315 3300 2403 3338 nes
2430 3284 2518 3353 qui
2540 3284 2719 3339 volunt
2751 3285 2832 3354 pie
2847 3286 3017 3341 vivere
3033 3287 3086 3340 in
3107 3285 3313 3343 Christo
3334 3287 3368 3340 J
3373 3305 3489 3357 esu,
3511 3288 3792 3359 persecutio":

2313 3380 2580 3448 patiuntur
2607 3377 2674 3448 (ll
2713 3375 2852 3433 Tim.
2887 3395 2968 3444 Ill,
2996 3379 3122 3451 12);
3155 3390 3211 3436 et
3235 3399 3248 3434 :
3275 3379 3383 3436 Per
3412 3383 3586 3437 multas
3604 3380 3792 3436 trib-latic-

2315 3489 2402 3528 nes
2421 3484 2618 3542 oportet
2640 3489 2734 3528 nos
2762 3475 2961 3530 intrare
2989 3475 3040 3529 in
3069 3491 3288 3549 regnum
3317 3473 3418 3532 Dei
3439 3475 3616 3549 (Actor.
3629 3490 3709 3538 xu,
3724 3473 3789 3538 ili.

2309 3565 2418 3622 Sed
2441 3577 2495 3622 et
2514 3566 2752 3624 Joannes
2773 3575 2964 3625 auctor
2983 3568 3145 3640 hujus
3176 3569 3323 3634 libri,
3351 3569 3564 3627 calicem
3585 3568 3738 3624 Domini
3749 3567 3791 3619 ill-

2311 3661 2458 3718 bisse
2488 3661 2837 3730 describitur,
2857 3677 2980 3718 eum
3011 3663 3129 3720 sine
3150 3663 3321 3734 gladii
3353 3664 3683 3736 peremptione
3700 3661 3788 3732 quie-

2314 3755 2472 3812 verit.

2385 3849 2564 3922 (Vers.
2591 3848 2708 3921 12.)
2740 3849 2807 3903 Et
2841 3867 2956 3905 cum
2982 3851 3269 3922 aperuisset
3304 3852 3530 3924 sigillum
3555 3860 3722 3906 sextust.
3745 3846 3789 3901 Si-

2310 3944 2424 4017 gilli
2459 3947 2599 4001 sexti
2641 3946 2852 4016 apertio
2892 3945 2960 4001 ad
2991 3943 3308 4002 Judzeorum
3340 3942 3789 4018 dejectionem,sictt

2308 4038 2570 4107 diximus,
2616 4048 2672 4095 et
2716 4039 2784 4094 ad
2836 4040 3082 4109 gentium
3136 4043 3479 4098 vocationem
3532 4033 3790 4112 pertinetfl

2309 4133 2434 4203 quia
2453 4132 2706 4189 Christus
2731 4132 2802 4189 de
2817 4132 3133 4189 Iudaeorum
3161 4134 3469 4204 perditione
3493 4134 3619 4192 etde
3639 4129 3788 4203 gentium

2309 4228 2579 4284 electione
2602 4229 2772 4284 multa
2806 4243 2905 4299 per
2933 4230 3224 4300 parabolas
3263 4242 3352 4286 est
3387 4231 3608 4296 locutus,
3636 4225 3792 4297 quadam

2307 4323 2474 4378 etiam
2505 4323 2696 4396 gessit,
2729 4339 2852 4394 qua:
2882 4323 2988 4380 hoc
3018 4324 3484 4396 designaverunt;
3512 4319 3792 4388 sextumsigil-

2308 4413 2420 4470 lum
2447 4416 2685 4486 aperuit,
2707 4414 2925 4485 quando
2950 4415 3271 4474 doctoribus
3293 4417 3552 4474 Ecclesia:
3575 4432 3628 4472 ea
3647 4430 3728 4487 qua?
3740 4425 3792 4481 Ρετ

2310 4509 2510 4582 ﬁguras
2539 4508 2680 4564 dixit
2710 4519 2766 4566 et
2797 4509 2945 4576 fecit,
2980 4527 3079 4582 per
3104 4511 3489 4583 inspirationis
3521 4528 3620 4568 sua
3650 4508 3792 4582 gratiam

600 4607 867 4679 periatur,
901 4605 992 4677 qui
1021 4613 1116 4660 aut
1153 4612 1383 4660 mortem
1435 4617 1587 4658 suam
1611 4643 1624 4667 ,
1655 4607 1752 4656 aut
1799 4598 1943 4655 dlem
1986 4596 2202 4654 Domini
2227 4578 2282 4639 Ῑ)
2309 4578 2580 4676 patefecit.
2610 4603 2842 4674 Aperuit
2867 4578 3034 4662 etiam
3067 4578 3281 4663 sextum
3306 4609 3562 4681 sigillum,
3586 4578 3792 4676 quantine:
3865 4657 3867 4660 .

595 4699 906 4766 desideret;
935 4715 1002 4756 eo
1027 4697 1171 4770 quod
1204 4697 1258 4753 in
1291 4711 1358 4752 eo
1387 4694 1639 4750 damnari
1677 4690 1918 4748 metuit?
1959 4691 2027 4745 Et
2070 4691 2200 4762 quia

593 4811 790 4854 verum
819 4803 904 4852 est
926 4793 1069 4866 quod
1097 4792 1358 4863 pr0pheta
1389 4789 1551 4855 dixit,
1578 4784 2018 4857 investigandum
2040 4783 2198 4839 nobis

593 4901 680 4950 est
703 4890 834 4963 quid
873 4888 1162 4962 signiﬁcet.
1207 4884 1490 4942 Damnatio
1522 4883 1724 4955 quippe
1754 4881 2042 4952 impiorum
2071 4887 2198 4936 sunt

593 4993 821 5057 peccata
864 5001 879 5038 :
909 4983 1240 5055 quicumque
1273 4992 1405 5049 ergo
1429 4992 1553 5030 cum
1590 4984 1772 5031 scorto
1809 4972 1957 5029 coire
1985 4972 2197 5028 deside-

590 5088 717 5147 rat;
745 5077 1152 5135 damnationem
1180 5089 1333 5130 suam
1355 5071 1663 5128 desiderat:
1689 5069 1716 5099 ⁸
1737 5069 2068 5140 quicumque
2090 5068 2199 5123 ine-

589 5173 756 5232 briari
782 5171 1081 5238 desiderat,
1121 5166 1530 5226 damnationem
1562 5179 1717 5220 suam
1750 5161 2066 5218 desiderat:
2103 5161 2199 5232 qui

592 5281 792 5339 equum
820 5275 915 5322 aut
945 5267 1140 5321 bovem
1181 5271 1276 5317 aut
1315 5258 1519 5330 aliquid
1553 5255 1680 5312 huic
1708 5256 1788 5311 rei
1816 5256 1996 5312 simile
2026 5254 2192 5310 furari

592 5358 887 5425 desiderat,
918 5357 1324 5418 damnationem
1363 5367 1517 5407 suam
1563 5348 1841 5405 desiderat
1871 5365 1886 5403 :
1913 5348 2004 5418 qui
2036 5347 2192 5403 dam-

591 5467 724 5509 num
752 5453 972 5524 aliquod
1004 5450 1255 5523 proximo
1300 5445 1508 5503 inferre
1546 5443 1848 5512 desiderat,
1893 5444 2194 5500 damnatio-

593 5561 720 5602 nem
743 5560 895 5601 suam
925 5545 1224 5601 desiderat.
1249 5541 1419 5615 igitur
1443 5539 1571 5613 quia
1593 5538 1874 5595 damnatio
1901 5539 2190 5612 impiorum

593 5638 703 5697 erit
726 5637 846 5696 dies
877 5637 1092 5710 judicii,
1127 5638 1459 5709 quicumque
1499 5649 1560 5691 ea
1609 5635 1818 5690 scelera
1851 5635 2196 5692 committere

666 5811 692 5838 ιι
712 5799 1056 5928 ‘Qai'cumque
1083 5796 1332 5853 inebriari
1355 5810 1525 5868 usque
1549 5795 1617 5852 ad
1646 5795 1732 5866 qui
1763 5810 1944 5866 equum
1990 5811 2023 5853 c
2063 5812 2194 5854 mss.

666 5881 809 5930 stttut
836 5885 901 5928 ur

596 5883 901 5932 I'OSlllulllll'

2307 4715 2428 4771 qua:
2476 4699 2760 4769 praedixit,
2803 4714 2974 4770 Opere
3016 4700 3284 4773 implevit.
3318 4703 3496 4759 Terra:
3527 4713 3669 4759 motus
3695 4699 3794 4769 fet!"
3865 4703 3867 4762 ἒ

2307 4801 2380 4847 est
2407 4807 2642 4863 magnus.
2677 4790 2780 4854 Per
2809 4801 3013 4849 terram
3040 4793 3096 4849 in
3125 4794 3230 4852 hoc
3265 4795 3386 4852 loco
3411 4796 3576 4853 Judzei
3599 4793 3794 4864 designan-

2308 4893 2394 4938 tur
2425 4901 2438 4939 :
2466 4892 2628 4940 terrae
2673 4894 2854 4940 motus
2880 4884 3060 4942 lactus
3090 4897 3176 4944 est
3211 4904 3463 4960 magnus,
3495 4882 3793 4960 quandoalto-

2307 4979 2483 5034 manis
2513 4979 2631 5036 haec
2656 4994 2795 5052 gens
2816 4991 2901 5036 est
2923 4982 3228 5040 devastata.
3254 4983 3325 5039 Et
3342 4987 3421 5041 sol
3445 4986 3602 5057 {actus
3619 4980 3791 5050 “triga.

2303 5076 2441 5131 sicut
2469 5092 2650 5130 saccus
2676 5077 2940 5132 cilicinus.
2973 5077 3077 5135 Per
3104 5079 3277 5136 solem
3300 5081 3444 5137 idem
3469 5081 3792 5143 Judsornmpo-

2307 5171 2466 5242 pultis
2507 5170 2864 5240 designatur:
2896 5173 2978 5229 sol
3011 5174 3172 5245 igitur
3207 5175 3389 5233 lactus
3432 5187 3512 5235 est
3551 5178 3790 5246 uigent»!!-

2307 5279 2467 5335 quam
2499 5280 2694 5322 saccus
2723 5267 3008 5335 cilieinns;
3040 5270 3163 5341 quia
3194 5273 3428 5342 populus
3459 5273 3717 5330 Judteorum
3736 5264 3787 5336 qu

2300 5367 2523 5428 propter
2549 5359 2921 5431 cognitionem
2943 5362 3104 5418 unius
3129 5364 3249 5431 Dei,
3269 5376 3328 5423 et
3347 5378 3565 5439 propter
3580 5362 3787 5424 custodiam

2300 5453 2483 5524 Legis,
2512 5455 2664 5512 velut
2702 5457 2785 5512 sol
2818 5457 2872 5513 in
2903 5460 3130 5528 mundo,
3171 5462 3476 5534 refulgebat
3503 5465 3627 5520 inter
3641 5468 3786 5516 calens

2299 5556 2516 5618 gentes,
2545 5548 2720 5606 factus
2751 5560 2838 5608 est
2865 5554 3122 5610 omnibus
3153 5553 3466 5613 hominibus
3485 5556 3672 5613 odiosus
3688 5563 3785 5622 pmp-

2301 5650 2385 5701 ter
2414 5645 2728 5716 iniquitates
2758 5662 2919 5715 suas;
2954 5664 3114 5706 sacco
3143 5665 3382 5724 namque
3410 5652 3695 5724 paenitenter.
3713 5655 3781 5697 t6-

2378 5800 2406 5840 δ
2441 5803 2515 5859 Ita
2549 5820 2704 5873 mss.;
2737 5809 2872 5864 edit.
2900 5819 3101 5882 autem,
3146 5813 3295 5870 stolis
3330 5814 3516 5870 anima
3553 5801 3783 5869 beatitulisit

2297 5882 2503 5930 aeterm:
2533 5881 2892 5951 perfruuntur.
