3950 6314
79 305 165 362 841
769 299 836 356 ΙΝ
873 298 1355 360 APOCALYPSIN
1399 297 1790 358 EXPOSITIO.
1831 298 1922 354 DE
1962 296 2235 358 VISIONE
2276 297 2556 358 TERTIA.
3240 296 3350 353 842

77 425 279 488 tiuntur,
325 427 381 476 ut
427 419 670 477 indicent
713 436 774 478 se
819 436 944 480 esse
989 431 1330 494 peccatores.
1377 420 1471 477 Sol
1510 421 1718 493 ergoA
1743 419 2163 488 delitescebant,
2217 421 2662 494 opprimerentur
2703 427 2758 476 et
2801 420 3276 478 ahsconderentur
3319 435 3351 476 a

75 515 386 589 nigredinem
419 513 562 570 sacci
590 513 799 582 habuit,
831 515 957 586 quia
995 515 1248 572 omnibus
1273 514 1530 586 gentibus
1562 513 1643 569 fa-
1740 512 1884 570 facie
1909 513 2006 571 Dei
2049 523 2105 572 et
2133 530 2164 571 a
2195 515 2338 573 facie
2363 515 2570 572 Christi
2596 515 2747 586 ejus,
2779 531 2941 588 quem
2976 517 3214 588 graviter
3245 529 3346 571 no-

73 612 234 667 cinora
260 606 571 662 Iudaeorum
601 615 912 678 patuerunt.
955 607 1024 662 Et
1064 608 1193 663 luna
1224 611 1364 679 facta
1405 617 1478 662 est
1506 607 1644 661 sicut
1742 616 1934 664 verant
1959 622 2020 663 se
2041 606 2362 666 oﬁ'endisse.
2394 608 2528 664 Nam
2559 618 2616 666 et
2659 609 2922 667 Dominus
2959 626 3081 666 cum
3112 609 3180 666 ad
3222 625 3348 680 pas-

73 701 280 774 sanguis.
307 699 566 756 Eamdem
607 700 1060 773 signiﬁcationem
1091 700 1255 756 habet
1286 703 1442 768 luna,
1478 716 1640 772 quam
1742 699 1954 756 sionem
1985 699 2304 772 duceretur,
2331 700 2437 758 hoc
2459 716 2556 758 eos
2585 717 2708 760 esse
2740 719 3002 774 passuros
3025 703 3350 759 mulieribus

71 795 171 861 sol;
194 791 458 864 signiﬁcat
485 809 723 864 namque
751 795 1118 868 Synagogam.
1150 794 1303 851 Luna
1344 810 1478 867 ergo
1517 809 1644 866 spe-
1742 805 1805 848 se
1826 791 2255 848 lamentantibus
2277 793 2549 864 praedixit,
2573 793 2760 851 dicens
2779 813 2793 851 :
2812 793 2972 852 Filiae
2995 795 3348 865 Hierusalem,

71 887 192 942 ciem
217 883 493 955 sanguinis
514 883 775 944 habuisse
801 885 916 942 visa
943 897 1049 956 est,
1078 887 1207 959 quia
1237 887 1496 943 omnibus
1530 887 1644 942 cla-
1742 884 1903 940 nolite
1926 886 2052 955 ﬂere
2071 903 2229 958 super
2251 904 2349 955 me,
2379 887 2470 942 sed
2491 904 2649 958 super
2668 905 2757 944 vos
2787 890 2926 961 ipsas
2951 891 3090 960 ﬂete,
3117 901 3164 946 et
3194 907 3353 960 super

72 980 169 1036 ruit
207 976 416 1034 Iudaeos
473 988 700 1050 propter
733 979 1060 1038 eﬂ'usionem
1102 981 1383 1054 sanguinis
1433 979 1642 1038 Christi
1743 976 1884 1046 ﬁlios
1925 987 2154 1046 vestros;
2190 981 2311 1052 quia
2352 997 2466 1036 ecce
2494 981 2696 1038 uenient
2733 983 2844 1038 dies
2881 984 3092 1050 quando
3126 984 3302 1039 dicent
3334 1000 3353 1039 :

71 1083 470 1144 sanctorumque
491 1074 613 1144 ejus
640 1089 764 1131 esse
793 1073 1034 1133 deletos,
1743 1065 1922 1124 Beata:
1950 1071 2170 1138 steriles,
2212 1088 2328 1142 quae
2356 1089 2456 1128 non
2486 1084 2802 1145 genuerunt,
2837 1085 2883 1129 et
2916 1075 3076 1131 ubera
3105 1093 3222 1147 qua:
3251 1093 3354 1132 non

137 1167 306 1241 (Vers.
331 1166 450 1237 I3.)
480 1165 548 1222 Et
575 1170 740 1224 stella:
767 1171 1059 1225 ceciderunt
1086 1187 1243 1242 super
1271 1180 1483 1238 terram,
1511 1170 1644 1225 sicut
1747 1160 2110 1218 lactaverunt!
2148 1162 2298 1220 Tunc
2337 1167 2587 1238 incipient
2627 1167 2802 1224 dicere
2837 1171 3095 1225 montibus
3133 1188 3144 1223 :
3175 1171 3360 1227 Cadite

74 1265 184 1334 ﬁcus
209 1261 354 1316 mittit
382 1278 590 1334 grossos
619 1280 758 1331 suos,
793 1281 911 1318 cum
934 1284 966 1319 a
990 1275 1140 1320 vento
1168 1283 1359 1338 magno
1390 1274 1641 1320 movetur.
1745 1273 1905 1328 super
1930 1274 2057 1325 n08;
2085 1269 2133 1312 et
2163 1259 2385 1315 collibus
2415 1277 2433 1314 :
2465 1260 2740 1333 Cooperite
2771 1279 2884 1318 nos.
2929 1263 3064 1331 Quia
3101 1265 3146 1317 si
3183 1266 3235 1318 in
3276 1267 3353 1320 vi-

72 1357 161 1414 Per
180 1354 354 1411 stellas
376 1355 654 1427 principes
677 1357 1028 1413 sacerdotum
1049 1359 1426 1429 designantur,
1449 1357 1644 1413 scriba:
1745 1352 1852 1407 ridi
1875 1353 2016 1425 ligno
2034 1353 2145 1410 lucc
2161 1356 2383 1426 faciunt,
2401 1357 2454 1412 in
2470 1359 2621 1413 arido
2642 1358 2770 1430 quid
2788 1359 2875 1429 ﬁet
2890 1357 3043 1431 (Luc.
3061 1360 3354 1431 xsttt,28)?

70 1462 119 1510 et
154 1450 392 1522 pharisaei
436 1466 450 1506 :
493 1465 591 1522 per
633 1450 792 1508 ﬁcum
845 1463 1028 1508 autem
1079 1461 1279 1508 terram
1327 1451 1640 1508 Judzeorum
1745 1446 1820 1502 Se
1847 1446 2030 1504 viride
2065 1447 2296 1520 lignum,
2331 1449 2456 1506 illos
2482 1467 2617 1508 vero
2658 1452 2865 1523 lignum
2905 1452 3120 1509 aridum
3155 1461 3354 1516 vocat;

1747 1552 1812 1594 ac
1840 1539 1888 1595 si
1924 1539 2197 1597 dixisset:
2227 1539 2288 1598 Si
2318 1542 2372 1598 in
2415 1559 2503 1599 me
2542 1544 2638 1616 qui
2685 1543 2893 1616 lignum
2938 1561 3059 1600 sum
3092 1555 3120 1585 ι
3153 1560 3353 1602 secun-

71 1638 258 1694 fructus
304 1637 524 1694 inutiles
576 1647 863 1707 vocantur,
905 1640 998 1710 qui
1040 1639 1151 1696 cito
1195 1639 1474 1706 labuntur,
1515 1655 1643 1696 cum
1745 1630 1876 1687 dum
1906 1631 2328 1701 humanitatem,
2362 1635 2538 1692 viride
2559 1645 2738 1692 autem
2767 1637 3071 1693 secundum
3099 1637 3357 1694 divinita-

70 1733 216 1789 arbor
257 1732 445 1789 eadem
492 1742 656 1789 vento
701 1733 1027 1790 concutitur.
1069 1733 1231 1790 Ficus
1278 1736 1444 1806 igitur
1476 1744 1642 1791 vento
1749 1733 1883 1794 lem.
1916 1725 1971 1782 id
1995 1735 2101 1792 εει,
2140 1727 2233 1798 (illi
2255 1727 2400 1784 Deus
2423 1743 2543 1784 sum
2571 1739 2626 1784 Cl
2651 1730 2841 1798 homo.
2875 1731 2994 1787 11380
3022 1732 3264 1798 ῐπὶυηιί
3298 1733 3353 1788 in

69 1831 311 1880 commota
342 1834 446 1892 est,
480 1832 538 1882 et
565 1825 796 1882 inutiles
843 1825 1053 1884 fructus
1087 1842 1118 1882 a
1165 1842 1225 1883 se
1260 1827 1478 1895 emisit;
1514 1828 1641 1900 quia
1671 1832 1718 1891 B
1747 1818 1858 1874 illis
1877 1819 1969 1890 qui
1999 1819 2208 1891 lignum
2235 1827 2365 1876 sunt
2392 1821 2631 1889 aridum,
2661 1822 2826 1897 534
2858 1823 2910 1879 id
2947 1834 3052 1892 est,
3086 1824 3184 1896 qui
3217 1825 3354 1881 viri-

71 1927 195 1972 terra
220 1916 532 1974 Iudaeorum
570 1933 599 1971 a
637 1917 900 1973 Romanis
943 1918 1131 1974 invasa
1173 1926 1284 1984 est,
1331 1929 1384 1975 et
1421 1927 1642 1990 gentem
1747 1908 1978 1968 ditatem
2029 1912 2156 1970 ﬁdei
2200 1929 2312 1969 non
2359 1914 2586 1983 habent.
2630 1918 2758 1988 quid
2809 1918 2943 1973 liel?
2990 1918 3354 1988 Subaudilur.

73 2010 321 2079 inutilem,
357 2023 416 2068 et
447 2011 559 2067 Deo
588 2010 848 2067 odibilem
878 2026 909 2066 a
936 2026 996 2068 se
1024 2011 1264 2083 expulit,
1295 2021 1355 2067 ut
1382 2010 1647 2068 habitatio
1747 2007 1988 2076 pessime
2019 2009 2299 2079 peribunt.
2333 2009 2443 2066 Sed
2479 2018 2534 2066 et
2569 2010 2736 2066 arbor
2767 2010 2853 2066 ﬁci
2883 2028 3046 2083 quam
3087 2013 3351 2071 Dominus

76 2102 213 2157 fieret
234 2101 494 2158 ﬁdelium.
525 2102 712 2158 Stellae
734 2103 916 2175 itaque
943 2118 1258 2175 grossorum
1283 2118 1437 2159 more
1463 2103 1518 2158 in
1540 2111 1649 2159 ter-
1747 2109 1876 2156 ante
1899 2101 2210 2172 passionem
2239 2101 2618 2160 maledicendo
2648 2104 2856 2160 aridam
2896 2106 3058 2174 fecit,
3096 2122 3163 2163 eo
3205 2109 3353 2178 quod

70 1561 334 1619 possumus
365 1543 676 1616 intelligere
709 1563 720 1598 :
751 1547 924 1617 grossi
969 1562 1103 1604 vero
1141 1546 1384 1619 ejusdem
1432 1547 1643 1605 arboris

69 2208 168 2249 ram
196 2193 541 2260 ceciderunt;
575 2194 703 2264 quia
735 2209 829 2251 eos
867 2195 961 2266 qui
1004 2210 1102 2266 per
1141 2194 1443 2251 doctrinam
1488 2193 1648 2264 Legis

69 2289 200 2345 velut
227 2289 399 2344 stellae
426 2288 480 2343 in
507 2288 709 2360 populo
739 2287 1100 2359 refulgebant,
1125 2287 1316 2345 eadem
1336 2302 1498 2359 pmna
1518 2302 1648 2344 con-

66 2381 233 2448 clusit,
257 2396 376 2453 quae
405 2389 461 2437 et
479 2388 737 2437 eceteram
769 2380 1195 2437 multitudinem.

136 2475 302 2545 (Vers.
336 2473 456 2544 I4.)
484 2473 553 2529 Et
579 2474 766 2529 calum
786 2475 1018 2541 recessit,
1049 2475 1184 2530 sicut
1209 2474 1342 2529 liber
1367 2472 1646 2529 involutus.

69 2570 158 2625 Per
193 2569 388 2626 ccelum
437 2577 602 2625 vetus
630 2566 1042 2625 Testamentum
1085 2567 1406 2640 designatur
1448 2584 1461 2622 :
1509 2567 1650 2623 liber

65 2678 180 2719 vero
205 2663 421 2734 quando
447 2661 768 2728 involvitur,
801 2661 924 2732 ejus
951 2661 1222 2733 scriptura
1247 2662 1317 2718 ab
1347 2659 1532 2718 oculis
1561 2660 1647 2715 in-

67 2759 312 2814 tuentium
350 2756 734 2814 absconditur.
775 2754 945 2811 Liber
974 2770 1108 2827 ergo
1135 2754 1343 2812 Judzeis
1374 2753 1650 2810 involutus

68 2861 160 2916 est,
198 2850 318 2921 quia
351 2849 662 2922 spiritalem
697 2847 1118 2921 intelligentiam
1159 2849 1211 2904 in
1251 2847 1426 2904 veteri
1460 2846 1688 2918 Testa—,

67 2953 256 3006 mento,
279 2957 400 3015 quae
431 2941 713 2997 Christum
741 2939 1183 3008 demonstrabat,
1217 2939 1523 3010 intelligere
1553 2955 1652 2996 no-

66 3033 286 3091 luerunt.
308 3033 526 3092 Casium
560 3033 748 3105 itaque
767 3034 912 3092 sicut
939 3033 1078 3090 liber
1100 3031 1380 3088 involutus
1401 3031 1649 3100 recessit,

65 3132 174 3201 quia
211 3139 360 3188 vetus
406 3129 824 3186 Testamentum
868 3127 1089 3184 Judzeos
1127 3125 1454 3198 dereliquit,
1485 3135 1539 3181 et
1580 3123 1649 3180 ad

1747 2192 1806 2248 in
1856 2209 1919 2249 ea
1966 2193 2204 2252 fructum
2253 2210 2363 2254 non
2414 2197 2717 2267 reperissct
2763 2196 2992 2268 (Matth.
3041 2215 3170 2266 xxt,
3218 2199 3354 2274 I9);

1749 2285 1970 2343 eosdem
2006 2287 2228 2345 Iudaeos
2263 2289 2592 2362 designavit,
2624 2307 2763 2362 quos
2801 2292 3190 2350 maledictione
3231 2310 3358 2365 pcr—

1749 2388 1915 2449 petua
1955 2380 2258 2450 damnavit,
2291 2397 2360 2440 eo
2386 2383 2535 2454 quod
2580 2385 2634 2441 in
2673 2384 2780 2442 illis
2810 2384 3046 2444 fructum
3079 2386 3208 2444 fidei
3237 2389 3361 2444 nul-

1749 2471 1861 2529 lum
1888 2475 2210 2544 reperisset.

1820 2567 2054 2625 CAPUT
2082 2568 2200 2626 VII.
2230 2601 2302 2612 -—
2340 2571 2524 2644 (Vers.
2557 2572 2638 2645 I.)
2680 2571 2811 2629 Post
2848 2575 2959 2631 haec
2990 2576 3096 2631 vidi
3130 2588 3354 2647 quatuor

1749 2659 1966 2731 angelos
1995 2669 2190 2717 stantes
2227 2678 2383 2733 super
2417 2673 2640 2735 quatuor
2671 2668 2891 2737 angulos
2931 2679 3101 2724 terras.
3131 2669 3350 2728 Judan-

1749 2766 1871 2806 rum
1893 2751 2204 2823 dejectione
2234 2756 2538 2826 praemissa,
2567 2774 2712 2814 nunc
2738 2761 2978 2830 qualiter
3008 2762 3253 2820 Ecclesia
3283 2780 3350 2821 ex

1749 2845 2006 2917 gentibus
2061 2858 2392 2920 congregata
2437 2849 2641 2920 fuerit,
2688 2869 2915 2910 narrare
2963 2855 3204 2913 inchoat.
3254 2859 3359 2916 Per

1750 2950 1990 3011 quatuor
2016 2940 2222 3014 quippe
2254 2945 2484 3014 angelos
2511 2955 2748 3016 quatuor
2778 2964 2945 3019 regna
2979 2949 3358 3022 designantur,

1751 3032 2106 3103 Assyriorum
2134 3034 2376 3103 scilicet,
2421 3035 2758 3108 Persarum,
2793 3039 3150 3098 Macedonum
3195 3052 3362 3115 atque

1750 3122 2147 3182 Romanorum.
2177 3125 2287 3184 Sed
2328 3129 2454 3200 quia
2499 3140 2745 3201 potestas
2785 3145 3020 3205 quatuor
3064 3152 3358 3208 regnorum

65 3234 234 3295 gentes
261 3225 535 3281 transivit.
571 3221 640 3277 Et
669 3224 835 3278 omnis
860 3239 1007 3278 mons
1037 3231 1087 3280 et
1104 3221 1293 3276 insqu
1310 3220 1376 3275 de
1397 3219 1523 3274 locis
1541 3218 1649 3273 suis
1674 3220 1720 3284 C
1753 3217 1821 3273 ad
1860 3219 2012 3276 solos
2041 3220 2322 3278 Romanos
2362 3224 2688 3294 transierat,
2719 3243 2818 3297 per
2859 3241 3098 3301 quatuor
3134 3233 3362 3304 angelos

66 3329 201 3374 mota:
238 3329 372 3376 sunt.
407 3319 481 3376 Et
510 3318 640 3390 quia
674 3316 989 3374 Iudaeorum
1032 3326 1175 3374 terra
1221 3325 1509 3372 montuosa
1541 3322 1648 3382 est,

65 3424 336 3482 possumus
385 3428 488 3486 per
514 3419 731 3468 montes
760 3424 858 3467 eos
883 3410 974 3481 qui
1007 3409 1059 3464 in
1089 3407 1422 3474 civitatibus,
1449 3421 1547 3478 per
1570 3405 1652 3460 in-

64 3505 196 3561 sulas
216 3516 396 3562 autem
429 3519 532 3562 eos
552 3504 650 3575 qui
679 3503 732 3559 in
764 3501 1168 3573 campestribus
1191 3499 1532 3564 habitabant,
1568 3497 1653 3553 in-

65 3599 312 3670 telligere.
345 3600 452 3668 Qui
497 3598 567 3656 de
595 3598 735 3655 locis
765 3598 884 3654 suis
915 3595 1049 3652 moti
1093 3603 1240 3662 sunt,
1287 3593 1414 3666 quia
1458 3607 1652 3650 omnes

65 3701 146 3745 aut
172 3693 548 3758 exterminati,
578 3701 671 3748 aut
702 3691 757 3746 in
786 3690 1156 3762 captivitatem
1181 3688 1328 3744 ducti
1359 3695 1504 3742 sunt.

131 3782 300 3853 (Vers.
328 3785 419 3851 I5,
460 3783 554 3852 I6,
592 3781 711 3854 i7.)
735 3780 804 3836 Et
836 3798 982 3856 reges
1005 3791 1175 3847 teme,
1209 3789 1255 3835 et
1287 3780 1574 3851 principes,
1605 3785 1652 3832 et

61 3876 256 3946 tribuni,
277 3889 327 3934 et
345 3878 555 3946 divites,
577 3886 627 3932 et
647 3875 824 3947 fortes,
849 3885 896 3930 et
921 3875 1084 3930 omnis
1110 3889 1288 3930 servus
1318 3882 1364 3926 et
1395 3870 1522 3926 liber
1542 3869 1656 3924 abs-

63 3971 324 4028 conderttnt
346 3989 402 4029 se
429 3973 490 4028 in
520 3971 808 4042 speluncis,
839 3971 965 4026 etin
994 3969 1152 4041 petris
1183 3969 1458 4034 montium,
1496 3975 1542 4020 et
1571 3965 1654 4019 di-

63 4075 168 4118 cunt
194 4066 454 4122 montibus
487 4063 708 4121 :Cadite
737 4079 891 4134 super
919 4079 1011 4117 nos
1029 4104 1044 4130 ,
1083 4065 1146 4116 et'
1167 4059 1466 4116 abscondite
1495 4074 1590 4114 nos
1619 4074 1652 4112 a

64 4160 182 4226 facie
203 4159 441 4217 Sedentis
472 4175 630 4232 super
653 4159 915 4226 thronum,
946 4165 993 4213 et
1011 4155 1075 4211 ab
1098 4156 1181 4210 ira
1208 4154 1376 4229 Agni;
1407 4153 1654 4225 quoniam

63 4253 185 4306 venit
215 4254 324 4309 dies
355 4270 578 4326 magnus
616 4253 710 4308 ira!
737 4251 990 4322 ipsorum,
1032 4258 1080 4304 et
1111 4249 1226 4320 quis
1255 4247 1443 4319 poterit
1477 4244 1654 4300 stare?

64 4343 156 4401 Per
183 4364 336 4420 reges
367 4357 535 4405 terrm
563 4347 843 4420 principes
867 4353 924 4401 et
951 4343 1224 4410 tribunos,
1254 4355 1352 4398 eos
1382 4339 1476 4411 qui
1512 4339 1654 4394 hanc

62 4446 261 4505 gentem
307 4454 504 4511 regere
547 4436 898 4502 videbantur,
939 4447 1234 4508 possumus
1283 4430 1597 4502 intelligere
1634 4445 1648 4483 :

63 4543 151 4597 per
196 4531 390 4588 divites
435 4539 494 4588 et
540 4529 731 4598 fortes,
779 4543 970 4586 servos
1015 4537 1072 4585 et
1117 4527 1346 4593 liberos,
1393 4533 1651 4581 crateram

1752 3311 1856 3368 soli
1887 3311 2121 3369 Romani
2153 3314 2558 3386 intelliguntur,
2587 3318 2680 3387 qui
2710 3329 3041 3390 potestatem
3079 3325 3184 3382 sibi
3225 3341 3360 3398 qua-

1755 3417 1879 3467 tuor
1907 3427 2203 3484 regnorum
2232 3413 2649 3472 vindicaverant
2677 3435 2690 3470 :
2716 3433 2816 3488 per
2844 3431 3082 3492 quatuor
3111 3441 3242 3482 vero
3265 3441 3364 3482 an-

1753 3503 1913 3576 gulos
1954 3505 2223 3562 universa:
2268 3517 2484 3579 gentes,
2529 3526 2652 3581 quae
2701 3512 2845 3568 intra
2887 3526 3125 3584 quatuor
3171 3522 3360 3578 mundi

1763 3597 1956 3669 plagas
1989 3599 2357 3667 continentur,
2402 3600 2784 3674 designantur,
2819 3621 2954 3676 quas
2992 3608 3098 3665 sibi
3125 3610 3360 3670 Romani

1753 3692 2128 3761 subjecerant.
2174 3691 2424 3749 Tenentes
2463 3705 2685 3768 quatuor
2721 3707 2898 3754 ventos
2939 3709 3111 3770 terrte,
3160 3721 3223 3758 ne
3257 3708 3360 3775 [la-

1754 3794 1870 3838 rent
1895 3800 2052 3855 super
2081 3794 2292 3852 terram,
2324 3802 2486 3855 neque
2518 3803 2676 3857 super
2716 3805 2876 3854 mare,
2907 3807 3069 3862 neque
3099 3793 3153 3848 in
3192 3795 3359 3850 ullam

1755 3877 2012 3932 arborem.
2043 3878 2147 3934 Per
2183 3887 2379 3934 ventos
2417 3881 2508 3951 qui
2549 3880 2722 3937 nubes
2758 3883 3019 3952 excitant,
3064 3894 3124 3941 ut
3153 3895 3358 3944 terram

1757 3970 2051 4042 irrigantes
2074 3970 2268 4028 faciem
2296 3972 2415 4042 ejus
2452 3973 2684 4030 hilarem
2720 3975 2985 4048 reddant,
3019 3994 3083 4036 ac
3114 3980 3360 4040 fructife-

1756 4078 1876 4119 ram
1907 4062 2132 4131 faciant,
2166 4079 2269 4135 pax
2298 4065 2510 4120 cunctis
2537 4067 2863 4124 mortalibus
2894 4078 3077 4140 optata
3105 4071 3362 4144 designa-

1758 4164 1868 4222 tur,
1897 4171 2019 4228 quae
2041 4165 2096 4213 et
2118 4165 2335 4214 mentes
2356 4156 2640 4215 hominum
2669 4159 2936 4229 laetiﬁcat,
2960 4172 3016 4220 et
3043 4173 3100 4219 ut
3123 4167 3364 4237 propriis

1755 4249 2084 4306 utilitatibus
2109 4250 2456 4320 deserviant,
2489 4251 2810 4311 facultatem
2859 4257 3053 4314 tribuit
3079 4276 3093 4313 :
3119 4275 3220 4332 per
3248 4269 3360 4318 ter-

1753 4357 1871 4398 ram
1901 4353 1956 4399 et
1985 4358 2139 4400 mare
2177 4359 2372 4401 omnes
2401 4354 2596 4416 gentes
2623 4345 2928 4418 ﬁgurantur
2956 4366 2971 4404 :
3009 4365 3108 4422 per
3136 4351 3364 4412 arbores

1754 4445 1961 4506 autem,
1993 4435 2032 4491 ii
2071 4435 2164 4508 qui
2193 4437 2335 4493 inter
2361 4452 2460 4494 eos
2488 4437 2858 4509 principatum
2895 4442 3176 4499 tenebant.
3215 4444 3364 4514 Qua-

1757 4539 1882 4587 tuor
1908 4545 2044 4601 ergo
2069 4531 2248 4602 angeli
2279 4543 2516 4599 quatuor
2538 4542 2733 4590 ventos
2757 4536 3034 4604 tenebant,
3065 4553 3134 4595 ne
3160 4537 3363 4598 ﬁarent

62 4621 482 4679 multitudinem.
515 4621 761 4689 Qualiter
791 4630 974 4677 autem
1003 4635 1064 4676 se
1091 4619 1145 4675 in
1175 4617 1452 4690 speluncis
1476 4624 1534 4671 et
1554 4628 1651 4685 pe-
1675 4620 1732 4680 Ι)
1758 4637 1925 4693 super
1955 4631 2195 4688 terram;
2229 4622 2354 4694 quia
2387 4622 2644 4689 Romani,
2675 4625 2766 4695 qui
2798 4643 2895 4694 per
2923 4639 3159 4698 quatuor
3189 4646 3359 4706 ange-

61 4713 150 4768 tris
173 4717 436 4771 montium
463 4714 894 4780 absconderant,
916 4712 1188 4783 Iosephus
1213 4710 1502 4767 manifeste
1521 4723 1646 4763 nar-

63 4814 157 4871 rat,
186 4809 273 4878 qui
320 4808 670 4865 eversionem
718 4805 1061 4863 Hierusalem
1102 4805 1368 4862 describit
1402 4801 1644 4874 (Ioseph.

62 4895 142 4951 lib.
175 4915 222 4954 v1
253 4901 316 4955 de
343 4901 480 4955 bello
501 4898 725 4954 Iudaico
752 4915 802 4953 c.
830 4898 893 4954 II
923 4907 969 4952 et
997 4896 1152 4968 seq.).
1177 4896 1350 4951 Tanta
1377 4895 1525 4951 enim
1551 4891 1654 4948 fuit

62 4989 296 5058 afflictio,
329 5003 387 5048 ut
415 5009 540 5049 cum
569 4993 713 5049 fame
739 4991 948 5047 diutina
980 5000 1463 5054 consumerentur,
1498 4995 1552 5042 et
1581 4985 1651 5040 ab

63 5082 300 5143 hostibus
337 5091 604 5156 exterius,
649 5095 704 5143 et
741 5085 916 5142 multo
961 5085 1208 5142 deterius
1237 5099 1268 5139 a
1301 5079 1656 5155 pradonibus

64 5175 384 5237 intrinsecus
421 5180 829 5250 affligerentur;
861 5177 1253 5236 absconderint
1288 5193 1350 5235 se
1387 5176 1441 5233 in
1475 5175 1656 5248 puteis

63 5283 112 5327 et
131 5274 346 5345 cloacis,
380 5285 441 5332 et
479 5276 532 5331 in
562 5275 884 5347 quibusdam
925 5283 1092 5332 terra:
1122 5275 1324 5331 abditis
1369 5275 1531 5341 locis,
1559 5288 1656 5330 cu-

64 5366 268 5435 pientes
295 5371 464 5440 mori,
488 5377 550 5426 ut
569 5370 838 5441 prolixam
867 5369 1143 5427 miseriam
1173 5369 1368 5426 mortis
1394 5383 1655 5441 compen-

64 5458 148 5515 dio
187 5462 568 5520 tertniuarent.
602 5463 703 5532 Qui
736 5464 900 5520 etiam
949 5463 1190 5520 scientes
1232 5478 1295 5520 se
1334 5477 1435 5534 pro
1481 5461 1656 5519 scele-

64 5551 206 5609 ribus
233 5556 346 5612 suis
368 5555 476 5612 ista
510 5557 638 5627 pati,
670 5566 724 5612 et
750 5566 874 5628 post
901 5564 1128 5612 mortem
1157 5570 1219 5612 se
1241 5555 1436 5613 inferni
1466 5571 1656 5627 pmnas

66 5658 182 5704 esse
212 5662 474 5719 passuros
494 5689 511 5716 ,
543 5649 837 5722 cupiebant
874 5660 932 5706 ut
965 5649 1274 5720 montibus,
1307 5649 1410 5709 sub
1455 5648 1656 5722 quibus

1756 4715 1841 4772 los
1877 4714 2259 4785 designantur,
2289 4729 2507 4771 omnem
2530 4725 2732 4773 terram
2750 4720 3023 4792 caedibus,
3043 4733 3098 4780 et
3126 4726 3360 4796 rapinis,

1755 4818 1813 4867 et
1843 4809 2114 4865 mortibus
2142 4807 2424 4864 hominum
2453 4810 2751 4880 replentes,
2777 4828 2887 4870 non
2908 4815 3167 4874 sinebant
3185 4834 3362 4890 genus

1755 4903 2054 4960 humanum
2088 4911 2341 4974 pacatum
2373 4918 2495 4960 esse
2517 4920 2582 4960 ac
2609 4908 2877 4978 quietum.

1833 4996 2020 5069 (Vers.
2044 4995 2130 5068 2.)
2149 4996 2216 5051 Et
2247 4997 2351 5052 vidi
2379 4999 2597 5054 alterum
2623 5004 2865 5076 angelum
2888 5005 3277 5062 descendentem
3296 5009 3363 5064 ab

1763 5100 1880 5146 ortu
1916 5091 2064 5158 solis,
2105 5089 2374 5146 habentem
2405 5093 2613 5162 signum
2653 5093 2755 5151 Dei
2797 5099 2916 5153 vivi.
2951 5099 3108 5154 Alter
3140 5101 3368 5171 angelus

1761 5184 2011 5242 Christus
2043 5195 2150 5251 est,
2189 5184 2258 5242 de
2287 5201 2397 5254 quo
2427 5187 2695 5260 scriptum
2726 5199 2850 5246 est:
2881 5191 2949 5246 Et
2976 5193 3240 5246 vocabitur
3268 5212 3364 5250 no-

1761 5295 1877 5334 men
1900 5279 2014 5349 ejus
2041 5278 2216 5349 magni
2235 5278 2440 5334 consilii
2464 5281 2694 5352 Angelus
2727 5281 2898 5354 (Esai.
2924 5299 3003 5349 ut,
3027 5282 3104 5355 6).
3129 5284 3254 5354 Ipse
3277 5295 3367 5342 est

1761 5369 1868 5438 sol,
1909 5367 1978 5425 de
2007 5384 2116 5440 quo
2155 5367 2418 5439 scriptum
2459 5379 2545 5426 est
2585 5390 2600 5426 :
2648 5371 2805 5428 Vobis
2847 5384 3020 5429 autem
3063 5377 3361 5436 timentibus

1763 5479 1950 5519 nomen
1975 5478 2144 5517 meum
2182 5462 2378 5518 orietur
2414 5464 2495 5518 sol
2519 5464 2768 5536 justitiw,
2797 5475 2846 5519 et
2876 5466 3074 5523 sanitas
3104 5469 3158 5524 in
3183 5473 3367 5543 pennis

1762 5559 1877 5630 ejus
1906 5557 2166 5632 (Malach.
2196 5572 2273 5625 ιν,
2301 5555 2382 5628 2).
2412 5555 2497 5613 Ab
2526 5567 2650 5612 ortu
2681 5557 2817 5614 solis
2847 5558 3098 5618 Christus
3136 5563 3366 5622 descen-

1765 5651 1870 5722 dit,
1897 5652 1951 5710 id
1977 5659 2084 5719 est,
2107 5667 2139 5709 a
2169 5649 2510 5722 semetipso;
2550 5651 2810 5722 quoniam
2842 5668 2955 5712 non
2975 5670 3042 5712 ex
3073 5659 3370 5717 concubitu

137 5852 164 5884 ⁸
190 5855 393 5920 Omnes
422 5861 584 5933 edit.,
612 5861 897 5920 secundum
927 5862 1304 5923 humanitatem
1339 5865 1525 5935 viride,
1565 5865 1662 5924 hoc
1681 5865 1970 5926 secundum
1997 5866 2318 5924 divinitatem
2343 5880 2363 5922 :
2385 5865 2590 5926 rectius
2618 5883 2752 5928 mss.
2779 5881 2840 5928 ut
2871 5870 2924 5927 in
2950 5880 3228 5930 contextu.

537 5961 814 6024 ΡΑτκοι..
872 5959 1078 6024 XVII.

2842 5968 2922 6030 27
