3950 6314
593 242 728 334 ius

1541 237 1635 298 AD
1673 235 1906 296 OPERA
1931 233 2184 294 SANCTI
2221 233 2548 294 AMBROSII
2593 233 2962 306 APPENDIX.
3712 243 3780 298 sit

594 359 701 416 viri
736 375 960 418 carnem
987 357 1308 430 assumpsit,
1351 354 1447 412 sed
1475 369 1506 410 a
1537 355 1862 424 semetipso,
1891 354 1982 426 qui
2012 353 2198 426 utique
2229 357 2276 414 Α
2307 350 2555 406 videlicet
2593 359 2650 404 ut
2687 365 2782 420 per
2811 347 3214 405 confessionem
3252 355 3569 420 peccatorum
3605 363 3648 408 et
3669 361 3781 424 pmai-

593 453 700 511 sibi
732 467 950 510 carnem
985 449 1386 506 immaculatam
1415 463 1482 504 ex
1511 461 1678 504 carne
1705 445 1940 520 Virginis
1966 445 2194 502 creavit.

595 547 825 620 Signum
857 557 1040 602 autem
1073 545 1170 602 Dei
1199 543 1306 600 vivi
1337 551 1422 600 est
1452 541 1712 602 divinitas
1745 559 1758 596 :
1791 555 1912 598 nam
1947 543 1998 596 in
2035 555 2198 596 carne

597 639 831 712 positus,
864 639 1080 710 signum
1115 637 1212 692 Dei
1243 635 1352 692 vivi
1381 635 1602 702 habuit;
1633 635 1756 704 quia
1783 649 1848 690 ea
1871 649 2038 706 opera
2073 649 2198 706 ges-

595 733 690 800 sit,
737 747 858 808 qua:
907 729 1358 794 demonstrabant
1398 745 1520 786 eum
1567 731 1790 784 unicum
1834 744 1956 786 esse
2001 729 2198 784 Filium

594 825 716 890 Dei,
744 823 884 879 sicut
911 823 1027 894 ipse
1058 823 1194 878 dicit
1225 841 1237 876 :
1272 821 1444 890 Opera
1471 839 1584 892 qua:
1616 839 1708 892 ego
1735 821 1886 902 (acia,
1915 821 2026 898 ipsa
2055 822 2198 878 testi-

595 915 826 984 monium
855 913 1123 986 perhibent
1147 915 1210 970 de
1234 931 1314 970 me
1341 913 1523 985 (Joan.
1551 931 1609 980 ι,
1629 913 1748 986 25).

669 1005 850 1081 (Vers.
879 1003 962 1078 5.)
995 1005 1064 1062 Et
1085 1007 1334 1062 clamavit
1365 1023 1482 1062 voce
1513 1023 1698 1078 magna
1727 1016 1946 1080 quatuor
1979 1005 2195 1078 angelis,

592 1101 776 1174 quibus
805 1101 986 1156 datum
1017 1113 1089 1156 est
1123 1117 1306 1156 nocere
1346 1109 1499 1156 terra:
1531 1107 1577 1154 et
1607 1099 1740 1154 mari
1772 1099 1948 1160 dicens
1976 1115 1995 1152 :
2025 1095 2202 1152 Nolite

591 1211 776 1252 nocere
800 1205 954 1252 terra?
990 1205 1036 1251 et
1068 1197 1200 1250 mari
1239 1211 1400 1266 neque
1435 1193 1728 1260 arboribus,
1761 1191 2098 1264 quoadusque
2126 1191 2198 1246 si-

592 1308 802 1376 gnemus
831 1307 1002 1346 seruos
1025 1289 1126 1346 Dei
1150 1292 1315 1346 nostri
1343 1289 1396 1344 in
1423 1287 1682 1359 frontibus
1707 1303 1902 1342 eorum.
1923 1287 2202 1342 Clamasse

595 1385 688 1442 Dei
715 1383 913 1442 fecisse
941 1391 1051 1454 est,
1083 1383 1288 1440 etenim
1317 1383 1554 1438 adventu
1593 1395 1694 1440 suo
1727 1377 1854 1436 fecit
1877 1387 1935 1434 ut
1967 1379 2198 1434 Romani

591 1481 663 1538 ab
687 1479 1042 1537 inlestatione
1079 1478 1301 1550 generis
1331 1477 1554 1532 humani
1590 1483 1900 1540 cessarent,
1938 1472 2202 1544 fieretque

593 1591 702 1645 pax
748 1589 847 1648 per
891 1573 1210 1628 universum
1258 1573 1472 1638 orbem,
1513 1571 1658 1626 sicut
1701 1569 1832 1624 dicit
1863 1567 2150 1624 Psalmista
2187 1584 2202 1622 :

597 1663 808 1722 Orictur
855 1665 909 1722 in
949 1667 1126 1722 diebus
1172 1670 1283 1740 ejus
1321 1665 1546 1736 justitia,
1599 1672 1648 1716 et
1691 1661 2010 1718 abundantia
2061 1661 2202 1728 pacis

2308 444 2532 504 tentiam
2571 443 2738 500 Deum
2768 443 2868 498 sibi
2902 441 3228 516 placabilem
3256 443 3434 512 iaciat,
3461 459 3594 514 quem
3615 447 3780 504 alicnde-

2305 543 2409 592 rat.
2439 537 2508 592 Et
2539 536 2660 608 quia
2702 535 2796 608 qui
2837 535 3135 591 salubriter
3177 535 3430 608 pmnitet,
3463 547 3512 591 et
3547 537 3782 598 deﬂetmab

2305 645 2426 700 qua:
2457 629 2604 695 fecit,
2635 629 2894 702 gaudium
2928 630 2982 682 in
3015 627 3156 684 caelo
3192 627 3336 696 facit,
3371 629 3545 684 oculos
3570 631 3786 689 misericor-

2306 723 2412 778 dire
2441 723 2536 778 Dei
2565 723 2632 778 ad
2675 738 2736 778 se
2764 723 3054 792 convertit,
3085 721 3228 778 sicut
3262 723 3392 778 dicit
3425 723 3652 782 Dominus
3673 746 3683 780 :
3703 727 3788 784 Cor-

2307 817 2564 872 vertimini
2591 818 2660 871 ad
2690 834 2789 888 me,
2829 829 2876 872 et
2915 833 3008 894 ego
3049 827 3279 874 revertar
3319 815 3390 872 ad
3412 835 3493 872 eos
3519 817 3668 888 (Zach.
3697 825 3786 890 1,5).

2305 909 2496 968 Ruben
2520 909 2798 970 secundus
2827 913 3070 982 ponitur,
3099 912 3191 984 qui
3221 911 3444 967 visionis
3467 911 3790 984 filiusiutetpre-

2307 1015 2478 1072 tatur;
2507 1007 2628 1076 quia
2655 1023 2750 1077 per
2775 1007 3155 1077 paenitentiam
3187 1007 3413 1062 visionis
3439 1007 3590 1064 fartus
3609 1021 3672 1066 est
3691 1014 3790 1078 lil‘us,

2303 1102 2397 1178 qui
2447 1111 2558 1154 erat
2609 1107 2768 1155 antea
2815 1099 2960 1155 iilius
3003 1099 3353 1174 perditionis.
3399 1101 3516 1157 Post
3554 1101 3702 1160 [iuben
3725 1107 3792 1162 Gal

2306 1190 2572 1260 sequitur,
2613 1193 2708 1262 qui
2737 1193 3014 1246 accinctus
3046 1193 3473 1264 interpretatur;
3507 1195 3614 1268 quia
3649 1213 3794 1252 necesse

2307 1291 2408 1350 est,
2443 1291 2500 1337 ut
2531 1283 2621 1353 qui
2659 1285 2887 1354 pretiitet
2929 1299 2988 1339 sc
3023 1285 3167 1338 mala
3199 1285 3458 1356 gessisse,
3489 1295 3538 1340 ct
3571 1285 3678 1358 petit
3698 1305 3740 1344 ue
3765 1293 3794 1342 id

2307 1373 2500 1432 eadem
2533 1377 2828 1446 relabatur,
2855 1387 3046 1434 contra
3072 1381 3256 1433 omnia
3283 1379 3412 1440 vitia
3435 1393 3662 1448 armetur,
3687 1385 3796 1450 volup.

2309 1477 2556 1542 talesque
2595 1470 2842 1526 carnales
2885 1487 2914 1524 a
2965 1488 3023 1526 se
3057 1471 3360 1542 praecidat:
3407 1475 3522 1544 quia
3569 1491 3654 1528 non
3689 1489 3796 1546 patet

2309 1561 2426 1616 fieri
2455 1571 2563 1617 uta
2597 1565 2834 1634 peccatis
2861 1564 3154 1628 abstineat,
3187 1563 3284 1636 qui
3315 1565 3368 1618 in
3403 1565 3714 1636 voluptatibus
3729 1585 3797 1622 cu-

2311 1657 2529 1712 ualibus
2559 1659 2876 1730 requiescit.

595 1761 770 1834 (Psal.
815 1777 966 1824 Lxxt,
1005 1761 1087 1831 7),
1127 1760 1307 1822 donec
1352 1759 1562 1812 semina
1609 1755 1736 1810 fidei
1784 1771 1878 1832 per
1918 1756 2203 1814 universas
2235 1757 2282 1816 B
2385 1753 2446 1806 Et
2479 1751 2604 1820 quia
2631 1752 2720 1822 qui
2747 1761 2936 1807 contra
2957 1753 3084 1808 vitia
3119 1763 3324 1824 pugnat
3357 1752 3594 1818 viriliter,
3617 1755 3701 1824 jam
3723 1757 3798 1812 bea-

591 1861 788 1930 gentes
819 1864 1236 1930 spargerentur,
1264 1867 1326 1909 ac
1352 1853 1634 1926 signaculo
1659 1849 1781 1906 fidei
1813 1851 1846 1906 ii
1877 1849 1966 1922 qui
2007 1865 2205 1924 pracr-

594 1949 767 2006 dinati
799 1937 960 2006 erant
989 1947 1058 2004 ad
1087 1949 1255 2004 vitam
1289 1956 1577 2011 :eternam,
1605 1945 1978 2016 signareutur.

666 2039 846 2114 (Vers.
878 2039 960 2110 4.)
995 2037 1060 2094 Et
1092 2037 1270 2094 audivi
1301 2053 1574 2092 numerum
1611 2037 1970 2108 signatorum,
2002 2043 2204 2088 centum

591 2132 1168 2206 quadragintaqualuor
1197 2129 1366 2186 millia
1403 2129 1600 2201 signati
1630 2145 1691 2183 ea:
1722 2129 1864 2182 omni
1893 2125 2028 2180 tribu
2057 2127 2200 2196 ﬁlio.

589 2239 710 2280 t‘ttttt
752 2223 942 2280 Israel.
977 2225 1079 2280 Per
1124 2235 1347 2281 centum
1390 2219 1996 2296 quadragintarpiatuor
2033 2219 2202 2274 millia

591 2317 882 2391 praesentis
935 2317 1200 2372 Ecclesiae
1259 2315 1421 2372 electi
1469 2313 1858 2384 designantur;
1908 2309 2204 2366 duodecies

591 2427 832 2484 namque
867 2411 1110 2469 duodeni
1153 2413 1283 2466 fiunt
1328 2419 1546 2466 centum
1580 2408 2201 2482 quadragintaquatuor.

589 2507 797 2566 Omnes
829 2509 992 2580 igitur
1023 2507 1116 2576 qui
1150 2505 1313 2570 [idern
1348 2504 1638 2560 duodecim
1676 2502 2052 2575 apostolorum
2083 2517 2206 2566 eus-

595 2601 834 2676 todlunt,
883 2609 1145 2672 actusque
1181 2599 1491 2662 imitantur,
1534 2597 1587 2650 in
1642 2595 1744 2650 hoc
1797 2611 2026 2650 numero
2069 2609 2204 2654 cqu-

593 2695 820 2751 sistunt.
876 2691 984 2748 Sed
1034 2690 1394 2762 qurerendum
1447 2689 1610 2744 nobis
1655 2697 1760 2754 est,
1805 2705 1903 2744 cur
1951 2704 2016 2744 ex
2057 2687 2206 2744 omni

597 2785 746 2842 tribu
779 2785 1014 2841 illiorer
1050 2783 1220 2840 israei
1259 2783 1579 2854 congregati
1615 2797 1740 2838 esse
1769 2779 2052 2848 dicantur,
2082 2797 2206 2838 cum

597 2885 775 2937 multo
811 2879 1001 2950 plures
1039 2893 1106 2934 ex
1137 2876 1392 2949 gentibus
1425 2893 1584 2948 quam
1616 2891 1682 2932 ex
1717 2873 1924 2930 Judmis
1958 2873 2206 2930 credide-

599 2975 730 3030 rint.
769 2972 971 3029 Verurn
1020 2973 1066 3028 si
1105 2971 1594 3041 interpretationes
1641 2971 1923 3026 nominum
1969 2971 2210 3026 attendi-

596 3082 743 3134 mus,
767 3063 822 3121 in
844 3063 1158 3122 nominibus
1177 3064 1204 3094 ⁸
1222 3063 1512 3120 duodecim
1531 3065 1768 3120 tribuum
1794 3079 1984 3120 omnes
2004 3063 2210 3122 electos

2309 1855 2395 1898 tus
2429 1859 2550 1900 esse
2593 1845 2812 1918 incipit;
2847 1845 2984 1902 Aser
3017 1845 3070 1900 in
3109 1847 3306 1902 ordine
3337 1847 3566 1916 ponitur,
3595 1859 3610 1884 ε
3638 1849 3799 1920 quibu-

2308 1949 2393 1996 tus
2417 1939 2835 2010 interpretatur.
2865 1939 2992 1995 Post
3015 1939 3157 1994 Aser
3181 1939 3530 2012 Neplithalim
3551 1941 3799 2012 ponitur,qui

2307 2031 2552 2088 dilatatio
2585 2049 2706 2087 mea
2744 2033 3162 2106 interpretatur.
3196 2033 3398 2090 Omnis
3427 2035 3559 2088 enim
3586 2033 3661 2104 qui
3687 2036 3802 2090 sritse

2309 2126 2478 2182 Deum
2519 2125 2842 2192 oli‘endisse,
2877 2136 2932 2182 et
2975 2127 3096 2182 vult
3143 2139 3200 2182 ut
3243 2129 3292 2182 ei
3329 2129 3674 2184 misericordia
3692 2129 3804 2184 (illth

2309 2231 2616 2288 succurrat,
2641 2221 2806 2276 debet
2837 2231 2892 2276 et
2924 2221 3042 2292 ipse
3081 2223 3338 2278 misereri
3368 2224 3736 2298 quibuscumque
3753 2239 3804 2292 te

2310 2321 2442 2380 test,-
2471 2323 2527 2368 et
2557 2313 2831 2384 quomodo
2861 2323 3074 2386 potest,
3105 2315 3249 2370 sicut
3283 2315 3420 2374 dicit
3453 2314 3804 2380 Domiuus:Bra.i

2310 2408 2694 2474 misericordes,
2727 2409 2973 2480 quoniam
3011 2409 3112 2480 ipsi
3157 2411 3570 2466 misericordiam
3594 2427 3806 2478 consequat-
3883 2408 3885 2456 i

2312 2512 2396 2556 tur
2426 2499 2644 2576 (.ilattlt.
2684 2520 2735 2568 v,
2763 2501 2841 2574 Ἰ).
2881 2503 3030 2558 Illius
3061 2507 3264 2576 quippe
3307 2520 3468 2561 tuens
3503 2506 3808 2576 circumquaque

2314 2595 2598 2660 dilatatur,
2629 2597 2716 2666 qui
2759 2611 2856 2668 per
2885 2595 3238 2654 dilectionem
3277 2615 3446 2670 quam
3479 2598 3702 2670 proximis
3721 2597 3808 2652 cilii-

2315 2687 2444 2742 bere
2473 2687 2655 2756 debet,
2691 2689 2944 2746 omnibus
2980 2690 3419 2764 quibuscumque
3457 2701 3638 2768 potest,
3663 2695 3806 2746 misere

2314 2791 2420 2836 tur.
2457 2781 2586 2844 Post
2613 2779 2960 2856 Neplnlialim
3003 2784 3286 2840 Manasses
3329 2785 3596 2860 sequitur,
3633 2783 3705 2856 qui
3731 2783 3810 2836 nbi-

2295 2883 2403 2930 'tus
2449 2875 2874 2950 interpretatur;
2919 2877 3046 2948 quia
3089 2877 3314 2948 exriedit
3351 2888 3411 2936 ut
3451 2881 3538 2950 qui
3569 2887 3740 2950 peccata
3757 2893 3812 2930 sn;

2314 2965 2502 3038 deﬂet,
2545 2967 2638 3046 qui
2681 2969 3063 3046 eleemosynas
3109 2973 3456 3044 pauperibus
3491 2973 3698 3044 largitur,
3719 2968 3814 3042 535

2316 3071 2372 3122 ut
2405 3069 2622 3132 peccata
2652 3061 2770 3134 ejus
2798 3061 3168 3132 dimittantur,
3201 3063 3399 3119 eadem
3425 3073 3632 3136 peccata
3655 3063 3708 3118 ita
3725 3065 3814 3116 desc-

599 3161 976 3232 rcperiemus;
1010 3157 1230 3214 nomina
1274 3157 1480 3228 quippe
1520 3155 1808 3213 duodecim
1855 3156 2096 3214 tribuum
2140 3157 2206 3214 ad
2239 3152 2286 3216 C
2319 3164 2419 3218 rat,
2455 3167 2727 3224 quatenus
2751 3171 2812 3210 ea
2839 3156 3060 3232 penitus
3094 3157 3304 3228 oblitus
3333 3173 3460 3218 esse
3483 3159 3706 3214 videatur.

599 3267 800 3310 omnes
821 3253 1028 3308 electos
1055 3251 1354 3322 pertinent.

675 3345 856 3418 (νοτε.
885 3342 1028 3416 5-8.)
1057 3341 1136 3398 Ea:
1166 3343 1298 3397 tribu
1321 3339 1468 3396 Iuda
1485 3342 1754 3396 duodecim
1785 3341 1949 3396 millia
1969 3343 2161 3418 signati
2191 3361 2208 3398 .·

601 3455 668 3496 ea:
694 3440 830 3494 tribu
855 3437 1035 3494 Ruben
1065 3437 1340 3492 duodecim
1381 3437 1548 3492 millia
1577 3439 1770 3512 signati
1796 3454 1814 3492 :
1837 3455 1900 3493 ea:
1935 3441 2068 3494 tribu
2099 3437 2214 3494 Gad

601 3530 878 3588 duodecim
907 3529 1078 3584 millia
1105 3529 1296 3600 signati
1323 3545 1342 3584 :
1371 3543 1436 3583 ea:
1465 3531 1602 3584 tribu
1637 3531 1764 3584 Aser
1787 3529 2061 3584 duodecim
2097 3532 2212 3586 mil-

603 3627 676 3681 lia
702 3627 891 3696 signati
921 3639 939 3678 :
976 3641 1040 3678 ea:
1082 3623 1216 3678 tribu
1249 3621 1592 3692 Nephthatim
1627 3621 1894 3676 duodecim
1933 3623 2098 3677 millia
2137 3623 2210 3676 si-

605 3717 748 3790 gnati
772 3731 791 3771 :
813 3733 880 3770 ea;
920 3713 1057 3770 tribu
1095 3713 1346 3768 Manasse
1372 3713 1644 3768 duodecim
1684 3713 1852 3768 millia
1883 3715 2074 3786 signati
2106 3731 2124 3768 :
2153 3731 2217 3770 ea".

603 3810 742 3864 tribu
783 3807 1000 3865 Simeon
1034 3807 1306 3862 duodecim
1345 3807 1510 3861 millia
1547 3807 1781 3879 signati:
1811 3823 1874 3862 ea:
1914 3806 2050 3862 tribu
2091 3807 2215 3864 Levi

605 3901 882 3957 duodecim
919 3901 1088 3956 millia
1117 3899 1308 3972 signati
1339 3915 1358 3953 :
1381 3917 1444 3953 ea:
1477 3899 1614 3954 tribu
1649 3897 1902 3954 Issacliar
1942 3900 2214 3955 duodecim

606 3995 776 4050 millia
805 3995 1038 4066 signati;
1081 4007 1146 4047 ea:
1181 3991 1314 4046 tribu
1345 3991 1586 4046 Zabulon
1627 3992 1904 4048 duodecim
1941 3993 2110 4047 millia
2141 3995 2214 4048 si-

607 4089 798 4160 gnati:
837 4103 900 4142 ea:
939 4086 1073 4141 tribu
1109 4085 1306 4154 Ioseph
1353 4085 1628 4140 duodecim
1673 4086 1842 4140 millia
1881 4087 2074 4160 signati
2111 4104 2122 4140 :
2156 4105 2217 4142 ea:

611 4181 750 4236 tribu
794 4179 1075 4253 Bcnjamin
1106 4179 1382 4234 duodecim
1422 4181 1590 4234 millia
1634 4179 1846 4252 signati.
1883 4180 2020 4236 Juda
2069 4183 2218 4254 prior

611 4273 854 4346 ponitur,
888 4271 1172 4341 Beniamin
1209 4285 1342 4326 vero
1374 4273 1600 4328 ultimus
1637 4291 1648 4327 :
1679 4273 1823 4344 quod
1853 4275 1898 4330 si
1941 4275 2214 4344 interpre-

611 4367 852 4422 tationes
883 4363 1163 4420 nominum
1187 4363 1458 4434 inSpicere
1481 4365 1839 4430 voluerimus,
1865 4363 1893 4404 δ
1913 4365 2108 4422 Judam
2141 4368 2218 4424 in-

611 4460 898 4527 feriorem,
955 4457 1242 4526 Beniamin
1295 4471 1427 4512 vero
1473 4459 1820 4526 superiorem
1873 4459 2212 4530 reperimus;

2389 3249 2456 3304 Et
2511 3249 2635 3306 ideo
2671 3251 2893 3306 Simeon
2925 3251 3192 3324 sequitur,
3229 3253 3320 3324 qui
3359 3251 3624 3312 exauditio
3651 3251 3816 3316 interfa-

2319 3352 2462 3398 tatur
2487 3361 2500 3410 ;
2531 3343 2618 3398 ille
2642 3345 2790 3398 enim
2819 3361 2914 3416 pro
2948 3345 3104 3400 malis
3127 3361 3248 3418 quia:
3277 3343 3438 3418 fecit,
3473 3346 3726 3420 deprecans
3743 3341 3814 3394 utri

2315 3438 2681 3502 dimittantur,
2727 3455 2756 3492 a
2801 3439 2910 3492 Deo
2957 3439 3271 3508 exauditur,
3303 3441 3404 3511 qui
3457 3439 3622 3494 omnia
3665 3437 3816 3492 vitiari

2319 3537 2434 3584 toto
2462 3528 2692 3584 deserit.
2731 3529 2942 3585 Deinde
2971 3529 3102 3586 Levi
3131 3533 3408 3602 sequitur,
3445 3533 3536 3606 qui
3561 3531 3732 3588 additus
3753 3531 3814 3582 sa.

2317 3634 2630 3696 assumptus
2669 3625 3092 3694 interpretatur;
3132 3627 3256 3696 quia
3292 3625 3390 3697 qui
3437 3627 3503 3682 de
3539 3623 3817 3702 [iacentisqua

2319 3716 2470 3792 fecit,
2496 3715 2607 3788 jam
2643 3717 3022 3788 paenitentiam
3048 3717 3314 3786 exet-cuit,
3345 3721 3439 3790 qui
3471 3729 3642 3776 contra
3664 3717 3818 3780 vitata»

2316 3812 2522 3888 gnavit,
2554 3827 2728 3886 eaque
2757 3811 2980 3882 devicit,
3007 3811 3098 3884 qui
3119 3827 3246 3886 erga
3271 3811 3580 3890 indigentes
3607 3807 3818 3872 miserias

2322 3907 2557 3974 exstitit,
2589 3917 2750 3980 atque
2791 3907 2875 3962 bis
2916 3907 3175 3980 operibus
3207 3907 3308 3964 hoc
3345 3909 3664 3982 promeruit,
3689 3901 3818 3968 utr-iv:

2321 4011 2542 4072 peccata
2574 3999 3010 4070 dimitterentur,
3044 4001 3111 4056 de
3139 4003 3297 4056 venia
3329 4005 3446 4072 iam
3483 4016 3702 4064 secutus,
3729 3995 3820 4050 tius»

2321 4113 2436 4152 rem
2470 4097 2608 4170 ignis
2641 4096 2833 4152 atterui
2869 4113 2898 4150 a
2931 4107 3114 4156 mente
3141 4097 3358 4169 abiicit,
3393 4107 3554 4170 atque
3591 4097 3636 4152 in
3667 4106 3820 4148 amorem

2323 4189 2422 4248 Dei
2447 4205 2512 4244 ac
2556 4191 2802 4246 caelestis
2833 4190 3019 4262 patriae
3048 4199 3192 4246 totus
3219 4195 3540 4262 assumitur,
3565 4191 3708 4262 iisque
3731 4183 3822 4240 adli-

2324 4291 2431 4348 tur,
2457 4281 2548 4354 qui
2583 4281 2678 4335 lilii
2705 4281 2798 4338 Dei
2833 4291 3216 4354 nuncupantur
3247 4292 3300 4340 et
3325 4293 3480 4340 sunt.
3511 4281 3726 4354 Sequitur
3743 4277 3824 4330 iss:-

2321 4373 2478 4444 char,
2524 4375 2616 4444 qui
2654 4391 2867 4432 merces
2907 4375 3310 4446 interpretatur
3347 4397 3360 4431 :
3392 4377 3488 4438 sed
3521 4369 3822 4446 interpretatio-

2323 4483 2446 4524 nem
2497 4467 2658 4538 hujus
2706 4469 2948 4526 nominis
2989 4469 3200 4526 clarius
3243 4471 3574 4537 videbimus,
3613 4468 3652 4528 si
3687 4479 3732 4518 ea
3755 4473 3825 4530 qi:

613 4567 738 4610 nam
771 4553 862 4623 qui
893 4551 958 4607 ad
987 4551 1155 4607 Deum
1188 4543 1562 4606 conscendere
1590 4551 1891 4618 desiderat,
1921 4567 1950 4608 a
1983 4553 2214 4610 minori-
2242 4548 2297 4609 D
2324 4569 2496 4616 mater
2511 4559 2703 4628 Lia,eo
2723 4561 3174 4630 nascente,dixit,
3193 4578 3486 4634 ponamus;
3504 4561 3570 4616 ait
3588 4552 3824 4618 emuniit-t-

617 4646 720 4703 bus
747 4645 958 4715 incipit,
983 4643 1324 4714 utgradatim
1356 4645 1656 4700 crescendo
1687 4646 1755 4700 ad
1780 4645 1986 4716 majora
2017 4663 2213 4720 perve-

617 4743 754 4808 niat,
781 4743 920 4795 sicut
947 4737 1082 4794 dicit
1115 4737 1398 4794 Psalmista
1437 4757 1448 4791 :
1477 4737 1510 4792 Ι
1515 4741 1636 4793 bunt
1664 4743 1832 4795 sancti
1861 4742 1923 4795 de
1943 4743 2129 4798 uirtute
2161 4745 2214 4799 in

617 4836 858 4892 uirtutem
891 4831 1061 4906 (Paul.
1098 4846 1327 4900 vaxtu,
1357 4831 1434 4904 8).
1471 4833 1536 4887 Et
1568 4833 1693 4902 quia
1726 4833 1898 4890 sancti
1933 4837 2000 4890 ad
2044 4837 2210 4894 Deum

619 4947 717 5003 per
745 4933 848 4986 iter
876 4929 1134 4982 virtutum
1165 4927 1560 4992 conscendunt,
1591 4928 1904 5000 subjungit:
1942 4929 2215 4986 Videbitur

625 5023 768 5079 Deus
810 5023 1023 5076 deorum
1062 5020 1114 5073 in
1149 5017 1278 5074 Sion
1318 5017 1532 5089 (lbid.).
1559 5018 1698 5074 Juda
1734 5022 2008 5078 confessio
2047 5025 2215 5078 inter-

623 5125 891 5189 pretatur.
932 5113 1070 5170 Juda
1099 5127 1231 5184 ergo
1271 5113 1421 5183 prior
1443 5117 1699 5184 ponitur;
1734 5117 1854 5187 quia
1888 5119 2216 5192 quicumque

630 5222 750 5282 post
779 5217 1004 5281 peccata
1047 5205 1116 5261 ad
1145 5205 1316 5260 Deum
1364 5209 1610 5262 converti
1658 5207 1960 5277 desiderat,
1999 5227 2223 5272 necesse

630 5311 718 5359 est
749 5311 806 5357 ut
835 5300 988 5371 prius
1015 5299 1347 5370 conﬁteatur
1385 5309 1616 5370 peccata
1649 5315 1771 5368 sua,
1801 5303 1944 5360 sicut
1976 5305 2103 5362 dicit
2133 5305 2223 5362 Ja-

634 5396 801 5450 cobns
825 5394 1140 5465 apostolus:
1167 5387 1498 5464 Canﬁtentini
1532 5396 1837 5452 alterutrum
1866 5413 2072 5472 peccata
2115 5421 2224 5460 ves-

636 5495 736 5554 tra,
763 5495 814 5541 et
837 5495 980 5541 orate
1007 5501 1101 5556 pro
1129 5486 1365 5556 invicem,
1395 5497 1451 5542 ut
1483 5487 1750 5542 salvemini
1777 5487 1985 5562 (Jacob.
2019 5511 2070 5564 v,
2105 5497 2217 5570 i6),

709 5661 736 5735 ξ
765 5653 1244 5735 Εὰίιπόιοάοιὶηρ
1263 5659 1520 5735 tribuum,
1551 5675 1730 5735 manes
1767 5661 1836 5712 ad
1865 5661 2050 5720 electos
2077 5671 2236 5735 perti—

639 5723 906 5808 neg'sed
944 5723 1126 5808 locum
1137 5727 1310 5808 .nobis
1345 5745 1478 5808 mss.
1506 5723 1883 5808 restituerunt.

713 5793 742 5834 δ
767 5793 845 5852 ιιι
879 5807 1038 5862 tum;
1063 5795 1195 5854 edit.
1229 5811 1360 5857 vero
1391 5796 1626 5875 iludam
1657 5801 1954 5882 inferiorem
1985 5805 2038 5863 in
2058 5807 2222 5882 pani-

2324 4653 2454 4708 didit
2491 4651 2634 4710 Deus
2675 4653 2957 4710 mercedem
2983 4656 3142 4724 mihi,
3173 4659 3296 4728 quia
3325 4657 3446 4714 dedi
3484 4655 3698 4712 ancillam
3727 4661 3824 4702 mea:

2324 4749 2431 4802 uiro
2475 4763 2584 4802 meo
2610 4745 2759 4820 (Gen.
2802 4765 2928 4817 xxx,
2967 4747 3074 4824 18).
3101 4749 3166 4806 Et
3191 4750 3395 4808 idcirco
3423 4747 3826 4822 appellantnon-tn

2327 4843 2446 4916 ejus
2491 4843 2758 4910 lssacbar,
2797 4846 2846 4902 id
2889 4855 3000 4915 est,
3039 4863 3272 4906 murcos.
3311 4847 3456 4906 Caro
3503 4857 3668 4902 nostra
3703 4835 3826 4896 acciti:

2326 4947 2510 4996 nostra
2521 4939 2685 4996 debet
2705 4955 2826 4998 esse
2843 4960 2856 4996 :
2876 4942 2961 4998 vir
2979 4954 3162 5000 uoster
3185 4945 3326 5000 Deus
3349 4951 3534 5000 noster
3547 4951 3638 4996 cst.
3651 4931 3828 4992 Ancillam

2330 5049 2464 5096 vero
2491 5045 2734 5090 nostram
2777 5037 2894 5092 viro
2915 5049 3108 5094 nostro
3133 5037 3348 5102 damus,
3375 5038 3420 5092 si
3437 5051 3642 5094 carnem
3669 5037 3828 5086 nostum

2335 5129 2428 5190 Dei
2457 5130 2680 5188 servitio
2709 5132 3102 5206 tuancipanius,
3119 5134 3298 5190 sicam
3322 5133 3566 5206 vigilare,
3583 5129 3828 5202 jejunum

2329 5225 2602 5286 abstinere
2627 5227 3028 5296 compellimus,
3059 5237 3222 5300 atque
3246 5229 3548 5302 voluptates
3567 5225 3672 5294 ejus
3687 5219 3828 5276 etlﬂﬁi'

2329 5329 2470 5372 tuus.
2507 5314 2755 5380 issacbar
2797 5317 2959 5390 igitur
2993 5321 3103 5376 Liac
3147 5321 3200 5376 iu
3241 5321 3546 5380 mercedem
3583 5317 3830 5376 datuscsu

2329 5411 2476 5479 Deo;
2508 5411 2635 5483 quia
2663 5412 2729 5470 iis
2759 5413 2852 5484 qui
2891 5429 3112 5478 carnem
3141 5413 3388 5482 domant,
3417 5411 3510 5486 qui
3551 5409 3664 5466 vitia
3697 5401 3828 5458 exillﬂ‘

2325 5515 2516 5578 Βυιιηι,
2541 5523 2604 5564 ea
2629 5523 2841 5570 merces
2867 5509 3026 5566 datur
3050 5526 3080 5566 a
3109 5509 3242 5578 Deo,
3259 5519 3320 5566 ut
3347 5507 3628 5566 virtutibus
3645 5502 3828 5560 ditentur.

2347 5673 2507 5746 tentig
2531 5671 2844 5746 {Benjamin
2865 5691 2982 5729 vero
3008 5675 3326 5744 superiorem
3353 5672 3624 5746 reperimus
3647 5669 3690 5746 in
3705 5659 3826 5746 βαξξίέ-

2419 5753 2450 5818 ιε⁸
2469 5728 2637 5818 E_dit.,
2660 5728 2770 5818 A2,...-
2810 5728 3094 5801 υιιαιειίυαί
3113 5728 3498 5818 intrimat...
3531 5728 3738 5818 satis;
3764 5728 3832 5818 t5

2332 5809 2564 5898 Mutati,
2581 5809 2671 5894 qui
2691 5809 2950 5892 dilatatia,
2979 5825 3083 5894 etc.
3103 5833 3120 5887 ε
3297 5829 3454 5888 vero.
3473 5809 3636 5878 uiuos
3653 5811 3702 5868 in
3719 5811 3828 5866 tonu-
