3950 6314
178 241 275 297 815

924 239 991 296 ΙΝ
1033 239 1514 306 APOCALYPSIN
1555 235 1948 304 EXP-OSITIO.
1989 236 2076 293 DE
2121 238 2390 310 VISIONE
2428 241 2706 300 TERTIA.

3349 243 3453 304 846

242 362 305 418 Et
344 359 464 415 ideo
495 367 617 430 post
654 357 904 416 lssachar
929 356 1170 414 Zahulon
1205 356 1449 430 ponitur,
1481 357 1571 427 qui
1602 357 1755 422 habi-
1781 356 1834 413 A
1863 351 2034 408 Deum
2080 351 2304 412 laudare
2344 355 2646 414 dicuntur:
2677 356 2768 416 hic
2812 367 2995 418 autem
3035 361 3187 418 nullo
3229 377 3460 421 numero

177 455 396 512 taculum
444 451 774 510 fortitudinis
816 453 1228 520 interpretatur.
1272 449 1408 519 Quis
1450 459 1536 506 est
1573 459 1755 505 autem

174 547 340 612 tortis,
373 545 473 602 nisi
501 545 677 601 Deus?
707 545 773 599 de
805 558 912 615 quo
956 543 1243 599 Psalmista
1284 541 1416 598 dicit
1451 559 1464 594 :
1499 540 1756 598 Dominus

172 641 316 714 fortis
361 647 406 694 et
448 647 651 710 patens,
690 635 950 692 Dominus
996 643 1175 706 potens
1219 635 1272 687 in
1313 633 1494 704 praztio
1523 633 1753 705 (Psalm.

172 751 314 802 sint,
347 733 422 805 8).
453 731 522 788 Et
551 732 696 802 quod,
727 729 1096 788 habitaculum
1124 726 1478 795 fortitudinis,
1509 728 1616 786 nisi
1655 730 1755 786 ha-

171 827 349 886 bitatio
401 825 533 882 Dei?
578 825 634 882 ln
696 825 792 882 illo
842 825 988 882 enim
1043 824 1249 883 habitat
1296 827 1486 898 Deus,
1540 825 1594 884 in
1649 838 1756 898 quo

169 922 325 987 ﬁdes,
376 917 652 990 patientia,
694 918 933 988 castitas,
985 919 1284 990 humilitas,
1324 921 1560 978 charitas
1590 927 1754 974 caete-

169 1031 341 1088 ra'quc
366 1015 590 1072 virtutes
632 1024 1060 1071 commorantur.
1098 1015 1158 1070 Et
1194 1017 1318 1088 quia
1349 1030 1444 1085 per
1482 1012 1759 1083 operatio-

168 1124 288 1166 nem
320 1107 579 1164 virtutum
612 1115 874 1178 augentur
908 1108 1126 1178 praemia
1175 1109 1524 1174 meritorum,
1553 1106 1754 1174 Joseph

167 1197 526 1268 subsequitur,
544 1197 632 1268 qui
662 1206 1008 1269 augmentum
1036 1199 1449 1274 interpretatur.
1474 1198 1755 1269 Benjamin

169 1292 404 1358 ultimus,
450 1291 615 1350 immo
647 1299 703 1346 et
739 1291 990 1362 superior
1033 1293 1274 1362 ponitur,
1306 1291 1396 1360 qui
1441 1290 1582 1347 titius
1622 1290 1756 1346 dex-

167 1396 295 1442 tera:
315 1384 724 1457 interpretatur.
755 1386 991 1442 Dextera
1023 1402 1260 1460 namque
1282 1385 1460 1442 Patris
1487 1385 1655 1454 Filius
1677 1385 1758 1440 di-

167 1482 302 1542 citur
331 1497 343 1533 :
371 1488 426 1535 et
457 1478 814 1550 Evangelium
855 1480 1117 1554 loquitur,
1160 1482 1286 1554 quia
1327 1479 1503 1536 sancti
1547 1479 1640 1534 Dei
1688 1478 1756 1532 ad

167 1573 443 1635 dexteram
484 1572 577 1628 Dei
617 1582 908 1644 ponentur.
945 1574 1116 1630 Electi
1164 1576 1344 1644 itaque
1391 1573 1490 1630 ﬁlii
1516 1574 1758 1630 dextera:

166 1666 490 1736 efﬁciuntur,
525 1683 647 1724 cum
682 1669 753 1724 ab
779 1667 880 1723 hac
903 1667 1012 1723 vita
1041 1667 1324 1733 subtraeti,
1359 1668 1411 1723 in
1442 1668 1759 1724 cmlestihus

1859 436 2416 517 comprehenduntur,
2476 452 2576 509 sed
2629 467 2821 510 omnes
2876 454 2932 514 in
2982 454 3218 512 circuitu
3274 458 3456 515 throni

1861 551 2006 597 stare
2057 541 2330 598 dicuntur.
2383 544 2682 601 Possumus
2724 563 2820 618 per
2857 551 3170 619 superiores
3199 554 3454 624 angelos,

1860 634 1951 704 qui
1983 649 2213 691 numero
2235 636 2791 707 comprehenduntur,
2819 656 2915 702 eos
2936 643 3242 716 intelligere
3264 647 3357 716 qui
3389 647 3457 702 ad

1861 728 2076 784 diversa
2125 727 2306 786 ofﬁcia
2352 731 2404 785 in
2448 732 2652 794 mundo
2703 732 3102 797 destinantur:
3146 752 3248 794 eos
3273 749 3460 796 autem

1861 819 1952 891 qui
1981 820 2102 876 sine
2141 836 2372 890 numero
2407 835 2704 893 ponuntur,
2740 825 2866 884 illos
2904 829 2998 899 qui
3037 829 3094 889 in
3135 831 3458 890 cmlestibus

1859 924 1983 968 cum
2014 911 2247 970 Domino
2272 924 2695 976 conversantttr.
2723 916 2828 978 Sed
2861 929 2914 974 et
2946 920 3036 985 hic
3059 932 3270 994 septem
3295 923 3462 982 bene-

1861 1004 2134 1064 dictiones
2177 1017 2476 1078 ponuntur,
2520 1008 2666 1068 sicut
2701 1012 2978 1082 superius,
3018 1025 3079 1074 ut
3119 1015 3463 1076 demonstret

1862 1097 2056 1156 eodem
2101 1098 2264 1168 modo
2295 1110 2350 1156 et
2388 1101 2523 1164 istos
2570 1102 2898 1168 benedicere
2930 1106 3133 1175 Deum,
3169 1111 3262 1178 qui
3304 1126 3465 1166 mun-

1863 1191 1992 1246 dum
2020 1207 2122 1260 sua
2149 1194 2552 1264 gubernatione
2592 1206 2838 1264 utentur,
2869 1199 3013 1259 sicut
3039 1212 3094 1259 et
3131 1203 3258 1260 illos
3285 1206 3376 1275 qui
3412 1207 3466 1260 in

1862 1285 2180 1354 otelestibqs
2207 1303 2330 1348 cum
2366 1288 2600 1354 Domino
2627 1302 3060 1352 commorantur.

1937 1379 2124 1451 (Vers.
2159 1381 2250 1447 15,
2280 1381 2396 1455 14.)
2442 1383 2510 1442 Et
2547 1385 2866 1454 respondens
2905 1405 3041 1444 unus
3076 1389 3139 1446 de
3173 1391 3467 1447 senioribus

1864 1473 1996 1528 dixit
2023 1472 2154 1527 mihi
2183 1491 2202 1529 :
2230 1472 2284 1531 Ii
2311 1477 2399 1547 qui
2427 1479 2606 1536 amicti
2638 1489 2760 1541 sunt
2791 1480 2940 1542 stetit
2971 1481 3128 1548 albis,
3159 1485 3249 1554 qui
3278 1493 3396 1540 sunt
3421 1493 3470 1539 et
3568 1550 3577 1560 ι

1865 1565 2003 1622 unde
2031 1568 2318 1632 verterunt?
2343 1566 2415 1622 Et
2443 1570 2554 1633 dixi
2592 1571 2676 1625 illi
2707 1587 2726 1626 :
2757 1569 2980 1633 Domine
3005 1575 3102 1637 mi,
3130 1584 3184 1632 tu
3213 1577 3336 1632 scis.
3379 1577 3469 1631 lu-

1867 1667 2126 1732 terrogat,
2160 1670 2220 1717 ut
2242 1659 2472 1730 doceat;
2503 1678 2604 1734 per
2632 1664 2906 1724 seniorem
2939 1681 3176 1737 namque
3212 1667 3469 1726 doctores

166 1760 382 1818 sedibus
438 1761 812 1826 Collocanlur;
860 1760 948 1816 ubi
994 1761 1129 1818 nihil
1177 1770 1260 1816 est
1309 1760 1618 1829 sinistrum,
1664 1761 1759 1818 sed
1793 1755 1840 1828 Β
1869 1751 2129 1810 Εϐείθεὶω
2163 1773 2177 1811 ε
2213 1770 2309 1827 per
2352 1755 2622 1820 Joannem
2663 1773 2798 1826 νεπο
2836 1759 3116 1824 auditores
3149 1762 3468 1834 intelligun-

165 1862 330 1911 totum
374 1853 607 1912 dextera
648 1853 864 1926 (Matth.
904 1871 1029 1921 xxv,
1069 1853 1186 1926 55).
1225 1854 1394 1927 Igitur
1422 1856 1547 1927 quia
1588 1856 1760 1912 inter-

167 1949 497 2020 pretationes
537 1949 815 2004 nominum
863 1948 1150 2006 duodecim
1207 1948 1442 2006 tribuum
1489 1965 1657 2019 usque
1696 1950 1762 2006 ad

165 2058 282 2098 cum
317 2044 480 2097 linem
522 2042 899 2114 perduxitnus,
940 2057 1048 2114 quo
1092 2042 1145 2097 in
1186 2041 1509 2099 cmlestibus
1542 2041 1764 2097 sedibus

167 2136 530 2200 colIOCanlur,
561 2151 868 2206 congruum
897 2145 1062 2191 estut
1090 2151 1152 2191 ea
1183 2152 1307 2207 qua:
1340 2148 1661 2208 sequuntur,
1696 2137 1760 2192 ad

159 2228 608 2300 gloriﬁcationem
643 2229 950 2286 animarum
998 2239 1311 2284 sanctarum
1345 2233 1761 2286 transferamus.

227 2322 412 2394 (Vers.
449 2324 502 2388 9,
539 2323 652 2394 10.)
687 2322 813 2380 Post
841 2323 956 2381 lucc
978 2326 1082 2379 vidi
1111 2326 1309 2380 turbam
1332 2339 1766 2397 magnam,quam

161 2418 489 2482 dinumerare
511 2435 656 2474 nemo
686 2427 908 2490 poterat,
941 2435 1004 2473 ex
1032 2419 1270 2473 cantibus
1298 2418 1530 2489 gentibus
1553 2461 1567 2484 ,
1600 2430 1644 2472 et
1674 2418 1768 2474 tri-

156 2513 334 2579 bubus,
387 2521 443 2566 et
487 2511 719 2582 pottulis,
766 2522 811 2568 et
860 2512 1052 2584 linguis
1101 2520 1295 2568 stantes
1335 2522 1454 2567 ante
1497 2511 1763 2577 thronum,

158 2614 181 2641 τι
199 2616 245 2670 et
267 2605 318 2660 in
347 2615 630 2676 conspectu
657 2604 858 2678 Agni...
899 2604 962 2658 Et
987 2605 1280 2660 clamabant
1304 2621 1424 2664 voce
1444 2622 1654 2677 magna,
1686 2605 1766 2665 di-

154 2707 361 2759 centes:
399 2697 562 2756 Salus
594 2695 706 2754 Deo
747 2707 950 2765 nostra,
995 2699 1083 2769 qui
1129 2699 1269 2756 sedet
1309 2715 1465 2770 super
1493 2699 1762 2766 thronum,

156 2801 200 2844 et
230 2792 405 2865 Agna.
438 2790 542 2845 Per
575 2791 788 2848 turbam
819 2791 1185 2862 superiorem,
1211 2807 1332 2862 quae
1360 2806 1592 2848 numero
1617 2805 1767 2848 com-

152 2883 532 2957 prehenditur,
560 2883 722 2945 electi
751 2883 839 2956 qui
865 2884 918 2939 in
953 2883 1200 2940 Ecclesia
1232 2883 1330 2940 Dei
1368 2885 1597 2956 singulis
1631 2896 1766 2939 tem-

153 2977 376 3054 poribus
409 2976 684 3044 laborant,
706 2976 1084 3048 designantur,
1113 2977 1254 3032 sicut
1278 2977 1391 3045 jam
1415 2976 1672 3032 diximus.
1701 2977 1767 3033 Et

152 3071 273 3142 quia
299 3072 462 3128 multi
492 3080 624 3128 sunt
647 3071 848 3138 vocati,
881 3071 1036 3142 pauci
1062 3086 1192 3126 vero
1219 3070 1378 3128 electi
1413 3069 1632 3142 (Matth.
1664 3086 1760 3137 xx,

157 3165 267 3236 16),
295 3175 355 3224 et
381 3167 438 3222 in
461 3168 874 3237 comparatione
899 3165 1256 3238 reproborum
1279 3167 1471 3238 exigua
1496 3175 1582 3222 est
1605 3166 1766 3222 turba
1794 3145 1839 3211 Ο

154 3257 486 3326 electorum,
520 3276 626 3318 non
669 3259 950 3324 immerito
992 3275 1220 3316 numero
1263 3268 1482 3316 centum
1525 3259 1764 3331 quadra-

151 3353 302 3423 ginta
337 3362 578 3426 quatuor
607 3354 864 3418 millium,
905 3353 1067 3410 electi
1096 3352 1192 3425 qui
1235 3352 1466 3425 singulis
1503 3355 1769 3423 tempori-

149 3444 252 3502 bus
286 3446 342 3501 in
382 3445 635 3502 Ecclesia
664 3446 757 3502 Dei
797 3446 1078 3513 laborant,
1118 3444 1483 3516 designantur
1515 3463 1527 3498 :
1563 3446 1615 3500 in
1650 3461 1764 3504 cm-

157 3540 285 3598 lesti
326 3556 466 3598 vero
504 3540 870 3607 beatitudine,
903 3540 995 3598 ubi
1037 3539 1272 3611 singulis
1315 3539 1656 3610 temporibus
1700 3555 1767 3596 ex

154 3632 417 3692 erunibus
448 3634 726 3706 gentibus,
753 3633 1004 3690 tribubus
1029 3642 1085 3688 et
1115 3631 1312 3706 linguis
1340 3640 1767 3704 congregantur,

155 3733 307 3782 tanta
358 3740 556 3782 eorum
605 3724 840 3781 efﬁcitur
886 3724 1203 3792 multitudo,
1247 3733 1304 3780 ut
1349 3724 1500 3780 nullo
1542 3740 1769 3780 numero

154 3820 554 3893 comprehendi
592 3821 786 3891 possit.
831 3820 937 3876 Per
976 3821 1151 3876 stolas
1190 3828 1373 3876 autem
1419 3819 1572 3876 albas
1606 3835 1767 3874 mun-

152 3913 285 3974 ditia
317 3916 632 3972 animarum
661 3915 984 3987 designatur
1011 3933 1024 3969 :
1055 3915 1250 3985 palma:
1292 3929 1425 3972 vero
1463 3915 1520 3970 in
1552 3915 1765 3986 signum

151 4010 412 4066 victoria:
455 4019 757 4084 ponuntur.
788 4010 1008 4066 Palmas
1038 4011 1202 4081 igitur
1232 4026 1339 4066 non
1383 4010 1561 4068 solum
1593 4011 1767 4066 sancti

151 4114 442 4177 martyres
475 4104 677 4177 quibus
707 4104 938 4159 victoria
969 4103 1283 4174 specialiter
1332 4103 1646 4170 ascribitur,
1671 4104 1766 4160 sed

149 4207 206 4256 et
232 4215 439 4259 omnes
464 4198 652 4265 electi,
682 4198 774 4270 qui
805 4198 860 4253 in
888 4197 992 4254 hoc
1026 4196 1234 4256 saeculo
1267 4198 1430 4268 positi
1463 4207 1653 4253 contra
1691 4197 1770 4252 vi-

146 4292 346 4356 sibiles
379 4301 440 4349 et
483 4290 792 4348 invisibiles
837 4289 1025 4346 hostes
1064 4287 1284 4346 fortiter
1322 4289 1674 4356 dimicarunt,
1715 4289 1766 4344 in

147 4384 376 4442 cmleSti
399 4383 742 4441 beatitudine
767 4383 1072 4453 possident.
1099 4382 1305 4440 Palma:
1325 4393 1508 4439 autem
1543 4384 1768 4454 praemia

147 4489 278 4540 sunt
322 4475 583 4536 victoria:
623 4486 974 4542 sanctorum;
1023 4477 1114 4548 qui
1143 4485 1198 4530 et
1247 4491 1382 4533 voce
1424 4491 1617 4548 magna
1657 4478 1770 4532 cla-

148 4587 310 4630 mare
354 4570 667 4627 dicuntur:
705 4569 864 4626 Salus
913 4567 1023 4624 Dea
1064 4578 1264 4634 nostra,
1306 4569 1397 4640 qui
1437 4570 1577 4625 sedet
1613 4583 1768 4642 super
1793 4550 1848 4612 Ῑ)

149 4666 439 4732 thronum,
480 4674 526 4722 et
562 4664 747 4738 Agna,
781 4663 960 4720 sancti
1007 4663 1102 4719 Dei
1146 4678 1439 4734 numquam
1475 4672 1697 4718 cessant
1739 4677 1766 4720 θ

147 4758 417 4821 laudibus
445 4755 562 4826 Dei,
597 4771 697 4813 nec
723 4763 904 4812 tamen
931 4755 1180 4810 laborest
1200 4755 1254 4810 in
1277 4753 1545 4810 laudando
1562 4755 1765 4819 Deum;

147 4856 276 4926 quia
311 4855 467 4912 sicut
489 4852 666 4908 dulcis
685 4861 768 4907 est
786 4852 991 4908 sanctis
1016 4851 1150 4908 visio
1176 4851 1292 4918 Dei,
1317 4851 1396 4906 sic
1425 4860 1477 4906 et
1497 4849 1618 4906 laus
1651 4849 1764 4905 Dei.

221 4949 428 5028 (Vers.
461 4948 553 5015 11,
583 4946 697 5020 12.)
723 4945 792 5000 Et
823 4961 996 5002 omnes
1025 4945 1199 5016 angeli
1230 4944 1431 4998 stabant
1467 4944 1519 4997 in
1549 4942 1768 4997 circuitu

147 5046 356 5114 throni,
391 5051 444 5100 et
471 5043 760 5106 seniorum,
799 5051 848 5096 et
874 5049 1097 5112 quatuor
1124 5038 1431 5092 animalium
1452 5077 1465 5104 ,
1495 5045 1540 5090 et
1569 5035 1770 5090 cecide-

141 5149 273 5196 runt
315 5139 375 5193 in
423 5136 595 5198 medio
647 5135 823 5193 throni
851 5134 906 5190 in
948 5133 1106 5206 facies
1145 5147 1289 5198 suas,
1334 5140 1380 5185 et
1420 5128 1766 5183 adat-nuerunt

144 5231 351 5299 Deum,
384 5229 618 5290 dicentes
641 5247 659 5284 :
692 5228 880 5297 Amen,
913 5225 1218 5291 benedictio,
1250 5233 1296 5278 et
1325 5222 1561 5288 claritas,
1597 5231 1644 5275 et
1676 5237 1766 5274 sa-

145 5327 385 5395 pientia,
425 5333 476 5379 et
511 5324 809 5400 gratiarum
837 5319 999 5386 actio,
1032 5320 1218 5385 honor,
1243 5325 1290 5372 et
1320 5316 1504 5382 uirtus,
1536 5322 1584 5370 et
1613 5314 1769 5386 forti-

145 5422 280 5476 tudo
319 5419 442 5476 Deo
472 5429 648 5480 nostra
686 5419 740 5472 in
777 5418 973 5474 stecula
1010 5413 1342 5480 surculorum,
1387 5427 1553 5468 amen.
1597 5410 1774 5481 Supe-

145 5514 268 5570 rius
319 5510 506 5568 millia
557 5511 790 5566 millium
839 5508 1158 5580 angelorum
1210 5506 1262 5560 in
1313 5504 1542 5561 circuitu
1588 5503 1769 5558 throni

227 5685 252 5711 ει
287 5675 373 5730 lta
413 5687 548 5730 mss.
573 5687 636 5728 ac
660 5671 786 5730 Gill.
817 5669 980 5734 aditu,
1006 5676 1063 5726 at
1102 5666 1255 5730 Rom.
1287 5681 1318 5721 e
1339 5666 1618 5722 contrario
1641 5672 1768 5735 post

148 5761 354 5802 Vocem
391 5744 529 5815 Agni
552 5741 760 5815 addidit
789 5760 801 5796 :
833 5741 1007 5796 amicti
1045 5737 1188 5793 stolis
1215 5738 1370 5815 albis,
1399 5747 1449 5791 et
1482 5737 1672 5809 palma:

148 5817 406 5874 inanibus
443 5808 645 5872 corum.
674 5813 808 5870 Post
837 5827 1026 5870 vocem
1059 5825 1186 5868 vero
1218 5810 1445 5866 dicentes
1483 5808 1778 5875 ’rcsccavit,

1867 1856 1971 1902 tur.
2025 1847 2161 1904 Nam
2216 1849 2609 1920 praedicatores
2655 1855 2830 1918 sancti
2881 1855 3116 1926 gloriam
3163 1856 3466 1914 animarum

1865 1953 2180 2000 sanctarum
2228 1944 2669 2017 quibuscumque
2697 1947 2876 2008 modis
2916 1959 3168 2020 possunt,
3214 1951 3471 2008 intimam.

1867 2038 2206 2100 auditoribus
2235 2041 2386 2107 suis;
2417 2051 2476 2100 ut
2503 2052 2717 2100 mentes
2755 2060 2945 2102 eorum
2977 2045 3044 2101 ad
3082 2061 3326 2102 amorem
3357 2063 3470 2106 cce-

1869 2131 2022 2194 lestis
2050 2133 2241 2203 patriae
2266 2135 2595 2194 accendant.
2636 2135 2704 2194 Et
2753 2137 2887 2195 dixit
2927 2138 3080 2195 mihi.
3127 2138 3180 2194 Ii
3219 2152 3340 2196 sunt
3380 2144 3469 2213 qui

1867 2238 2112 2284 uerterunt
2165 2246 2233 2284 ea:
2279 2247 2474 2303 magna
2519 2231 2892 2297 tribulatione;
2936 2244 2987 2290 et
3025 2235 3264 2295 laverunt
3312 2238 3471 2292 stolas

1866 2335 2012 2384 suas,
2043 2329 2088 2376 et
2131 2321 2505 2381 dealbaoerunt
2543 2340 2630 2380 eas
2673 2325 2726 2379 in
2758 2328 3011 2400 sanguine
3047 2326 3202 2398 Agni.
3239 2328 3336 2384 Hic
3374 2330 3474 2386 de-

1868 2423 2140 2474 monstrat
2167 2430 2278 2475 non
2312 2414 2382 2472 ad
2413 2415 2638 2484 electos,
2669 2418 2763 2489 qui
2803 2417 2856 2474 in
2894 2417 2998 2475 hac
3036 2420 3144 2474 rita
3186 2419 3472 2485 laborent;

1868 2507 1966 2566 sed
1993 2507 2059 2566 ad
2093 2521 2188 2564 eos
2211 2507 2304 2578 qui
2337 2507 2390 2566 iu
2418 2508 2634 2568 cmlesti
2672 2509 2788 2566 vita
2825 2524 2950 2570 cum
2985 2509 3217 2570 Domino
3249 2493 3468 2582 requie-

1869 2601 2184 2668 scunt,baec
2212 2603 2507 2673 pertinere.
2525 2603 2643 2660 Non
2673 2605 2818 2664 enim
2847 2607 3022 2662 sancti
3054 2605 3123 2663 de
3153 2619 3346 2675 magna
3375 2606 3475 2661 tri-

1871 2693 2173 2762 bulatione,
2204 2695 2299 2750 sed
2335 2695 2402 2750 ad
2435 2711 2659 2766 magnas
2690 2697 3076 2753 tribulationes
3115 2699 3472 2768 perferendas

1869 2785 1924 2842 iu
1969 2787 2230 2848 mundum
2279 2789 2528 2855 veniunt,
2557 2788 2588 2828 ιι
2611 2789 2752 2850 sicut
2793 2789 2930 2850 dicit
2962 2783 3224 2851 Salomon
3260 2809 3274 2846 :
3303 2791 3473 2848 Manto

1869 2882 1938 2936 ad
1985 2880 2214 2940 laborem
2257 2884 2517 2948 nascitur,
2545 2891 2592 2940 et
2618 2883 2728 2944 avis
2764 2883 2835 2936 ad
2865 2885 3092 2944 volatum
3120 2883 3267 2956 (Job.
3301 2902 3353 2950 v,
3392 2886 3470 2955 Ἰ).

1870 2973 1939 3031 Et
1989 2974 2252 3032 Dominus
2297 2974 2429 3032 dicit
2464 2976 2518 3032 in
2573 2975 2878 3048 Evangelia
2909 2997 2923 3030 :
2952 2975 3100 3037 Beati
3151 2979 3241 3049 qui
3298 2996 3473 3050 perse-

1869 3071 2129 3126 cutionem
2161 3070 2436 3139 patiuntur
2475 3080 2685 3142 prapter
2707 3073 3016 3141 justitiam;
3056 3074 3303 3141 quoniam
3335 3075 3475 3144 ipsa-

1871 3180 1991 3220 rum
2020 3174 2096 3222 est
2137 3181 2358 3236 regnum
2401 3166 2649 3222 ctelarum
2674 3163 2893 3234 (Matth.
2926 3180 2984 3231 γ,
3017 3162 3128 3238 10).
3163 3165 3233 3222 Ει
3274 3166 3474 3224 Paulus

1869 3257 1998 3316 dicit
2028 3277 2041 3314 :
2072 3256 2178 3314 Per
2211 3259 2402 3318 multas
2439 3259 2798 3314 tribulationes
2829 3269 3033 3330 oportet
3069 3275 3162 3324 nos
3190 3260 3386 3318 intrare
3423 3261 3478 3315 in

1870 3372 2086 3427 regnum
2133 3357 2386 3411 caelorum
2425 3355 2564 3430 (Act.
2608 3371 2718 3422 inv,
2751 3357 2880 3428 21).;
2934 3357 3026 3413 hic
3074 3358 3221 3414 enim
3257 3369 3475 3429 tempus

1870 3456 1955 3504 est
1987 3448 2399 3512 tribulationis,
2436 3448 2549 3506 illic
2587 3460 2805 3518 tempus
2844 3450 3013 3518 pacis.
3059 3450 3248 3507 Sancti
3293 3453 3477 3521 itaque

1871 3541 1942 3598 de
1990 3557 2186 3612 magna
2237 3542 2595 3600 tribulatione
2639 3543 2884 3609 veniunt,
2926 3544 3054 3613 quia
3103 3544 3171 3600 ab
3218 3546 3320 3600 hac
3365 3545 3476 3600 vita

1871 3635 2162 3701 snbtracti,
2205 3636 2296 3692 ubi
2345 3645 2561 3706 tempus
2609 3636 2978 3692 tribulationis
3015 3646 3122 3704 est,
3168 3638 3222 3694 in
3269 3645 3478 3692 :eterna

1872 3729 2056 3799 quiete
2104 3728 2472 3785 collocantur.
2533 3728 2820 3784 Laverunt
2868 3740 3050 3786 autem
3101 3731 3271 3786 stolas
3318 3743 3474 3795 suas,

1871 3822 2004 3892 quia
2033 3821 2245 3878 animas
2270 3834 2398 3876 suas
2423 3821 2476 3875 in
2507 3821 2608 3877 hac
2631 3821 2740 3875 vita
2770 3821 2952 3888 positi,
2983 3821 3055 3875 ab
3078 3821 3337 3877 omnibus
3357 3835 3477 3875 sor-

1873 3911 2034 3968 dibus
2093 3921 2438 3983 peccatorum
2492 3913 2900 3967 mundaverunt
2953 3929 2968 3966 :
3022 3912 3202 3984 primo
3253 3911 3474 3982 quidem

1873 4007 2038 4080 536
2054 4021 2148 4077 per
2167 4006 2515 4078 baptismum,
2538 4015 2724 4076 postea
2745 4023 2873 4062 vero
2892 4022 2990 4078 per
3010 4006 3390 4077 pmnitentiam
3416 4014 3473 4061 et

1871 4101 2164 4172 lacrymas,
2183 4115 2245 4156 ac
2268 4100 2656 4158 misericordiae
2681 4115 2872 4170 opera,
2895 4111 2948 4156 et
2987 4101 3038 4154 in
3068 4099 3285 4156 caeteris
3313 4098 3470 4155 bonis

1874 4193 2295 4268 operibusQuw
2317 4194 2480 4250 etiam
2506 4193 2559 4250 in
2577 4193 2842 4265 sanguine
2862 4191 3002 4264 Αεηὶ
3019 4193 3282 4249 dealbatae
3306 4191 3477 4250 fuisse

1875 4289 2161 4354 dicuntur;
2197 4289 2326 4357 quia
2361 4287 2557 4343 animae
2597 4287 2921 4354 electorum,
2953 4301 3075 4357 quae
3112 4295 3276 4344 antea
3321 4295 3479 4342 erant

1874 4384 2156 4455 nigredine
2190 4392 2537 4454 peccatorum
2572 4382 2860 4451 involutae,
2900 4398 2997 4452 per
3037 4381 3476 4452 redemptionem

1871 4478 2153 4548 sanguinis
2181 4476 2383 4534 Christi
2405 4475 2700 4533 candorem
2729 4474 3012 4531 munditia:
3041 4485 3475 4546 assumpserunt.

1947 4570 2132 4644 (Vers.
2169 4566 2282 4639 15.)
2313 4566 2444 4624 Idea
2469 4577 2588 4624 sunt
2609 4578 2731 4623 ante
2761 4569 3003 4622 thronum
3029 4565 3150 4633 Dei,
3175 4577 3222 4622 et
3243 4568 3475 4624 serviunt

1877 4665 1925 4720 ei
1951 4665 2034 4718 die
2055 4680 2117 4717 ac
2150 4672 2299 4718 nocte
2333 4663 2388 4717 in
2416 4661 2606 4734 (erupto
2642 4662 2776 4732 ejus.
2816 4662 2872 4716 In
2912 4673 3211 4732 conspectu
3241 4677 3478 4732 namque

1880 4757 1972 4814 Dei
1996 4755 2170 4812 sancti
2198 4755 2290 4810 Dei
2315 4754 2602 4820 assistunt,
2629 4768 2694 4810 ac
2717 4753 2926 4810 visione
2953 4754 3074 4824 ejus
3103 4754 3478 4812 indesinenter

1878 4848 2252 4920 perfruuntur.
2288 4846 2577 4918 Templum
2606 4861 2741 4904 vero
2775 4846 2872 4903 Dei
2901 4848 3185 4907 cmlestcm
3215 4848 3468 4918 patriam,

1876 4942 2160 4999 servitium
2194 4939 2290 4995 Dei
2317 4953 2564 4996 amorem
2599 4940 2692 4996 Dei
2724 4947 2901 4996 vocat.
2937 4939 3091 5007 Quod
3122 4939 3264 4994 enim
3295 4937 3472 4994 servi-

1878 5037 2010 5090 tium
2036 5043 2147 5088 tam
2180 5033 2520 5103 acceptabilc
2549 5033 2684 5100 Deo,
2710 5048 2872 5104 quam
2897 5043 2952 5088 ut
2983 5032 3241 5102 diligatur
3261 5046 3325 5087 ex
3360 5041 3474 5087 toto

1875 5128 2066 5194 corde,
2095 5137 2316 5199 totaque
2350 5126 2591 5186 virtute?
2628 5127 2697 5182 Et
2738 5127 2861 5198 quis
2901 5127 2974 5182 ita
3003 5125 3260 5182 ardenter
3298 5125 3476 5196 diligit

1877 5223 2074 5287 Deum,
2103 5224 2246 5280 sicut
2285 5221 2364 5276 illi
2407 5220 2499 5291 qui
2541 5219 2761 5278 assidue
2803 5218 3250 5287 contemplemur
3273 5218 3472 5280 laniem

1878 5317 2029 5386 ejus?
2062 5314 2130 5372 Et
2151 5315 2238 5386 qui
2268 5314 2407 5370 sedet
2431 5329 2589 5384 super
2619 5314 2880 5377 thronum,
2909 5311 3106 5368 habitat
3131 5328 3288 5382 super
3329 5313 3473 5371 illos.

1878 5409 2131 5472 Thronus
2159 5408 2250 5464 Dei
2272 5407 2446 5466 sancti
2481 5407 2574 5462 Dei
2596 5411 2744 5471 sunt,
2771 5403 2911 5465 sicut
2931 5405 3186 5475 superius
3209 5406 3472 5466 diximus.

1882 5501 1987 5571 Qui
2029 5515 2160 5572 ergo
2202 5500 2562 5570 designantur
2597 5511 2693 5566 per
2738 5496 2990 5551 thronum
3037 5497 3153 5565 Dei,
3197 5499 3299 5570 ipsi
3346 5514 3474 5558 sunt

1877 5661 2042 5719 Salus
2070 5659 2178 5714 Dea
2211 5670 2455 5716 nostra...
2479 5670 2527 5714 et
2555 5656 2721 5728 Agna.

1953 5734 1977 5774 ι)
2012 5734 2170 5792 Rom.
2204 5730 2522 5803 editgisicut
2549 5727 2676 5803 dicit
2693 5727 2816 5789 Job.
2844 5728 2956 5803 Sed
2985 5731 3236 5792 Auctoris
3265 5733 3475 5803 lapsum

1892 5823 2016 5865 cum
2047 5820 2180 5872 uiss.
2211 5817 2276 5860 ac
2298 5801 2428 5862 Gill.
2459 5800 2726 5866 malumus
2753 5801 3014 5864 actitare.
