3950 6314
495 275 601 330 847
1474 266 1568 323 AD
1604 259 1835 324 OPERA
1861 259 2090 323 SANCT‘

2198 261 2480 322 MBROSII
2517 266 2885 325 APPENDlX.
3669 266 3755 326 διε

491 402 658 457 super
686 400 825 456 quos
856 383 1068 440 habitat
1115 383 1256 438 Deus
1290 400 1304 437 :
1335 379 1543 436 habitat
1584 394 1716 435 vero
1755 393 1925 450 super
1966 393 2091 434 san—
2117 380 2172 440 Α
2199 379 2265 437 Et
2284 382 2408 453 quia
2439 397 2503 438 ea
2533 398 2656 454 qua:
2681 384 2733 439 in
2761 382 3049 438 nativitate
3077 381 3284 440 Christi
3307 391 3465 454 gesta
3491 394 3633 449 sunt,
3664 388 3753 457 spi-

488 491 608 536 ctos
637 493 769 533 suos
799 478 962 544 Deus,
996 492 1119 533 cum
1153 490 1252 534 eos
1276 489 1378 532 suo
1407 474 1618 530 lumine
1658 472 1951 539 illuminat,
1986 472 2096 527 cir-
2198 474 2413 531 ritalem
2445 475 2856 548 intelligentiam
2901 478 3187 542 obtinent;
3216 477 3509 547 septimum
3548 479 3750 549 sigillum

488 573 712 628 cumdat
739 581 796 626 et
825 580 1030 628 tuetur.

562 665 746 739 (Vcrs.
774 665 891 734 16.)
945 661 1069 717 Non
1107 662 1361 727 esuriem,
1415 677 1576 730 neque
1626 657 1798 714 sitient
1842 657 2088 728 amplius.

480 757 618 814 Cum
647 757 915 813 Dominus
935 754 1084 810 dicat
1111 754 1165 810 in
1197 753 1498 824 Evangelio
1528 771 1541 806 :
1569 752 1716 808 Beati
1744 753 1831 823 qui
1853 752 2093 806 esuriunt

485 862 534 908 et
549 853 731 908 sitiunt
737 851 1029 924 justitiam;
1046 851 1288 921 quoniam
1300 849 1406 921 ipsi
1423 846 1798 902 saturabuntur
1813 843 1894 918 (M
1897 844 2088 912 atth.v,

483 943 572 1016 6);
606 959 704 1000 cur
733 943 825 999 hic
862 943 1035 998 sancti
1068 941 1165 998 Dei
1207 956 1507 1012 numquam
1544 941 1758 996 esurire
1795 938 2091 994 dicuntur?

476 1035 586 1093 Sed
611 1036 754 1091 sicut
775 1035 1027 1106 superius
1055 1033 1322 1100 diximus,
1346 1049 1457 1088 non
1481 1032 1552 1087 ad
1582 1032 1814 1098 electos,
1853 1032 1881 1060 ⁸
1900 1031 1992 1102 qui
2034 1030 2092 1085 in

482 1127 586 1183 hac
622 1129 732 1183 vita
761 1135 1220 1182 commorantur:
1257 1125 1355 1180 sed
1394 1124 1462 1180 ad
1503 1138 1599 1180 eos
1641 1123 1735 1193 qui
1776 1121 1831 1177 in
1873 1121 2093 1178 cmlesti

477 1218 821 1276 beatitudine
847 1233 973 1274 cum
1021 1217 1135 1273 Deo
1175 1216 1475 1280 exsultant.
1515 1213 1621 1270 hoc
1660 1215 1938 1286 pertinere
1966 1227 2090 1269 cre-

476 1314 716 1370 dendum
741 1322 845 1368 est.
871 1312 1011 1368 Justi
1039 1326 1274 1383 namque
1299 1312 1351 1365 in
1378 1311 1481 1367 hac
1504 1311 1614 1364 vita
1641 1308 2091 1380 positi,videntes

479 1407 764 1463 hominum
805 1405 1128 1476 injustitias,
1163 1405 1412 1459 esuriunt
1461 1412 1518 1458 et
1560 1402 1756 1458 sitiunt
1795 1401 2090 1473 justitiam,

476 1501 762 1574 cupientes
784 1516 977 1557 omnes
999 1499 1252 1555 homines
1270 1500 1448 1570 justos
1473 1513 1619 1563 esse,
1644 1498 1786 1553 sicut
1807 1496 1911 1568 ipsi
1939 1505 2087 1552 sunt.

475 1595 740 1650 Esuriunt
784 1602 840 1648 et
882 1591 1077 1647 sitiunt
1119 1591 1308 1656 etiam,
1356 1599 1415 1645 ut
1451 1605 1548 1646 sua
1589 1590 1804 1660 iustitia
1843 1587 2091 1659 quotidie

481 1698 720 1755 crescat,
763 1689 1017 1744 esuriunt
1045 1695 1101 1742 et
1130 1685 1328 1741 sitiunt
1365 1685 1530 1740 vitam
1561 1695 1845 1740 aeternam.
1878 1682 2090 1738 Anima:

2194 568 2446 625 Christus
2484 569 2721 641 aperuit,
2764 586 2887 626 cum
2928 586 2990 627 ea
3032 587 3155 640 qua:
3196 585 3294 640 per
3332 569 3750 640 signiﬁcationem

2194 669 2346 731 gesta
2392 671 2538 729 sunt,
2579 662 2897 717 doctoribus
2939 662 3208 720 Ecclesia:
3252 677 3349 733 per
3379 662 3750 733 inspiratione

2195 752 2432 824 Spiritus
2457 754 2631 809 sancti
2660 754 3052 810 manifestavit.
3086 753 3315 808 Factum
3339 763 3418 810 est
3452 756 3690 809 silentium
3712 757 3754 811 in

2195 847 2322 902 cwlo
2368 848 2518 918 quasi
2563 849 2732 903 media
2773 850 2922 903 hora.
2951 849 3060 905 Per
3094 849 3377 905 silentium
3420 865 3523 921 pax
3561 866 3668 922 qua:
3699 852 3754 907 ab

2194 938 2490 996 Octaviano
2511 941 2781 1012 Augusto,
2797 941 3016 999 Christo
3039 953 3320 1005 nascente.
3353 957 3454 1014 per
3479 944 3749 1002 universum

2195 1033 2386 1088 orbem
2415 1032 2555 1090 facta
2588 1034 3042 1107 est,designatur.
3059 1035 3231 1092 Media
3256 1045 3440 1091 autem
3470 1035 3598 1092 hora
3621 1039 3753 1094 silen-

2195 1126 2330 1180 tium
2348 1123 2549 1180 factum
2567 1137 2672 1194 est,
2693 1128 2815 1196 quia
2840 1143 2947 1199 pax
2969 1143 3131 1199 quam
3157 1127 3402 1184 Ecclesia
3425 1129 3478 1184 in
3499 1127 3640 1184 initio
3655 1129 3752 1187 ﬁdei

2193 1217 2335 1289 apud
2368 1234 2607 1290 paganos
2637 1220 2847 1286 habuit,
2878 1237 3050 1293 pauco
3079 1233 3326 1294 tempore
3353 1221 3585 1288 mansit;
3607 1239 3751 1279 nam:

2194 1310 2408 1367 Nerone
2439 1312 2768 1384 imperatore
2791 1315 3098 1388 interrupta
3120 1325 3226 1382 est,
3257 1325 3314 1373 et
3336 1316 3501 1373 Petro
3521 1316 3754 1389 Pauloque

2195 1403 2525 1471 interfectis,
2556 1408 2820 1477 praecepit
2842 1423 3034 1465 omnes
3055 1408 3393 1464 christianos
3419 1410 3674 1480 persequi.

2270 1497 2450 1569 (Vers.
2481 1498 2564 1570 2.)
2594 1497 2664 1554 Et
2703 1500 2810 1554 vidi
2853 1511 3044 1573 septem
3081 1503 3301 1573 angelos
3341 1511 3540 1558 stantes
3577 1503 3627 1556 in
3655 1520 3752 1559 cos-

2194 1603 2370 1662 spectu
2400 1591 2520 1660 Dei,
2545 1605 2591 1649 et
2621 1594 2757 1650 datae
2794 1606 2915 1650 sunt
2951 1597 3031 1651 illi
3068 1607 3266 1667 septem
3303 1597 3461 1654 lube.
3491 1596 3627 1653 Ordo
3649 1599 3753 1654 isto-

2195 1702 2314 1741 rum
2367 1697 2577 1757 septem
2627 1689 2949 1760 angelorum
3002 1689 3056 1745 in
3105 1690 3476 1762 sequentibus
3521 1701 3622 1754 est;
3655 1706 3753 1747 nam

476 1801 611 1842 vero
639 1795 955 1840 sanctorum
982 1797 1096 1838 non
1123 1783 1367 1838 esurient
1391 1796 1566 1851 neque
1592 1779 1781 1836 sitient
1811 1779 2080 1849 amplius;
2112 1811 2162 1872 Β
2192 1779 2336 1833 sicut
2365 1793 2545 1848 praeco
2573 1787 2702 1838 ante
2731 1797 2915 1852 regem
2948 1791 3045 1837 aut
3069 1782 3379 1854 principem
3413 1783 3655 1849 mittitur,
3680 1786 3752 1854 qui

485 1876 513 1916 ι’
539 1878 668 1948 quia
704 1875 849 1948 quod
891 1874 1222 1940 esurierunt,
1251 1873 1364 1943 jam
1408 1872 1696 1943 percipere
1744 1879 2080 1928 meruerunt.

479 1969 549 2024 Et
591 1987 698 2025 non
727 1969 874 2024 cadet
904 1984 1061 2040 super
1102 1983 1186 2022 eos
1221 1967 1320 2030 sol,
1365 1982 1527 2036 neque
1568 1965 1710 2018 ullus
1757 1974 1936 2018 cestus.
1982 1962 2086 2018 Per

483 2063 659 2118 solem
689 2061 1071 2118 tribulationcs
1101 2074 1238 2129 quas
1269 2059 1446 2113 sancti
1479 2056 1548 2112 ab
1569 2055 1884 2110 hominibus
1910 2052 2085 2126 perfe-

480 2164 629 2224 runt,
664 2169 957 2226 possumus
985 2151 1297 2223 intelligere
1331 2169 1344 2205 :
1379 2165 1476 2220 per
1517 2157 1716 2204 mstum
1753 2149 2087 2204 tentationes

480 2251 817 2318 daemonum,
845 2248 965 2303 sive
1000 2247 1314 2317 voluptates
1339 2243 1615 2299 carnales.
1645 2242 1714 2297 Et
1757 2241 1884 2313 quia
1912 2239 2085 2296 sancti

477 2347 531 2400 in
564 2344 667 2400 hac
695 2345 804 2399 vita
837 2342 996 2413 positi
1021 2339 1433 2413 persecutiones
1463 2337 1777 2407 iniquorum
1800 2336 2083 2395 hominum

480 2437 768 2496 tolerando
797 2437 1072 2503 vicerunt,
1101 2434 1436 2490 tentationes
1457 2431 1771 2487 daemonum
1793 2443 2084 2500 superave-

479 2541 623 2598 runt,
651 2531 922 2588 desideria
943 2529 1182 2586 carnalia
1205 2528 1258 2583 in
1283 2543 1344 2584 se
1365 2525 1771 2594 exstinxerunt,
1798 2525 1852 2580 in
1877 2523 2086 2580 crelesti

480 2624 820 2683 beatitudine
865 2623 1048 2695 positi,
1101 2621 1310 2678 nullum
1360 2619 1605 2675 laborem
1653 2618 1709 2674 in
1763 2627 2084 2688 perpetuum

481 2722 750 2779 sentiunt.

550 2815 736 2889 (Vers.
769 2814 887 2883 l7.)
920 2811 1184 2880 Quoniam
1231 2809 1428 2881 Agnus,
1472 2806 1562 2879 qui
1605 2807 1659 2861 in
1700 2806 1870 2861 medio
1911 2805 2084 2860 throni

477 2918 572 2977 est,
597 2917 738 2980 reget
767 2907 910 2961 illos.
944 2905 1103 2976 Regit
1129 2904 1274 2958 Deus
1301 2911 1523 2957 sanctos
1553 2915 1706 2964 suos,
1732 2914 1856 2955 cum
1889 2899 2084 2954 volun-

479 3012 623 3059 tates
651 3015 843 3057 eorum
873 2998 948 3053 ita
977 2997 1242 3068 diSponit,
1271 3003 1330 3050 ut
1358 2994 1492 3050 nihil
1519 2994 1661 3049 velle
1697 2994 1945 3065 possint,
1977 2994 2085 3049 nisi

481 3095 629 3164 quod
658 3095 802 3149 Deus
834 3091 972 3145 vult.
999 3087 1070 3143 Et
1097 3088 1315 3143 deducet
1345 3104 1430 3142 eos
1462 3086 1531 3141 ad
1555 3086 1672 3141 vita:
1715 3089 1883 3156 fontes
1923 3103 2088 3158 aqua-

2189 1870 2308 1941 ejus
2329 1872 2626 1929 adventura
2649 1875 2970 1942 annuntiet;
2995 1876 3068 1931 ita
3091 1884 3146 1931 et
3167 1875 3432 1944 Joannes,
3457 1877 3579 1948 quia
3597 1892 3752 1949 magna

2189 1978 2346 2023 erant
2376 1985 2498 2038 quae
2545 1984 2642 2040 per
2683 1971 2911 2041 angelos
2954 1971 3408 2043 designabantur,
3446 1989 3626 2029 eorum
3661 1991 3754 2031 meo

2189 2065 2419 2117 moriam
2453 2063 2632 2121 facere
2662 2065 2857 2134 voluit,
2886 2074 3181 2138 antequam
3205 2067 3272 2123 ad
3304 2084 3500 2125 eorum
3524 2069 3752 2127 narratio-

2194 2168 2316 2208 nem
2345 2156 2575 2210 veniret.

2260 2245 2442 2320 (νει-ε.
2471 2247 2553 2319 5.)
2582 2247 2650 2302 Et
2689 2249 2825 2305 alius
2857 2253 3075 2323 angelus
3111 2255 3269 2319 venit,
3300 2265 3348 2308 et
3377 2254 3516 2310 stetit
3551 2265 3656 2310 ante
3686 2257 3750 2310 al-

2189 2347 2320 2407 tare,
2365 2338 2556 2395 habens
2605 2342 2930 2396 thuribnlum
2969 2361 3186 2400 aureum
3216 2357 3239 2384 ο
3272 2347 3325 2400 in
3370 2364 3526 2402 manu
3558 2365 3640 2402 sua
3665 2365 3683 2402 :
3712 2359 3750 2403 et

2185 2432 2308 2487 data
2348 2442 2467 2487 sunt
2509 2435 2556 2488 ei
2600 2435 2812 2489 incensa
2851 2437 3033 2505 multa,
3066 2447 3120 2491 ut
3164 2438 3311 2493 daret
3359 2438 3425 2494 de
3460 2441 3745 2496 orationibus

2187 2533 2485 2579 sanctorum
2514 2527 2743 2581 omnium
2770 2545 2928 2598 super
2949 2531 3115 2586 altare
3140 2547 3384 2597 aureum,
3410 2532 3548 2604 quod
3571 2543 3635 2588 est
3652 2545 3750 2590 ante

2189 2616 2494 2674 Dominum.
2531 2619 2638 2676 lste
2686 2622 2911 2693 angelus
2951 2622 3232 2680 Christum
3281 2625 3552 2697 signiﬁcat
3588 2627 3749 2683 :veuit

2188 2725 2368 2772 autem
2387 2759 2402 2784 ,
2432 2719 2558 2787 quia
2589 2733 2686 2789 per
2713 2719 3114 2776 incarnationis
3143 2723 3470 2794 mysterium
3503 2723 3552 2778 in
3579 2722 3749 2778 mundo

2189 2813 2439 2882 apparuit
2465 2829 2477 2864 :
2509 2827 2603 2882 per
2625 2812 2795 2868 altare
2817 2822 2997 2870 autem
3025 2830 3255 2872 aureum
3283 2815 3523 2872 Ecclesia
3537 2817 3750 2887 designao

2189 2913 2296 2958 tur.
2322 2905 2423 2971 Qui
2448 2916 2573 2959 ante
2594 2905 2772 2962 altare
2798 2908 3023 2964 stetisse
3051 2906 3282 2975 dicitur;
3305 2907 3528 2979 iacebat
3551 2923 3748 2980 namque

2187 2995 2438 3053 Christus
2460 2997 2512 3053 in
2538 2998 2856 3066 incredulis,
2871 3001 2964 3071 qui
2987 3016 3112 3058 eum
3132 3018 3328 3072 purum
3348 3003 3610 3058 hominem
3630 3004 3752 3058 aesti-

2190 3089 2411 3144 mabant
2439 3107 2450 3144 :
2481 3091 2661 3146 stabat
2710 3107 2841 3146 vero
2866 3107 2988 3148 cum
3021 3092 3298 3164 ﬁdelibus,
3336 3096 3433 3166 qui
3461 3111 3576 3151 eum
3605 3095 3747 3150 Deum

478 3206 615 3245 rum.
650 3188 786 3243 Vitae
817 3187 941 3241 fons
967 3183 1222 3240 Christus
1250 3192 1356 3251 est,
1382 3183 1474 3254 qui
1504 3181 1636 3237 dicit
1663 3199 1676 3237 :
1699 3179 1813 3252 Ego
1839 3197 1953 3236 sum
1982 3181 2086 3234 vita
2114 3201 2160 3264 ρ
2190 3199 2378 3240 verum
2410 3199 2533 3239 esse
2559 3183 2876 3240 credebant.
2907 3190 3049 3242 Ante
3090 3187 3261 3244 altare
3299 3203 3436 3261 ergo
3464 3190 3621 3255 stetit,
3645 3190 3751 3259 quia

483 3281 670 3354 (Ioan.
713 3295 824 3347 MV,
867 3277 948 3348 6).
979 3275 1140 3347 Quod
1182 3276 1328 3331 enim
1362 3275 1483 3330 sine
1524 3273 1617 3330 illo
1655 3283 1758 3339 est,
1809 3281 2086 3328 mortuum

484 3382 574 3432 est
601 3390 616 3428 :
649 3371 794 3442 quod
822 3383 953 3426 vero
981 3370 1033 3424 in
1067 3367 1165 3423 illo
1187 3375 1293 3434 est,
1325 3365 1435 3422 vita
1467 3374 1574 3422 est.
1608 3365 1692 3420 Ad
1722 3366 1848 3420 vitae
1880 3364 2089 3420 fontem

483 3468 736 3526 Christus
781 3475 1004 3522 sanctos
1043 3477 1175 3518 suos
1216 3461 1364 3517 ducit
1390 3503 1404 3525 ,
1454 3459 1577 3531 quia
1621 3458 1688 3514 ad
1729 3459 2090 3529 semetipsum

484 3579 584 3620 eos
608 3561 778 3626 ducit;
807 3568 865 3614 ut
891 3559 1003 3614 sint
1031 3572 1195 3612 unum
1219 3570 1345 3611 cum
1372 3555 1488 3611 illo.
1521 3554 1628 3608 Per
1664 3567 1836 3623 aquas
1863 3552 2090 3608 eosdem

488 3665 712 3712 sanctos
760 3665 1054 3723 possumus
1117 3649 1453 3719 intelligere;
1506 3646 1623 3716 ipse
1671 3654 1757 3702 est
1795 3645 1996 3717 quippe
2037 3653 2096 3701 et

487 3747 614 3803 loris
643 3760 932 3816 aquarum,
963 3741 1086 3814 quia
1111 3742 1179 3798 ab
1211 3742 1331 3811 ipso
1356 3738 1602 3810 procedit
1628 3738 1807 3792 omnis
1829 3737 2093 3792 sanctitas

486 3843 813 3906 electorum,
845 3837 988 3893 sicut
1015 3837 1131 3907 ipse
1159 3834 1338 3891 dixit:
1365 3834 1492 3892 Sine
1512 3849 1592 3888 me
1619 3831 1752 3887 nihil
1775 3832 1986 3901 potestis
2015 3834 2097 3903 {a-

485 3953 598 3992 cere
629 3933 809 4008 (Joan.
841 3947 933 3999 xv,
967 3930 1046 4001 5).

557 4029 626 4083 Et
655 4028 906 4097 absterget
950 4023 1093 4078 Deus
1130 4040 1336 4080 omnem
1382 4023 1668 4095 lacrymam
1703 4023 1768 4078 ab
1807 4022 1973 4078 oculis
2008 4035 2098 4076 eo-

488 4139 624 4176 rion.
653 4120 793 4189 Quia
827 4129 1042 4187 tempus
1079 4115 1244 4172 llendi
1276 4116 1362 4173 hic
1389 4116 1513 4184 l‘uit,
1543 4126 1759 4186 tempus
1787 4113 2008 4171 ridendi
2038 4111 2096 4168 in

489 4215 580 4270 illa
608 4212 943 4269 beatitudine
977 4210 1116 4276 erit,
1150 4211 1293 4265 sicut
1328 4210 1598 4266 Dominus
1627 4209 1802 4266 dicit:
1833 4209 1982 4264 Beati
2009 4209 2098 4280 qui

496 4320 634 4360 nunc
659 4304 852 4375 lugent,
874 4302 1121 4372 quoniam
1144 4300 1246 4371 ipsi
1267 4301 1670 4356 consolabuntur
1692 4301 1911 4371 (Matth.
1931 4316 1986 4367 v,
2013 4299 2092 4372 5).

565 4396 796 4452 CAPUT
826 4394 964 4451 Vlll.
995 4424 1068 4434 —
1101 4393 1286 4465 (Vers.
1325 4391 1402 4465 1.)
1447 4393 1515 4448 Et
1555 4411 1674 4450 cum
1701 4396 1988 4465 aperuisset
2026 4395 2098 4450 si-

496 4495 682 4568 gillum
707 4492 1002 4562 septimum.
1032 4489 1262 4562 Apertio
1290 4489 1509 4561 septimi
1539 4489 1707 4562 sigilli
1746 4489 1813 4544 ad
1846 4488 2099 4545 nativita-

2192 3278 2454 3349 apostolis
2485 3287 2539 3332 et
2565 3278 2778 3333 caeteris
2809 3278 3187 3348 credentibus,
3218 3296 3288 3337 ex
3319 3281 3516 3350 quibus
3542 3281 3751 3337 Ecclesia
3783 3325 3791 3334 .

2192 3380 2323 3428 tunc
2358 3371 2668 3438 constabat,
2699 3372 2843 3444 quod
2875 3373 3020 3430 Deus
3045 3383 3219 3441 esset,
3262 3375 3640 3430 manil’estavit.
3669 3373 3752 3429 Per

2193 3465 2526 3521 thuribnlum
2585 3481 2718 3520 vero
2777 3466 2922 3537 quod
2970 3469 3024 3521 in
3083 3482 3249 3522 manu
3308 3469 3564 3533 tenebat,
3615 3466 3753 3521 corda

2192 3559 2595 3629 apostolorum,
2638 3566 3079 3630 cwterorumque
3123 3559 3372 3615 ﬁdelium
3421 3561 3756 3616 demonstran-

2195 3661 2301 3708 tur.
2328 3653 2484 3721 Quod
2517 3668 2744 3708 aureum
2773 3653 2945 3709 fuisse
2965 3653 3190 3724 dicitur,
3219 3656 3351 3726 quia
3373 3656 3533 3711 Corda
3553 3655 3757 3724 discipu-

2196 3745 2373 3800 lorum
2405 3760 2502 3816 per
2533 3746 2692 3801 ﬁdem
2721 3746 3025 3817 puriﬁcata,
3058 3757 3112 3803 et
3148 3762 3249 3816 per
3273 3750 3590 3818 sapientiam
3617 3760 3753 3819 quam

2193 3853 2223 3893 a
2251 3835 2472 3894 Christo
2500 3837 2826 3905 didicerant,
2871 3850 3031 3895 erant
3060 3840 3332 3896 inaurata.
3365 3841 3519 3910 Quod
3549 3841 3758 3898 thuribn-

2195 3934 2308 3990 lum
2343 3935 2397 3990 in
2426 3950 2590 3990 manu
2622 3935 2864 3992 tenuisse
2903 3936 3125 4006 dicitur,
3156 3939 3281 4009 quia
3311 3938 3479 3995 corda
3513 3938 3758 4010 apostolo-

2198 4045 2319 4085 rum
2355 4029 2408 4084 in
2443 4045 2607 4084 manu
2641 4029 2740 4085 Dei
2776 4039 2954 4096 erant,
2991 4031 3135 4086 sicut
3179 4030 3314 4088 dicit
3349 4031 3604 4090 Salomon
3632 4050 3643 4084 ;
3671 4031 3759 4085 Cor

2199 4122 2334 4194 regis
2362 4123 2414 4176 in
2439 4139 2597 4178 manu
2619 4121 2742 4185 Dei,
2766 4140 3090 4194 quocumque
3113 4125 3334 4180 voluerit
3361 4127 3620 4181 inclinabit
3645 4124 3760 4180 illud

2200 4214 2384 4288 (Prov.
2432 4232 2545 4282 xxr,
2590 4216 2665 4288 l).
2713 4215 2986 4288 Numquid
3033 4233 3134 4274 cor
3182 4218 3344 4275 istius
3391 4219 3678 4276 Salomonis
3715 4218 3762 4274 in

2201 4325 2365 4364 manu
2420 4309 2512 4364 Dei
2555 4317 2695 4375 erat,
2727 4309 2949 4380 quando
2994 4309 3139 4367 idola
3183 4311 3486 4368 adorabat?
3524 4308 3764 4383 Numquid

2199 4416 2298 4457 cor
2323 4401 2576 4458 Antiochi
2613 4409 2707 4457 aut
2734 4401 2966 4459 Herodis
3010 4403 3064 4459 in
3101 4419 3263 4460 manu
3299 4405 3393 4462 Dei
3431 4407 3580 4463 erat?
3613 4405 3764 4460 Num-

2201 4495 2330 4566 quid
2376 4496 2543 4551 corda
2582 4511 2772 4568 regunt
2827 4505 3051 4552 sanctos
3106 4497 3202 4553 Dei
3253 4498 3682 4569 persequentium
3719 4496 3764 4552 in

495 4601 601 4644 tem
631 4585 832 4643 Christi
858 4582 1091 4654 pertinet
1124 4600 1138 4636 :
1172 4582 1268 4638 sed
1297 4581 1649 4652 qumrendum
1674 4582 1832 4636 nobis
1858 4590 1963 4648 est,
1993 4595 2092 4637 cur
2117 4596 2173 4658 ι)
2199 4603 2359 4643 manu
2407 4589 2502 4643 Dei
2549 4587 2747 4644 erant?
2793 4589 2852 4644 ln
2899 4604 3065 4644 manu
3111 4589 3317 4646 diaboli
3362 4603 3536 4659 erant,
3583 4591 3666 4662 qui
3707 4588 3766 4644 ad

499 4689 552 4738 in
585 4679 845 4752 septimo,
874 4691 982 4733 non
1019 4678 1071 4732 in
1103 4677 1294 4747 quinto
1334 4678 1456 4733 loco
1495 4686 1750 4748 ponatur.
1795 4676 1852 4731 In
1894 4676 2096 4734 Genesi

495 4778 757 4848 scriptum
805 4780 910 4838 est,
959 4771 1087 4842 quia
1135 4787 1229 4826 sex
1276 4770 1471 4828 diebus
1516 4770 1643 4828 iecit
1692 4772 1838 4827 Deus
1877 4780 2094 4841 cuncta,

493 4888 617 4945 quae
645 4887 716 4926 ex
743 4867 886 4925 caelo
913 4874 968 4922 et
997 4875 1143 4922 terra
1171 4866 1438 4936 originem
1465 4874 1840 4936 sumpserunt,
1861 4867 2098 4937 septimo

493 4979 677 5026 autem
709 4962 1008 5037 requievit;
1041 4971 1096 5019 et
1136 4962 1339 5019 idcirco
1379 4965 1596 5019 vocavit
1625 4965 1771 5020 diem
1804 4963 2094 5033 septimum

496 5061 804 5124 sabbatum,
836 5055 891 5112 id
919 5063 1026 5119 est,
1055 5054 1306 5124 requiem
1337 5053 1491 5127 (Gen.
1521 5071 1581 5120 ll,
1613 5055 1695 5125 ἓ).
1731 5053 1863 5123 Qum
1890 5063 1974 5109 est
2001 5068 2096 5108 au-

497 5164 604 5211 tem
655 5150 872 5221 requies
924 5156 1137 5213 nostra,
1189 5147 1294 5202 nisi
1339 5146 1628 5202 Christus?
1670 5146 1786 5200 Non
1838 5145 2096 5202 inconve-

495 5251 710 5304 nienter
756 5258 888 5316 ergo
929 5243 984 5298 in
1027 5241 1248 5312 septimi
1299 5241 1461 5312 sigilli
1505 5240 1790 5309 apertione
1836 5239 2095 5295 nativitas

494 5341 698 5398 Christi
737 5338 989 5410 ponitur;
1024 5337 1149 5408 quia
1182 5336 1300 5407 ipse
1327 5344 1410 5391 est
1438 5334 1658 5405 requies
1687 5333 1931 5388 omnium
1969 5349 2096 5390 san-

496 5448 707 5493 ctorum
736 5449 984 5500 suorum,
1013 5447 1138 5504 quae
1179 5448 1275 5503 per
1304 5430 1601 5502 septimum
1629 5429 1775 5486 diem
1806 5431 2091 5503 liguratur.

567 5619 596 5647 “
626 5614 794 5679 Edit.,
837 5614 923 5684 qui
963 5613 1018 5666 in
1059 5612 1155 5666 hac
1183 5612 1285 5667 uita
1316 5621 1435 5667 sunt
1468 5611 1643 5681 positi,
1686 5611 1916 5680 loquitur
1944 5625 1964 5665 :
1994 5611 2086 5680 qui

497 5691 766 5745 ridentes:
797 5686 986 5739 lacuna
1019 5697 1148 5737 vero
1171 5684 1418 5752 suppleta
1439 5691 1525 5738 est
1552 5698 1617 5738 ex
1650 5698 1784 5738 mss.

566 5761 595 5801 ι)
622 5755 842 5814 Easdem
881 5753 1040 5820 edit.,
1079 5753 1201 5820 quia
1230 5756 1539 5820 esurierunt,
1573 5754 1788 5824 jamque
1829 5753 2092 5824 percipere

499 5833 654 5888 vitam
697 5834 1283 5896 aeternamgnieruerunt
1315 5840 1334 5882 :
1363 5840 1499 5884 mss.
1544 5835 1730 5884 autem
1768 5833 1827 5884 ut
1863 5825 1920 5885 in
1951 5839 2086 5884 con-

205 6021 530 6135 FN;

2201 4695 2560 4751 qumcumque
2593 4679 2809 4736 volebat
2857 4679 3123 4748 facinora,
3155 4697 3217 4738 ea
3261 4682 3552 4739 inclinabat
3583 4701 3595 4738 :
3622 4682 3769 4739 corda

2201 4788 2335 4828 vero
2363 4787 2552 4844 regum
2585 4772 2912 4844 spiritalium
2931 4814 2948 4841 ,
2983 4773 3036 4830 id
3063 4784 3176 4843 est,
3205 4786 3518 4833 sanctorum
3545 4781 3594 4833 in
3621 4790 3767 4832 manu

2199 4866 2294 4923 Dei
2324 4875 2480 4933 sunt;
2509 4878 2560 4922 et
2583 4866 2706 4923 ideo
2733 4883 3078 4939 quocumque
3099 4869 3360 4939 voluerit,
3393 4871 3664 4927 inclinabit
3689 4885 3767 4926 ea.

2272 4959 2468 5032 535*
2495 4960 2750 5031 Sequitur
2775 4973 2790 5015 :
2810 4959 2878 5015 Et
2917 4961 3038 5016 data
3057 4971 3180 5016 sunt
3202 4964 3250 5017 ei
3270 4965 3478 5020 incensa
3498 4964 3669 5018 multa.
3691 4962 3768 5019 ln-

2200 5069 2362 5108 censa
2405 5053 2570 5108 multa
2601 5065 2877 5126 praecepta
2905 5067 3037 5111 sunt
3063 5055 3376 5129 Evangelii;
3403 5059 3614 5114 incensa
3636 5058 3765 5114 enim

2200 5149 2254 5206 in
2275 5149 2552 5206 thuribulo
2568 5157 2862 5220 ponuntur,
2877 5160 2940 5208 ut
2954 5152 3138 5208 calore
3153 5152 3292 5224 ignis
3306 5165 3546 5225 accepto,
3561 5155 3770 5224 ﬂagran-

2200 5244 2330 5300 tiam
2362 5244 2549 5300 odoris
2573 5244 2656 5299 sui
2689 5243 3110 5318 circumquaque
3142 5255 3439 5318 spargant:
3470 5247 3770 5302 similiteret

2197 5339 2445 5394 Christus
2486 5336 2794 5396 doctrinam
2827 5338 3106 5410 Evangelii
3137 5339 3192 5394 in
3221 5340 3476 5396 cordibus
3499 5336 3768 5407 discipulo-

2198 5447 2320 5488 rum
2345 5447 2572 5489 suorum
2598 5431 2802 5504 posuit,
2817 5430 2913 5504 qui
2928 5433 3052 5504 igne
3073 5431 3353 5490 charitatis
3374 5429 3766 5499 succensi,odoo

2198 5620 2488 5738 lexeuiiom.
2533 5683 2667 5742 edit.
2715 5696 3079 5754 resecaverat,
3111 5695 3159 5741 et
3188 5685 3310 5741 data
3346 5694 3464 5741 sunt
3500 5685 3611 5741 ei...
3655 5690 3763 5737 ante

2197 5757 2480 5815 Dominum
2509 5770 2529 5810 :
2555 5757 2640 5814 vel
2666 5768 2725 5814 ut
2747 5759 2900 5830 Gill.,
2932 5769 3050 5814 ante
3070 5760 3328 5815 thronum.
