3950 6314
165 332 265 392 διο

872 328 941 387 ΙΝ
976 327 1452 388 APOCALYPSIN
1495 324 1880 386 EXPOSITIO.
1921 323 2016 382 DE
2054 325 2349 388 VISIONE’
2373 332 2684 402 QUARTA.

3360 329 3468 388 850

167 464 278 506 rem
301 447 430 504 lidei
453 461 566 504 sum.
591 460 686 518 per
714 459 904 502 omnes
928 454 1117 516 gentes
1141 453 1480 517 sparserunt.
1515 442 1669 500 Unde
1691 451 1746 499 et
1773 445 1824 506 Α
1851 455 2184 513 congregaret
2206 448 2261 501 in
2289 465 2447 503 unum
2473 449 2657 521 (Joan.
2684 466 2762 518 xi,
2781 448 3287 522 50-59.).Numquid
3319 451 3352 506 ii
3373 451 3467 522 qui

165 543 409 614 sequitur
439 560 452 598 :
484 541 550 597 Ut
592 541 735 595 daret
768 540 830 595 de
861 539 1177 594 orationibus
1200 549 1493 593 sanctorum
1523 537 1752 591 omnium

166 653 315 706 super
339 637 509 692 altare
526 652 760 702 aureum,
790 634 927 704 quod
953 643 1024 688 est
1045 633 1095 687 in
1117 643 1393 704 conspectu
1419 629 1752 686 Dei.Genera

163 729 466 784 orationum
491 728 643 798 plura
675 735 800 782 sunt
830 742 846 792 ;
871 734 1030 780 orant
1067 740 1301 795 namque
1329 723 1518 780 ﬁdeles
1543 722 1745 789 verbis,

166 823 330 881 Deum
359 822 814 893 deprecantes,ut
841 819 1182 874 dimittantur
1212 819 1294 874 eis
1321 817 1500 873 omnia
1531 824 1750 888 peccata

164 933 346 975 eorum
368 925 548 972 :orant
567 916 1016 988 eteleemosynas
1039 912 1631 983 largiendo,sicutdicit
1648 911 1752 964 Do-

163 1012 342 1067 minus
359 1011 409 1064 in
441 1009 738 1080 Evangelio
761 1027 773 1063 :
795 1008 926 1063 Date
953 1010 1351 1079 eleemosgnam,
1373 1017 1418 1060 et
1446 1023 1561 1060 ecce
1580 1006 1752 1060 omnia

163 1105 354 1160 munda
381 1114 498 1158 sunt
528 1103 670 1158 vobis
709 1101 862 1176 (Luc.
897 1101 1104 1174 v.62).
1146 1102 1209 1156 Et
1242 1103 1294 1156 in
1345 1100 1454 1154 alio
1478 1098 1598 1155 loco
1620 1099 1755 1154 scri-

163 1207 310 1270 ptum
335 1205 416 1252 est
444 1217 458 1253 :
485 1197 637 1252 Sicut
657 1214 793 1268 aqua
815 1197 1092 1267 exstinguit
1116 1196 1306 1266 ignem,
1334 1194 1407 1247 ita
1433 1191 1753 1262 elemosyna

161 1291 439 1362 exstinguit
487 1300 756 1360 peccatum
802 1289 977 1362 (Eccl.
1021 1305 1102 1356 tu,
1133 1288 1249 1361 5⁸5).
1277 1287 1445 1343 Orant
1491 1287 1654 1343 etiam
1673 1285 1754 1340 di-

161 1382 424 1440 mittendo
448 1382 736 1454 proximis,
759 1398 881 1454 qua:
905 1385 958 1438 in
991 1383 1072 1438 eis
1096 1379 1618 1451 deliquerunt,sicut
1647 1378 1754 1432 Do-

162 1479 336 1534 minus
367 1476 501 1532 dicit
551 1477 603 1531 in
651 1475 952 1547 Evangelia
982 1493 995 1530 :
1038 1475 1100 1530 Si
1129 1474 1432 1529 remiseritis
1459 1470 1753 1526 hominibus

161 1577 368 1640 peccata
393 1584 592 1634 eorum,
639 1577 686 1622 et
738 1567 898 1622 Pater
919 1577 1082 1621 vester
1109 1566 1323 1621 cmlestis
1365 1565 1590 1619 dimittet
1613 1564 1754 1618 vobis

161 1672 366 1733 peccata
393 1671 560 1715 vestra
603 1658 824 1731 (Matth.
868 1676 942 1725 Vl,
970 1660 1081 1728 15).
1113 1658 1281 1714 Orant
1319 1657 1667 1712 nihilominus
1699 1664 1754 1710 et

160 1763 424 1826 prmcepta
470 1752 751 1808 charitatis
794 1752 1084 1817 servando,
1130 1751 1588 1822 quemadmodum
1619 1749 1754 1804 scri-

1855 535 1912 590 in
1941 533 2218 592 Christum
2247 541 2506 595 credituri
2556 552 2733 609 erant,
2759 543 2849 612 qui
2888 558 2987 614 per
3011 542 3297 599 universas
3325 557 3462 615 gen-

1857 636 1940 684 tes
1964 630 2200 699 diSpersi
2251 633 2415 688 idolis
2443 637 2778 702 serviebant,
2811 637 2905 693 lilii
2934 637 3029 693 Dei
3057 639 3261 694 erant?
3293 639 3465 694 Erant

1857 720 2039 792 itaque
2062 723 2176 793 jam
2204 723 2298 779 ﬁlii
2334 727 2426 782 Dei
2453 744 2550 798 per
2578 730 3114 801 praedestinationem
3140 750 3154 799 ;
3197 732 3322 804 quia
3345 732 3463 802 jam

1857 814 2236 886 praedestinati
2272 829 2430 875 erant
2478 821 2545 876 ad
2590 823 2756 878 vitam
2797 835 3082 882 aeternam.
3133 826 3464 896 Congregati

1856 920 1982 965 sunt
2015 927 2142 968 vero
2169 923 2359 984 postea
2393 916 2444 970 in
2475 933 2662 982 unum,
2691 919 2910 988 quando
2939 935 3036 990 per
3072 920 3262 987 iidem,
3295 935 3461 991 quam

1857 1003 1910 1058 in
1938 1004 2262 1076 baptismate
2277 1019 2666 1080 susceperunt,
2693 1013 2909 1084 corpori
2939 1014 3197 1070 Ecclesiae
3219 1023 3346 1069 sunt
3372 1027 3466 1068 so-

1854 1097 2007 1152 ciati.
2042 1099 2340 1172 Misitergo
2363 1103 2589 1172 angelus
2635 1105 2839 1175 ignem,
2887 1122 3051 1178 quem
3081 1108 3134 1162 in
3181 1106 3464 1162 thuribulo

1856 1199 2134 1259 posuerat,
2167 1192 2217 1246 in
2253 1201 2454 1248 terram
2487 1211 2502 1259 ;
2533 1194 2656 1264 quia
2683 1195 2989 1253 doctrinam
3019 1199 3163 1266 ﬁdei,
3207 1214 3370 1271 quam
3404 1197 3461 1254 in

1857 1283 2116 1339 cordibus
2144 1288 2515 1356 apostolorum
2548 1300 2833 1360 posuerat,
2883 1307 2982 1362 per
3009 1293 3300 1349 adventum
3332 1293 3461 1364 Spi-

1857 1374 1994 1430 ritus
2025 1377 2197 1433 sancti
2221 1379 2272 1434 in
2303 1381 2566 1438 cordibus
2608 1382 2946 1451 indecorum,
2977 1387 3067 1456 qui
3093 1401 3190 1456 per
3212 1387 3462 1443 incredu-

1859 1465 2068 1522 litatem
2091 1479 2231 1525 terra
2265 1480 2441 1540 erant,
2464 1489 2562 1544 per
2588 1489 2682 1530 ora
2709 1477 3084 1546 apostolorum
3108 1478 3316 1534 effudit.

1931 1557 2102 1616 Facta
2131 1574 2253 1618 sunt
2283 1567 2518 1637 fulgura,
2551 1585 2719 1634 voces,
2746 1579 2795 1625 et
2817 1572 3068 1637 tonitrua,
3102 1583 3148 1627 et
3177 1583 3328 1628 terrm
3356 1591 3469 1628 mo-

1857 1665 1961 1708 tus.
1992 1654 2094 1710 Per
2117 1655 2330 1727 fulgura
2358 1659 2589 1716 virtutes
2620 1675 2740 1732 qua:
2792 1677 2888 1733 per
2928 1663 3206 1732 apostolos
3236 1664 3461 1733 ﬁebant,

1857 1760 1956 1816 per
1981 1762 2146 1804 voces
2191 1750 2526 1820 praedicatio,
2561 1767 2657 1822 per
2686 1755 2925 1810 tonitrua
2948 1765 3129 1812 autem
3159 1759 3466 1812 commina-

161 1857 305 1920 ptum
324 1849 555 1920 est,quia
582 1849 842 1904 universa
867 1847 1064 1903 delicta
1082 1848 1262 1916 Operit
1289 1842 1748 1916 charitasUacob.
1787 1849 1831 1910 Β
1862 1841 1936 1896 tio
1970 1842 2106 1913 ignis
2154 1846 2344 1900 mterni
2387 1844 2707 1917 designatur
2740 1865 2753 1902 :
2808 1864 2905 1918 per
2933 1859 3091 1904 terrm
3123 1860 3303 1906 motus
3333 1865 3466 1908 vero

157 1959 209 2010 v,
239 1943 356 2014 20).
389 1944 483 1998 ille
514 1943 675 2014 igitur
729 1942 1020 1998 salubriter
1067 1951 1187 1997 orat
1233 1942 1424 2006 Deum,
1454 1941 1542 2005 qui
1574 1948 1754 1994 servat

158 2034 410 2092 mandata
446 2033 580 2100 Dei;
614 2032 743 2088 nihil
772 2033 918 2089 enim
968 2031 1186 2103 prodest
1214 2033 1373 2086 nobis
1402 2030 1751 2086 clementiam

161 2130 250 2185 Dei
305 2128 491 2184 verbis
541 2127 858 2199 implorare,
912 2133 967 2181 et
1003 2125 1264 2196 operibus
1310 2125 1548 2180 irritare.
1579 2123 1756 2193 Super

158 2226 329 2281 altare
355 2239 488 2296 ergo
523 2239 748 2280 aureum
797 2223 866 2278 de
895 2222 1237 2277 orationibus
1265 2229 1578 2276 sanctorum
1607 2218 1756 2274 dedit

160 2319 327 2384 Dens,
359 2317 577 2388 quando
601 2331 767 2388 super
789 2317 953 2372 corda
967 2314 1304 2370 credentium
1337 2313 1524 2378 ﬁdem,
1557 2312 1758 2368 doctri-

159 2425 305 2476 nam,
337 2421 603 2481 actusque
645 2407 1054 2479 apostolorum,
1099 2416 1534 2476 cmterorumque
1563 2404 1759 2475 praedi-

155 2514 403 2560 calorum
455 2503 675 2572 posuit;
713 2512 771 2557 ut
797 2500 1066 2556 haberent
1120 2497 1262 2555 unde
1315 2497 1666 2555 erudirentur
1704 2504 1759 2554 et

159 2596 296 2668 quod
330 2596 694 2652 imitarentur.
715 2603 719 2612 '

230 2687 522 2761 (γαπ.)
552 2685 707 2743 Unde
755 2694 810 2741 et
860 2685 1147 2757 sequitur:
1191 2683 1261 2739 Et
1303 2684 1536 2739 ascendit
1580 2683 1759 2754 fumus

158 2789 452 2835 aromatum
474 2780 537 2833 de
559 2779 874 2833 orationibus
900 2789 1225 2845 sanctorum,
1245 2777 1309 2831 de
1338 2794 1494 2831 manu
1513 2776 1686 2848 angeli
1707 2778 1759 2830 in

159 2883 442 2946 conspectu
470 2872 710 2928 Dei.Per
729 2871 933 2927 fumum
958 2881 1266 2927 aromatum
1301 2886 1407 2926 non
1441 2871 1617 2927 solum
1639 2885 1762 2926 ora-

161 2966 345 3022 tiones
396 2965 662 3033 ﬁdelium,
695 2965 791 3022 sed
849 2973 905 3021 et
927 2964 1207 3036 ﬂagrantia
1239 2964 1506 3020 bonorum
1533 2980 1760 3036 operum

159 3059 503 3131 designatur,
527 3074 649 3131 quas
664 3061 734 3115 ab
762 3059 1004 3114 Ecclesia
1028 3057 1406 3115 indesinenter
1431 3057 1676 3115 ascendit
1702 3058 1754 3112 in

160 3162 462 3223 conspectu
487 3151 602 3208 Dei.
629 3151 731 3220 Qui
779 3151 957 3207 fumus
983 3150 1051 3206 de
1100 3167 1263 3206 manu
1291 3152 1469 3223 angeli
1494 3165 1759 3207 conscen-

162 3245 292 3303 dere
321 3247 524 3303 dicitur
550 3248 700 3318 :quia
724 3246 984 3318 quidquid
1012 3245 1140 3301 boni
1172 3245 1360 3302 fideles
1384 3247 1606 3311 iaciunt,
1629 3262 1757 3318 ope-
1789 3249 1836 3314 C

163 3350 319 3396 rante
350 3341 464 3396 Deo
492 3340 714 3406 faciunt,
738 3341 880 3396 sicut
901 3341 1033 3396 dicit
1063 3341 1216 3412 ipse:
1248 3339 1376 3397 Sine
1402 3357 1482 3396 me
1509 3340 1643 3396 nihil
1672 3357 1764 3411 po-

161 3435 309 3491 testis
339 3439 516 3506 facere
543 3433 721 3508 (Joan.
744 3433 861 3507 xv).

239 3529 428 3600 (Vers.
457 3527 620 3600 5.)Et
647 3531 844 3599 accepit
866 3529 1086 3601 angelus
1107 3528 1510 3596 thuribulum,et
1539 3528 1767 3600 implevit

160 3624 297 3679 illud
321 3624 390 3678 de
419 3623 535 3694 igne
559 3625 763 3690 altaris,
784 3633 834 3680 et
855 3625 993 3678 misit
1021 3625 1072 3678 in
1097 3633 1306 3678 terram.
1335 3625 1361 3654 ⁸
1385 3623 1450 3678 Et
1480 3624 1621 3693 facta
1647 3633 1768 3678 sunt

164 3718 404 3789 fulgura,
438 3731 607 3784 voces,
635 3727 684 3771 et
716 3718 972 3784 tonitrua,
998 3725 1211 3772 etterra:
1242 3726 1432 3770 motus.
1460 3714 1563 3771 Per
1591 3715 1768 3786 ignem

166 3809 410 3884 Spiritus
437 3820 658 3866 sanctus
681 3810 1000 3883 designatur
1025 3829 1038 3866 :
1066 3811 1294 3882 angelus
1327 3811 1530 3879 itaque,
1585 3808 1638 3864 id
1661 3817 1768 3875 est,

164 3901 426 3959 Christus
458 3903 815 3970 thuribuium,
849 3904 901 3959 id
934 3912 1042 3968 est,
1065 3903 1230 3959 corda
1254 3902 1671 3973 discipulorum,
1705 3901 1773 3957 de

167 3995 294 4065 igne
316 3995 526 4062 altaris,
551 3995 604 4051 id
620 4004 723 4062 est,
740 3995 807 4051 de
827 3995 1034 4067 Spiritu
1056 4003 1246 4050 sancto
1261 3993 1535 4064 implevit;
1555 3992 1773 4064 quando

166 4099 294 4162 post
325 4091 706 4145 ascensionem
754 4104 908 4144 suam
967 4090 1020 4144 in
1053 4088 1276 4154 coelum,
1306 4086 1518 4141 decimo
1542 4087 1631 4153 die
1650 4086 1774 4156 Spi-

168 4185 276 4239 ritu
301 4192 495 4240 sancto
543 4185 710 4238 misso
741 4182 810 4238 de
830 4183 993 4249 cwlo,
1017 4181 1182 4237 corda
1225 4181 1618 4251 discipulorum
1673 4181 1776 4235 im-

167 4275 373 4347 plevit,
407 4291 470 4329 ac
517 4275 799 4330 scientiam
832 4276 1073 4330 omnium
1102 4275 1404 4344 linguarum
1439 4274 1608 4329 dedit.
1641 4273 1708 4328 Et
1729 4273 1777 4328 si

175 4385 273 4440 per
305 4369 482 4424 altare
510 4369 753 4425 Ecclesia
785 4368 1128 4440 designatur,
1177 4383 1274 4422 cur
1294 4367 1528 4438 Spiritus
1558 4377 1777 4422 sanctus

171 4475 475 4535 antequam
522 4463 765 4528 daretur,
798 4461 937 4532 ignis
985 4461 1174 4516 altaris
1225 4474 1348 4516 esse
1378 4459 1597 4526 dicitur,
1637 4459 1781 4513 sicut

171 4559 321 4613 idem
351 4557 594 4612 Joannes
616 4555 748 4612 dicit
780 4573 792 4609 :
825 4553 1076 4610 Nondum
1133 4563 1244 4608 erat
1298 4553 1531 4624 Spiritus
1582 4552 1776 4618 datus;

1857 1937 2270 1993 conversionem
2300 1938 2612 1995 Judarorum
2641 1956 2934 2013 possumus
2964 1943 3306 2015 intelligere;
3333 1959 3470 2000 con-

1856 2030 1999 2083 versi
2027 2038 2152 2084 suut
2191 2046 2427 2102 namque
2467 2034 2534 2088 ad
2584 2037 2960 2105 pmnitentiam
2991 2054 3089 2108 per
3119 2039 3468 2110 praedicatio-

1858 2137 1981 2178 nem
2009 2124 2153 2178 beati
2176 2123 2343 2191 Petri,
2368 2125 2661 2183 sicutliber
2686 2130 2914 2184 Actuum
2937 2133 3307 2199 apostolorum
3332 2149 3464 2190 nar-

1859 2223 1946 2271 rat
1977 2233 1989 2268 :
2020 2215 2119 2283 lis,
2175 2217 2374 2288 inquit,
2429 2220 2641 2284 auditis,
2695 2224 2990 2293 compuncti
3039 2233 3160 2279 sunt
3210 2226 3387 2293 corde,
3419 2236 3468 2281 et

1861 2307 2105 2361 dixerunt
2161 2309 2229 2362 all
2276 2309 2492 2364 Petrum
2545 2321 2595 2366 et
2623 2313 2693 2366 ad
2736 2315 2962 2385 reliquos
3007 2318 3268 2386 apostolos
3301 2334 3320 2370 :
3352 2317 3468 2372 Viri

1859 2401 2070 2472 fratres,
2102 2402 2229 2472 quid
2268 2403 2521 2473 faciemus
2546 2405 2572 2459 ?
2605 2405 2875 2462 Ostendite
2904 2409 3052 2463 nobis
3090 2409 3230 2480 (Act.
3262 2425 3321 2474 tt,
3347 2409 3467 2482 37).

1859 2491 2004 2549 Etin
2055 2496 2412 2564 sequentibus
2463 2497 2730 2567 scriptum
2783 2511 2892 2566 est,
2925 2502 3050 2572 quia
3075 2502 3141 2555 ad
3174 2501 3315 2558 hanc
3355 2503 3468 2573 pri-

1861 2603 2003 2643 mam
2035 2588 2178 2644 Petri
2210 2590 2652 2659 praedicationem
2694 2592 3053 2649 crediderunt
3099 2609 3168 2650 ex
3217 2593 3326 2648 illis
3365 2595 3468 2650 tria

1865 2681 2062 2747 millia,
2087 2691 2276 2750 postea
2307 2698 2438 2738 vero
2487 2685 2940 2742 innumerabiles.
2967 2687 3120 2742 Hunc
3178 2687 3382 2758 ignem,
3417 2687 3472 2742 id

1863 2783 1968 2842 est,
1997 2775 2262 2846 Spiritum
2286 2784 2561 2842 sanctum,
2591 2793 2756 2850 super
2783 2794 2886 2834 nos
2925 2780 3015 2849 qui
3073 2789 3219 2836 terra
3257 2794 3468 2843 sumus,

1865 2869 2235 2925 misericordia
2271 2869 2487 2926 Domini
2544 2874 2716 2928 nostri
2759 2872 2887 2928 Jesu
2936 2871 3138 2929 Christi
3187 2873 3470 2929 ell‘undere

1864 2959 2162 3031 dignetur;
2198 2969 2256 3016 ut
2293 2977 2360 3016 ex
2411 2963 2725 3018 carnalibus
2780 2963 3054 3034 spiritales
3081 2963 3109 3002 ι)
3139 2964 3469 3031 elﬁciamur,

1865 3053 1956 3125 qui
1985 3055 2117 3110 vivit
2144 3063 2201 3110 et
2230 3064 2421 3126 regnat
2441 3055 2494 3110 in
2527 3055 2728 3111 saecula
2752 3056 3103 3124 sazculorum,
3139 3072 3320 3113 amen.

2215 3252 2319 3313 DE
2392 3252 2715 3315 VlSlONE
2758 3253 3086 3328 QUARTA
3099 3297 3114 3314 .

1941 3440 2128 3497 Gratia
2175 3439 2390 3496 Domini
2445 3441 2618 3496 nostri
2659 3440 2788 3496 Jesu
2831 3441 3034 3496 Christi
3086 3441 3374 3511 largiente,
3401 3441 3472 3497 de

1871 3533 2245 3604 apertionibus
2275 3542 2488 3604 septem
2517 3534 2826 3606 sigillorum
2859 3549 3030 3604 pauca
3047 3533 3309 3601 diximus,
3333 3550 3480 3589 nunc

1873 3626 1941 3681 de
1970 3635 2134 3680 cantu
2165 3627 2417 3681 tubarum
2470 3636 2681 3698 septem
2714 3626 3054 3694 angelorum,
3083 3625 3174 3695 qui
3206 3625 3477 3695 sequitur,

1871 3721 2054 3790 aliqua
2084 3719 2446 3790 proferamus.
2470 3720 2576 3777 Per
2604 3729 2810 3790 septem
2833 3718 3058 3789 angelos
3083 3719 3358 3784 doctores,
3383 3719 3479 3789 qui

1872 3811 1942 3866 ad
1994 3811 2354 3868 erudiendum
2390 3812 2651 3882 portulum
2714 3810 2808 3866 Dei
2836 3825 2866 3865 a
2894 3810 3007 3864 Deo
3063 3810 3219 3864 missi
3250 3818 3399 3875 sunt,
3423 3820 3480 3863 et

1873 3905 2161 3960 mittentur
2194 3919 2365 3974 usque
2416 3903 2481 3959 ad
2516 3905 2707 3969 linem,
2730 3902 3106 3972 designantur.
3140 3900 3208 3956 Et
3235 3901 3357 3972 quia
3389 3914 3478 3954 sa-

1874 4005 2152 4054 cramenta
2175 3997 2482 4052 divinarum
2509 3996 2908 4068 scripturarum
2937 3994 3254 4050 doctoribus
3283 3991 3478 4049 Eccle-

1873 4089 1972 4144 sia:
2023 4089 2413 4160 perspicacius,
2448 4089 2560 4144 Deo
2586 4088 2908 4159 inspirante,
2941 4102 3102 4158 quam
3134 4086 3354 4142 cteteris
3385 4101 3480 4156 pa-

1877 4189 2122 4250 tuerunt,
2154 4181 2388 4238 rationis
2417 4184 2556 4238 ordo
2604 4181 2884 4252 poscebat,
2932 4191 2991 4237 ut
3020 4189 3144 4252 post
3186 4181 3482 4236 reseratio-

1879 4294 2002 4335 nem
2029 4278 2337 4350 sigillorum
2370 4294 2494 4350 quae
2521 4279 2859 4349 apertionem
2891 4277 3201 4333 divinarum
3230 4275 3482 4347 Scriptu-

1879 4387 2063 4427 rarutn
2094 4372 2385 4444 signiﬁcat,
2419 4380 2626 4442 septem
2646 4369 2822 4441 angeli
2841 4377 3200 4440 ponerentur,
3229 4383 3325 4438 per
3345 4382 3484 4438 quos

1879 4479 2070 4521 omnes
2092 4466 2347 4522 doctores
2361 4465 2543 4536 populi
2569 4465 2663 4519 Dei
2681 4465 3052 4535 designantur,
3079 4462 3169 4533 qui
3193 4461 3481 4516 scientiam

1883 4558 2192 4614 divinarum
2211 4557 2620 4628 Scripturarum
2653 4554 2983 4625 locupletius
3011 4548 3482 4624 perceperunt.Et

169 4652 297 4722 quia
321 4648 477 4704 Jesus
525 4649 752 4702 nondum
793 4648 962 4718 fuerat
1009 4646 1336 4718 gloriﬁcatus
1357 4647 1382 4699 ?
1411 4646 1515 4702 Sed
1544 4645 1783 4715 Spiritus
1809 4647 1864 4708 D
1887 4652 2028 4707 sicut
2050 4667 2213 4707 omne
2239 4666 2436 4722 corpus
2482 4651 2780 4706 electorum
2814 4649 2866 4703 in
2897 4655 3108 4719 septem
3144 4654 3324 4718 partes
3349 4641 3486 4699 divi-

173 4752 407 4798 sanctus
457 4755 744 4813 antequam
778 4741 1020 4807 daretur,
1057 4741 1197 4812 ignis
1227 4741 1417 4795 altaris
1460 4749 1575 4795 erat
1607 4755 1622 4805 ;
1654 4739 1783 4808 quia

173 4855 277 4910 per
308 4838 651 4893 remissionis
682 4840 910 4908 gratiam
937 4836 1051 4906 jam
1091 4850 1215 4890 eum
1267 4834 1510 4889 Ecclesia
1541 4833 1790 4903 posside-

179 4934 297 4987 bat.
331 4930 467 4985 Nam
497 4931 758 4986 Dominus
786 4938 910 4984 ante
935 4928 1242 4999 passionem
1267 4941 1420 4983 suam
1452 4925 1704 4997 promisit
1729 4939 1790 4980 se

178 5030 452 5102 Spiritum
487 5039 738 5083 sanctum
769 5026 1025 5080 daturum
1055 5023 1338 5093 discipulis
1381 5022 1494 5076 suis
1521 5037 1536 5086 ;
1569 5030 1625 5077 et
1647 5020 1789 5076 idem

177 5124 429 5181 Joannes
458 5139 579 5178 cum
610 5122 772 5176 verba
795 5118 1018 5188 Caipbze
1062 5117 1335 5187 posuisset
1363 5113 1600 5170 dicentis
1631 5131 1644 5166 :
1677 5112 1790 5168 Ea:-

181 5219 332 5289 pedit
361 5217 524 5282 vobis,
557 5224 614 5270 ut
639 5230 771 5268 unus
795 5213 1050 5266 moriatur
1071 5212 1222 5264 homo
1245 5226 1339 5278 pro
1366 5207 1583 5279 populo,
1617 5216 1664 5260 et
1689 5221 1790 5260 non

183 5319 300 5366 tota
342 5325 467 5381 gens
493 5316 690 5380 pereat,
719 5305 902 5359 intulit
945 5303 1133 5357 dicens
1156 5317 1170 5354 :
1200 5299 1317 5354 Hoc
1345 5309 1519 5354 autem
1544 5315 1576 5353 a
1604 5307 1793 5352 semet-

182 5404 308 5475 ipso
343 5419 446 5456 non
474 5402 625 5466 dixit,
654 5400 746 5455 sed
777 5414 895 5452 cum
919 5406 1048 5451 esset
1073 5394 1311 5464 pontifex
1327 5395 1453 5449 anni
1476 5393 1643 5458 illius,
1677 5408 1800 5462 pro-

185 5497 424 5568 phetavit
452 5495 573 5567 quia
597 5492 749 5549 Iesus
779 5493 1062 5547 moriturus
1099 5499 1210 5544 erat
1265 5505 1360 5557 pro
1414 5497 1562 5561 gente
1585 5506 1604 5556 ;
1627 5498 1675 5543 et
1695 5504 1799 5544 non

184 5601 404 5647 tantum
421 5607 514 5662 pro
540 5597 709 5660 gente,
736 5587 826 5644 sed
853 5597 908 5642 ut
941 5585 1079 5656 filios
1109 5582 1209 5638 Dei
1263 5585 1354 5653 qui
1379 5583 1602 5653 dispersi
1629 5593 1797 5652 erant,

283 5775 313 5804 ³
347 5771 416 5826 Et
448 5773 589 5843 facta
636 5777 920 5826 sunt.....et
951 5776 1100 5821 teme
1129 5775 1322 5833 motus,
1356 5767 1410 5822 in
1465 5765 1624 5822 Rom.
1673 5765 1807 5823 edit.

200 5846 260 5900 Io
279 5855 352 5896 co
377 5853 526 5897 mota
557 5853 701 5898 sunt.

296 5913 327 5952 δ
360 5912 562 5969 Codex.
593 5911 773 5980 Genu,
806 5913 1130 5984 efficiamur,
1155 5909 1266 5978 ipso
1295 5909 1593 5981 adjuvante,
1627 5909 1712 5979 qui
1741 5910 1815 5964 ri-

1888 4745 2084 4809 simus,
2111 4746 2182 4798 ita
2207 4751 2265 4799 et
2288 4753 2497 4814 septem
2523 4741 2700 4813 angeli
2725 4740 2870 4796 tubis
2896 4739 3165 4796 cecinisse
3190 4737 3293 4794 visi
3321 4744 3446 4790 sunt
3472 4749 3488 4786 :

1891 4851 1993 4908 per
2019 4851 2157 4907 quos
2185 4849 2379 4890 omnes
2427 4834 2687 4889 doctores
2717 4832 2906 4904 populi
2962 4832 3057 4886 Dei
3107 4828 3487 4900 designantur,

1892 4933 2144 5002 quamvis
2173 4933 2242 4988 ab
2287 4946 2354 4988 eo
2383 4931 2579 4987 ordine
2625 4945 2921 5003 parumper
2971 4929 3300 4997 discrepent.
3352 4923 3490 4978 Nam

1895 5025 2146 5097 superius
2198 5041 2296 5096 per
2325 5025 2607 5096 poderem,
2663 5037 2682 5062 ε
2719 5039 2843 5095 qua:
2873 5020 3063 5076 talaris
3094 5029 3179 5074 est
3211 5015 3418 5076 tunica,
3440 5022 3499 5068 et

1899 5120 2050 5193 prior
2093 5120 2146 5174 in
2179 5118 2522 5176 ornamentis
2572 5118 2785 5173 Domini
2842 5117 3084 5186 ponitur,
3137 5121 3200 5166 ut
3240 5118 3295 5165 et
3327 5109 3378 5163 in
3408 5122 3496 5162 se-

1898 5213 2196 5282 quentibus
2226 5229 2322 5285 per
2358 5213 2592 5284 primum
2621 5225 2794 5266 cornu
2822 5207 2984 5278 Agui,
3029 5205 3207 5275 justos
3247 5201 3340 5273 qui
3365 5209 3498 5256 ante

1897 5303 2162 5359 diluvium
2220 5304 2470 5370 fuerunt,
2519 5303 2759 5358 diximus
2796 5300 2966 5354 fuisse
3008 5297 3325 5366 designatos
3343 5311 3368 5379 ,ε
3399 5306 3502 5363 per

1899 5412 2094 5452 zonam
2127 5413 2258 5454 vero
2285 5413 2508 5453 auream
2553 5397 2606 5450 in
2635 5407 2867 5464 corpore
2898 5391 3124 5456 Christi,
3158 5399 3212 5445 et
3265 5403 3363 5458 per
3405 5401 3498 5442 se-

1901 5493 2138 5549 cundum
2168 5506 2342 5548 cornu
2381 5489 2720 5563 patriarchas
2751 5496 2808 5542 et
2845 5493 3078 5542 caeteros
3114 5484 3204 5556 qui
3236 5488 3365 5538 ante
3389 5480 3498 5536 Le-

1903 5600 2025 5656 gem
2053 5585 2276 5642 l‘uerunt
2303 5584 2421 5640 :bic
2445 5590 2628 5638 autem
2655 5595 2752 5653 per
2781 5580 3015 5651 primum
3040 5577 3294 5650 angelum
3321 5574 3512 5631 docto-

1917 5768 1988 5822 ait
2015 5775 2064 5821 et
2093 5774 2277 5837 regnat
2306 5780 2435 5837 cum
2464 5761 2574 5837 Deo
2606 5761 2772 5837 Patre
2797 5763 2851 5816 in
2879 5762 3080 5816 unitate
3095 5762 3332 5835 Spiritus
3353 5757 3520 5813 sancti

1933 5855 2024 5909 per
2050 5833 2369 5909 immortalia
2397 5833 2588 5904 saecula
2606 5835 2947 5909 stecu‘lorun‘t,
2976 5833 3148 5900 auten.

2001 5921 2021 5945 ο
2056 5905 2383 5975 Qumtalaris
2413 5899 2484 5958 est
2509 5906 2702 5971 tunica,
2726 5893 2879 5960 deest
2905 5893 2956 5959 in
2989 5897 3119 5959 mss.
