3950 6314
112 290 227 350 853

867 296 941 376 tu
978 282 1482 353 APOCALYPSIN.
1526 278 1913 354 EXPOS'l’l‘tO.
1960 278 2049 348 DE
2092 272 2364 350 “‘3le8
2404 274 2716 363 QtiARTA.

3330 286 3439 349 854

114 411 425 470 duodecim
461 415 630 473 tribus
676 431 795 471 cum
827 413 937 471 suis
965 412 1182 468 familiis
1208 410 1563 484 designantur
1589 432 1602 469 :
1632 428 1728 485 per
1757 402 1803 473 λ
1834 395 2124 475 dideruut,
2179 400 2509 481 intelligere.
2561 394 2850 467 Obscurati
2883 416 3009 467 sunt
3066 412 3301 485 namque
3357 409 3439 466 eis

114 506 354 563 tertiam
389 525 524 565 vero
556 519 761 582 partem
794 509 850 575 ii,
875 508 962 579 qui
984 523 1050 563 ex
1077 507 1157 561 eis
1178 504 1244 561 ad
1278 506 1439 561 vitam
1468 514 1730 562 mternam

112 596 448 673 praescripti
465 612 640 670 erant,
666 596 1194 673 ﬁgurautur.Cecidit
1214 613 1342 670 ergo
1365 594 1519 653 stella
1546 596 1598 652 iu
1623 608 1731 654 ter-

118 692 256 746 tiam
316 703 533 763 partem
563 695 866 761 ﬂuminum,
902 695 1024 766 quia
1066 688 1140 746 illi
1164 693 1466 748 doctrinam
1494 691 1730 764 prOphe—

114 792 304 838 tarum
336 796 685 858 acceperunt,
713 787 842 842 etin
880 783 1136 841 cordibus
1174 784 1289 840 suis
1327 783 1728 855 plautaverunt,

118 875 214 947 qui
247 876 322 931 ad
360 879 525 933 vitam
550 887 808 934 aeternam
834 875 1211 948 prazdestinati
1236 888 1416 933 erant.

190 965 390 1040 (Vers.
428 968 544 1042 ii.)
588 967 651 1024 Et
699 987 882 1024 nomen
933 970 1098 1025 stellw
1149 969 1341 1024 dicitur
1388 964 1726 1025 absinthium.

111 1060 484 1117 Ahsinthium
514 1061 669 1119 valde
700 1074 781 1119 est
809 1080 1088 1119 amarum:
1117 1080 1213 1135 per
1253 1063 1585 1120 absinthium
1630 1064 1730 1136 igi-

114 1162 204 1207 tur
234 1155 704 1211 commiuatioues
751 1154 1139 1228 prophetarum
1169 1152 1547 1229 designantur,
1596 1172 1730 1228 quas

112 1242 330 1316 populo
351 1246 595 1319 peccau'ti
620 1248 959 1320 ingerebant,
980 1267 1075 1321 pra
1093 1249 1343 1306 dicentes
1360 1254 1441 1308 eis
1459 1249 1600 1323 quod
1625 1250 1729 1307 nisi

110 1338 507 1410 paenitentiam
539 1336 697 1413 537
728 1350 975 1413 agerent,
1001 1342 1052 1396 in
1075 1343 1313 1414 praadam
1344 1354 1399 1399 ct
1422 1346 1474 1397 in
1501 1342 1729 1415 captivi-

110 1440 290 1487 tatem
323 1431 583 1488 hostibus
606 1435 722 1489 suis
746 1433 1007 1490 darentur
1032 1451 1046 1501 ;
1071 1445 1127 1491 et
1156 1433 1301 1508 quod
1321 1436 1365 1491 si
1392 1451 1491 1492 nec
1515 1432 1594 1492 sic
1616 1450 1730 1507 pue-

110 1526 391 1592 uitereut,
426 1535 603 1582 morte
631 1538 890 1598 perpetua
920 1524 1333 1585 damnarentur.
1366 1520 1433 1583 Et
1475 1529 1617 1597 facta
1654 1537 1728 1583 est

108 1621 267 1674 tertia
292 1636 422 1689 pars
444 1635 692 1687 aquarum
716 1623 767 1673 in
794 1618 1133 1677 absinthium.
1166 1618 1246 1676 Illi
1298 1620 1724 1678 amaritudinem

108 1715 460 1784 paenitentia:
487 1729 585 1785 per
609 1715 1063 1771 comminationes
1089 1714 1473 1787 proiihetarum
1505 1731 1723 1772 assum-

1838 494 2094 573 apostoli,
2127 501 2429 573 quieorum
2478 498 2783 560 ddctrinam
2836 518 2942 561 non
2992 500 3170 571 solum
3210 516 3437 577 spreve-

1836 605 1986 660 runt,
2014 595 2111 652 sed
2156 596 2318 655 etiam
2344 597 2492 666 ipsos
2541 613 2931 670 usquequaque
2978 599 3251 669 persecuti
3284 601 3434 653 sunt.

1834 687 1913 744 De
1944 686 2045 743 hac
2068 703 2258 743 eorum
2300 687 2680 746 obscuratione
2723 689 2983 746 Dominus
3030 688 3199 747 dicit:
3232 678 3432 746 Trade—

1836 782 1962 837 mini
2015 792 2185 838 autem
2230 800 2261 836 a
2296 780 2595 851 parentibus
2640 793 2688 838 et
2738 774 2991 857 fratribus
3021 794 3068 840 et
3109 782 3343 859 cognatis
3385 788 3435 840 et

1833 874 2015 930 amicis
2045 915 2061 942 ,
2096 882 2146 930 et
2196 882 2358 929 morte
2407 868 2624 946 ofﬁcient
2670 890 2735 931 ex
2763 877 2925 933 vobis.
2965 876 2993 907 “
3024 864 3094 932 Et
3144 878 3289 935 eritis
3312 874 3433 932 odio

1834 968 2069 1024 omnibus
2131 967 2423 1024 hominibus
2472 974 2688 1041 propter
2763 986 2948 1027 nomen
3021 988 3189 1029 meum
3244 968 3427 1046 (Luc.

1837 1076 1953 1127 ιιι,
1985 1059 2097 1133 16).

1904 1155 2087 1228 (Vers.
2122 1154 2234 1227 i3.)
2278 1154 2345 1211 Et
2390 1152 2497 1212 vidi
2526 1165 2575 1212 et
2619 1157 2795 1215 audivi
2823 1174 2997 1213 vocem
3034 1160 3189 1215 unius
3238 1160 3430 1233 aquila:

1830 1250 2053 1305 volantis
2076 1268 2165 1323 per
2196 1250 2420 1305 medium
2445 1252 2655 1319 etclam,
2677 1252 2898 1307 dicentis
2928 1270 3047 1308 voce
3073 1270 3264 1326 magna
3286 1251 3432 1323 :Va’,

1831 1359 1928 1410 me,
1958 1359 2053 1409 me,
2086 1342 2435 1399 habitantibus
2465 1343 2517 1398 in
2550 1353 2687 1398 terra
2716 1361 2747 1398 a
2790 1344 2996 1400 vocibus
3036 1344 3191 1401 trium
3220 1345 3432 1419 angelo-

1831 1453 1964 1501 rum,
1989 1438 2075 1507 qui
2103 1445 2249 1493 erant
2277 1435 2399 1492 tuba
2449 1437 2695 1496 cauituri.
2724 1434 2831 1492 Per
2860 1436 3059 1495 cmlum
3092 1437 3145 1492 in
3179 1436 3282 1494 hoc
3307 1436 3432 1495 loco

1830 1524 2075 1585 Ecclesia
2121 1528 2442 1600 designatur
2470 1532 2483 1585 ὲ
2518 1528 2696 1601 aquila
2726 1546 2854 1586 vero
2886 1528 3163 1588 Christum
3215 1536 3272 1588 et
3300 1548 3433 1605 apo-

1829 1624 2001 1679 stolos
2029 1623 2148 1693 ejus
2169 1624 2529 1680 demonstrat.
2556 1614 2753 1696 Aquila
2777 1641 2907 1695 ergo
2930 1641 3026 1695 per
3048 1624 3287 1684 medium
3318 1642 3434 1685 coe-

1829 1714 1940 1769 lum
1970 1714 2192 1772 volabat
2212 1726 2267 1771 et
2293 1714 2608 1784 clamabat;
2637 1716 2762 1788 quia
2788 1714 3044 1774 Christus
3066 1718 3302 1789 primum
3336 1734 3435 1791 per

112 1818 381 1878 pserunt,
407 1820 543 1876 quos
560 1808 811 1877 superius
840 1823 937 1878 per
967 1807 1185 1864 tertiam
1226 1816 1435 1881 partem
1462 1822 1724 1879 aquarum
1754 1790 1804 1866 Ὲ
1830 1805 2095 1877 Iudaeam,
2156 1808 2388 1881 apostoli
2439 1824 2571 1865 vero
2599 1809 2717 1881 ejus
2770 1812 2868 1882 'per
2914 1808 3201 1867 universas
3241 1790 3431 1884 gentes

108 1902 361 1958 diximus
402 1900 571 1957 fuisse
621 1899 954 1972 designatos,
986 1900 1038 1956 id
1082 1911 1187 1969 est,
1238 1901 1419 1957 electi.
1452 1896 1521 1956 Et
1574 1886 1726 1956 multi

108 1997 360 2053 homines
389 1996 582 2050 mortui
605 2007 719 2052 sunt
742 1996 805 2051 de
834 1997 983 2063 aquis
1001 2038 1016 2064 ,
1038 1997 1159 2067 quia
1182 2012 1375 2051 amarit
1406 1999 1558 2069 facta:
1580 2005 1720 2053 sunt.

107 2090 222 2146 illis
243 2104 486 2161 namque
502 2089 804 2146 amaritudo
817 2091 1152 2162 paenitentia:
1173 2101 1403 2145 mortem
1422 2088 1722 2161 intulit,qui

106 2183 245 2240 Salvi
277 2198 409 2240 esse
440 2190 799 2250 meruerunt;
841 2185 1040 2240 mortui
1075 2192 1204 2241 sunt
1238 2182 1384 2238 enim
1420 2182 1721 2240 secundum

107 2280 158 2335 id
184 2278 345 2351 quod
380 2278 510 2333 mali
537 2287 713 2345 erant,
739 2287 793 2333 et
825 2275 1077 2334 vixerunt
1124 2275 1423 2333 secundum
1476 2274 1527 2331 id
1573 2275 1719 2347 quod

103 2374 238 2431 boni
273 2388 405 2429 esse
436 2376 737 2444 cmperunt.

182 2463 377 2537 (Vers.
414 2462 531 2538 12.)
561 2458 625 2518 Et
650 2471 860 2533 quartus
877 2463 1088 2533 angelus
1108 2462 1230 2518 tuba
1256 2464 1456 2518 cecinit.
1485 2461 1721 2530 Quartus

104 2558 345 2630 angelus
367 2554 647 2612 Christum
675 2565 729 2612 et
752 2556 1034 2627 apostolos
1057 2556 1175 2628 ejus
1200 2553 1489 2626 signiﬁcat.
1518 2553 1583 2607 Et
1599 2569 1715 2628 per—

106 2669 262 2707 cussa
292 2656 372 2706 est
406 2652 555 2705 tertia
580 2666 699 2718 pars
729 2649 935 2715 solis,et
965 2650 1116 2705 tertia
1144 2664 1265 2719 pars
1292 2647 1451 2715 lunaz,
1477 2654 1522 2700 et
1565 2646 1719 2704 tertia

106 2764 228 2817 pars
258 2743 543 2801 stellarum
570 2761 588 2811 ;
619 2753 670 2798 ut
700 2742 1061 2797 obscuraretur
1110 2741 1262 2796 tertia
1294 2757 1413 2811 pars
1442 2757 1645 2803 eorum.
1670 2744 1719 2799 et

105 2840 208 2895 diei
235 2856 345 2896 non
362 2838 557 2893 luceret
578 2838 727 2893 tertia
749 2853 895 2907 pars,
916 2846 963 2892 et
979 2835 1141 2891 noctis
1158 2835 1416 2891 similiter.
1434 2831 1549 2902 Sol,
1567 2834 1712 2902 luna,

104 2942 158 2989 et
180 2932 365 2989 stella:
396 2930 461 2986 ad
490 2947 651 2987 uuam
681 2944 794 2985 rem
818 2929 1114 3001 pertinent;
1146 2943 1270 2984 nam
1304 2944 1395 2998 per
1418 2926 1589 2982 solem
1622 2940 1717 2997 po-

106 3026 267 3098 pulus
294 3022 635 3088 Judacorum,
656 3038 752 3094 per
781 3021 960 3076 lunam
987 3036 1119 3077 vero
1146 3021 1559 3094 Synagoga,per
1581 3018 1716 3073 stel-

105 3120 186 3174 las
229 3127 421 3173 autem
456 3116 728 3187 principes
782 3113 1128 3170 sacerdotum
1177 3123 1231 3168 et
1265 3111 1521 3184 pharisaei
1570 3110 1715 3167 desi-

1832 1894 2183 1975 Evangelium
2208 1901 2647 1973 praedicaverunt
2678 1919 2694 1958 :
2740 1918 2879 1976 quas
2901 1903 3065 1961 etiam
3093 1906 3431 1976 persecutio-

1830 1996 2022 2054 nesab
2053 1996 2382 2054 adversariis
2415 1990 2717 2054 Ecclesiam
2763 2012 2887 2054 esse
2938 2000 3221 2070 passuram
3246 1997 3431 2054 multis

1829 2093 2005 2149 modis
2035 2090 2432 2165 praedixerunt.
2480 2092 2716 2164 Ideoque
2748 2092 2846 2147 tria
2879 2108 2957 2147 va:
2982 2093 3188 2165 posuit,
3211 2108 3279 2148 ex
3309 2092 3431 2164 qui-

1827 2176 1930 2242 bus
1976 2186 2208 2259 primum
2258 2184 2326 2241 ad
2354 2184 2642 2243 haereticos
2665 2180 2923 2257 pertinet,
2976 2184 3067 2259 qui
3118 2180 3425 2242 Ecclesiam

1824 2279 1923 2337 Dei
1949 2279 2139 2335 multis
2163 2276 2339 2336 modis
2364 2280 2685 2352 impugnare
2713 2278 2893 2335 eouati
2927 2287 3056 2333 sunt
3084 2294 3098 2333 :
3123 2272 3424 2334 secundum

1824 2373 1890 2430 ad
1921 2375 2187 2447 paganos,
2219 2372 2309 2445 qui
2359 2371 2610 2430 eamdem
2658 2364 2960 2427 Ecclesiam
3015 2369 3113 2427 Dei
3144 2371 3425 2444 persecuti

1823 2474 1974 2534 sunt,
2006 2464 2406 2535 maximamque
2449 2462 2691 2519 ﬁdelium
2731 2460 3138 2520 multitudinem
3193 2461 3423 2520 interie-

1824 2566 2020 2615 cerunt
2051 2577 2063 2614 :
2098 2558 2317 2613 tertium
2351 2556 2416 2612 ad
2448 2557 2854 2626 antichristum,
2895 2557 2988 2630 qui
3036 2554 3298 2630 populum
3326 2557 3423 2615 Dei

1823 2651 1876 2707 in
1907 2651 2013 2706 line
2038 2650 2222 2706 mundi
2265 2650 2637 2707 debellaturus
2663 2658 2770 2706 est.
2791 2649 2904 2706 Nec
2945 2659 3141 2721 putare
3162 2648 3425 2706 debemus

1821 2740 1966 2818 quod
2004 2746 2103 2799 tria
2138 2760 2220 2800 va:
2248 2743 2316 2800 ad
2362 2744 2569 2801 electos
2628 2744 2988 2817 pertineant,
3049 2743 3139 2816 qui
3173 2738 3421 2817 diverSas

1821 2834 2161 2893 calamitates
2174 2837 2243 2893 ab
2263 2835 2442 2910 impiis
2470 2836 2852 2907 pertulerunt:
2881 2826 2978 2893 sed
3002 2834 3180 2908 potius
3202 2835 3270 2893 ad
3293 2852 3421 2893 eos-

1819 2928 1943 2987 dem
1972 2930 2189 3002 impios,
2206 2930 2298 3002 qui
2325 2929 2545 2986 easdem
2568 2928 2911 2986 calamitates
2932 2924 3424 2988 intulerunt.Unde

1820 3033 1895 3092 et,
1939 3020 2051 3093 Vae,
2097 3039 2194 3089 rte,
2242 3038 2345 3093 me,
2400 3020 2752 3078 habitantibus
2795 3022 2851 3077 in
2899 3028 3036 3078 terra
3066 3019 3200 3078 dicit
3228 3041 3243 3092 ;
3271 3018 3421 3097 impii

1819 3131 2054 3187 namque
2076 3116 2164 3187 qui
2198 3112 2331 3170 nihil
2362 3111 2510 3169 aliud
2538 3130 2700 3187 quam
2730 3121 2930 3171 terram
2954 3121 3226 3185 quaerunt,
3267 3104 3423 3169 habi-

104 3219 368 3283 guantur.
402 3184 509 3263 sed
540 3205 586 3261 si
633 3184 1076 3262 obscuratione"!
1122 3200 1260 3260 solis
1288 3214 1342 3259 ει
1370 3200 1511 3259 lunae
1550 3212 1711 3273 atque
1739 3184 1783 3254 (ἶ
1820 3184 2027 3267 latores
2048 3184 2207 3265 terra:
2224 3208 2349 3280 jure
2378 3184 2638 3264 vocantur
2663 3202 2821 3281 :justi
2853 3184 3037 3263 autem
3062 3204 3151 3280 qui
3175 3205 3419 3264 coelestia

103 3302 401 3359 stellarum
425 3299 490 3355 ad
520 3299 741 3369 eos,qui
761 3299 811 3353 in
835 3298 1106 3354 Christum
1133 3297 1426 3352 noluerunt
1458 3293 1710 3365 credere,

104 3388 415 3450 transferre
446 3388 794 3456 voluerimus,
829 3386 967 3445 Ol‘tiO
1007 3384 1258 3461 superior
1280 3385 1708 3458 perturbabitur.

104 3488 379 3557 Superius
409 3486 552 3541 enim
606 3485 1039 3540 combustionem
1100 3492 1261 3538 terrae
1294 3481 1467 3537 tertia:
1516 3482 1712 3553 partis,

104 3599 223 3655 quin
252 3576 363 3637 sub
388 3588 547 3637 cantu
582 3579 722 3636 tubae
749 3578 907 3650 primi
940 3578 1117 3649 angeli
1149 3577 1287 3632 facta
1323 3591 1448 3633 esse
1493 3576 1710 3643 dicitur,

104 3692 203 3732 con
218 3676 536 3731 versionem
560 3672 734 3729 tertiae
758 3677 929 3747 partis
958 3671 1122 3728 maris
1150 3673 1201 3727 in
1225 3670 1561 3743 sanguinem,
1592 3684 1713 3741 quae

104 3769 205 3825 sub
234 3778 407 3824 cantu
441 3767 580 3822 tuba‘,
605 3765 828 3823 secundi
852 3764 1027 3836 angeli
1065 3766 1201 3820 facta
1249 3765 1417 3820 fuisse
1462 3764 1577 3819 Visa
1606 3771 1709 3829 est,

104 3862 531 3919 conversionem
554 3856 907 3917 nihilominus
949 3858 1125 3916 tertiac
1169 3858 1343 3932 partis
1370 3864 1630 3930 aquarum
1657 3858 1709 3912 in

104 3956 471 4023 absinthium,
504 3971 622 4027 qum
651 3955 751 4011 sub
778 3965 938 4010 cantu
971 3955 1112 4012 tuba:
1143 3953 1289 4010 tertii
1336 3952 1515 4025 angeli
1564 3950 1708 4008 facta

106 4051 278 4108 fuisse
331 4048 548 4120 legitur,
594 4048 646 4103 iu
679 4048 874 4105 bonam
933 4055 1137 4118 partem
1167 4047 1534 4116 accipiendam
1587 4061 1709 4102 esse

102 4142 607 4199 demonstravimus
632 4141 894 4212 ;ideoquc
912 4136 977 4194 ad
1006 4140 1209 4195 electos
1243 4140 1538 4209 pertinere.
1567 4137 1711 4195 Con-

104 4250 345 4308 sequens
371 4244 452 4291 est
480 4248 613 4306 ergo
637 4243 691 4288 ut
719 4232 1123 4304 percussionem
1146 4231 1277 4287 solis
1304 4240 1358 4287 et
1382 4231 1523 4287 tuum
1546 4240 1709 4301 atque

106 4332 398 4387 stellarum
430 4329 482 4384 iu
508 4328 704 4385 bonam
731 4338 940 4399 partem
995 4326 1437 4396 interpretemur.
1473 4322 1575 4381 Per
1599 4334 1708 4380 ter-

107 4424 237 4480 tiam
271 4425 456 4494 itaque
485 4430 689 4492 partem
733 4418 887 4487 solis,
920 4434 1038 4490 qua:
1070 4433 1350 4490 percussa,
1375 4412 1428 4473 id
1472 4426 1579 4483 est,
1613 4414 1711 4474 ob-

1819 3318 2037 3374 semper
2060 3301 2394 3368 desiderant,
2425 3298 2549 3357 εωιί
2582 3298 2917 3357 habitatores
2942 3307 3095 3356 recte
3130 3304 3419 3367 vocantur,

1818 3394 1961 3450 sicut
1987 3393 2120 3450 dicit
2171 3393 2454 3473 apostolus
2483 3390 2689 3449 Paulus
2724 3413 2737 3449 :
2774 3392 2973 3450 Nostra
3002 3399 3178 3449 autem
3208 3410 3422 3451 conver-

1817 3487 1948 3543 satio
1976 3488 2029 3540 in
2056 3486 2194 3549 σιειἰέ
2225 3495 2299 3541 est
2324 3478 2550 3559 (Philip.
2576 3502 2656 3555 tu,
2688 3482 2803 3560 ‘20).

1887 3578 2119 3637 CAPUT
2146 3576 2235 3635 IX.
2263 3610 2336 3621 —
2366 3576 2549 3653 (Vers.
2588 3578 2666 3654 i.)
2698 3576 2766 3634 Et
2794 3568 3005 3653 quimus
3032 3578 3262 3652 angelus
3294 3570 3418 3635 tuba

1817 3674 2021 3728 cecinit.
2047 3672 2281 3742 Quintus
2322 3673 2547 3744 angelus
2593 3671 2915 3730 defensores
2944 3662 3206 3728 Ecclesia:
3229 3666 3419 3728 ortho-

1816 3766 1973 3823 doxre
2005 3765 2129 3822 fidei
2181 3765 2473 3836 designat:
2509 3765 2635 3821 t‘uba
2682 3765 3023 3830 cecinerunt,
3055 3760 3272 3835 quando
3318 3768 3417 3838 p'ro

1816 3854 2137 3915 defensione
2168 3857 2291 3915 fidei
2321 3857 2571 3914 omnibus
2594 3857 2772 3914 modis
2797 3854 3205 3914 laboraverunt.
3224 3854 3291 3915 Et
3314 3854 3418 3913 ridi

1815 3953 2019 4010 stellam
2049 3954 2113 4009 de
2162 3951 2289 4009 coelo
2320 3951 2563 4008 cecidisse
2589 3952 2642 4006 in
2685 3958 2898 4006 terram.
2931 3946 3039 4007 Ρὲι·
3064 3947 3276 4007 stellam
3306 3942 3420 4006 ha!-

1813 4046 2108 4105 resiarchaa
2138 4047 2495 4119 designantur
2520 4062 2534 4112 ;
2569 4042 2694 4118 quia
2719 4042 2861 4102 sicut
2884 4032 3061 4105 stella:
3082 4047 3139 4102 in
3169 4044 3308 4102 coelo
3329 4061 3417 4102 re-

1814 4141 2045 4214 fulgent,
2066 4141 2136 4196 ita
2160 4148 2217 4197 et
2237 4138 2324 4195 isti
2349 4148 2641 4211 antequam
2665 4133 2950 4207 caderent,
2985 4136 3234 4194 doctrina
3263 4144 3317 4195 et
3334 4152 3419 4193 sa-

1815 4237 2016 4308 pientia
2052 4233 2390 4307 refulgebant
2439 4235 2493 4289 iu
2523 4230 2793 4291 Ecclesia.
2829 4231 3086 4303 Dertelo
3115 4228 3170 4289 iu
3214 4238 3417 4289 terram

1811 4329 2032 4398 cecidit,
2064 4329 2188 4402 quia
2234 4328 2302 4385 ab
2333 4324 2583 4383 Ecclesia
2614 4322 2852 4398 prrecisi,
2902 4326 3119 4399 Corpori
3158 4318 3418 4400 reprobo.

1811 4440 1956 4492 rum,
1987 4423 2077 4495 qui
2123 4438 2218 4494 per
2254 4426 2457 4476 terram
2491 4414 2873 4490 designantur,
2899 4410 3093 4475 sociati
3135 4427 3284 4475 sunt.
3308 4406 3414 4476 Sed

106 4522 325 4572 scutata
358 4522 461 4583 est,
493 4512 528 4570 ii
559 4515 652 4587 qui
682 4530 747 4569 ex
782 4510 979 4583 ρορυιυ
1005 4508 1314 4566 διιάίῐξοιλιιιη
1339 4509 1394 4565 in
1429 4510 1703 4566 (ἶιιΐῖὸιυηὶ
1739 4591 1773 4593 _
1813 4518 2165 4593 qumrendum
2212 4516 2373 4573 nobis
2402 4526 2507 4583 est,
2537 4532 2634 4572 cur
2674 4514 2907 4587 primum
2965 4511 3275 4580 haereticos,
3323 4498 3414 4584 qni

106 4608 486 4677 crediderunt,
552 4608 948 4680 designantur;
978 4604 1255 4662 obscurati
1302 4612 1428 4661 sunt
1472 4622 1710 4679 namque
1737 4591 1791 4652 D
1819 4591 1914 4685 per
1943 4612 2154 4668 stellam
2182 4620 2236 4667 et
2265 4609 2502 4667 locustas
2546 4596 2815 4679 designati
2853 4614 3002 4676 sunt,
3036 4606 3325 4680 posuerit;
3359 4608 3415 4662 ct

106 4700 293 4775 impiis
318 4698 543 4769 Judacis,
568 4700 666 4756 sed
691 4697 1029 4756 refulserunt
1066 4690 1121 4752 in
1151 4690 1450 4768 conspectu
1482 4696 1602 4753 Dei.
1627 4694 1713 4752 Si-

107 4799 315 4855 militer
340 4809 393 4854 et
417 4813 509 4869 per
541 4797 755 4852 tertiam
805 4802 1013 4866 partem
1063 4796 1204 4848 lunae
1236 4801 1396 4863 atque
1425 4791 1707 4847 stellarum

107 4908 228 4962 qua:
256 4891 552 4947 obscurata
597 4884 765 4955 est,ii
793 4884 882 4960 qui
927 4904 988 4941 ex
1042 4884 1490 4957 archisynagogis
1545 4892 1710 4956 atque

108 4984 494 5042 sacerdotibus
533 4991 588 5040 et
626 4999 691 5040 ex
724 4984 1009 5054 pharisaeis
1038 4980 1091 5037 iu
1141 4980 1410 5036 Christum
1461 4976 1711 5036 credide-

108 5072 654 5148 runt,designantur;
678 5077 804 5148 quia
823 5074 997 5145 etipsi
1029 5083 1253 5145 promer
1280 5072 1462 5128 lumen
1495 5086 1706 5140 verum,

112 5167 161 5227 id
190 5180 298 5238 est,
329 5169 631 5237 Christum,
665 5182 825 5241 quem
860 5177 1248 5241 perceperunt,
1278 5162 1552 5222 obseurati
1582 5173 1710 5223 sunt

109 5265 211 5329 eis,
231 5274 467 5335 quorum
497 5260 695 5319 mentis
724 5260 907 5317 oculos
932 5260 1182 5317 diabolus
1207 5258 1605 5324 obcaecaverat,
1641 5275 1709 5317 ne

112 5356 163 5411 in
195 5355 478 5412 Christum
505 5353 832 5420 crederent;
865 5368 985 5408 nam
1035 5350 1254 5408 claritas
1301 5350 1432 5406 solis
1477 5350 1708 5423 lippien-

112 5450 194 5504 tes
224 5447 419 5504 oculos
448 5444 686 5503 obcaecat
711 5445 903 5517 magis,
954 5456 1119 5516 quam
1177 5445 1474 5501 illotuinat.
1508 5440 1707 5501 Possu-

113 5557 233 5598 mus
257 5553 393 5598 vero
415 5550 511 5612 per
541 5534 751 5596 tertiam
780 5546 991 5611 partem
1019 5536 1124 5595 diei
1148 5530 1452 5611 apostolos,
1482 5556 1577 5612 per
1600 5553 1704 5597 ter-

116 5632 244 5690 tiam
273 5638 458 5690 autem
510 5641 719 5705 partem
749 5631 927 5689 noctis
957 5642 1053 5688 eos
1082 5628 1174 5704 qui
1206 5642 1271 5689 ex
1293 5630 1551 5705 gentibus
1580 5646 1703 5690 cre-

1818 4715 2002 4777 postea
2036 4713 2439 4778 persecutores,
2470 4702 2562 4775 qui
2589 4692 2948 4785 designantur
2964 4706 3065 4775 p’er
3086 4695 3302 4783 equites
3331 4696 3414 4785 lo-

1815 4776 2123 4864 ricatos,vde
2145 4796 2410 4869 quibusin
2438 4792 2795 4868 sequentibus
2821 4793 2875 4851 in
2904 4778 3069 4853 cantu
3099 4776 3242 4852 tubae
3269 4776 3410 4851 sexti

1814 4891 1988 4961 angeli
2016 4890 2263 4945 dicturus
2287 4894 2390 4945 est.
2418 4886 2552 4959 Quia
2583 4898 2877 4961 antequam
2908 4886 3269 4960 imperatores
3296 4882 3410 4940 Ro:-

1816 4997 2099 5038 mauorum
2128 4978 2427 5037 Ecclesiam
2460 4982 2555 5037 Dei
2582 4981 2841 5054 persequi
2871 4979 3261 5043 instituissent,
3294 4975 3407 5033 hae-

1821 5074 1973 5132 retici
1997 5089 2117 5129 esse
2139 5082 2448 5145 coeperunt,
2477 5076 2617 5130 sicut
2642 5068 2924 5136 Nicotaus,
2955 5068 3047 5141 qui
3075 5062 3412 5139 temporibus

1816 5167 2186 5240 apostolorum
2219 5166 2451 5231 exstitit,
2484 5170 2538 5222 et
2565 5162 2719 5221 multi
2747 5162 2859 5217 alii.
2918 5154 2988 5216 Et
3032 5160 3156 5215 data
3206 5166 3280 5216 ‘est
3331 5150 3412 5216 illi

1816 5263 1977 5321 clavis
2027 5261 2170 5331 putei
2220 5256 2392 5334 abyssi
2423 5259 2559 5334 (Act.
2593 5274 2664 5327 vr,
2689 5258 2770 5327 5).
2812 5250 2918 5312 Per
2943 5248 3151 5311 clavem
3179 5253 3410 5311 liberum

1816 5356 2101 5414 arbitrium
2149 5353 2556 5419 haereticorum,
2599 5334 2743 5424 quod
2798 5347 3106 5405 habuerunt
3158 5349 3210 5407 in
3244 5350 3411 5420 malo,

1816 5440 2164 5522 designatur;
2197 5447 2557 5520 perabyssum
2580 5458 2713 5499 vero
2733 5436 2898 5497 corda
2929 5429 3120 5522 eofum
3146 5459 3162 5499 :
3187 5452 3283 5516 per
3307 5459 3412 5518 pu-

1816 5518 1960 5600 teum
1990 5550 2169 5598 autem
2198 5518 2404 5596 eorum
2434 5544 2527 5592 dra
2558 5534 2931 5607 designantur.
2975 5518 3109 5593 Data
3136 5544 3221 5593 est
3248 5536 3415 5608 igitur

1816 5630 2088 5691 hau‘eticis
2116 5628 2282 5688 clavis
2302 5628 2446 5701 putei
2477 5624 2683 5699 abyssi,
2704 5625 2830 5696 quia
2864 5618 3111 5697 permisit
3136 5618 3279 5687 Deus
3300 5626 3415 5686 ha:-

204 5848 228 5876 ιι
257 5835 326 5891 Et
356 5834 499 5893 eritis
536 5837 719 5893 odio...
763 5833 1199 5915 propter'nomea
1254 5842 1443 5904 meum,
1478 5850 1545 5893 ex
1591 5830 1841 5896 omnibus
1858 5851 1992 5895 mss.
2020 5831 2348 5896 restituitur.
