3950 6314
603 257 712 316 855

1519 250 1616 307 AD
1649 248 1884 307 OPEBA
1921 247 2171 306 SANCTI
2207 245 2538 309 AMBROSI]
2575 248 2950 309 APPENDIX.
3693 265 3755 327 εδδ

599 391 752 435 reses
778 389 922 446 esse,
948 377 1091 433 sicut
1114 373 1250 432 dicit
1272 369 1556 444 apostolus
1585 369 1789 426 Paulus
1821 367 2069 442 :Oporlet
2091 366 2202 422 Ine-
2225 368 2279 428 Α
2305 381 2401 423 eos
2444 367 2536 440 qui
2563 367 2892 426 viriditatem
2921 369 3050 427 fidei
3083 369 3376 439 habebant,
3407 371 3452 428 id
3471 383 3557 442 est,
3581 377 3645 447 qui
3659 380 3755 441 ﬁdem

601 487 741 527 reses
765 487 895 537 esse,
920 480 978 526 ut
1005 470 1096 542 qui
1122 467 1328 541 probati
1355 473 1497 534 sunt,
1519 464 1784 536 manifesti
1811 464 1942 534 ﬁant
1962 462 2096 518 inter
2114 477 2202 516 vos

603 564 648 637 (ῐ
679 564 800 620 Cor.
831 580 907 630 χι,
932 563 1047 635 19).

609 718 617 726 ,
681 657 860 728 (Vers.
888 656 972 729 2.)
1003 653 1069 710 Et
1103 656 1308 728 aperuit
1328 661 1538 727 puteum
1562 654 1758 727 abyssi.
1787 651 1960 709 Stella
1988 666 2111 724 quae
2131 651 2201 708 de

601 751 746 808 caelo
765 749 990 811 cecidit,
1022 759 1244 821 puteum
1274 748 1456 821 abyssi
1506 747 1757 820 aperuit;
1787 749 1910 818 quia
1958 746 2205 802 hzeretici

602 842 670 898 ad
715 841 1046 913 proferenda
1087 841 1250 908 mala,
1282 856 1404 912 qua:
1457 841 1511 896 in
1542 839 1800 896 cordibus
1847 854 2038 895 eorum
2071 839 2208 895 late—

600 934 756 1002 bant,
786 949 881 990 ora
927 949 1026 990 sua
1080 942 1439 1004 aperuerunt.
1475 933 1542 988 Et
1579 933 1811 988 ascendit
1839 937 2014 1005 fumus
2043 933 2203 1005 putei,

599 1027 736 1080 sicut
761 1027 934 1096 fumus
963 1028 1194 1098 fornacis
1225 1025 1557 1100 magna'Per
1587 1026 1790 1081 fumum
1815 1026 2061 1082 doctrina
2090 1025 2204 1080 hm-

601 1117 900 1173 reticorum
955 1117 1274 1190 designatur
1304 1137 1319 1186 ;
1351 1117 1478 1189 quia
1508 1119 1650 1173 sicut
1679 1117 1860 1172 fumus
1909 1125 2077 1172 vento
2104 1118 2208 1172 im-

603 1212 796 1279 pulsus
847 1212 958 1268 cito
997 1211 1304 1277 evanescit,
1335 1211 1407 1266 ita
1435 1220 1491 1267 et
1521 1211 1766 1268 doctrina
1816 1210 2204 1266 hrcreticorum

601 1317 706 1374 per
730 1304 1041 1360 doctrinam
1076 1314 1387 1359 sanctorum
1417 1303 1639 1358 Patrum
1686 1303 1835 1358 velut
1864 1301 2046 1357 fumus
2078 1317 2209 1358 eva-

600 1399 722 1453 nuit
755 1416 768 1453 :
804 1415 901 1470 per
927 1399 1202 1455 fornacem
1230 1412 1361 1454 vero
1390 1411 1535 1468 saepe
1579 1396 1746 1452 corda
1786 1396 2077 1466 impiorum
2108 1395 2207 1451 de-

601 1493 913 1564 signantur,
937 1493 1075 1548 sicut
1101 1492 1231 1548 dicit
1261 1491 1526 1564 propheta
1550 1491 1729 1546 :Velut
1750 1489 1987 1544 clibanus
2010 1490 2205 1545 ardens

601 1587 766 1641 corda
786 1603 963 1641 eorum
992 1585 1141 1658 (Ose.
1174 1602 1271 1655 vn,
1299 1585 1382 1657 4).

679 1680 750 1733 Et
774 1680 1074 1734 obscuralus
1099 1691 1170 1735 cst
1198 1679 1277 1734 sol
1305 1690 1354 1733 et
1405 1695 1494 1733 aer
1518 1679 1583 1732 de
1613 1682 1760 1750 fumo
1782 1679 1944 1748 putei.
1980 1678 2085 1734 Per
2110 1693 2202 1734 so-

2305 476 2466 533 quam
2496 461 2915 532 proﬁtebantur,
2946 464 3204 535 operibus
3231 465 3522 538 implebant,
3543 484 3670 541 neque
3686 489 3758 532 san-

2305 563 2425 609 ctos
2453 554 2878 626 praedicatores,
2912 557 3005 628 qui
3037 572 3148 613 non
3179 565 3334 614 erant
3377 560 3525 630 spinae
3544 565 3611 619 vel
3632 567 3756 637 tribuli,

2305 662 2373 702 ex
2419 647 2614 719 quibus
2661 664 2840 720 neque
2868 663 3007 717 uva,
3041 665 3220 722 neque
3241 650 3371 707 ficus
3395 653 3757 725 colliguntur;sed

2305 739 2486 809 potius
2509 740 2734 797 arbores
2761 741 3033 797 bonorum
3061 757 3286 813 operum
3309 741 3500 799 fructus
3521 744 3758 816 ferenteset

2305 831 2501 902 quibus
2523 831 2712 889 fideles
2760 834 2941 904 populi
2971 833 3375 899 reﬁciebantur,
3412 834 3607 892 haeretici
3627 840 3761 913 decipe-

2306 935 2430 978 rent
2457 939 2472 990 ;
2502 923 2646 980 unde
2671 934 2728 980 et
2753 925 3099 997 sequituer
3103 928 3166 982 isi
3192 928 3441 996 homines,
3461 931 3533 998 qui
3557 949 3634 986 non
3651 933 3761 992 haben

2304 1017 2509 1089 signum
2540 1015 2640 1072 Dei
2664 1019 2718 1072 in
2741 1020 3001 1091 frontibus
3045 1021 3172 1077 suis.
3200 1020 3340 1086 Quid
3373 1030 3452 1076 est
3475 1032 3616 1079 autem
3635 1026 3761 1096 signum

2308 1108 2424 1175 Dei,
2454 1110 2554 1166 nisi
2586 1110 2850 1178 charitas,
2879 1112 2946 1167 de
2975 1127 3080 1183 qua
3109 1112 3252 1168 idem
3275 1112 3498 1170 Joannes
3522 1116 3762 1187 loquiturun-

2306 1218 2436 1260 cens
2471 1221 2484 1258 :
2515 1204 2653 1261 Deus
2680 1205 2910 1261 charitas
2952 1217 3028 1263 est
3057 1207 3103 1279 (ι
3141 1206 3302 1262 Joan.
3333 1224 3412 1274 tv,
3457 1209 3543 1279 8)?
3575 1210 3762 1271 Possumus

2307 1312 2437 1353 vero
2466 1313 2562 1368 per
2588 1299 2817 1366 frontes,
2847 1316 2969 1372 qua:
2996 1301 3287 1372 qualitates
3319 1305 3557 1358 mentium
3577 1307 3764 1377 sepissime

2306 1393 2710 1461 demonstrant,
2734 1395 2901 1451 corda
2923 1396 3289 1466 reproborum
3317 1397 3603 1467 intelligere.
3619 1399 3676 1454 illi
3693 1416 3765 1472 ergo

2307 1485 2467 1543 facile
2494 1488 2562 1544 ab
2615 1487 2890 1544 haereticis
2920 1489 3366 1561 decipiebantur,
3423 1493 3507 1563 qui
3537 1493 3689 1566 signum
3715 1495 3766 1552 Dei

2305 1580 2437 1647 vivi,
2468 1579 2524 1635 id
2560 1589 2665 1649 est,
2720 1579 3038 1638 charitatem
3083 1582 3138 1637 in
3193 1582 3450 1640 cordibus
3488 1586 3580 1642 suis
3617 1588 3763 1642 noniu-

2306 1673 2532 1729 bebant.

603 1773 715 1828 1cm
773 1787 918 1843 saepe
947 1773 1196 1828 Christus
1245 1772 1591 1844 intelligitur,
1623 1772 1677 1827 in
1722 1772 1825 1828 hoc
1868 1781 2048 1829 autem
2077 1773 2202 1832 loco
2231 1759 2283 1822 Β
2380 1767 2560 1840 (Vers.
2586 1768 2670 1840 5.)
2693 1769 2762 1823 Et
2785 1778 3101 1840 prwceplum
3131 1780 3206 1826 est
3232 1773 3368 1840 illis,
3398 1789 3458 1827 ne
3481 1775 3766 1831 occiderentur.

604 1865 851 1922 membra
882 1865 1151 1936 ejusdem,
1180 1866 1232 1921 id
1271 1874 1376 1934 est,
1423 1865 1812 1937 praedicatores
1861 1867 2034 1922 sancti
2061 1865 2208 1923 desi-

604 1959 753 2031 gnati
783 1969 909 2014 sunt
936 1977 951 2015 :
983 1975 1079 2030 per
1126 1974 1310 2016 aerem
1351 1973 1482 2014 vero
1503 1958 1736 2030 populus
1774 1958 1972 2026 ﬁdelis,
2008 1960 2100 2030 qui
2125 1959 2206 2015 eis

603 2052 885 2122 subjectus
915 2061 1054 2108 erat.
1080 2053 1187 2109 Sed
1224 2053 1500 2125 quomodo
1553 2054 1714 2109 electi
1745 2053 2023 2109 obscurati
2057 2064 2204 2119 sunt,

603 2158 746 2216 quos
775 2145 1017 2214 pravitas
1045 2144 1299 2201 haeretica
1325 2145 1582 2216 decipere
1610 2160 1718 2201 non
1745 2145 1948 2201 valuit?
1973 2145 2078 2202 Sed
2103 2147 2206 2202 ob-

602 2237 806 2293 scurati
835 2247 965 2293 sunt
1014 2239 1114 2307 cis,
1150 2254 1290 2310 quos
1321 2239 1564 2296 haeretici
1595 2239 1852 2311 decipere
1888 2248 2206 2310 potuerunt,

605 2333 699 2402 qui
719 2339 774 2387 et
801 2329 857 2386 in
886 2331 1242 2403 sequentibus
1290 2347 1389 2403 per
1417 2332 1659 2388 locustas
1685 2332 2078 2404 designantur:
2106 2349 2207 2389 ve-

601 2437 724 2480 rum
768 2424 934 2498 538
974 2425 1197 2482 claritas
1245 2441 1436 2481 eorum
1476 2426 1692 2483 caeteris
1733 2425 1983 2482 ﬁdelibus
2038 2427 2209 2482 latere

604 2532 714 2573 non
755 2519 950 2588 potuit,
981 2518 1142 2574 sicuti
1175 2533 1275 2576 nec
1319 2519 1543 2576 lucerna
1590 2519 1693 2576 sub
1725 2518 1912 2575 modio
1939 2517 2206 2575 abscondi

605 2618 808 2682 potest.

678 2703 860 2777 (Vers.
887 2701 967 2773 5.)
993 2703 1060 2758 Et
1090 2705 1155 2760 de
1204 2703 1346 2775 fumo
1394 2705 1634 2760 exierunt
1661 2706 1871 2761 locusta
1910 2708 1966 2761 in
1989 2715 2202 2762 terram.

603 2797 682 2852 De
708 2796 880 2863 fumo,
911 2797 967 2852 id
995 2807 1100 2864 est,
1123 2797 1192 2853 de
1214 2797 1461 2854 doctrina
1490 2813 1678 2854 eorum
1709 2799 1801 2869 qui
1827 2798 2210 2856 haeresiarchas

605 2890 865 2961 appellati
896 2901 1044 2956 sunt,
1069 2907 1262 2962 magna
1315 2892 1601 2949 multitudo
1628 2893 2014 2950 haereticorum
2043 2909 2210 2964 gene-

605 2992 725 3038 rata
747 2991 852 3039 est.
881 2983 940 3038 In
963 2992 1163 3039 terram
1195 2984 1468 3054 exierunt,
1502 2986 1626 3054 quia
1650 3001 1678 3039 a
1708 2991 1972 3044 socletate
1999 2988 2210 3044 electo-

605 3088 726 3128 rum
749 3075 1007 3144 separati,
1037 3075 1117 3131 eis
1144 3075 1235 3146 qui
1285 3084 1427 3131 terra
1450 3088 1736 3144 vocantur,
1759 3078 1811 3133 id
1837 3085 1943 3146 est,
1975 3077 2211 3134 inﬁdeli-

2309 1860 2464 1930 Quod
2493 1861 2645 1929 dicit,
2673 1873 2992 1934 praceptum
3035 1874 3110 1919 est
3135 1865 3264 1932 illis,
3305 1865 3511 1922 videtur
3529 1868 3632 1923 mihi
3651 1869 3769 1924 adde

2309 1970 2500 2011 mones
2531 1956 2838 2025 pertinere;
2865 1967 3011 2012 tanta
3033 1969 3115 2014 est
3137 1961 3286 2015 enim
3310 1961 3536 2032 nequitia
3557 1962 3768 2024 dumorum.

2309 2060 2369 2104 ttt
2397 2051 2444 2105 si
2475 2049 2579 2107 hoc
2606 2050 2750 2106 Deus
2772 2053 3136 2122 permisisset,
3169 2055 3356 2111 statim
3388 2067 3447 2112 ut
3487 2059 3618 2114 homo
3636 2060 3771 2115 mortale

2311 2142 2524 2199 facinus
2551 2143 3024 2212 admisisset,eum
3055 2148 3468 2206 interﬁcerent:
3501 2151 3577 2207 sed
3597 2163 3770 2223 exspectat

2313 2237 2454 2293 Deus
2482 2237 2732 2294 homines
2759 2240 2980 2311 impios,
3004 2249 3062 2296 ut
3088 2241 3382 2314 aliquando
3411 2259 3504 2314 per
3527 2245 3769 2315 paenitentiam

2311 2337 2525 2393 adeum
2564 2337 2793 2393 redeant
2837 2347 2893 2394 et
2933 2339 3234 2409 salventur,
3265 2342 3382 2398 sive
3423 2351 3481 2398 ut
3504 2344 3610 2414 justi
3644 2359 3771 2415 pereas

2313 2427 2632 2500 probentur.
2655 2427 2790 2484 Nam
2841 2438 2896 2485 et
2919 2429 3230 2500 Psalmista,
3259 2447 3383 2488 cum
3412 2433 3478 2491 de
3516 2435 3653 2506 impiis
3667 2437 3772 2505 loqne

2312 2529 2486 2589 retur,
2511 2520 2832 2592 precabatur
2859 2521 3048 2578 dicens
3080 2543 3091 2578 :
3126 2523 3211 2580 Ne
3237 2525 3449 2581 occidas
3473 2543 3565 2591 eos,
3589 2543 3635 2581 ne
3652 2528 3771 2596 qmta

2312 2613 2679 2668 obliviscantur
2701 2615 2881 2686 papuli
2907 2617 3007 2670 mei
3029 2614 3150 2685 (Ps.
3185 2634 3335 2682 Lvtu,
3360 2617 3468 2688 12).
3494 2618 3549 2674 Et
3565 2618 3606 2672 in
3625 2617 3771 2674 iudicum

2311 2705 2454 2762 libro
2480 2705 2742 2776 scriptum
2786 2715 2892 2773 est,
2941 2707 3066 2778 quia
3094 2707 3303 2765 dimisit
3333 2709 3472 2766 Deus
3494 2710 3774 2767 Chananeus

2310 2796 2652 2864 Philistazos;
2680 2807 2739 2852 ut
2764 2799 2816 2852 in
2844 2799 2926 2854 eis
2968 2800 3315 2869 experiretur
3343 2801 3524 2867 Israel,
3552 2811 3596 2859 et
3613 2802 3774 2857 haberent

2311 2891 2594 2946 scientiam
2624 2891 2869 2948 certandi
2890 2905 3012 2946 cum
3046 2892 3298 2949 hostibus
3321 2892 3472 2968 (1nd.
3495 2911 3564 2962 tu,
3580 2893 3679 2964 1,2).
3695 2892 3776 2948 PIT-

2312 2983 2606 3054 cepitergo
2638 2983 2801 3048 Deus,
2828 2983 2879 3038 id
2909 2991 3016 3047 est,
3046 2998 3155 3039 non
3198 2987 3448 3056 permisit
3488 2996 3541 3042 ut
3563 2984 3773 3042 extermina-

2313 3086 2521 3143 rentur,
2554 3078 2671 3133 sive
2699 3092 2892 3133 omnes
2924 3077 3171 3134 haeretici
3198 3121 3214 3147 ,
3261 3079 3380 3136 sive
3421 3095 3589 3136 omnes
3606 3080 3776 3150 impii:ut

607 3167 709 3222 bus
736 3165 1012 3236 conjuncti
1035 3145 1180 3222 sunt.
1214 3166 1285 3221 Et
1312 3168 1436 3223 data
1462 3178 1537 3224 est
1562 3169 1668 3224 illis
1691 3145 1941 3239 potestas,
1962 3171 2095 3225 sicut
2119 3171 2210 3224 ha-
2238 3145 2285 3210 C
2318 3171 2583 3227 haberent
2622 3170 2755 3241 justi
2799 3186 2897 3242 per
2935 3186 3074 3242 quos
3123 3145 3507 3243 probarentur,
3542 3145 3775 3229 sicutaurtu

608 3259 726 3313 bent
755 3267 1058 3329 potestatem
1108 3262 1404 3332 scorpiones
1435 3273 1604 3318 terra.
1651 3264 1810 3334 Smpc
1837 3265 1980 3319 Deus
2005 3264 2210 3320 dicitur

606 3353 848 3423 dedisse,
877 3356 1021 3427 quod
1046 3357 1306 3426 permittit
1333 3374 1348 3425 ;
1381 3359 1649 3429 permittit
1683 3359 1829 3415 enim
1855 3359 1997 3416 Deus
2027 3359 2210 3430 impiis

609 3449 753 3506 male
781 3465 964 3521 agere,
989 3459 1049 3506 ut
1076 3465 1142 3506 ex
1191 3465 1380 3507 eorum
1427 3451 1586 3507 malis
1627 3451 1768 3507 bona
1797 3461 2074 3522 operetur.
2106 3451 2212 3507 Per

609 3545 929 3616 scorpiones
952 3560 1086 3601 vero
1129 3561 1427 3617 possumus
1454 3546 1736 3602 daemones
1763 3546 2049 3615 accipere;
2084 3546 2209 3618 quia

608 3640 754 3694 sicut
779 3639 1102 3709 scorpiones
1130 3639 1261 3694 dum
1302 3653 1410 3694 non
1441 3637 1829 3709 praevidentur,
1853 3651 2083 3709 corpora
2113 3637 2214 3694 lto-

606 3733 814 3788 minum
850 3747 952 3789 suo
994 3749 1208 3791 veneno
1249 3732 1505 3789 inﬁciunt
1527 3740 1582 3787 et
1619 3732 2018 3802 exstinguunt:
2059 3731 2133 3786 ita
2157 3740 2212 3787 et

607 3825 885 3884 daemones
912 3829 1142 3884 incautis
1190 3827 1504 3883 hominibus
1531 3839 1743 3882 venena
1789 3825 2054 3880 malarum
2087 3840 2211 3895 per-

609 3921 934 3978 suasionum
965 3921 1243 3992 ingerunt,
1275 3929 1331 3976 et
1357 3920 1483 3975 dum
1510 3919 1578 3974 ad
1610 3917 1971 3988 perpetranda
2003 3918 2209 3973 scelera

606 4018 953 4087 pertrahunt,
1013 4031 1203 4072 eorum
1252 4016 1464 4071 animas
1495 4029 1709 4071 veneno
1738 4028 1855 4068 suae
1881 4012 2105 4068 malitia:
2128 4011 2210 4066 in-

607 4110 778 4165 fectas
830 4110 1103 4166 occidunt.
1132 4111 1382 4166 Potestas
1409 4124 1542 4182 ergo
1603 4109 1961 4172 locustarum,
1990 4106 2042 4161 id
2101 4114 2206 4170 est,

608 4201 1012 4268 haereticorum,
1029 4202 1224 4258 similis
1241 4212 1324 4258 est
1344 4201 1601 4273 potestati
1628 4201 2003 4271 scorpionum,
2022 4198 2074 4254 id
2101 4207 2208 4264 est,

609 4295 920 4351 daemonum
949 4313 964 4361 ;
994 4297 1120 4367 quia
1167 4296 1306 4358 sicut
1349 4296 1625 4351 daemones
1656 4297 1710 4350 in
1742 4295 1847 4349 hoc
1873 4306 2092 4363 semper
2127 4291 2208 4346 in-

609 4390 826 4454 sistunt,
843 4400 902 4445 ut
928 4405 1300 4462 quoscumque
1321 4399 1552 4462 possunt
1572 4389 1849 4459 decipiant
1876 4405 1890 4441 :
1916 4387 1989 4442 ita
2016 4393 2076 4443 et
2096 4386 2209 4441 ha:-

607 4481 766 4537 retici
793 4490 902 4537 tota
931 4484 1134 4540 virtute
1183 4483 1527 4549 laborabant,
1553 4491 1612 4538 ut
1662 4494 2039 4552 quoscumque
2081 4493 2209 4550 pos-

611 4583 757 4640 sent,
791 4576 846 4632 in
877 4576 1085 4635 foveam
1117 4593 1231 4634 sure
1258 4577 1589 4649 perditionis
1617 4577 2029 4647 demergereut.

680 4667 862 4742 (Vers.
895 4669 978 4740 4.)
1026 4669 1097 4724 Et
1147 4681 1462 4742 prteceptum
1488 4677 1564 4725 est
1593 4669 1721 4736 illis,
1754 4684 1819 4722 ne
1871 4666 2117 4721 (cederent
2142 4671 2218 4738 fe-

607 4777 734 4816 num
758 4769 930 4826 terrae,
952 4778 1111 4835 neque
1137 4779 1286 4818 omne
1307 4764 1496 4830 uiride,
1525 4777 1690 4830 neque
1719 4776 1922 4816 omnem
1957 4761 2213 4815 arborem.

608 4852 764 4921 Quod
795 4854 1067 4924 significat
1115 4855 1299 4912 fenum
1355 4867 1537 4922 terrae,
1585 4855 1690 4910 hoc
1715 4863 1772 4909 et
1807 4868 1971 4908 omne
2001 4853 2213 4918 viride;

608 4959 732 5001 nam
765 4948 905 5001 sicut
925 4947 1179 5018 superius
1218 4947 1381 5020 (Sup.
1405 4964 1453 5001 c.
1479 4946 1536 5016 8)
1567 4945 1672 5002 sub
1688 4954 1855 5001 cantu
1888 4945 2029 5000 tubzc
2055 4945 2213 5015 primi

605 5038 784 5108 angeli
816 5053 913 5108 per
939 5055 1105 5096 omne
1131 5041 1314 5095 fenum
1343 5039 1543 5104 viride,
1566 5039 1710 5108 quod
1731 5040 2073 5094 combustum
2093 5055 2215 5096 esse

603 5129 828 5198 dicitur,
859 5132 1021 5189 electi
1066 5132 1161 5204 qui
1188 5133 1378 5204 primis
1427 5132 1768 5203 temporibus
1797 5131 2034 5201 fuerunt,
2067 5133 2210 5189 desi-

602 5234 840 5294 gnantur
869 5243 884 5279 :
914 5227 986 5280 ita
1012 5235 1069 5282 et
1091 5227 1180 5281 hic
1203 5242 1298 5296 per
1322 5225 1508 5280 fenum
1540 5234 1726 5290 teme,
1760 5232 1816 5280 et
1843 5239 2006 5280 omne
2035 5225 2208 5282 viride

603 5317 782 5373 fidelis
813 5319 1044 5388 populus
1074 5327 1159 5374 est
1181 5318 1493 5389 designatus
1523 5335 1537 5371 :
1561 5333 1660 5388 per
1687 5317 1912 5372 arbores
1941 5333 2076 5374 vero
2104 5319 2202 5373 do-

609 5419 790 5466 ctores
813 5411 1072 5466 Ecclesia:
1099 5411 1474 5482 designantur.
1492 5409 1757 5467 Prohibiti
1785 5417 1914 5465 sunt
1933 5425 2066 5480 ergo
2093 5411 2206 5467 hae-

603 5502 784 5570 retici,
814 5519 882 5558 ne
901 5503 1167 5560 laederent
1189 5507 1368 5560 fenum
1398 5514 1583 5572 terrae,
1616 5519 1794 5575 neque
1816 5518 1980 5560 omne
2003 5503 2198 5573 viride,

2313 3264 2458 3336 quod
2479 3263 2737 3333 probatur
2760 3279 2858 3335 per
2883 3264 3086 3336 ignem.

2385 3355 2543 3413 Unde
2597 3365 2653 3413 et
2699 3358 2952 3427 sequitur
2986 3377 2999 3413 :
3035 3358 3144 3415 Sed
3184 3369 3239 3414 ut
3279 3363 3606 3416 cruciarentur
3626 3357 3778 3414 mentita

2312 3449 2560 3522 quinque.
2579 3448 2681 3504 l‘er
2700 3464 2918 3506 menses
2935 3451 3177 3520 quinque
3205 3467 3373 3508 omne
3388 3462 3578 3524 tempus
3599 3452 3687 3506 vita
3701 3464 3776 3518 pm-

2314 3542 2510 3607 sentis,
2542 3542 2686 3613 quod
2715 3542 2770 3597 in
2795 3543 3034 3614 quinque
3059 3544 3315 3602 aetatibus
3345 3546 3589 3606 consistit.
3604 3556 3777 3615 passurus

2315 3638 2643 3710 intelligere.
2670 3637 2850 3694 Prima
2882 3654 3119 3709 namque
3144 3651 3282 3696 tetas
3311 3653 3394 3698 est
3416 3636 3777 3703 infantia,secuuda

2315 3733 2575 3803 pueritia,
2609 3734 2766 3789 tertia
2790 3731 3185 3802 adolescentia,
3214 3746 3411 3806 quarta
3436 3734 3776 3808 juventus,qninu

2314 3833 2569 3881 senectus
2603 3843 2618 3894 ;
2651 3828 2904 3897 quamvis
2932 3827 3126 3882 beatus
3181 3827 3498 3900 Gregorius.
3540 3840 3587 3885 ut
3617 3842 3698 3883 cum
3729 3838 3777 3879 su

2314 3918 2564 3973 aetatibus
2586 3918 2774 3973 mundi
2802 3927 2991 3974 mtates
3016 3919 3298 3976 hominum
3326 3922 3666 3986 conformaret,
3687 3929 3776 3971 sent-

2312 4019 2516 4068 ctutem
2534 4012 2587 4067 in
2613 4012 2747 4068 duas
2761 4022 2945 4083 partes
2961 4012 3260 4071 diviserit“.
3275 4014 3334 4071 In
3354 4017 3678 4086 quinqueergo
3694 4024 3778 4065 men-

2313 4104 2488 4170 sibus,
2510 4105 2562 4160 id
2587 4106 2763 4172 est,in
2789 4106 2940 4161 omni
2969 4116 3217 4178 tempore
3237 4109 3367 4166 vitze
3389 4108 3635 4181 praesentis
3649 4121 3716 4160 non
3735 4117 3780 4155 sc-

2314 4199 2425 4255 lum
2456 4197 2721 4267 hreretici,
2753 4198 2849 4254 sed
2877 4208 2932 4255 et
2957 4214 3151 4256 omnes
3201 4202 3355 4273 impii
3413 4203 3680 4258 cruciantur.
3705 4193 3777 4249 liam

2314 4293 2484 4348 velint
2513 4291 2707 4358 nolint,
2735 4305 2860 4346 cum
2890 4292 2956 4347 ad
2982 4294 3303 4349 memoriam
3336 4305 3553 4351 mortem
3575 4298 3780 4362 pmnam‘l‘d"

2313 4397 2434 4454 quze
2462 4391 2694 4438 mortem
2726 4383 2996 4453 sequitur,
3050 4385 3360 4452 reducunt;
3403 4385 3617 4458 quamvis
3649 4381 3694 4436 de
3711 4391 3779 4447 pro-

2318 4476 2673 4548 speritatibus
2692 4476 2879 4532 saeculi
2896 4477 3183 4533 videantur
3204 4477 3781 4546 exsultare,cruciantutla-

2319 4583 2444 4624 men
2491 4569 2850 4637 intrinsecus,
2882 4584 2949 4625 eo
2999 4569 3147 4640 quod
3192 4571 3373 4627 sciant
3412 4588 3468 4628 se
3491 4587 3575 4643 pro
3597 4563 3781 4624 sceleribus

2320 4667 2435 4722 suis
2483 4667 2824 4722 mternaliter
2866 4680 2991 4723 esse
3017 4668 3367 4724 cruciandos.
3402 4665 3680 4726 Econtrario
3693 4657 3781 4730 justi.

2319 4761 2571 4833 quamvis
2597 4761 2946 4818 extrinsecus
2982 4761 3222 4818 diversis
3260 4763 3439 4821 modis
3467 4751 3782 4831 afﬁigantut;i"

2321 4853 2590 4908 trinsecus
2611 4860 2789 4908 tamen
2820 4851 2890 4907 de
2939 4868 3038 4924 spe
3065 4854 3312 4911 coele5tis
3337 4856 3534 4927 gloriae,
3555 4852 3734 4920 adquam
3753 4855 3783 4894 SP-

2319 4957 2684 5018 perveuturos
2705 4947 2960 5012 credunt,
2982 4949 3283 5004 exsultant.
3312 4949 3587 5006 Possumus
3609 4944 3720 5000 etiam
3734 4948 3784 5004 p‘t

2322 5041 2565 5112 quinque
2611 5054 2832 5097 menses
2855 5055 3018 5095 omne
3041 5050 3256 5112 tempus
3287 5043 3448 5114 hujus
3486 5037 3636 5098 mundi
3668 5027 3783 5089 intelli-

2319 5135 2691 5207 gere;primus
2713 5149 2948 5205 namque
2962 5136 3168 5191 mensis
3188 5145 3274 5191 est
3294 5138 3365 5194 ab
3385 5137 3570 5208 origine
3592 5125 3720 5188 mundi
3733 5136 3780 5176 us-

2313 5242 2420 5299 que
2436 5227 2504 5283 ad
2522 5227 2810 5294 diluvium,
2835 5227 3110 5284 secundus
3133 5243 3164 5284 a
3178 5228 3386 5284 diluvio
3408 5224 3617 5301 usquead
3629 5221 3781 5290 lloystt.

2311 5323 2505 5378 tertius
2525 5338 2555 5378 a
2576 5322 2762 5396 Moyse
2784 5337 2956 5394 usque
2976 5322 3043 5377 ad
3069 5323 3482 5394 David,quartus
3501 5338 3526 5377 a
3544 5315 3672 5376 David
3687 5319 3782 5375 αδαπε

2309 5417 2377 5472 ad
2409 5415 2711 5481 Christum,
2739 5417 2958 5486 quintus
2979 5430 3010 5470 a
3037 5415 3258 5472 Christo
3283 5432 3455 5484 usque
3474 5415 3533 5471 ad
3553 5415 3781 5469 consumma-

2309 5509 2512 5564 tionem
2549 5507 2756 5564 sseculi.
2794 5508 2851 5562 In
2873 5508 2942 5563 iis
2983 5523 3116 5579 ergo
3144 5509 3390 5581 quinque
3424 5505 3652 5565 mensibus
3667 5504 3779 5555 0mm5

607 5607 785 5664 neque
823 5610 1043 5652 omnem
1069 5598 1356 5664 arborem;
1388 5599 1515 5670 quia
1545 5613 1654 5655 non
1681 5597 1933 5670 permisit
1956 5598 2121 5668 Deus,
2145 5608 2203 5656 ut
2304 5601 2666 5661 fabricatores
2706 5617 2955 5660 errorum
2987 5605 3328 5672 cruciantur,
3363 5607 3473 5662 sive
3508 5616 3564 5659 eo
3586 5593 3702 5656 modo
3717 5598 3778 5659 φιθ

671 5808 695 5835 σι
729 5795 978 5863 Quamvis
1033 5796 1212 5852 beatus
1240 5796 1589 5869 Gregorius...
1619 5798 1875 5868 diviserit,
1906 5801 2187 5857 communi
2213 5803 2458 5859 omnium
2488 5818 2618 5860 mss.
2651 5805 2981 5861 auctoritate
3001 5803 3332 5864 vindicatur.
