3950 6314
141 304 236 360 857

862 295 929 351 IN
967 293 1446 353 APOCALYPSIN
1488 293 1878 354 EXPOSITIO.
1923 294 2011 351 DE
2052 295 2326 356 VISIONE
2365 297 2677 369 QUARTA.

3307 295 3416 356 858

137 411 368 485 superius
391 408 932 480 diximus,sivequod
959 409 1124 465 falsas
1142 407 1555 466 adinventiones
1580 424 1708 465 suas
1734 413 1784 473 Α
1813 410 2034 479 quando
2069 411 2122 465 in
2145 410 2248 466 hoc
2271 411 2608 480 laboramus,
2643 421 2701 468 ut
2722 412 3034 472 divitiarum
3067 426 3420 485 possessores

133 507 306 566 vident
334 520 362 559 a
392 505 621 560 veritate
641 504 913 576 superari.

197 601 258 656 Et
285 599 540 653 cruciatus
565 614 738 652 eorum
779 607 835 652 ut
855 599 1112 654 cruciatus
1141 597 1354 670 scorpii,
1383 614 1498 652 cum
1523 614 1705 668 percu-

131 697 185 751 tit
204 693 470 748 hominem.
526 692 774 748 Diximus
801 693 1056 763 superius
1099 709 1194 762 per
1242 693 1562 762 scorpiones
1592 693 1704 746 dm-

129 801 301 846 mones
342 799 463 841 esse
509 785 820 857 designatos
849 804 864 854 ;
893 801 1017 840 nam
1059 787 1199 842 sicut
1242 788 1456 856 scorpio
1499 801 1702 857 corpus

124 881 296 938 aculeo
322 879 588 944 vulnerat,
612 887 672 935 ut
699 894 794 950 per
830 881 1030 935 vulnus
1058 895 1325 936 venenum
1354 881 1698 946 intromittat,

125 991 210 1048 per
229 971 365 1045 quod
413 971 690 1028 hominem
741 971 1071 1039 interﬁciat;
1099 981 1122 1010 α
1154 974 1224 1028 ita
1251 983 1308 1029 et
1337 973 1586 1027 diabolus
1607 981 1700 1027 aut

121 1070 211 1133 ira,
234 1077 318 1121 aut
347 1065 995 1135 superbia,antlibidine,
1016 1075 1105 1121 aut
1130 1065 1308 1136 aliqua
1332 1065 1698 1121 delectatione

118 1159 305 1216 carnali
331 1167 569 1213 mentem
624 1159 894 1225 vulnerat,
927 1167 985 1212 ut
1013 1173 1109 1228 per
1138 1158 1240 1213 hoc
1275 1173 1544 1213 venenum
1583 1171 1696 1213 sua:

120 1253 316 1309 malitiae
364 1250 633 1319 infundat,
693 1251 1040 1323 animamque
1069 1251 1376 1307 interﬁciat.
1409 1250 1694 1306 Crucialus

116 1362 230 1417 ergo
252 1345 576 1400 locustarum
595 1346 790 1402 similis
812 1361 936 1404 esse
959 1348 1222 1403 cruciatui
1251 1348 1452 1418 scorpii
1471 1346 1690 1413 dicitur;

114 1441 226 1513 quia
256 1439 495 1495 hmretici
526 1441 804 1496 imitantes
837 1449 1047 1508 patrem
1087 1456 1244 1496 suum
1271 1440 1568 1507 diabolum,
1597 1455 1693 1511 per

113 1534 239 1590 lenia
263 1532 425 1588 verba
457 1543 620 1605 atque
651 1535 948 1605 composita
981 1543 1190 1590 mentes
1219 1533 1497 1589 hominum
1517 1535 1688 1605 impc-

111 1629 322 1683 ritornm
352 1627 731 1693 vulnerabant,
765 1643 1149 1698 venenumque
1180 1628 1261 1682 sui
1288 1628 1491 1684 erroris
1514 1629 1690 1683 infun—

111 1722 308 1788 dentes,
335 1737 523 1778 eorum
578 1724 789 1777 animas
838 1722 1442 1779 necabant.Possumus
1489 1722 1687 1793 quippe

1808 501 2122 558 efﬁciamur
2149 545 2164 572 ,
2209 514 2268 558 ut
2322 503 2628 562 habeamus
2667 506 2814 562 unde
2843 507 3120 564 desideria
3176 506 3414 561 carnalia

1806 596 2151 668 expleamus.
2183 597 2476 655 Amatores
2514 610 2730 656 nostros
2752 603 3062 674 sequimur,
3094 611 3149 655 ct
3189 617 3296 656 non
3319 615 3415 671 ap-

1805 691 2224 762 prehendimns,
2272 693 2493 762 quando
2515 693 2893 749 misericordia
2921 694 3015 749 Dei
3048 693 3409 764 impediente,

1802 784 1870 840 ad
1904 784 2007 840 hoc
2039 783 2182 856 quod
2221 784 2490 841 inutiliter
2541 785 2948 853 desideramus,
2983 785 3275 858 pervenire
3298 799 3407 841 non

1804 894 2114 950 possumus.
2687 945 2694 949 _

1873 973 2054 1046 (Vers.
2090 972 2172 1046 7.)
2199 972 2268 1029 Et
2296 973 2657 1028 similitudines
2688 973 3007 1028 locustarum
3037 973 3233 1028 similes
3263 972 3410 1042 equis

1799 1068 1997 1138 paratis
2044 1069 2097 1120 in
2143 1066 2405 1134 prtL’lium.
2462 1065 2567 1120 l’er
2610 1080 2780 1136 equos
2824 1079 2970 1135 saepe
3019 1064 3409 1135 praedicatores

1799 1159 1970 1214 sancti
2004 1157 2383 1229 designantur,
2429 1157 2573 1212 sicut
2613 1155 2863 1211 llabacuc
2893 1155 3155 1226 propheta
3189 1155 3242 1209 in
3271 1170 3404 1210 can-

1799 1254 1906 1309 tico
1939 1267 2040 1307 suo
2068 1253 2327 1323 loquitur,
2361 1251 2550 1307 dicens
2577 1269 2590 1306 :
2634 1249 2784 1304 Viam
2813 1251 2988 1320 fecisti
3018 1251 3073 1304 in
3105 1251 3237 1304 mari
3265 1251 3408 1320 equis

1796 1349 1919 1414 tuis,
1949 1349 2002 1401 in
2025 1349 2134 1402 luto
2156 1363 2409 1415 aquarum
2431 1347 2709 1401 multarum
2735 1344 2960 1416 (Ilabac.
2991 1359 3072 1409 tn,
3103 1342 3214 1414 15).
3249 1344 3399 1398 Viam

1794 1437 1919 1496 fecit
1951 1439 2095 1494 Deus
2125 1441 2177 1494 in
2209 1439 2344 1494 mari
2375 1440 2529 1509 equis
2558 1438 2703 1504 suis,
2738 1438 2790 1492 in
2826 1438 2938 1492 luto
2968 1452 3230 1506 aquarum
3265 1436 3405 1491 mul-

1795 1543 1992 1599 tarum,
2017 1533 2237 1604 quando
2265 1533 2421 1587 initio
2447 1531 2570 1586 ﬁdei
2594 1545 2782 1602 pacem
2811 1529 3014 1585 mundo
3037 1529 3259 1600 largitus
3285 1536 3401 1594 est;

1795 1636 1852 1681 ut
1877 1627 2108 1696 apostoli
2138 1626 2256 1697 ejus
2286 1641 2383 1696 per
2408 1625 2691 1681 universas
2722 1632 2943 1696 gentes,
2977 1638 3097 1694 quae
3124 1637 3222 1694 per
3250 1636 3400 1676 mare

1789 1729 1845 1775 et
1876 1720 2044 1775 lutum
2072 1720 2364 1791 designata:
2404 1729 2530 1776 sunt
2561 1729 2780 1788 possent
2821 1719 3132 1774 discurrere
3158 1758 3172 1782 ,
3219 1725 3275 1772 et
3305 1730 3395 1772 se-

103 1832 190 1888 per
215 1818 510 1872 cruciatum
543 1819 848 1873 animarum
883 1817 1315 1874 interfectionem
1351 1819 1677 1887 intelligere.
1715 1805 1761 1866 B
1789 1815 1933 1869 mina
1965 1814 2089 1869 ﬁdei
2120 1830 2399 1886 spargere.
2435 1815 2568 1884 Equi
2597 1827 2727 1883 ergo
2757 1813 2850 1867 Dei
2879 1811 2943 1867 ad
2971 1811 3216 1882 praelium
3241 1824 3401 1881 para-

170 1909 344 1982 (Vers.
377 1910 459 1983 6.)
489 1910 558 1966 Et
587 1912 640 1966 in
668 1913 850 1966 diebus
891 1913 998 1967 illis
1028 1923 1258 1982 quwrent
1289 1913 1522 1969 homines
1543 1930 1686 1967 mor-

104 2016 209 2072 tem,
234 2015 406 2060 etnon
452 2005 710 2062 invenient
762 2025 873 2062 eam
905 2024 924 2061 :
953 2018 1002 2063 ct
1033 2009 1240 2075 cupient
1271 2011 1426 2074 mori,
1455 2018 1502 2063 et
1527 2009 1689 2082 fugiet

102 2114 230 2152 mors
260 2100 321 2152 ab
348 2099 444 2154 eis.
486 2099 613 2156 llaec
643 2101 912 2155 sententia
943 2099 1010 2155 ad
1071 2101 1284 2156 electos
1329 2103 1586 2172 pertinet.
1618 2101 1685 2156 In

103 2189 265 2244 diebus
292 2190 421 2257 illis,
469 2190 522 2246 id
549 2200 656 2254 est.
684 2190 738 2245 in
767 2190 961 2246 diebus
991 2191 1189 2262 quibus
1242 2191 1528 2262 Evangelii
1556 2207 1685 2263 grao

104 2279 166 2335 tia
197 2295 288 2350 per
315 2282 633 2338 universum
666 2283 925 2339 mundum
955 2285 1212 2356 refulget,
1260 2293 1491 2353 quwrent
1515 2284 1684 2338 homi-

101 2391 178 2430 nes
195 2386 425 2430 mortem.
459 2375 754 2444 Quarrebat
793 2377 992 2432 Paulus
1023 2389 1252 2433 mortem
1304 2377 1683 2449 persequendo

99 2467 384 2524 Ecclesium
449 2469 565 2535 Dei,
597 2478 657 2524 et
688 2484 793 2524 non
824 2470 1036 2525 invenit
1082 2486 1201 2525 eam
1229 2487 1243 2528 :
1279 2472 1403 2540 quia
1433 2469 1681 2524 Christus

94 2561 175 2630 qni
222 2571 301 2615 est
331 2575 520 2616 murus
570 2561 1044 2631 impenetrabilis,
1093 2577 1152 2618 se
1203 2563 1278 2616 illi
1330 2561 1619 2633 objiciens,
1650 2578 1679 2616 a

94 2662 256 2710 morte
276 2671 440 2727 quam
474 2656 782 2728 quaerebat,
807 2657 872 2711 ad
907 2659 1095 2724 vitam,
1128 2675 1246 2728 qua:
1280 2669 1363 2713 est
1394 2659 1533 2728 ipse,
1562 2659 1679 2713 vio-

94 2750 259 2808 lenter
298 2753 537 2808 reduxit.
594 2753 839 2809 Fuerunt
879 2763 935 2808 et.
985 2754 1074 2808 alii
1106 2755 1282 2820 multi,
1329 2755 1677 2826 quiqnaesie-

92 2853 209 2899 runt
257 2855 492 2902 mortem
520 2854 615 2900 aut
645 2845 943 2902 Ecclesiam
998 2847 1091 2902 Dei
1149 2848 1550 2918 persequendo,
1585 2857 1678 2904 aut

88 2946 272 2993 czetera
319 2940 461 2994 mala
522 2939 835 2995 exercendo
880 2957 892 2992 :
923 2939 1018 2994 sed
1075 2938 1212 3010 fugit
1241 2956 1388 2995 mors
1419 2941 1486 2995 ab
1518 2941 1672 3010 ipsis,

87 3030 202 3101 quia
233 3047 331 3104 per
372 3033 819 3104 praedicationem
876 3044 1184 3088 sanctorum
1233 3035 1299 3088 ad
1352 3037 1516 3090 vitam
1551 3045 1676 3090 sunt

85 3130 335 3182 revocati.
369 3127 476 3185 Nos
509 3129 672 3185 etiam
705 3129 968 3200 quosdam
1017 3129 1269 3196 vidimus,
1311 3131 1401 3200 qui
1441 3131 1672 3199 quaesie-

85 3231 203 3277 runt
234 3235 493 3292 mortem,
541 3235 597 3281 et
627 3241 730 3281 non
762 3227 1086 3281 invenerunt
1109 3242 1230 3282 eam
1264 3244 1278 3293 ;
1307 3237 1359 3282 et
1383 3229 1673 3297 cupierunt

84 3315 236 3378 mori,
272 3325 327 3370 et
375 3316 508 3387 fugit
553 3333 701 3373 mors
722 3319 789 3373 ab
812 3318 914 3373 eis.
971 3318 1190 3375 Scimus
1238 3320 1379 3374 enim
1409 3320 1670 3390 quosdam

82 3404 262 3474 fuisse,
306 3411 400 3481 qui
448 3411 682 3482 amplius
727 3427 887 3482 quam
930 3413 1220 3482 Oportebat
1257 3412 1515 3467 saeculum
1547 3414 1674 3467 dili-

79 3508 286 3568 gentes.
311 3502 482 3557 multo
503 3513 773 3573 tempore,
795 3505 1092 3575 multisque
1111 3503 1286 3557 modis
1306 3503 1671 3570 laborassent,

82 3605 136 3648 ut
180 3596 382 3652 divites
439 3597 674 3665 ﬁerent,
731 3599 1020 3668 cupientes
1066 3598 1323 3654 delitiose
1371 3600 1590 3663 vivere,
1619 3608 1674 3653 et

79 3693 252 3748 carnis
271 3693 440 3765 539
467 3707 583 3748 sua:
610 3692 883 3748 desideria
906 3694 1171 3760 perlicere
1190 3692 1216 3730 δ
1240 3711 1252 3746 :
1273 3692 1369 3748 sed
1384 3708 1507 3747 cum
1530 3692 1595 3746 ad
1619 3692 1671 3747 id

77 3787 215 3857 quod
255 3789 543 3858 Optabant,
579 3789 867 3858 pervenire
918 3803 1025 3842 non
1055 3794 1300 3857 possent,
1352 3795 1673 3856 respuentes

76 3881 257 3936 saeculi
310 3881 444 3937 falsa
474 3884 767 3954 promissa,
799 3881 867 3936 ad
907 3881 1124 3937 divitias
1185 3882 1441 3937 caelestes
1487 3882 1674 3952 acqui-

75 3976 266 4031 rendas
288 3993 352 4033 se
365 3978 736 4037 contulerunt.
755 3987 919 4048 atque
933 3977 997 4030 ad
1025 3992 1213 4032 earnm
1239 3977 1669 4046 perceptionem,

74 4066 208 4122 sicut
235 4068 716 4132 credimus,bonis
737 4068 1001 4138 operibus
1028 4067 1355 4132 insistendo,
1383 4068 1672 4138 pervenire

73 4172 410 4218 meruerunt.
448 4161 694 4218 Vidimus
731 4161 1090 4216 nihilominus
1111 4162 1374 4233 quosdam
1396 4171 1666 4217 monaste-

71 4255 144 4310 ria
170 4257 478 4328 reliquisse.
505 4266 559 4313 et
583 4258 651 4313 ad
684 4258 944 4312 saeculum
972 4257 1256 4322 transisse,
1290 4267 1343 4312 et
1367 4256 1420 4312 in
1445 4256 1672 4314 servitlo

70 4351 427 4417 quorumdam
473 4353 754 4408 hominum
807 4354 1110 4423 potentium
1144 4368 1204 4410 se
1251 4353 1582 4420 tradidisse;
1614 4365 1672 4411 ut

71 4449 317 4499 terrenas
344 4444 564 4500 divitias
589 4453 753 4515 atque
773 4447 1175 4516 possessiones,
1204 4462 1337 4517 quas
1367 4463 1465 4517 per
1491 4463 1550 4502 se
1577 4449 1671 4502 ha-

70 4532 198 4589 bere
224 4552 332 4591 non
361 4545 640 4607 poterant,
664 4554 852 4593 eorum
885 4538 1155 4610 suffragiis
1182 4541 1497 4595 obtinerent
1525 4557 1538 4593 :
1573 4541 1666 4595 sed

66 4639 186 4682 cum
214 4628 284 4682 ad
317 4629 368 4684 id
409 4628 554 4700 quod
603 4630 1012 4696 desiderabant,
1047 4633 1340 4701 pervenire
1387 4648 1497 4688 non
1543 4649 1668 4703 pos-

66 4731 205 4783 sent.
239 4723 503 4780 sacculum
557 4724 870 4795 reliquisse,
904 4736 957 4779 et
985 4726 1054 4780 ad
1089 4728 1419 4782 monasteria
1451 4741 1546 4781 sua
1579 4743 1667 4782 re-

64 4812 259 4876 diisse.
290 4825 456 4886 atque
486 4817 538 4873 in
564 4818 723 4874 bonis
750 4819 1012 4889 operibus
1039 4819 1206 4874 vitam
1242 4822 1592 4876 terminasse.
1627 4822 1666 4877 li

63 4919 194 4975 ergo
223 4909 560 4975 quaesierunt
614 4919 870 4975 mortem,
902 4918 958 4965 et
987 4926 1095 4964 non
1146 4911 1474 4966 invenerunt
1509 4928 1664 4978 eam;

61 5003 114 5049 et
144 4997 447 5068 cupierunt
487 5000 650 5064 mori,
699 5010 754 5055 et
784 4999 921 5071 fugit
952 5016 1102 5056 mors
1132 5002 1200 5056 ab
1232 5003 1331 5057 eis.
1360 5004 1436 5058 De.
1468 5004 1666 5060 talibus

62 5087 333 5144 Dominus
389 5093 493 5147 sub
533 5094 718 5164 specie
748 5092 1091 5149 Hierusalem
1140 5095 1208 5150 ad
1237 5096 1558 5165 prophetam
1586 5097 1664 5152 lo-

61 5181 272 5250 quitur,
305 5184 497 5240 dicens
529 5204 542 5240 :
570 5184 706 5240 Ecce
749 5203 843 5255 ego
868 5189 1064 5255 sepiam
1080 5189 1214 5242 uiam
1241 5198 1382 5242 tuam
1399 5190 1582 5259 spinis,
1617 5201 1664 5244 et

59 5279 260 5343 sepiam
293 5295 406 5334 eam
446 5283 692 5346 maceria,
721 5291 766 5336 et
797 5283 1010 5336 semitas
1038 5299 1159 5337 suas
1187 5300 1290 5336 non
1324 5285 1563 5339 inveniet.
1599 5284 1664 5340 Et

56 5381 306 5438 sequetur
328 5383 584 5428 amatores
611 5389 753 5437 suos,
778 5383 828 5427 et
859 5389 962 5427 non
983 5375 1336 5444 apprehendet
1365 5393 1451 5431 eos
1479 5393 1498 5430 :
1518 5393 1660 5444 quaa-

57 5470 154 5528 ret,
174 5473 222 5516 et
252 5480 359 5519 non
405 5467 628 5522 inveniet
671 5483 757 5522 eos
791 5466 939 5537 (Use.
970 5483 1027 5531 Il,
1059 5469 1138 5538 6).
1171 5467 1459 5524 Amatores
1491 5469 1662 5526 nostri

57 5565 185 5611 sunt
215 5557 488 5616 desideria
511 5562 782 5618 carnalia:
814 5570 1091 5617 amatores
1119 5571 1340 5618 nostros
1356 5564 1660 5635 sequimur,

130 5721 156 5748 "
184 5710 274 5792 Ita
324 5725 368 5768 et
409 5717 746 5792 diabolum...
771 5718 1099 5791 animamque
1145 5720 1448 5792 interﬁciat,
1491 5721 1542 5775 in
1571 5736 1665 5777 co-

58 5784 183 5840 dice
205 5784 369 5840 Gem.
398 5788 766 5845 desideratur.

131 5855 160 5892 b
190 5857 396 5915 Omnes
418 5861 577 5929 edit.,
611 5873 667 5917 ut
692 5861 866 5918 carnis
891 5879 1000 5919 stuc
1026 5865 1281 5920 desideria
1326 5864 1669 5936 perﬁcerent;

1790 1909 2004 1976 bantur,
2037 1909 2254 1980 quando
2279 1908 2676 1980 praedicatores
2707 1908 2882 1963 sancti
2911 1916 2964 1962 et
2998 1907 3166 1961 verbo
3198 1913 3254 1960 et
3280 1905 3396 1959 vir-

1789 2003 1996 2059 tutibus
2026 2004 2091 2058 ad
2125 2003 2226 2058 hoc
2260 2004 2648 2069 armabantur;
2696 2013 2755 2057 ut
2793 2018 2965 2074 genus
2998 2003 3296 2057 humanum
3326 2001 3398 2056 de

1787 2107 2058 2168 potestate
2081 2097 2278 2153 diaboli
2295 2106 2571 2153 eruerent.
2595 2097 2843 2152 Locusta:
2862 2112 2994 2150 vero
3013 2097 3220 2152 similes
3239 2097 3400 2166 equis

1787 2193 1992 2262 paratis
2022 2193 2074 2248 in
2109 2193 2354 2263 pra-lium
2385 2207 2508 2247 esse
2537 2191 2829 2256 dicuntur;
2863 2191 2990 2262 quia
3020 2191 3158 2244 sicut
3193 2189 3396 2259 praedi-

1785 2297 2001 2343 catores
2021 2288 2192 2342 sancti
2220 2296 2328 2340 tota
2351 2287 2548 2341 virtute
2573 2285 2916 2348 laborabant,
2944 2293 3002 2338 ut
3023 2296 3396 2354 quoscumque

1786 2393 2030 2455 possent,
2055 2383 2123 2436 de
2142 2382 2350 2450 laqueis
2375 2380 2578 2436 diaboli
2608 2381 2888 2451 eriperent
2919 2396 2931 2431 :
2965 2378 3036 2432 ita
3063 2385 3118 2432 et
3147 2374 3394 2430 barretici

1783 2475 1850 2530 ad
1885 2475 1987 2531 hoc
2019 2489 2238 2545 semper
2269 2474 2643 2538 armabantur,
2680 2484 2735 2526 ut
2764 2485 3138 2543 quoscumque
3167 2478 3394 2540 possent

1783 2569 2056 2638 decipere,
2091 2569 2142 2623 in
2177 2569 2457 2624 baratrum
2487 2584 2599 2623 sua:
2625 2566 2992 2621 damnationis
3023 2565 3390 2620 involverent.

1782 2662 1851 2717 Et
1893 2679 2049 2734 super
2089 2664 2260 2735 capita
2289 2679 2462 2717 rarum
2495 2672 2754 2733 tamquam
2797 2675 2998 2714 rorante
3020 2658 3214 2713 similes
3241 2673 3392 2712 auro.

1781 2755 1939 2826 Smpe
1963 2772 2061 2826 per
2083 2770 2275 2810 aurum
2299 2755 2565 2825 sapientia
2591 2755 2936 2825 designatur,
2967 2753 3110 2806 sicut
3139 2750 3393 2820 superius

1774 2851 1886 2922 jam
1920 2850 2162 2905 diximus
2195 2869 2208 2905 :
2243 2866 2339 2920 per
2370 2865 2600 2904 coronas
2629 2849 2962 2903 locustarum
2988 2846 3252 2916 sapientia
3282 2859 3390 2899 sa:-

1777 2944 1984 3000 cularis
2011 2943 2339 3000 ostenditur.
2369 2942 2603 2998 Coronae
2635 2944 2797 3013 igitur
2829 2941 3166 2996 locustarum
3195 2955 3388 2994 aurum

1777 3039 1906 3107 ipsae
1948 3053 2054 3092 non
2100 3047 2294 3105 erant,
2338 3037 2434 3092 sed
2479 3035 2892 3092 similitudinem
2921 3034 3039 3089 auri
3071 3033 3390 3098 habebant;

1775 3133 1899 3204 quia
1924 3133 2187 3204 sapientia
2207 3133 2506 3199 saecularis,
2532 3133 2586 3188 in
2610 3147 2716 3200 qua
2739 3130 2981 3186 ha-rctici
3005 3132 3238 3204 maxime
3255 3143 3390 3183 con-

1701 3196 1745 3259 C
1782 3227 2042 3293 ﬁdebant,
2076 3243 2266 3282 aurum
2299 3243 2404 3283 non
2436 3236 2574 3290 erat,
2605 3225 2656 3280 id
2687 3236 2792 3289 est,
2829 3224 3130 3294 sapientia;
3164 3222 3258 3276 sed
3291 3236 3390 3292 po-

1779 3321 1884 3375 tius
1911 3321 2163 3388 stultitia,
2194 3321 2336 3375 sicut
2363 3319 2494 3374 dicit
2523 3318 2806 3389 apostolus
2835 3316 3037 3372 Paulus
3068 3333 3081 3369 :
3113 3314 3387 3388 Sapientia

1778 3413 1932 3483 hujus
1955 3413 2132 3467 seaculi
2156 3413 2379 3466 stultitia
2403 3421 2475 3466 est
2503 3411 2643 3483 apud
2664 3408 2833 3464 Deum
2864 3407 2905 3481 (l
2937 3406 3058 3462 Cor.
3085 3424 3166 3472 ιιι,
3200 3406 3310 3475 19).

1851 3505 1918 3559 Et
1939 3506 2098 3576 facies
2120 3521 2319 3570 earum,
2344 3507 2474 3559 sicut
2498 3506 2653 3576 {acies
2675 3503 2960 3557 hominum.
2989 3502 3161 3556 llomo
3217 3503 3387 3556 ratio-

1777 3600 1901 3655 nale
1927 3598 2224 3654 estanimal
2247 3617 2259 3653 :
2279 3613 2374 3669 per
2405 3598 2593 3652 faciem
2615 3613 2742 3652 vero
2758 3597 3040 3651 hominum
3069 3596 3379 3650 divinarum

1777 3692 2178 3763 Seripturarnm
2211 3692 2493 3747 scientiam
2527 3690 2830 3759 intelligere
2859 3702 3186 3758 possumus,
3219 3703 3380 3757 quam

1779 3787 2018 3844 haeretici
2052 3787 2255 3842 habere
2285 3785 2607 3850 studebant,
2636 3794 2694 3838 ut
2726 3800 2821 3854 per
2849 3799 2968 3838 eam
3005 3782 3216 3836 facilius
3245 3783 3380 3836 sim-

1776 3880 1946 3950 plices
1974 3893 2219 3950 qnosque
2247 3877 2582 3947 deciperent.
2616 3874 2864 3930 Locustae
2891 3874 3052 3945 igitur
3084 3872 3252 3926 facies
3285 3873 3384 3925 hn-

1778 3974 1982 4027 minum
2015 3972 2218 4027 habere
2258 3971 2603 4036 videbantur,
2647 3967 2741 4023 sed
2775 3965 3074 4021 similitudo
3112 3974 3228 4020 erat
3271 3980 3380 4019 non

1776 4066 2014 4130 veritas;
2057 4065 2183 4135 quia
2224 4062 2465 4117 haeretici
2495 4061 2818 4115 videbantur
2843 4057 3062 4129 quidem
3093 4056 3378 4113 scientiam

1777 4158 1982 4214 habere
2010 4158 2315 4212 divinatum
2345 4156 2750 4224 Scripturarnm
2785 4170 2797 4204 :
2831 4151 2925 4206 sed
2959 4149 3145 4220 procul
3174 4164 3201 4202 a
3235 4150 3381 4205 veri-

1777 4261 1889 4308 tate
1919 4252 2212 4318 distabant,
2241 4251 2363 4321 quia
2394 4263 2514 4303 eam
2545 4263 2650 4302 non
2680 4254 2830 4301 recte
2862 4243 3262 4312 intelligebant.

1848 4345 2032 4417 (V’ers.
2066 4345 2146 4415 8.)
2183 4343 2245 4397 Et
2272 4341 2522 4395 habebant
2549 4339 2768 4410 capillos
2790 4337 2921 4391 sicut
2951 4335 3170 4408 capillos
3192 4335 3381 4388 mulie-

1776 4461 1912 4500 rum.
1941 4443 2046 4498 Per
2073 4441 2298 4511 capillos
2320 4439 2410 4510 qtti
2435 4438 2553 4492 sine
2575 4450 2738 4491 sensu
2765 4432 3158 4506 pra-ciduntnr,
3187 4444 3380 4501 possu-

1777 4554 1896 4594 mus
1928 4537 2218 4592 maximam
2263 4531 2672 4588 multitudincm
2714 4528 3000 4583 stultorum
3036 4525 3375 4595 intelligere,

1772 4635 1861 4703 qui
1892 4632 1961 4686 ab
1992 4629 2264 4685 hmreticis
2291 4627 2449 4682 facile
2479 4623 2933 4694 decipiebantur;
2965 4620 3092 4692 quia
3121 4620 3261 4674 sicut
3287 4635 3376 4672 ca-

1770 4723 1885 4795 pilli
1908 4723 2112 4792 absque
2131 4720 2328 4790 injuria
2352 4717 2742 4786 praecidantur,
2767 4714 2836 4770 ita
2862 4722 2915 4769 et
2934 4713 3020 4768 i5ti
3043 4711 3112 4767 ab
3137 4711 3379 4766 Ecclesia

1771 4819 1888 4872 sine
1910 4817 2092 4886 aliquo
2116 4814 2403 4884 dispendio
2431 4811 2645 4883 praecisi
2673 4818 2818 4865 sunt.
2845 4809 2948 4864 Per
2967 4809 3230 4863 mulieres
3247 4821 3376 4860 vero

1769 4910 2016 4966 diversas
2054 4907 2335 4964 Ecclesias
2378 4919 2669 4975 possumus
2715 4903 3046 4973 intelligere.
3093 4898 3382 4956 Habebunt

1773 5005 1934 5073 igitur
1959 5003 2184 5056 locusta:
2206 4999 2433 5069 capillos
2466 4999 2609 5052 sicut
2628 4995 2862 5066 capillos
2893 4994 3182 5050 mulierum
3206 5007 3221 5057 ;
3250 4991 3374 5061 quia

1771 5095 1913 5148 sicut
1930 5099 2130 5145 sancta:
2155 5089 2412 5144 Ecclesia:
2434 5089 2526 5144 Dei
2550 5088 2823 5142 habebant
2845 5095 3050 5140 turmas
3077 5097 3228 5145 suas,
3253 5097 3374 5150 qum

1773 5188 1940 5244 certis
1963 5185 2298 5256 temporibus
2319 5183 2382 5239 ad
2405 5184 2587 5239 divina
2604 5181 2663 5238 of
2667 5184 2782 5238 llcia
2798 5177 3119 5235 celebranda
3136 5175 3378 5231 conﬁne-

1773 5284 1906 5339 bant
1940 5302 1952 5338 :
1987 5283 2060 5337 ita
2093 5293 2146 5337 et
2177 5280 2418 5336 hmretici
2445 5279 2719 5335 habebant
2748 5274 2979 5346 pepulos
3005 5272 3247 5336 insanos,
3281 5269 3374 5339 qui

1774 5380 1828 5435 in
1857 5378 2089 5434 diversis
2115 5378 2249 5432 locis
2270 5373 2688 5435 conveniebant,
2719 5384 2824 5423 non
2860 5378 2880 5404 ε
2912 5365 2977 5419 ad
3008 5363 3266 5437 mysteria
3293 5365 3376 5418 di-

1772 5474 1916 5536 vina.
1953 5471 2048 5527 sed
2070 5471 2134 5525 ad
2150 5469 2421 5525 diabolica
2444 5461 2792 5522 celebranda.
2814 5460 2878 5514 Et
2896 5459 3070 5512 dentes
3081 5458 3375 5512 earumsic-

1772 5575 1828 5620 ut
1872 5567 2080 5620 leonum
2107 5573 2273 5619 erant.
2309 5560 2558 5616 Ofﬁcium
2591 5555 2835 5611 dentium
2865 5559 2986 5619 est,
3027 5564 3080 5607 ut
3111 5551 3372 5623 quidquid

1774 5735 1970 5778 omnes
1990 5735 2149 5786 mss.,
2165 5730 2222 5774 ut
2238 5719 2420 5773 divites
2440 5715 2650 5786 ﬁerent,
2683 5721 2790 5769 etc.

1853 5805 1875 5833 ο
1916 5794 2088 5859 Edit.,
2121 5784 2190 5845 ad
2217 5784 2502 5844 ministeria
2527 5786 2728 5852 diuina,
2755 5785 2846 5841 sed
2873 5786 2942 5841 ad
2971 5784 3228 5841 diabolica
3251 5786 3368 5858 ofﬁ-

1777 5865 1858 5919 cia
1888 5881 1908 5918 :
1936 5877 2069 5919 mss.
2103 5870 2286 5918 autem
2317 5867 2376 5914 ut
2404 5861 2456 5914 in
2485 5865 2765 5914 contextu.
