4042 6314
585 333 692 392 859
1533 335 1626 392 ΑΒ
1665 333 1892 394 OPERA
1937 329 2184 393 SANCTI
2229 325 2554 394 AMBROSII
2607 323 2977 393 APPENDIX.
3751 343 3834 402 860

587 453 726 508 intra
761 469 820 510 se
849 453 1128 526 ceperint,
1163 453 1390 512 terendo
1416 463 1770 520 consumant,
1805 461 1858 508 et
1891 453 1944 508 in
1977 449 2188 508 foveam
2217 453 2272 516 Α
2295 459 2528 524 quatuor
2557 451 2676 508 libri
2701 451 3122 524 Evangeliorum
3149 447 3370 506 docent.

585 549 792 602 ventris
838 547 1184 620 demergunt.
1237 549 1534 606 Possumus
1579 565 1708 620 ergo
1759 563 1854 620 per
1900 549 2090 604 leones
2135 555 2190 604 et
2367 543 2554 618 (Vers.
2591 543 2720 616 11.)
2747 545 2884 614 Quid
2911 555 3092 602 autem
3125 545 3243 602 haec
3272 561 3374 600 vox
3405 553 3552 601 sexto
3579 547 3748 616 angelo
3769 549 3835 606 tli-

584 640 780 700 dentes
803 653 1181 714 persecutores
1211 642 1468 700 Ecclesiae
1499 643 1810 714 intelligere
1839 659 1850 696 :
1881 657 1978 714 per
2003 639 2190 698 leones
2293 649 2400 706 cat.
2437 641 2744 695 manifestat
2770 635 3052 695 subdeudo
3081 647 3094 694 ':
3139 633 3302 708 Vade,
3331 647 3376 694 et
3397 637 3528 694 solre
3549 651 3746 712 quatuor
3760 659 3834 697 an-

582 733 802 804 quidem
831 733 1102 806 principes
1137 749 1276 806 :per
1299 735 1494 790 dentes
1523 743 1701 790 autem
1731 749 1846 800 eos,
1879 733 1969 806 qui
1997 735 2186 788 eorum
2291 731 2456 802 gelos,
2501 731 2592 802 qui
2633 731 2833 804 alligati
2872 741 2993 786 sunt
3035 733 3087 788 in
3125 727 3342 803 flumine
3379 747 3558 806 magno
3595 731 3833 806 Euphrate.

583 823 816 895 imperio
845 835 1064 882 sanctos
1095 825 1191 882 Dei
1223 826 1522 884 laniabant.
1551 825 1754 882 Dentes
1783 825 1944 896 igitur
1973 825 2190 881 lucreti-
2293 819 2534 878 Primum
2563 823 2807 880 dicamus
2837 823 2962 896 quid
2987 823 3098 882 sint;
3128 835 3365 897 quatuor
3389 819 3586 898 angeli,
3609 825 3720 898 quid
3743 829 3837 883 vin-

587 933 780 976 corum
811 919 956 976 sicut
983 921 1201 976 leonum
1227 931 1416 988 erant;
1447 923 1572 992 quia
1602 919 1742 976 sicut
1771 917 1966 990 pagani
1999 915 2188 974 Eecle-
2291 915 2412 972 eula
2435 958 2448 984 ,
2487 915 2614 988 quid
2655 915 2996 988 Euphrates;
3037 929 3092 974 et
3131 923 3318 990 postea
3365 927 3462 974 cur
3499 927 3646 974 sexto
3683 919 3836 992 angelo

589 1011 726 1068 siam
761 1013 852 1068 Dei
885 1013 1380 1084 persequebantur,
1411 1023 1466 1070 et
1495 1027 1870 1086 quoscumque
1899 1021 2184 1084 poterant,
2293 1009 2574 1080 praecipiat
2619 1005 2994 1080 Evangelium,
3049 1019 3106 1064 ut
3150 1011 3328 1067 solvat
3373 1019 3600 1082 quatuor
3632 1013 3834 1083 angelos,

581 1105 888 1162 terroribus
911 1117 1074 1176 atque
1093 1107 1428 1164 cruciatibus
1453 1109 1508 1162 in
1533 1097 1854 1176 perditionis
1875 1109 2186 1180 voraginem
2293 1099 2609 1172 diligentius
2641 1095 3111 1174 iurestégabimns.
3135 1099 3266 1160 Nam
3295 1105 3432 1159 sicut
3461 1105 3696 1174 superius
3715 1105 3832 1178 (Cap.

585 1197 970 1268 iinplieabant;
1015 1201 1090 1256 ita
1135 1209 1190 1256 et
1231 1199 1472 1256 haeretici
1511 1199 1776 1272 quosdam
1808 1207 2060 1270 potentes
2087 1199 2186 1254 ho-
2293 1193 2362 1266 7)
2412 1194 2466 1248 in
2519 1195 2799 1266 apertione
2837 1195 2976 1250 sexti
3021 1189 3186 1266 sigilli
3233 1205 3470 1268 quatuor
3506 1189 3672 1268 angeli
3709 1213 3836 1270 super

581 1293 760 1348 minos
788 1293 888 1348 sibi
921 1293 1229 1362 socianms’
1269 1291 1562 1352 Ecciesiam
1597 1293 1694 1350 Dei
1725 1295 1998 1366 persecuti
2029 1303 2185 1362 sum,
2289 1293 2522 1358 quatuor
2567 1287 2794 1358 angulos
2841 1293 3000 1342 terra:
3043 1285 3262 1344 stetisse
3299 1287 3402 1344 ViSl
3447 1301 3590 1358 sunt,
3635 1293 3838 1348 tenentes

587 1385 898 1456 multosque
941 1401 1092 1442 more
1143 1385 1386 1442 dentium
1439 1386 1602 1442 minis
1641 1395 1696 1442 et
1737 1381 2188 1458 impressionibus
2291 1387 2522 1450 quatuor
2553 1389 2743 1435 ιόηιοε
2773 1389 2971 1448 terra};
3007 1395 3074 1436 ηε
3103 1381 3302 1439 narem
3330 1389 3494 1454 super
3524 1391 3735 1452 18mm.
3761 1399 3836 1440 ηθδ

582 1477 846 1546 alilictos,
881 1480 932 1534 in
961 1489 1210 1536 ventrem
1241 1495 1356 1536 sum
1387 1479 1612 1534 malitia:
1641 1479 2040 1536 demerserunt.
2291 1487 2398 1542 τιυθ
2433 1473 2490 1528 in
2521 1473 2682 1530 "nam
2721 1473 2970 1532 arborem
2997 1471 3029 1543 ῗε
3073 1477 3146 1533 ila
3182 1485 3238 1533 ει
3279 1475 3368 1534 hic
3406 1477 3510 1532 sub
3549 1487 3695 1533 εειιιῐιι
3725 1477 3837 1534 illiti!

655 1571 838 1644 (γεγε.
873 1571 952 1642 9,)
987 1573 1054 1628 Ει
1082 1589 1180 1628 90x
1201 1575 1407 1630 alarum
1429 1591 1632 1642 earum,
1659 1575 1794 1630 sicut
1821 1591 1919 1630 υοπ
1943 1591 2190 1648 equorum
2291 1563 2434 1621 sexti
2475 1565 2652 1640 angeli
2695 1579 2932 1641 quatuor
2973 1573 3152 1645 angeli
3189 1573 3242 1627 in
3283 1571 3506 1628 ﬂumine
3547 1587 3723 1643 tnagno
3757 1571 3840 1626 Etl-

583 1663 862 1718 multorum
897 1667 1212 1722 currentium
1255 1667 1308 1720 in
1353 1667 1560 1722 bellum.
1611 1665 1906 1722 Possumus
1945 1685 2040 1738 per
2075 1669 2190 1724 alas
2291 1657 2488 1728 Phiale
2513 1661 2718 1732 alligati
2751 1677 2876 1720 esse
2907 1663 3240 1720 ΐΘΓενυηῐιιΐ-
3277 1659 3540 1720 Eﬂmdem
3569 1679 3686 1735 ergo
3711 1663 3840 1736 signi-

583 1755 744 1810 verba
775 1759 1152 1814 ltmreticorum
1180 1759 1524 1830 intelligere;
1551 1761 1674 1831 quia
1699 1763 1840 1816 sicut
1864 1761 1964 1818 ala:
1984 1777 2012 1818 a
2043 1771 2185 1818 terra
2295 1753 2600 1810 ίῖοθιίοιιθιη
2637 1753 2842 1812 habent
2871 1765 3108 1826 quatuor
3133 1755 3314 1830 angeli
3341 1755 3430 1811 Ῐεῑί
3453 1798 3466 1822 .
3499 1769 3652 1827 quam
3679 1765 3726 1812 ει
3751 1755 3836 1821 illi:

575 1863 706 1906 aves
749 1852 1070 1918 sublevant‘,
1123 1853 1194 1908 ita
1243 1853 1484 1910 lucretici
1523 1855 1638 1910 suis
1679 1855 1915 1924 eloquiis
1953 1853 2188 1912 extolle-
2221 1841 2258 1908 Β
2291 1845 2600 1918 signiﬁcant
2623 1851 2766 1906 enim
2785 1859 3016 1922 quatuor
3037 1867 3222 1924 regna.
3243 1851 3593 1924 Assyriorum
3615 1847 3840 1914 νῑάειὶοὲῒι

579 1941 776 2002 bantur
811 1961 824 1996 :
859 1959 957 2014 per
991 1959 1162 2016 equos
1203 1961 1334 2000 vero
1381 1945 1770 2016 praedicatores
1809 1945 2188 2020 deslgnantur,
2297 1939 2612 2012 Persarum,
2645 1937 3024 2014 Macedonum,
3055 1955 3220 2014 atque
3249 1941 3642 2000 Romanorum.
3669 1941 3724 1997 Et
3746 1941 3841 2013 quia

585 2031 726 2088 sicut
757 2033 1008 2104 superius
1031 2035 1142 2106 jam
1173 2035 1434 2091 diximus.
1467 2035 1584 2092 Vos
1618 2039 1782 2110 igitur
1807 2037 2013 2094 alarum
2041 2039 2181 2096 locu-

2295 2043 2536 2104 potestas
2563 2045 2796 2107 quatuor
2825 2051 3142 2109 regnorum,
3175 2037 3316 2094 sicut
3345 2037 3606 2108 Superius
3631 2035 3839 2104 diximus,

583 2139 786 2184 startnn
813 2135 932 2186 erat
953 2131 1094 2186 sicut
1117 2145 1216 2186 vox
1241 2147 1502 2202 equorum
1533 2133 1830 2188 multorum
1853 2133 2188 2190 currentium
2293 2121 2360 2182 ad
2391 2127 2666 2186 Romanos
2703 2139 3044 2200 secesserat,
3073 2149 3170 2204 per
3199 2141 3436 2204 quatuor
3467 2133 3678 2205 angelos
3697 2133 3740 2188 in
3765 2129 3842 2186 hoc

579 2221 634 2278 in
661 2223 899 2292 bellum;
925 2223 1047 2296 quia
1079 2227 1218 2282 sicut
1245 2227 1642 2296 prmdicatores
1667 2227 1840 2284 sancti
1863 2243 2027 2284 voces
2051 2245 2192 2302 prae—
2295 2219 2416 2278 lucu
2451 2221 2682 2280 Romani
2713 2225 3070 2298 designantur
3109 2243 3123 2282 :
3173 2237 3270 2298 per
3297 2227 3616 2300 Euphraten
3641 2241 3754 2284 vero
3777 2225 3842 2284 hic

580 2315 914 2372 dicationum
964 2317 1318 2388 emittebant,
1369 2335 1492 2376 eum
1537 2331 1828 2392 pergerent
1873 2319 1940 2378 ad
1985 2319 2188 2378 bellum
2295 2313 2532 2372 mundus
2563 2315 2910 2389 intelligitur.
2941 2319 3082 2388 Quid
3113 2319 3222 2375 sint
3251 2333 3384 2392 ergo
3413 2319 3628 2376 vincula
3657 2329 3842 2391 quatuor

577 2419 770 2466 contra
803 2409 1080 2468 diabolum
1105 2453 1121 2480 ,
1165 2423 1221 2468 ut
1259 2429 1432 2486 genus
1479 2413 1775 2470 humanum
1819 2415 1886 2472 de
1919 2423 2192 2488 potestate
2296 2409 2638 2482 angelorum.
2659 2413 2910 2482 superius
2929 2411 3279 2480 ῐηειηίῖεειθιὲ
3303 2423 3430 2470 “3m
3453 2427 3614 2486 supra
3631 2411 3842 2484 scriptum

577 2501 694 2574 ejus
719 2503 1012 2562 liberarent
1039 2523 1052 2560 :
1079 2507 1152 2562 ita
1177 2516 1232 2562 et
1257 2507 1499 2564 haeretici
1525 2509 1954 2582 circumquaque
1976 2509 2190 2566 discur-
2293 2511 2414 2572 est,
2445 2503 2570 2576 quia
2597 2505 2726 2560 uidit
2753 2503 2984 2560 Joannes
3015 2509 3254 2578 angelum
3285 2507 3614 2562 descendisse
3639 2505 3698 2560 de
3719 2507 3842 2572 celo,

579 2595 799 2666 rebnnt,
825 2599 1016 2656 falsam
1041 2601 1344 2658 doctrinam
1371 2601 1711 2676 spargendo;
1738 2613 1797 2660 ιιι
1819 2619 2191 2678 quoscumque
2295 2593 2570 2651 habentem
2605 2597 2806 2670 signum
2852 2595 2950 2654 Del
2989 2599 3087 2654 viui
3115 2615 3134 2654 .'
3173 2609 3218 2655 et
3257 2599 3506 2656 clamauit
3543 2617 3657 2656 uoce
3699 2615 3844 2675 magno

583 2699 826 2762 possent,
859 2693 1200 2766 deciperent,
1231 2709 1286 2752 et
1317 2695 1534 2752 diabolo
1565 2697 1946 2770 subjugnrem,
2293 2703 2515 2762 quatuor
2539 2695 2760 2764 angelis,
2784 2693 2970 2764 quibus
2989 2695 3164 2750 datum
3189 2705 3262 2750 est
3287 2709 3478 2752 nocere
3497 2707 3642 2752 terrm
3661 2707 3703 2750 et
3723 2695 3844 2762 mari,

657 2787 838 2860 (Ἴθι-8.
873 2787 990 2862 10.)
1021 2787 1092 2844 Et
1111 2789 1366 2846 habebant
1393 2793 1586 2846 cauda;
1615 2791 1810 2848 similes
1833 2787 2186 2864 scorpionum,
2295 2785 2472 2840 dicens
2503 2801 2521 2840 .'
2547 2783 2728 2842 Nolite
2755 2803 2940 2842 nocere
2965 2797 3138 2858 teme,
3171 2799 3220 2844 et
3239 2787 3397 2858 mari,
3423 2787 3844 2861 nequearboribus,

585 2891 636 2936 et
663 2883 828 2938 aculei
857 2893 1006 2938 erant
1035 2885 1092 2938 in
1115 2883 1296 2939 caudis
1329 2901 1528 2942 earum.
1573 2883 1742 2942 Isaias
1767 2885 2030 2958 propheta
2061 2883 2194 2942 dicit
2295 2879 2634 2952 quoadusque
2654 2875 2914 2956 signemus
2939 2895 3110 2938 servos
3131 2881 3232 2938 Dei
3253 2883 3420 2938 nostri
3447 2885 3502 2938 iu
3531 2885 3760 2956 frontibus
3779 2895 3847 2935 eo-

590 2975 712 3046 quia
747 2977 1008 3046 propheta
1039 2977 1244 3034 docens
1277 2977 1618 3034 mendacium
1643 3019 1666 3046 τ
1689 2977 1860 3034 cauda
1889 2990 1972 3034 est
2001 2977 2190 3052 (Esai.
2295 2991 2409 3030 ram
2436 2973 2638 3052 (Apoc.
2669 2993 2764 3044 vn,
2791 2979 2858 3048 2,
2893 2977 2979 3052 5).
3009 2973 3116 3036 Per
3147 2981 3402 3052 angelum
3437 2981 3530 3054 qui
3559 2979 3770 3038 habebat
3789 2977 3846 3034 sl-

591 3083 666 3132 tx,
695 3065 816 3140 15).
847 3067 1100 3124 llmretiri
1121 3086 1252 3142 ergo
1269 3071 1360 3142 qui
1381 3082 1601 3142 propter
1623 3071 1868 3128 notitiam
1887 3071 2190 3128 divinarum
2295 3083 2457 3140 gnum
2487 3069 2578 3125 Dei
2613 3071 2721 3126 vivi
2744 3071 3022 3128 Christum
3053 3071 3290 3130 diximus
3315 3071 3487 3132 fuisse
3513 3075 3844 3146 designatum:

589 3159 992 3230 Scripturarum
1017 3161 1310 3234 prephetas
1327 3179 1386 3220 se
1409 3179 1532 3220 esse
1553 3163 1844 3231 mstimant,
1866 3179 1972 3220 non
1999 3163 2190 3222 iucon-
2297 3161 2514 3218 vincula
2539 3163 2700 3234 igitur
2719 3175 2956 3236 quatuor
2977 3165 3290 3236 angelorum
3315 3165 3486 3224 verba
3505 3177 3626 3224 sunt
3649 3163 3842 3234 Dominl,

587 3253 870 3310 venienter
885 3257 1071 3312 caudis
1089 3255 1842 3328 scorpionumnssimilantur,
1859 3261 1982 3332 quia
1996 3277 2186 3320 eorum
2214 3249 2258 3312 C
2295 3267 2400 3314 non
2432 3257 2576 3330 quod
2611 3259 2874 3314 Dominus
2899 3261 3226 3332 prmeeperit
3255 3263 3730 3333 persecutoribus,
3757 3267 3844 3314 uta

589 3351 836 3408 doctrina
851 3353 984 3408 falsa
997 3363 1138 3422 erat,
1157 3367 1210 3412 et
1229 3371 1520 3426 venenosa,
1539 3355 1680 3414 unde
1693 3355 1979 3414 etaculeos
1999 3357 2188 3414 incau-
2293 3349 2672 3424 persecutione
2689 3365 2994 3420 cessarent,
3013 3355 3188 3412 donec
3209 3357 3420 3412 semina
3451 3357 3574 3413 ﬁdei
3597 3367 3845 3427 pereuntes

585 3447 672 3500 dis
703 3447 964 3504 habuisse
989 3448 1260 3506 dicuntur.
1305 3451 1406 3506 Per
1429 3451 1647 3508 aculeos
1675 3467 1906 3524 namque
1929 3445 2184 3524 blasphc-
2289 3455 2478 3516 gentes
2509 3457 2894 3520 spargerentur
2929 3469 2942 3506 :
2973 3449 3068 3506 sed
3099 3449 3242 3520 quod
3275 3459 3552 3522 potestate
3583 3449 3736 3516 fecit,
3765 3449 3844 3503 hoc

586 3539 732 3608 mite,
757 3557 894 3614 quas
919 3543 970 3598 in
997 3543 1198 3600 divinis
1220 3543 1518 3614 Scripturis
1546 3545 2012 3614 intermiscebant,
2041 3545 2188 3602 desi—
2287 3537 2486 3596 dicllur
2515 3541 2700 3598 verbis
2725 3541 3074 3614 prmcepissc.
3105 3543 3336 3600 Romani
3369 3559 3608 3618 namque
3635 3553 3746 3600 ante
3770 3541 3844 3596 ad-

583 3645 838 3704 gnantur.
871 3635 936 3690 Et
967 3638 1106 3692 sicul
1137 3639 1352 3708 scorpio
1385 3639 1638 3694 innoxius
1665 3647 1845 3706 esset,
1887 3637 1936 3695 si
1961 3639 2184 3696 aculeus
2289 3641 2506 3688 ventum
2535 3619 2738 3690 Christi
2767 3649 2796 3688 τι
2825 3635 3066 3692 caedibus
3093 3645 3150 3692 et
3187 3637 3392 3708 rapinis
3433 3639 3600 3710 atque
3625 3635 3844 3694 eﬂusione

581 3727 794 3786 deesset
825 3745 840 3796 ;
872 3731 942 3784 ita
971 3739 1027 3786 et
1055 3731 1298 3786 doctrina
1339 3733 1720 3790 lia-reticormn
1757 3735 1896 3790 bona
1928 3745 2105 3800 esset,
2139 3731 2177 3792 si

2287 3727 2570 3798 sanguinis
2595 3727 2814 3798 generis
2845 3727 3066 3784 humani
3093 3737 3118 3767 ι
3143 3729 3294 3786 nullo
3325 3729 3494 3786 modo
3523 3729 3694 3786 satiari
3727 3731 3845 3800 pote-

579 3819 724 3886 hanc
755 3821 1110 3896 blasphemiis
1149 3841 1256 3880 non
1291 3825 1582 3882 fumarent,
1621 3823 1853 3884 Potestas
1881 3843 2058 3882 earum
2091 3843 2186 3882 ηο-
2287 3825 2430 3874 rant.
2473 3817 2710 3877 Veniens
2744 3837 2874 3878 vero
2899 3819 3152 3879 Christus
3183 3821 3234 3879 lu
3273 3839 3442 3881 carne
3473 3833 3660 3898 pacem
3684 3817 3846 3878 mundo

579 3927 694 3968 cere
723 3915 1015 3972 hominibus
1053 3917 1310 3972 utensibus
1345 3919 1586 3990 quinque.
1635 3917 1772 3988 Quid
1811 3919 1922 3974 sint
1967 3933 2183 3975 menses
2287 3909 2518 3982 largitus
2552 3923 2635 3970 est
2658 3957 2672 3982 ,
2721 3923 2778 3971 et
2807 3915 3038 3970 Romani
3071 3917 3162 3988 qui
3191 3911 3261 3972 ab
3301 3913 3580 3974 eﬂ'usione
3618 3907 3846 3986 sanguini!

578 4007 818 4080 quinque
841 4013 1092 4080 superius
1121 4011 1324 4068 dictum
1355 4023 1462 4070 est.
2285 3997 2508 4076 generis
2537 3995 2790 4078 ,humaui
2857 4021 3048 4062 manus
3095 4007 3358 4065 cohibere
3407 4023 3522 4064 non
3593 4005 3844 4078 poterant,

651 4102 832 4174 (νοτε.
876 4105 990 4176 Η.)
1035 4104 1104 4160 Et
1144 4105 1396 4182 [iubebant
1437 4123 1592 4180 super
1631 4123 1684 4162 se
1725 4123 1894 4178 regem
1941 4107 2183 4180 angelum
2287 4115 2418 4170 pace
2469 4097 2618 4172 ligati
2677 4109 2842 4168 sunt,
2909 4109 3074 4170 atque
3144 4093 3211 4156 ab
3275 4099 3552 4158 eilusione
3607 4093 3846 4172 sanguinis

581 4195 776 4266 abyssi,
811 4199 894 4252 cui
921 4197 1366 4256 nomenHebraice
1393 4199 1670 4268 Abaddon,
1701 4199 1880 4256 erce
1895 4199 2178 4274 Apollgan,
2285 4185 2545 4264 prohibiti
2577 4205 2724 4250 sunt.
2769 4191 3038 4267 Pt'mcepit
3065 4211 3196 4268 ergo
3227 4213 3329 4252 vos
3355 4239 3372 4264 ,
3403 4209 3533 4269 quae
3563 4193 3802 4270 processit
3821 4205 3846 4248 tl

575 4297 624 4344 et
649 4287 834 4344 Latine
851 4291 998 4346 habet
1017 4307 1200 4348 nautea
1231 4293 1615 4350 Exterminans.
1649 4295 1870 4350 Certum
1893 4305 1978 4350 est
2004 4293 2181 4350 omni-
2283 4297 2516 4362 quatuor
2544 4291 2806 4348 cornibus
2835 4289 3026 4348 altaris
3055 4291 3230 4360 aurei,
3259 4303 3418 4348 settle
3449 4293 3648 4366 angelo
3671 4291 3752 4364 qui
3771 4289 3848 4344 Ita-

579 4383 680 4438 bus
705 4381 1084 4440 haereticorum
1109 4385 1408 4458 principem
1431 4401 1554 4444 esse
1571 4387 1868 4454 diabolum,
1901 4387 2042 4444 sicut
2069 4387 2178 4444 Do-
2281 4383 2443 4440 bebat
2475 4385 2680 4452 tubam,
2715 4383 2772 4440 ut
2799 4381 3038 4442 solveret
3063 4397 3298 4458 quatuor
3326 4387 3560 4458 angelos
3587 4405 3599 4450 ;
3631 4383 3742 4458 quia
3767 4377 3848 4439 dn-

583 4477 760 4532 minus
783 4477 916 4534 dicit
941 4479 1006 4534 ad
1039 4479 1142 4536 Job
1167 4499 1180 4538 :
1209 4477 1331 4552 Ipse
1357 4489 1432 4536 est
1451 4480 1586 4534 enim
1612 4495 1703 4534 rea;
1729 4495 1884 4550 super
1911 4497 2086 4536 ontnes
2108 4477 2178 4552 β·
2281 4477 2456 4534 ctrina
2491 4465 2770 4550 Evangelii
2805 4479 2908 4538 hoc
2947 4479 3210 4552 prmcepit
3249 4481 3695 4553 prmdicaloribus
3723 4473 3846 4534 verbi

577 4571 674 4628 lios
709 4573 960 4644 superbia:
997 4573 1151 4642 (Job.
1189 4590 1309 4640 xm.
1349 4571 1489 4646 25);
1530 4573 1672 4632 unde
1703 4585 1758 4630 et
1785 4571 2178 4630 exterminator
2281 4563 2400 4636 Dei,
2434 4581 2494 4628 ut
2529 4563 2691 4630 nullis
2719 4575 2904 4644 minis,
2939 4573 3104 4630 nullis
3135 4575 3438 4632 terroribus
3469 4575 3740 4632 hominum
3769 4573 3846 4626 iut-

576 4677 820 4734 voeatur,
853 4683 920 4722 eo
939 4668 1084 4739 quod
1109 4669 1498 4726 exterminatur
1524 4669 1590 4724 sit
1623 4669 1791 4726 totius
1819 4663 2102 4724 bonitatis.
2200 4651 2254 4712 D
2283 4665 2496 4738 piorum
2526 4675 2870 4730 terreantur;
2901 4675 2962 4721 ut
2989 4677 3204 4724 cessent
3233 4665 3300 4722 ab
3327 4665 3512 4725 cilicio
3543 4663 3846 4741 praedicatio-

647 4757 826 4830 (Vers.
863 4759 954 4826 12,
989 4759 1104 4834 15.)
1143 4761 1236 4818 Va:
1265 4779 1420 4816 unum
1447 4763 1590 4828 abiit,
1623 4771 1672 4816 et
1702 4779 1820 4818 ecce
1849 4761 2054 4818 veniunt
2079 4755 2178 4816 ad-
2275 4749 2384 4826 nis,
2413 4757 2554 4814 sicut
2587 4751 2846 4814 Dominus
2875 4757 3010 4816 dicit
3041 4755 3095 4816 in
3131 4753 3430 4832 Evangetlo
3457 4777 3472 4816 :
3507 4753 3846 4818 Nolitctiutcre

571 4851 676 4906 huc
699 4851 802 4908 duo
823 4869 918 4908 tua.
945 4853 1012 4908 Et
1031 4863 1206 4910 sextus
1227 4855 1442 4928 angelus
1465 4855 1586 4910 tuba
1605 4855 1810 4910 cecinit.
1839 4853 1940 4910 l‘er
1961 4863 2170 4910 sextum
2275 4865 2391 4916 eos,
2435 4851 2521 4918 qui
2549 4851 2789 4909 occidunt
2819 4869 3038 4924 corpus,
3082 4855 3306 4910 animum
3336 4867 3510 4912 autem
3537 4873 3638 4912 non
3663 4859 3844 4930 possunt

571 4945 826 5016 angelum
857 4955 1126 5020 martyres
1155 4947 1511 5020 designantur
1539 4965 1552 5002 :
1581 4957 1768 5004 sextus
1793 4947 2019 5020 angelus
2047 4947 2172 5002 tuba
2275 4939 2510 5002 accidere
2531 4943 2748 5020 (Matth.
2773 4959 2830 5014 κ,
2851 4941 2965 5020 ξε).
2991 4945 3356 5020 Imperatores
3379 4943 3583 5020 quippe
3607 4949 3846 5006 [tantane-

569 5041 788 5108 eecinit,
819 5043 942 5114 quia
969 5053 1240 5114 martyres
1267 5043 1468 5100 Christi
1489 5043 1795 5100 doctrinam
1825 5039 1948 5098 lidei
1979 5041 2174 5098 inlide-
2273 5053 2390 5092 rum
2419 5047 2472 5092 ut
2498 5039 2680 5094 caeteri
2707 5037 2981 5110 principes
3007 5049 3190 5108 terrm,
3221 5055 3346 5097 cum
3377 5037 3636 5100 viderent
3660 5039 3844 5112 religio-

569 5131 712 5188 libus
741 5135 1190 5204 propinaverunt.
1219 5133 1384 5210 55.0
1415 5133 1485 5190 Et
1513 5135 1690 5192 audiri
1723 5151 1894 5190 uocem
1921 5151 2078 5188 unam
2107 5151 2170 5190 ea:
2275 5145 2398 5186 nem
2428 5129 2782 5186 christianum
2807 5129 3051 5204 quotidie
3080 5127 3288 5204 augeri,
3314 5133 3368 5188 et
3393 5133 3669 5190 culturam
3695 5131 3844 5188 idolo-

567 5227 810 5282 cornibus
837 5227 1021 5284 altaris
1049 5229 1228 5294 aurei,
1273 5227 1414 5300 quod
1439 5237 1510 5284 est
1537 5229 1592 5284 in
1623 5235 1900 5300 conspectu
1927 5221 2167 5294 Domini,
2271 5235 2392 5280 rum
2425 5225 2700 5294 evaeuari,
2731 5219 3068 5284 interminati
3096 5235 3224 5282 sunt
3249 5239 3482 5285 mortem
3509 5229 3754 5284 «tionibus
3769 5221 3844 5298 qui

569 5317 822 5378 dicentem
849 5331 992 5376 sexto
1015 5323 1220 5394 angelo.
1245 5319 1348 5376 Per
1369 5321 1541 5376 altare
1565 5336 1788 5376 aureum
1807 5361 1820 5386 ,
1845 5321 1988 5376 sicut
2007 5335 2168 5392 supe-
2270 5317 2550 5376 Christum
2594 5321 2842 5377 colerent
2866 5329 2961 5378 aut
2983 5315 3368 5394 prmdicnrent.
3397 5311 3604 5379 Sextus
3625 5337 3749 5394 ergo
3767 5337 3846 5374 att-

567 5411 682 5468 rius
701 5413 812 5482 iam
842 5411 1100 5480 diximus.
1133 5413 1376 5470 Ecclesia
1409 5411 1742 5486 designatur.
1767 5413 2014 5484 Quatuor
2037 5421 2167 5485 ergo
2267 5409 2452 5484 gelns,
2489 5411 2540 5468 id
2571 5421 2684 5484 est,
2719 5419 3022 5488 martyres,
3057 5423 3290 5488 quatuor
3317 5413 3546 5488 angelos
3569 5459 3584 5484 ,
3617 5415 3844 5477 1titlcst,

565 5513 772 5560 cornua
817 5505 1010 5564 altaris
1049 5515 1284 5578 quatuor
1323 5501 1686 5578 evangelistas
1733 5505 2112 5562 demonstrant
2145 5521 2159 5560 :
2273 5519 2654 5580 persecutores
2686 5523 2814 5566 suos
2846 5510 2998 5580 quasi
3029 5509 3352 5576 solverunt;
3381 5525 3504 5566 cum
3539 5523 3756 5582 propter
3781 5507 3848 5560 in-

564 5611 756 5652 vocem
785 5613 916 5670 ergo
945 5615 1106 5656 unam
1139 5617 1204 5656 ex
1245 5611 1478 5674 quatuor
1507 5595 1767 5658 cornibus
1793 5593 1982 5658 altaris
2013 5599 2165 5658 aurei
2271 5589 2640 5674 superabilem
2691 5599 3104 5675 eraitgclizandi
3159 5601 3526 5660 censtantiam
3573 5603 3642 5658 ad
3687 5609 3846 5674 perse-

563 5689 786 5748 audisse
807 5709 866 5749 se
883 5693 1044 5761 dicit;
1063 5697 1188 5766 quia
1209 5711 1314 5752 una
1335 5705 1424 5754 est
1439 5695 1596 5762 lldes,
1621 5711 1726 5754 una
1739 5695 1986 5754 doctrina
1999 5711 2160 5768 quam
2271 5695 2522 5768 quendos
2548 5711 2644 5754 eos
2667 5709 2730 5752 se
2755 5705 3130 5754 armaverunt.

655 5851 682 5918 εξ
725 5841 892 5900 Nullo
923 5843 1078 5918 modo
1105 5843 1288 5918 satiari
1317 5849 1676 5918 poterant“...
1709 5829 1910 5918 generis
1929 5839 2164 5910 lmmani,
2349 5839 2378 5880 δ
2419 5839 2590 5912 Edit.,
2621 5843 2676 5900 id
2701 5853 2800 5912 est,
2829 5841 3196 5916 prrcdicatores
3221 5857 3341 5900 suos
3357 5859 3378 5918 ,_'
3405 5837 3612 5900 rectius
3635 5851 3788 5904 11155..
3803 5827 3848 5890 id

591 5913 782 5976 isthaec
817 5917 1000 5974 omnia
1031 5917 1148 5974 lure
1173 5915 1306 5974 edit.
1337 5915 1498 5974 debet
1523 5913 1834 5976 auctoritati
1861 5926 1992 5972 mss.
2285 5921 2381 5983 est,
2407 5925 2758 5992 persecutores
2779 5913 2922 5994 suos.
