4042 6314
123 356 228 416 861
893 361 963 419 IN
1002 355 1479 421 APOCALYPSIN
1521 352 1906 421 EXPOSITIO.
1966 359 2055 420 DE
2095 361 2370 422 VISIONE
2411 359 2716 432 QUARTA.
3334 361 3441 419 80?.

199 481 385 554 (ἵει-ε.
423 475 534 554 15.)
564 477 718 539 Unde
749 485 804 538 ct
833 481 1078 552 sequitur
1110 501 1123 538 :
1156 479 1224 536 Et
1257 483 1413 538 soluti
1443 491 1564 539 sunt
1605 501 1735 555 qua-
1762 485 1811 547 Α
1841 477 2044 538 lantur.
2095 475 2165 536 Et
2201 479 2265 536 de
2309 497 2396 536 ore
2433 496 2608 535 eorum
2651 479 2881 552 procedit
2929 479 3062 553 ignis
3099 488 3145 533 ct
3181 482 3354 552 fumus
3399 487 3446 533 et

125 587 248 630 tuor
287 573 483 647 angeli,
529 575 617 643 qui
660 577 828 646 parati
863 583 1011 631 erant
1049 575 1104 630 in
1151 577 1352 645 horam,
1400 586 1446 631 et
1488 571 1646 642 diem,
1688 587 1738 633 et
1838 577 2080 651 sulphur.
2108 577 2214 633 Per
2235 575 2413 646 ignem
2439 573 2601 646 impia
2627 581 2901 645 praecepta
2928 573 3323 644 imperatorum
3346 569 3446 628 de-

126 683 380 737 mensem,
412 677 461 725 et
483 679 696 738 annum,
729 679 784 724 ut
809 668 1154 740 interficerent
1183 667 1387 725 tertiam
1415 675 1614 740 partem
1648 667 1740 724 ho-
1839 675 2147 746 signantur,
2190 667 2386 742 quibus
2428 669 2662 742 populus
2701 669 2794 724 Dei
2842 667 3074 724 interﬁci
3110 664 3406 738 jubebatur
3435 684 3448 722 :

128 763 351 816 minam.
385 761 564 818 Saluti
593 769 722 818 sunt
746 772 982 835 quatuor
1004 761 1206 833 angeli,
1232 763 1357 834 quia
1383 761 1534 833 impii
1560 763 1740 820 homl-
1840 782 1940 839 per
1961 765 2167 821 fumum
2191 778 2322 819 vero
2340 761 2517 818 honor
2534 760 2775 824 deitatis,
2800 775 2961 832 quem
2980 760 3086 816 diis
3103 761 3216 816 suis
3233 757 3451 816 deferre

131 871 257 923 nes,
309 869 448 928 pace
499 856 735 927 abjecta,
786 857 1147 926 manibusque
1191 855 1410 926 solutis,
1447 871 1580 928 quas
1632 872 1738 928 pax
1838 857 2123 931 iubebant.
2159 855 2400 913 Etrecte
2424 871 2520 926 per
2546 854 2748 910 fumum
2772 853 3099 910 idololatriae
3123 851 3335 910 falsitas
3356 852 3450 910 de-

130 951 478 1024 alligaverat,
505 951 783 1022 persecuti
806 957 934 1006 sunt
957 951 1215 1022 populum
1241 949 1360 1006 Dei.
1384 949 1538 1018 Quod
1562 959 1741 1006 autem

138 1033 277 1099 dicit
308 1061 322 1097 :
364 1031 544 1098 Parati
574 1051 736 1108 erant,
773 1043 1064 1114 impiorum
1097 1043 1376 1099 hominum
1406 1043 1741 1099 voluntatem

131 1137 515 1203 demenstrat;
564 1134 687 1208 quia
735 1146 1035 1208 antequam
1088 1145 1300 1207 tempus
1346 1136 1744 1207 persecutionis

131 1229 380 1296 veniret,
411 1237 539 1285 voto
570 1227 744 1300 parati
766 1235 945 1296 erant,
979 1237 1037 1284 ut
1059 1228 1322 1300 populum
1350 1227 1445 1284 Dei
1473 1227 1744 1284 interﬁce-

133 1310 280 1380 rent.
318 1319 468 1378 Sane
499 1321 656 1379 tertia
690 1337 814 1393 pars
846 1321 1151 1390 hominum,
1183 1331 1240 1378 ut
1266 1319 1516 1394 superius
1539 1321 1744 1378 dictum

132 1423 244 1484 est,
279 1409 488 1473 electos
511 1413 802 1488 signiﬁcat.
827 1409 1002 1472 Porro
1027 1413 1167 1488 quod
1196 1417 1248 1471 in
1276 1415 1466 1472 horam
1495 1425 1550 1471 et
1576 1415 1744 1484 diem,

135 1519 190 1566 et
221 1521 494 1576 mensem,
533 1513 587 1564 et
615 1523 842 1575 annum,
871 1516 1107 1579 quatuor
1135 1508 1338 1581 angeli,
1373 1520 1428 1564 ut
1458 1507 1743 1564 interﬁce-

134 1612 266 1660 rent
294 1604 509 1660 tertiam
537 1611 746 1673 partem
775 1601 1079 1670 hominum,
1109 1603 1282 1671 parati
1309 1617 1430 1660 esse
1450 1599 1733 1671 dicuntur,

136 1711 434 1768 possumus
461 1693 528 1750 ad
560 1707 752 1751 omnes
779 1689 996 1768 impios,
1023 1697 1115 1768 qui
1145 1695 1213 1752 ab
1233 1695 1392 1752 initio
1418 1694 1607 1752 mundi
1629 1695 1748 1752 fue-

135 1799 304 1856 runt,
334 1798 390 1846 et
419 1797 580 1846 erunt
613 1803 784 1861 usque
813 1789 866 1845 in
900 1787 1062 1846 linem
1085 1831 1100 1855 ,
1138 1787 1368 1846 referre.
1416 1789 1522 1846 Per
1557 1785 1746 1844 horam

1843 953 2107 1024 signatur,
2126 947 2414 1024 sﬁlquia
2434 950 2572 1005 sicut
2589 947 2766 1004 fumus
2783 963 2812 1001 a
2832 949 2967 1004 facie
2983 946 3131 1004 venti
3147 946 3450 1016 evanescit,

1845 1043 1918 1100 ita
1965 1054 2022 1101 et
2061 1044 2271 1099 cultura
2315 1041 2580 1098 idolorum
2623 1041 2675 1096 in
2716 1048 3014 1112 conspectu
3048 1035 3452 1111 praedicationis

1845 1137 2171 1209 evangelicae
2198 1135 2427 1206 deperiit
2460 1154 2470 1188 :
2507 1150 2603 1208 per
2631 1133 2858 1206 sulphur
2882 1142 3088 1201 autent,
3118 1135 3258 1189 sicut
3286 1146 3450 1202 supra

1846 1229 2050 1287 dictum
2091 1239 2194 1294 est,
2246 1227 2623 1300 blasphemiae,
2669 1242 2804 1299 quas
2847 1225 3066 1282 Christo
3107 1224 3450 1298 ingerebant,

1848 1323 2222 1398 designantur.

1925 1415 2114 1493 (Vers.
2143 1411 2270 1489 18.)
2302 1411 2376 1471 Ab
2402 1415 2484 1472 his
2508 1415 2668 1470 tribus
2687 1415 2861 1487 plagis
2898 1414 3172 1484 interfecta
3199 1419 3276 1468 est
3303 1410 3456 1466 tertia

1849 1528 1972 1584 pars
2013 1509 2324 1578 hominum;
2366 1507 2420 1564 id
2461 1517 2564 1580 εει,
2617 1505 2908 1563 multitudo
2960 1513 3264 1576 martyrum
3306 1522 3320 1560 :
3361 1517 3453 1574 per

1848 1607 2016 1678 ignem
2045 1599 2324 1668 videlicet,
2353 1607 2580 1674 furnum,
2603 1619 2666 1656 ac
2687 1601 2928 1672 sulphur,
2961 1615 3078 1671 qua:
3105 1597 3448 1670 procedebant

1850 1695 1912 1752 de
1936 1713 2024 1752 ore
2045 1697 2294 1770 ipsorum.
2327 1691 2666 1750 Procedebat
2698 1694 2899 1764 quippe
2919 1691 3060 1762 ignis
3091 1690 3160 1745 de
3185 1704 3280 1746 ore
3307 1690 3453 1760 ipso-

1857 1807 2000 1859 rum,
2032 1791 2084 1844 id
2139 1798 2244 1856 est,
2291 1787 2466 1859 jussio
2519 1787 2862 1858 impiissima,
2909 1801 3016 1856 qua
3067 1781 3457 1855 praecipiebant

134 1883 349 1954 quippe
384 1889 600 1952 tempus
630 1881 699 1938 ab
729 1879 889 1938 initio
920 1881 1108 1939 mundi
1139 1895 1312 1953 usque
1339 1881 1406 1938 ad
1439 1879 1704 1938 diluviqu
1731 1923 1746 1951 ,
1776 1873 1826 1944 B
1854 1895 1910 1940 ut
1948 1881 2120 1940 sancti
2151 1881 2247 1940 Dei
2273 1892 2544 1956 martyres
2585 1881 3026 1938 interﬁcerentur
3058 1898 3070 1934 :
3116 1878 3458 1951 procedebat

137 1991 246 2048 per
270 1975 419 2031 diem
453 1985 635 2031 autem
676 1983 893 2046 tempus
924 1981 955 2030 a
985 1973 1190 2030 diluvio
1221 1991 1389 2046 usque
1417 1973 1483 2030 ad
1510 1971 1745 2048 Legem,

135 2083 242 2142 per
273 2077 516 2126 mensem
550 2081 681 2124 vero
709 2075 921 2140 tempus
948 2063 1051 2124 sub
1076 2067 1252 2140 Lege,
1287 2083 1380 2140 per
1415 2085 1615 2124 annum
1647 2085 1746 2124 au-

133 2171 250 2219 tem
277 2171 494 2232 tempus
517 2159 619 2218 sub
636 2159 809 2235 gratia
832 2161 1166 2234 designatur.
1191 2161 1248 2217 lu
1273 2162 1336 2217 iis
1364 2175 1492 2234 ergo
1521 2169 1753 2233 quatuor

136 2249 484 2327 temporibus
509 2263 728 2328 semper
745 2253 967 2327 mprobi
995 2261 1393 2328 pet-sequuntur
1414 2255 1640 2313 electos.

211 2339 407 2424 (Vera.
452 2343 569 2420 l6.)
607 2337 673 2402 Et
724 2363 970 2403 numerus
1016 2347 1262 2421 equestris
1307 2349 1559 2404 exercitus
1599 2345 1751 2403 uicies

133 2444 338 2500 millies
368 2439 500 2498 dena
537 2439 725 2511 millia,
763 2441 936 2500 audivi
968 2455 1236 2498 numerum
1256 2457 1452 2497 eorum.
1481 2439 1582 2511 Qui
1611 2431 1756 2496 desi-

131 2545 390 2611 gnantur
419 2553 514 2609 per
550 2543 782 2606 quatuor
807 2535 1029 2607 angelos
1053 2577 1068 2603 ,
1103 2531 1202 2608 ipsi
1235 2541 1290 2591 et
1317 2550 1412 2606 per
1443 2541 1752 2606 equestrem

133 2633 478 2698 exercitum,
511 2621 772 2686 videlicet
805 2641 1188 2701 persecutores
1216 2627 1496 2686 Ecclesiae.
1531 2627 1754 2686 Exerci-

137 2737 233 2780 tus
264 2731 449 2781 autent
481 2732 895 2795 persecutorem
919 2726 1190 2795 equestris
1213 2739 1336 2780 esse
1362 2721 1565 2780 dicitur
1589 2740 1603 2790 ;
1628 2721 1752 2794 quia

133 2819 295 2875 sicut
327 2815 494 2874 habet
523 2815 668 2872 Deus
699 2831 870 2888 equos
892 2823 1046 2884 Suos,
1082 2815 1136 2871 id
1169 2826 1274 2884 est,
1309 2825 1527 2872 sanctos
1557 2807 1751 2888 prmdi-

134 2925 371 2969 catores
396 2954 410 2978 ,
443 2913 536 2983 qui
567 2927 692 2969 eum
725 2927 822 2983 per
855 2911 1173 2967 universum
1205 2909 1466 2966 mundum
1495 2909 1755 2982 deporta-

139 3009 398 3069 verunt;
451 2994 526 3057 ita
579 2999 743 3057 habet
793 2989 1046 3057 diabolus
1093 3015 1265 3072 equos
1318 3008 1477 3066 SUOS,
1533 2997 1584 3054 id
1637 3010 1752 3066 est,

140 3111 355 3156 omnes
384 3091 606 3170 impios,
639 3101 807 3168 Super
837 3111 973 3167 quos
1005 3091 1180 3161 sedet,
1213 3101 1268 3150 et
1299 3093 1363 3149 ad
1398 3093 1756 3165 perpetranda

141 3195 378 3248 diversa
404 3189 611 3248 seel‘era
641 3181 893 3262 impellit.
924 3187 1026 3257 Qui
1049 3177 1220 3244 vicies
1244 3185 1443 3244 millies
1463 3187 1601 3243 dena
1631 3185 1754 3242 mll-

1855 1989 1910 2036 ct
1960 1979 2156 2044 l'uutns,
2207 1979 2331 2050 quia
2385 1976 2780 2050 praecipiebant
2823 1984 2884 2032 ut
2923 1977 3098 2032 honor
3138 1975 3358 2032 deitatis
3385 1974 3454 2032 ab

1855 2067 2110 2129 omnibus
2147 2071 2466 2128 hominibus
2498 2071 2606 2128 diis
2637 2071 2750 2126 suis
2781 2069 3190 2142 impenderetur
3221 2087 3235 2125 :
3269 2085 3458 2142 proce-

1855 2161 2019 2227 debat
2044 2178 2101 2225 et
2140 2168 2392 2240 sulphur,
2435 2167 2485 2222 id
2519 2177 2626 2233 est,
2669 2166 3026 2238 blasphemia:
3065 2167 3118 2221 in
3151 2165 3454 2234 Christum,

1859 2262 2244 2340 praecipientes
2262 2272 2316 2318 ut
2347 2260 2538 2333 religio
2568 2260 2867 2316 christiana
2896 2257 3138 2315 funditus
3163 2257 3231 2314 de
3253 2258 3457 2316 mundo

1855 2357 2313 2428 exstinguerelur.

1928 2452 2120 2526 (Vers.
2140 2451 2264 2520 t9.)
2295 2449 2535 2506 Potestas
2563 2450 2701 2505 enim
2720 2464 2976 2519 equorum
3006 2447 3062 2502 in
3095 2463 3190 2502 ore
3221 2447 3454 2518 ipsorum

1857 2557 1952 2615 est,
1981 2545 2100 2600 etin
2127 2545 2305 2600 caudis
2333 2559 2510 2598 eorum
2533 2582 2546 2598 .
2582 2542 2845 2612 Superius
2869 2541 3044 2612 capita
3065 2555 3354 2612 equorum,
3389 2547 3450 2596 ut

1855 2637 2073 2695 leonum
2129 2652 2252 2694 esse
2280 2636 2534 2692 dicuntur
2577 2654 2590 2690 :
2620 2634 2676 2690 iu
2705 2650 2800 2690 ore
2832 2648 2961 2690 vero
2989 2633 3214 2689 leonum
3255 2633 3453 2690 dentes

1858 2731 2184 2794 consistunt,
2236 2727 2437 2800 quibus
2491 2734 2786 2782 conterunt
2830 2735 2886 2781 et
2929 2722 3198 2779 dilaniant
3246 2724 3458 2791 omnia,

1857 2837 1978 2896 quae
1999 2823 2264 2894 ceperint.
2296 2822 2590 2878 Possumus
2615 2820 2797 2890 itaque
2825 2833 2920 2890 per
2946 2819 3143 2874 dentes
3163 2817 3454 2875 carniﬁces

1861 2917 2186 2988 intelligere,
2236 2917 2326 2987 qui
2359 2917 2411 2971 in
2443 2931 2539 2971 ore
2583 2916 2822 2982 leonum,
2881 2913 2934 2968 id
2959 2923 3063 2978 est,
3097 2914 3150 2968 in
3181 2921 3453 2984 potestate

1861 3019 2272 3081 persccutorum
2298 3009 2484 3080 positi,
2509 3023 2700 3063 eorum
2731 3005 2961 3077 imperio
2991 3005 3224 3060 diversis
3246 3007 3457 3061 crucia-

1863 3104 2004 3161 tibus
2031 3118 2260 3176 corpora
2291 3113 2607 3158 sanctorum
2649 3101 2984 3157 cruciabant.
3018 3098 3258 3170 Corpora
3295 3099 3457 3170 igitur

1860 3208 2174 3254 sanctorum
2210 3205 2594 3267 persecutores
2625 3195 2680 3249 iu
2708 3209 2828 3262 ore,
2860 3193 2911 3250 id
2947 3203 3052 3259 est,
3085 3194 3136 3248 in
3181 3200 3460 3264 potestate

137 3285 215 3342 lia
249 3296 380 3340 esse
407 3279 710 3349 ἀίευιιιιινς
757 3289 782 3320 ⁸
831 3289 927 3353 l3er
963 3277 1171 3336 “nilum
1205 3287 1437 3352 namque
1470 3293 1754 3336 "umerum
1783 3271 1827 3341 C
1865 3292 2154 3359 habebant,
2185 3290 2280 3347 sed
2311 3291 2520 3346 animas
2553 3305 2662 3346 non
2691 3289 2985 3357 habebant,
3017 3289 3160 3346 sicut
3193 3288 3453 3344 Dominus

139 3385 571 3450 persecuturum
615 3365 1031 3432 innumerabilis
1073 3365 1366 3431 multitudo
1411 3371 1754 3442 exprimitur.

219 3469 410 3547 (νει-ε.
447 3465 564 3544 1⁸7.)
600 3463 666 3526 Et
689 3473 765 3526 ita
795 3469 899 3526 uidi
922 3481 1073 3542 equas
1097 3471 1148 3524 in
1177 3469 1372 3524 uisione
1400 3486 1416 3523 :
1440 3475 1486 3522 et
1510 3467 1595 3537 qui
1617 3467 1760 3523 sede-

139 3567 273 3621 bant
293 3581 454 3637 super
471 3581 581 3632 eos,
605 3555 856 3620 habebant
878 3559 1063 3619 loricas
1084 3563 1282 3634 igneas,
1308 3569 1355 3614 et
1377 3559 1757 3632 hyacinthinas,

139 3671 192 3718 et
229 3661 570 3731 sulphureas.
611 3655 668 3714 In
709 3649 814 3713 hoc
849 3649 978 3713 loco
1007 3663 1102 3728 per
1133 3665 1302 3728 equos
1329 3645 1502 3710 insani
1539 3653 1720 3724 pupuli
1743 3696 1757 3719 ,

149 3769 254 3825 per
294 3765 544 3809 sessores
582 3760 764 3809 autem
796 3761 1058 3823 equorum
1093 3749 1364 3821 principes
1409 3755 1569 3805 terrae
1613 3747 1760 3802 desi-

139 3859 394 3922 gnantur
423 3867 436 3905 :
470 3861 568 3920 per
591 3847 787 3904 loricas
816 3855 970 3914 Vera,
1000 3861 1118 3918 qua:
1148 3845 1287 3901 ictus
1311 3839 1612 3916 gladiorum
1643 3858 1673 3898 a
1702 3857 1761 3899 se

135 3941 429 4014 repellunt
449 3983 464 4008 ,
506 3941 707 3997 duritia
747 3939 996 3996 cordlum
1028 3937 1386 4009 reprobornm
1417 3935 1757 4008 designatur,

137 4051 274 4108 qua:
305 4035 375 4092 ad
403 4034 566 4093 corda
594 4041 784 4092 cocum
813 4033 1049 4106 gladium
1074 4033 1322 4103 spiritus,
1355 4030 1500 4104 quod
1524 4041 1608 4087 est
1635 4046 1761 4087 ver-

137 4132 281 4187 bum
323 4123 467 4196 Dei,
507 4129 772 4185 accedere
810 4141 919 4183 non
964 4126 1112 4183 sinit.
1159 4123 1290 4194 Quae
1325 4124 1506 4180 loricae
1548 4123 1719 4192 igneae
1745 4164 1760 4190 ,

135 4219 548 4296 hyacinthina,
573 4219 631 4277 et
656 4211 970 4291 sulphurea:
997 4232 1121 4274 esse
1147 4216 1424 4272 dicuntur.
1457 4213 1560 4270 Per
1583 4215 1761 4285 ignem

143 4313 322 4386 plane
350 4309 649 4369 crudelitas
693 4311 892 4368 mentis
919 4317 1326 4382 persecutorqu
1359 4328 1372 4364 :
1412 4323 1506 4379 per
1544 4307 1766 4379 hyacin-

137 4410 309 4465 thum
351 4407 445 4478 qui
489 4399 615 4464 cteli
643 4403 870 4479 ﬁguram
900 4393 1104 4472 habet,
1151 4401 1327 4458 honor
1355 4391 1576 4458 deitatis
1604 4405 1764 4472 quem

138 4501 260 4559 diis
293 4503 412 4557 suis
440 4491 764 4557 deferebant
788 4542 804 4567 ,
839 4495 1161 4572 designatur
1195 4515 1208 4552 :
1251 4507 1348 4570 per
1379 4495 1608 4567 sulphur
1635 4503 1767 4553 vero

1861 3384 1992 3439 dicit
2029 3385 2082 3438 in
2129 3382 2463 3454 Evangelio:
2501 3381 2683 3437 Nolite
2731 3382 2911 3438 timere
2950 3397 3057 3446 eos,
3101 3381 3189 3452 qui
3221 3381 3461 3436 occidunt

1861 3496 2066 3550 corpus,
2101 3482 2329 3532 animant
2354 3488 2525 3533 autem
2567 3493 2670 3532 non
2711 3485 2930 3548 possunt
2957 3473 3454 3548 occidere(Mattht

1865 3590 1915 3640 χ,
1948 3571 2074 3642 28).
2103 3572 2168 3626 Et
2201 3571 2324 3627 ideo
2358 3580 2602 3640 potestas
2633 3579 3044 3640 persecutorum
3081 3566 3458 3622 tantummodo

1865 3665 1917 3720 in
1942 3681 2039 3722 ore
2086 3674 2235 3730 erat;
2283 3664 2406 3734 quia
2440 3678 2669 3733 corpora
2719 3673 3037 3718 sanctorum
3079 3662 3132 3716 in
3178 3668 3456 3730 potestate

1865 3756 2159 3821 bibebant,
2192 3755 2290 3812 sed
2317 3756 2530 3810 animas
2561 3770 2668 3809 non
2715 3753 2984 3808 habebant
3015 3771 3028 3806 :
3055 3752 3306 3808 occidere
3357 3765 3457 3821 po-

1867 3859 2068 3916 terant,
2109 3863 2247 3920 quos
2280 3847 2499 3904 vincere
2524 3863 2634 3903 non
2671 3846 2942 3902 valebant.
2978 3841 3080 3901 Per
3108 3844 3308 3901 caudas
3331 3859 3462 3899 vero

1867 3943 2316 4018 pbilOSOphorum
2347 3950 2510 4014 atque
2532 3951 2815 4013 poetarum
2848 3939 3091 3996 doctrinm
3123 3938 3457 4008 designatur.

1865 4040 2008 4096 Nam
2035 4038 2216 4094 cauda
2253 4054 2434 4094 eorum
2463 4036 2660 4093 similes
2697 4034 3042 4108 serpentibus,
3087 4032 3330 4089 habentes
3375 4047 3461 4087 cae-

1868 4136 1997 4206 pita,
2031 4143 2078 4188 et
2099 4133 2154 4186 in
2183 4132 2245 4188 iis
2268 4139 2473 4186 nocent.
2509 4129 2680 4185 Recte
2707 4128 2955 4184 doctrina
3007 4125 3460 4198 philosophorum

1866 4229 2215 4300 serpentibus
2257 4225 2615 4288 assitnilatur,
2673 4224 2799 4295 quia
2855 4221 3012 4293 plena
3067 4228 3188 4277 erat
3235 4219 3464 4278 venenis

1867 4319 2302 4378 mendaciorum.
2325 4318 2429 4387 Qui
2453 4329 2738 4389 serpentes
2762 4316 2940 4388 capita
2961 4314 3165 4370 habere
3185 4313 3461 4381 dicuntur,

1867 4416 1990 4487 quia
2034 4430 2226 4470 omnes
2270 4426 2493 4468 errores
2531 4411 2820 4483 gentilium
2873 4411 3131 4482 proprios
3189 4408 3467 4465 habebant

1875 4518 2153 4565 auctores.
2206 4507 2457 4562 Potestas
2501 4519 2633 4577 ergo
2661 4519 2925 4576 equorum
2959 4504 3013 4562 in
3051 4501 3241 4559 caudis
3269 4517 3464 4558 eorum

137 4593 300 4668 quod
327 4593 484 4657 fetet,
507 4585 861 4663 blasphemia:
879 4605 1014 4666 quas
1030 4581 1083 4647 lu
1098 4581 1375 4647 Christum
1395 4579 1756 4662 proferebant,

1869 4613 2010 4670 erat,
2030 4603 2154 4674 quia
2173 4609 2551 4674 persecutores
2571 4598 2830 4655 Ecclesia;
2853 4613 2948 4668 per
2966 4596 3268 4652 doctrinam
3293 4595 3468 4665 philo-

137 4655 537 4759 designantur.
585 4655 974 4744 Persecutores
1018 4685 1182 4757 igitur
1229 4655 1426 4768 loricas
1472 4683 1661 4756 igneas
1703 4655 1756 4740 et

1868 4697 2156 4768 sophorum
2181 4695 2435 4752 volebant
2467 4703 2712 4750 evertere
2743 4691 3061 4763 religionem
3087 4689 3464 4746 ehristianam.

139 4772 546 4853 hyacinthinas
586 4789 750 4851 atque
795 4776 1120 4850 sulphureas
1159 4765 1420 4832 imbuisse
1460 4774 1760 4842 dicuntur;

133 4874 278 4946 quia
311 4871 514 4943 partim
543 4869 765 4942 propter
792 4859 1230 4928 incredulitatem
1258 4867 1454 4924 mentis
1475 4868 1640 4924 corda
1669 4873 1765 4922 sua

136 4964 569 5028 induraverant,
603 4971 664 5019 ut
691 4967 798 5019 non
829 4961 1010 5019 solum
1044 4961 1096 5018 in
1127 4955 1406 5018 Christum
1435 4971 1541 5016 non
1573 4959 1765 5017 crede-

139 5065 302 5128 rent,
335 5057 435 5114 sed
467 5057 633 5113 etiam
668 5063 866 5114 serves
895 5057 1017 5129 ejus
1047 5059 1545 5128 persequerentur:
1576 5049 1770 5128 partim

135 5159 391 5227 propter
420 5149 795 5210 defensionem
823 5141 1088 5208 falsorum
1114 5149 1341 5207 deorum
1363 5192 1380 5217 ,
1415 5149 1611 5221 partim
1645 5157 1769 5222 pro-

141 5262 277 5322 pter
309 5247 679 5318 blasphemias
710 5261 846 5317 quas
877 5247 930 5301 in
959 5244 1237 5301 Christum
1268 5242 1654 5317 proferebant,
1686 5241 1768 5298 di-

137 5353 345 5402 centes
376 5347 500 5397 eum
537 5347 755 5413 magum
799 5339 970 5397 misse
1001 5346 1056 5395 et
1094 5337 1467 5394 seductorem.
1502 5331 1568 5391 Et
1595 5339 1767 5407 capita

137 5447 409 5512 equorum
458 5445 601 5492 erant
647 5444 910 5507 tamquam
954 5433 1125 5505 capita
1165 5431 1395 5488 leonum.
1441 5425 1546 5486 Per
1585 5429 1764 5502 capita

139 5543 422 5606 equorum
444 5531 806 5602 imperatores
829 5529 1204 5585 Romanorum
1226 5525 1582 5598 designantur
1604 5525 1766 5596 ,quia

139 5628 334 5700 capita
377 5641 500 5682 esse
543 5615 870 5682 videbantur
909 5621 1152 5680 omnium
1187 5631 1647 5700 persecutorum,
1674 5621 1765 5692 qui

140 5699 322 5777 etiam
354 5725 580 5792 propter
603 5704 974 5775 insatiabilem
1013 5705 1225 5772 rabiem
1266 5701 1518 5772 leonibus
1547 5699 1766 5771 assimi-

229 5887 258 5916 ει
301 5875 395 5934 Sic
421 5874 550 5934 edit.
572 5892 590 5944 ι
615 5887 752 5934 mss.
787 5887 938 5941 vero.
963 5887 1061 5948 per
1075 5869 1338 5947 inﬁnitum
1353 5881 1574 5942 namque
1593 5877 1776 5925 nunc.

142 5967 274 6012 rum
285 5989 301 6008 ο

1941 4791 2134 4864 (Vers.
2164 4787 2649 4861 20,21.)Etcteteri
2678 4788 2912 4843 homines
2925 4787 3016 4857 qui
3043 4802 3147 4842 non
3177 4795 3296 4841 sunt
3310 4784 3468 4840 occisi

1867 4887 1924 4941 in
1941 4887 2008 4942 iis
2045 4885 2233 4959 plagis,
2260 4899 2424 4953 neque
2465 4892 2679 4954 egerunt
2727 4881 3077 4954 ptenitentiam
3125 4881 3190 4935 ab
3225 4877 3466 4947 aperibus

1873 4995 2120 5036 manuum
2171 4994 2420 5044 suarum;
2479 4974 2504 5014 ι’
2551 4986 2606 5032 ut
2643 4991 2746 5031 non
2789 4975 3075 5030 adorarent
3129 4973 3387 5030 dwtnonia
3419 4979 3469 5027 et

1873 5075 2156 5131 simulacra
2194 5089 2350 5128 aurea
2380 5081 2426 5127 et
2462 5079 2724 5145 argentea,
2765 5079 2813 5124 et
2845 5085 3006 5135 terea,
3053 5079 3102 5123 et
3145 5066 3373 5136 lapidea,
3421 5074 3468 5121 et

1873 5169 2070 5240 lignea;
2101 5181 2214 5231 qua:
2235 5181 2398 5235 neque
2421 5164 2592 5218 videre
2616 5174 2854 5233 possunt,
2889 5177 3050 5229 neque
3071 5159 3276 5224 audire,
3303 5171 3468 5229 neque

1874 5263 2139 5318 ambulare
2170 5277 2188 5315 :
2223 5270 2270 5315 ct
2306 5276 2407 5314 non
2437 5267 2647 5332 egerunt
2678 5258 3033 5329 paenitentiam
3077 5255 3141 5310 ab
3172 5254 3466 5309 homicidiis

1873 5355 2002 5421 suis,
2029 5369 2192 5422 neque
2217 5370 2249 5407 a
2283 5352 2540 5423 veneﬁciis
2569 5352 2701 5416 suis,
2731 5365 2894 5421 neque
2921 5365 2954 5402 a
2986 5348 3327 5416 fornicatione
3348 5361 3464 5414 sua,

1873 5465 2032 5519 neque
2078 5465 2108 5502 a
2145 5447 2297 5518 furtis
2339 5447 2486 5512 suis;
2531 5443 2872 5509 subauditur,
2926 5441 3229 5512 perierunt.
3279 5439 3470 5495 Tertia

1872 5542 2036 5614 igitur
2067 5554 2210 5611 pars,
2253 5555 2374 5610 quae
2407 5537 2688 5594 interiecta
2737 5543 2846 5600 est,
2891 5533 3038 5588 salva
3092 5532 3234 5588 lecta
3261 5541 3372 5598 est,
3417 5531 3470 5588 id

1874 5646 1981 5703 est,
2003 5629 2188 5701 electi,
2211 5650 2279 5692 ex
2299 5634 2496 5706 quibus
2525 5630 2678 5687 multi
2703 5644 2802 5700 pro
2821 5626 3023 5684 Christi
3050 5629 3273 5686 nomine
3301 5629 3474 5684 intert-

1879 5729 2004 5788 fecti
2029 5738 2155 5786 sunt
2191 5747 2204 5782 :
2235 5726 2436 5798 reliqui
2469 5723 2837 5781 libentissime
2867 5721 3284 5791 occumberent,
3319 5723 3363 5777 si
3387 5737 3484 5778 ne-

1957 5860 1986 5904 ιι
2025 5862 2104 5920 Ita
2147 5861 2480 5933 mss.;edii.
2527 5863 2738 5931 autem,
2789 5871 2848 5919 ut
2892 5869 2996 5916 non
3016 5859 3293 5917 adorarent
3337 5853 3478 5918 idola

1887 5950 2064 6008 aurea,
2097 5943 2145 5993 et
2165 5948 2426 6016 argentea,
2452 5946 2499 5994 et
2528 5953 2706 6006 aurea,
2724 5944 2832 5996 etc.
