3950 6314
617 247 732 305 865

619 454 673 510 in
693 452 972 509 Christum
1001 453 1231 509 credere
1254 452 1567 519 noluerunt,
1592 461 1650 506 ut
1677 458 1904 522 agerent
1945 448 2221 521 pmniten-

617 547 751 601 tiam
778 547 848 601 ab
893 545 1272 616 iniquitatibus
1303 545 1441 612 suis,
1476 545 1785 615 perierunt.

693 637 922 696 CAPUT
951 638 1018 693 Χ.
1035 669 1105 679 -
1118 637 1298 710 (Vers.
1316 639 1338 694 I
1355 637 1396 710 .)
1414 636 1481 691 Et
1498 637 1602 691 vidi
1615 637 1774 692 alium
1787 638 2026 711 angelum
2040 637 2223 708 fortem

623 731 1021 787 descendentem
1052 731 1117 785 de
1144 731 1293 796 creto,
1325 732 1572 784 amictum
1600 730 1750 796 nube,
1780 740 1827 784 et
1857 731 1948 785 iris
1978 730 2031 784 in
2055 731 2224 801 capite

620 825 754 897 ejus.
773 821 913 890 Quia
936 823 1190 893 superius
1211 821 1570 878 adversitates
1594 821 1855 879 Ecclesia:
1877 831 2220 888 narraverat,

626 929 751 984 qua:
793 915 863 969 ab
892 915 1168 970 haereticis
1200 923 1254 971 et
1280 915 1506 986 paganis
1530 930 1688 986 passa
1711 925 1827 982 est;
1878 925 2048 971 restat
2073 923 2132 969 ut
2157 913 2226 971 de

626 1008 992 1079 prosperitate
1033 1008 1173 1078 ejus,
1217 1009 1455 1078 qualiter
1488 1009 1634 1064 inter
1664 1010 2075 1080 persecutiones
2107 1024 2227 1064 cre-

624 1103 788 1168 verit,
821 1112 1027 1158 narret.
1059 1101 1294 1158 Constat
1319 1119 1554 1174 namque
1606 1103 1908 1160 Ecclesiam
1942 1104 1995 1159 in
2043 1119 2228 1174 perse-

616 1194 933 1250 cutionibus
963 1196 1229 1260 crevisse,
1263 1205 1318 1251 et
1349 1206 1555 1267 quanto
1601 1199 1839 1268 amplius
1880 1197 2228 1269 opprimeba-

623 1295 738 1355 tur,
787 1295 942 1342 tanto
1005 1289 1243 1359 amplius
1307 1289 1746 1358 confortabatur,
1798 1300 1853 1346 et
1899 1295 2226 1347 crescebat:

622 1380 762 1435 sicut
791 1380 859 1435 de
886 1379 1016 1436 filiis
1044 1379 1209 1436 Israel
1241 1381 1295 1436 in
1327 1385 1497 1453 figura
1522 1383 1767 1454 ejusdem
1795 1384 2057 1440 Ecclesiae
2083 1386 2219 1439 scri—

625 1482 781 1544 ptum
849 1474 1104 1545 legimus,
1149 1475 1246 1546 qui
1294 1485 1501 1546 quanto
1556 1477 1790 1548 amplius
1843 1477 1911 1531 ab
1962 1475 2234 1550 Egyptiis

625 1567 1097 1638 Opprimebantur,
1174 1577 1325 1623 tanto
1398 1569 1635 1640 amplius
1706 1568 2230 1639 multiplicabuntur.

624 1660 869 1730 Angelus
909 1659 1068 1716 fortis
1099 1661 1392 1716 Dominum
1436 1673 1688 1717 nostrum
1732 1663 1918 1718 Jesum
1953 1664 2230 1718 Christum

631 1753 907 1822 designat,
939 1754 1008 1810 de
1033 1771 1141 1826 quo
1171 1754 1302 1810 dicit
1332 1755 1618 1811 Psalmista
1655 1774 1668 1810 :
1707 1753 1962 1811 Dominus
1983 1759 2133 1828 fortis
2179 1768 2227 1812 et

2339 1752 2497 1815 verit,
2534 1761 2589 1805 et
2617 1751 2797 1822 priora
2829 1751 3135 1820 posterius;
3184 1764 3254 1805 eo
3279 1747 3422 1820 quod
3455 1748 3504 1802 in
3529 1748 3686 1802 divinis
3712 1748 3794 1802 Scri-

629 1856 832 1918 potens,
882 1847 1136 1902 Dominus
1181 1858 1359 1920 potem
1409 1849 1461 1903 in
1510 1849 1692 1922 praelia
1719 1847 2091 1920 (Psal.xxttt,
2128 1849 2223 1920 8).

626 1937 732 2005 Qui
762 1939 1101 1994 descendens
1131 1939 1199 1995 de
1223 1940 1366 1996 caelo
1392 1941 1625 1996 amictus
1657 1941 1800 1997 nube
1828 1956 1952 1996 esse
1984 1941 2225 2008 dicitur;

628 2032 754 2104 quia
801 2032 1064 2088 Dominus
1095 2042 1281 2089 noster
1309 2034 1534 2089 veniens
1564 2034 1617 2089 in
1662 2033 1952 2099 mundum,
1993 2047 2219 2089 carnem

625 2140 750 2197 quae
782 2141 876 2196 per
907 2127 1105 2182 nubem
1137 2127 1419 2198 designata
1445 2136 1547 2193 est,
1584 2127 1788 2192 induit;
1825 2135 1882 2180 ut
1926 2141 2023 2196 per
2051 2126 2230 2181 carnis

624 2221 1052 2290 assumptionem
1094 2234 1153 2275 se
1183 2222 1489 2276 hominibus
1537 2219 1929 2286 conformaret,
1967 2235 2104 2294 quos
2132 2236 2225 2275 re-

628 2313 838 2368 dimere
876 2313 1150 2370 veniebat.
1194 2314 1296 2370 Per
1344 2314 1466 2369 irim
1517 2330 1649 2370 vero
1679 2315 1800 2384 ejus
1849 2314 2231 2370 misericordia

625 2407 959 2479 designatur,
995 2409 1136 2464 sicut
1182 2409 1432 2480 superius
1475 2409 1755 2465 diximus:
1785 2425 1883 2480 per
1911 2418 2079 2480 caput
2129 2425 2226 2464 au-

631 2508 746 2555 tem
777 2501 898 2570 ejus
936 2501 1196 2557 divinitas
1229 2503 1285 2558 in
1318 2503 1422 2558 hoc
1470 2503 1592 2559 loco
1624 2503 1969 2574 intelligitur.
2023 2503 2146 2558 Irim
2179 2504 2231 2558 in

627 2594 808 2663 capite
837 2593 1093 2662 habebat,
1128 2594 1254 2665 quia
1287 2595 1402 2666 ejus
1438 2595 1698 2650 divinitas
1729 2605 1855 2652 ante
1902 2595 2236 2651 incarnatio-

632 2701 759 2742 nem
803 2703 956 2743 suam
1005 2697 1210 2744 tantam
1253 2691 1691 2746 misericordiam
1733 2699 2130 2760 assumpserat,
2179 2700 2235 2746 ut

631 2780 796 2835 homo
829 2782 942 2836 fieri
992 2797 1092 2850 pro
1140 2783 1449 2838 hominibus
1500 2800 1606 2840 non
1637 2784 2051 2855 dedignaretur,
2082 2795 2137 2840 et
2167 2786 2234 2841 ad

638 2872 891 2927 ultimum
924 2874 1159 2943 pessima
1191 2887 1367 2930 morte
1394 2877 1664 2930 damnari.
1698 2877 1765 2930 Et
1800 2877 1958 2948 facies
1986 2880 2100 2950 ejus
2129 2890 2236 2932 erat

632 2965 765 3018 sicut
793 2966 894 3020 sol.
923 2963 1082 3036 Smpe
1113 2981 1208 3037 per
1233 2968 1406 3023 solem
1433 2969 1698 3023 Dominus
1734 2968 2079 3041 designatur;
2112 2974 2235 3041 quia

635 3057 715 3111 sol
747 3073 940 3113 omnes
970 3069 1251 3114 creaturas
1297 3061 1546 3116 visibiles
1578 3078 1677 3117 suo
1725 3063 2020 3130 splendore
2074 3073 2238 3134 atque

635 3148 1050 3217 pulchritudine
1089 3151 1365 3206 antecedit

639 3243 952 3312 comparari
983 3259 1083 3300 suo
1112 3245 1385 3301 creatori?
1413 3247 1612 3303 Verum
1638 3263 1736 3318 per
1767 3250 1967 3320 figuras
1992 3249 2240 3305 visibiles

639 3349 787 3404 sa'pe
813 3336 1110 3392 invisibilia
1136 3338 1604 3396 demonstrantur.
1632 3343 1688 3396 In
1717 3342 1884 3397 corde
1910 3344 2074 3412 igitur
2092 3342 2240 3398 elec-

638 3437 816 3484 torum
841 3429 1090 3486 ChriStus
1112 3432 1192 3487 sol
1219 3440 1325 3499 est,
1351 3448 1510 3504 quem
1537 3449 1766 3490 cernere
1790 3449 1889 3505 per
1910 3449 2063 3504 spem
2093 3435 2241 3489 nullo

641 3522 806 3578 modo
832 3522 1121 3589 desistunt,
1154 3533 1214 3580 et
1236 3526 1305 3580 ad
1337 3525 1498 3596 hujus
1526 3526 1993 3596 pulchritudinem
2019 3528 2240 3582 intuen-

641 3613 766 3669 dam
801 3624 1162 3682 perventuros
1189 3632 1311 3673 esse
1331 3632 1390 3673 se
1416 3618 1671 3673 credunt.
1705 3617 1774 3673 Et
1801 3619 1957 3692 pedes
1981 3622 2094 3690 ejus
2113 3630 2246 3674 tam-

642 3724 796 3780 quam
829 3710 1068 3764 columna
1095 3711 1251 3784 iguis.
1286 3711 1394 3767 Per
1422 3711 1738 3767 columnam
1770 3713 1912 3783 ignis
1946 3714 2244 3770 Ecclesiam

640 3818 932 3874 possumus
972 3808 1257 3877 accipere;
1288 3814 1314 3842 α
1342 3806 1462 3862 sive
1491 3808 1622 3878 quia
1672 3807 1882 3877 Spiritu
1929 3819 2120 3865 sancto
2163 3811 2247 3881 ig-

645 3897 757 3952 nita
783 3899 1122 3968 resplendet,
1151 3900 1267 3955 sive
1293 3902 1418 3969 quia
1449 3916 1636 3956 amore
1664 3902 1755 3956 Dei
1789 3912 1953 3972 atque
2002 3904 2237 3972 proximi

647 3991 1029 4047 indesinenter
1071 3993 1246 4049 ardet.
1296 3993 1401 4048 Per
1431 3992 1570 4048 duos
1623 4009 1757 4049 vero
1795 3994 1966 4064 pedes
1987 3995 2125 4050 duos
2151 4011 2248 4064 po.

652 4083 810 4152 pulos
841 4083 1148 4154 intelligere
1172 4085 1461 4141 debemus.
1498 4086 1575 4140 Ex
1605 4087 1818 4142 duobus
1860 4102 1992 4156 ergo
2023 4088 2250 4158 pedibus

651 4190 760 4229 una
792 4176 1050 4231 columna
1082 4176 1348 4244 efficitur;
1378 4179 1506 4250 quia
1553 4194 1616 4233 ex
1667 4177 1885 4235 duobus
1916 4181 2157 4251 populis,
2183 4196 2248 4237 ex

649 4267 854 4323 Judmis
874 4269 1129 4325 videlicet
1151 4279 1312 4340 atque
1341 4271 1618 4343 gentibus,
1643 4287 1744 4327 una
1771 4271 2019 4327 Ecclesia
2049 4273 2144 4327 Dei
2176 4271 2256 4326 fa-

655 4360 923 4418 bricatur.
957 4363 1258 4419 Possumus
1289 4364 1453 4420 etiam
1486 4380 1586 4436 per
1615 4364 1756 4421 duos
1786 4364 1953 4436 pedes
1983 4364 2095 4420 duo
2122 4365 2257 4421 Tes-

662 4465 901 4512 tamenta
951 4458 1286 4529 intelligere,
1345 4459 1488 4514 sicut
1528 4460 1581 4514 in
1627 4459 1987 4530 sequentibus
2037 4459 2259 4531 plenius

661 4547 1178 4606 demonstrabimus.
1230 4550 1341 4606 Nec
1386 4550 1668 4606 discordat
1693 4567 1723 4606 a
1759 4565 1924 4607 sensu
1965 4553 2258 4619 superiori,
2289 4523 2344 4586 D
2368 4523 2607 4616 ἀίθιιειηι,
2641 4558 2709 4613 Et
2733 4558 2809 4612 iui
2838 4523 3142 4613 ὶοηίιι-υιιηι
3165 4553 3450 4611 (maritalis
3475 4552 3672 4607 necdum
3689 4543 3823 4618 pedatu

657 4656 728 4694 eo
770 4642 915 4712 quod
946 4652 1106 4699 vetus
1137 4644 1560 4700 Testamentum
1589 4643 1816 4711 Iudaeis,
1849 4661 2048 4701 novum
2080 4656 2259 4703 autem

661 4736 919 4805 gentibus
949 4739 1266 4807 specialiter
1297 4741 1556 4796 traditum
1588 4742 1680 4797 sit.

734 4827 926 4898 (Vers.
957 4829 1052 4900 2.)
1091 4830 1154 4885 Et
1179 4831 1394 4887 habebat
1439 4835 1491 4887 in
1530 4851 1687 4888 manu
1711 4849 1808 4889 sua
1835 4833 2067 4889 libellum
2108 4851 2260 4904 aper-

663 4927 792 4973 tum.
817 4919 911 4975 llic
933 4920 1098 4976 Liber
1117 4923 1367 4992 superius
1385 4939 1592 4995 septem
1616 4925 1811 4996 sigillis
1831 4926 2072 4996 signatus
2096 4925 2265 4983 fuisse

661 5014 1024 5081 describitur;
1050 5017 1145 5072 sed
1168 5017 1237 5072 de
1256 5016 1375 5087 ejus
1388 5020 1694 5089 apertione,
1719 5018 1951 5075 Domino
1971 5019 2261 5090 largiente,

663 5107 841 5176 aliqua
873 5108 1129 5165 diximus.
1165 5110 1439 5166 Libellum
1484 5114 1648 5182 igitur
1701 5121 1952 5184 apertum
1999 5113 2051 5167 in
2097 5129 2265 5168 manu

664 5210 762 5250 sua
796 5198 1061 5255 Dominus
1090 5212 1277 5257 noster
1302 5202 1465 5257 Jesus
1491 5203 1740 5260 Christus
1767 5213 1952 5260 tenere
1975 5205 2125 5259 visus
2154 5213 2262 5270 est;

666 5290 794 5360 quia
821 5306 1016 5347 sensus
1046 5295 1352 5350 divinarum
1379 5296 1781 5365 Scripturarum
1813 5299 2133 5356 doctoribus
2169 5300 2270 5355 Ec-

665 5382 850 5438 clesia}
878 5387 995 5457 ipse
1024 5387 1256 5458 aperuit.
1295 5387 1366 5443 Et
1388 5391 1559 5462 posuit
1591 5394 1777 5458 pedem
1806 5411 1958 5447 suum
2000 5393 2268 5448 dexterum

669 5490 822 5546 super
841 5493 1015 5545 mare;
1038 5481 1313 5537 sinistrum
1339 5492 1511 5538 autem
1532 5501 1688 5556 super
1709 5495 1917 5541 terram.
1946 5487 2052 5543 Per
2074 5487 2269 5558 pedem

670 5563 948 5638 dextrum,
977 5572 1122 5628 sicut
1146 5574 1410 5644 diximus,
1441 5591 1643 5632 novum
1681 5577 2092 5635 Testamentum
2124 5595 2139 5634 :
2166 5594 2266 5650 per

750 5782 778 5810 λ
817 5773 878 5830 1η
925 5775 1058 5832 edit.
1100 5778 1349 5845 deerant,
1381 5784 1484 5839 sire
1509 5785 1629 5853 quia
1655 5782 1858 5855 Spiritu
1899 5794 2074 5839 sancto
2099 5785 2261 5855 ignita
2297 5785 2608 5857 resplendet,
2637 5786 2762 5854 sive,
2796 5798 2917 5857 quae
2935 5783 3303 5842 restituuntur
3327 5797 3395 5841 ex
3441 5795 3566 5838 mss.

1544 240 1638 300 AD
1675 238 1905 298 OPERA
1944 235 2194 297 SANCTI
2233 236 2566 298 AMBROSII
2604 235 2978 296 APPENDIX.
3703 242 3765 299 sel

617 359 849 415 cessitas
889 355 1186 429 exegisset.
1220 351 1419 411 Cmteri
1448 367 1606 421 vero,
1639 352 1692 408 id
1723 361 1826 419 est,
1871 350 2087 423 pagani,
2118 350 2212 422 qui
2241 351 2292 413 A
2317 350 2604 406 sinistrum
2647 358 2806 406 vetus
2853 348 3192 422 designatur.
3250 347 3524 405 Possumus
3559 357 3692 408 autem
3710 370 3765 424 per

1412 3169 1424 3205 :
1473 3152 1569 3208 sed
1598 3170 1719 3224 qua:
1746 3163 1998 3209 creatura
2034 3155 2239 3226 poterit
2266 3136 2312 3199 C
2347 3159 2466 3230 ejus
2518 3157 2894 3214 tantummodo
2927 3156 3111 3212 audita
3155 3163 3244 3211 est
3275 3153 3568 3208 :clamavit
3605 3158 3811 3220 postein

2321 458 2472 500 mare
2501 444 2761 516 populum
2807 441 3049 514 gentium
3091 441 3389 511 intelligere
3422 451 3606 511 propter
3627 446 3767 514 profugi.

2321 536 2547 592 ditatem
2575 536 2899 608 ignorantia:
2927 545 3090 606 atque
3117 549 3360 590 errorem
3386 551 3398 587 :
3422 549 3506 604 per
3526 545 3679 592 terram
3694 553 3770 594 tua

2323 647 2443 704 qua:
2471 631 2756 696 excolitur,
2784 641 2840 686 ut
2872 629 3104 686 fructum
3135 629 3291 694 ferat,
3320 627 3516 684 .Iudmos
3537 630 3610 699 qui
3631 633 3770 688 excole-

2321 725 2522 781 bantur
2547 741 2646 796 per
2670 724 3015 793 disciplinam
3055 723 3236 792 Legis,
3265 731 3320 778 et
3352 723 3558 777 fructum
3582 722 3760 792 ferebam,

2322 835 2444 876 cum
2465 829 2732 890 praecepta
2749 819 2960 890 Iegalia,
2986 817 3233 888 quamvis
3255 815 3768 887 carnaliter,implebant.

2328 913 2526 969 Pedem
2581 927 2711 981 ergo
2753 925 2909 966 suum
2959 909 3212 964 dextrum
3262 907 3504 962 Dominus
3537 922 3664 978 super
3691 926 3776 967 mare
3835 907 3875 981 1η

2330 1005 2530 1075 posuit,
2565 1003 2784 1074 quando
2809 1003 3098 1074 specialius
3132 1002 3382 1072 gentibus
3405 999 3657 1054 doctrinam
3674 999 3780 1055 Enn-
3841 999 3875 1080 l;

2329 1097 2476 1168 gelii,
2515 1111 2674 1167 quam
2724 1094 2930 1150 Iudaeis
2981 1093 3224 1157 tradidit,
3272 1093 3408 1147 sicut
3450 1091 3620 1146 Paulus
3656 1093 3777 1148 eisdem

2327 1188 2531 1245 Iudaeis
2595 1187 2852 1259 loquitur,
2906 1188 3095 1242 dicens
3129 1206 3142 1242 :
3181 1185 3338 1240 Vobis
3376 1183 3609 1253 Oportebat
3641 1188 3774 1253 prima

2333 1283 2472 1352 loqui
2496 1281 2705 1336 verbum
2726 1278 2848 1347 Dei,
2872 1279 2961 1334 sed
2996 1279 3117 1350 quia
3142 1278 3394 1348 repellitis
3414 1276 3554 1342 illud,
3582 1277 3782 1347 “indiges

2330 1391 2418 1430 vos
2437 1375 2716 1449 judicastis
2742 1385 2948 1429 aeterna:
2976 1375 3115 1439 vitm,
3146 1389 3263 1428 ecce
3283 1372 3597 1426 convertimur
3615 1372 3666 1425 ad
3689 1384 3785 1443 genta

2336 1470 2482 1542 (Act.
2509 1485 2625 1536 xm,
2649 1469 2774 1541 46).
2816 1468 3016 1524 Pedem
3048 1468 3340 1523 sinistrum
3373 1481 3529 1536 super
3557 1475 3710 1521 terram
3738 1484 3788 1534 po-

2332 1565 2464 1631 suit,
2493 1564 2708 1635 quando
2740 1563 2937 1635 Legem
2971 1561 3174 1618 Judaais
3192 1561 3498 1633 specialiter
3519 1559 3708 1615 tradidit.
3723 1559 3783 1616 Sed

2340 1659 2548 1713 nullum
2572 1669 2809 1726 moveat,
2841 1657 2984 1728 quod
3012 1657 3320 1727 posteriora
3353 1656 3496 1726 prius
3515 1669 3792 1710 commemora

2334 1844 2508 1914 pturis
2537 1844 2640 1899 hoc
2669 1859 2813 1915 szrpe
2840 1843 3143 1914 contingat.
3178 1841 3261 1898 Ad
3283 1841 3424 1911 quod
3456 1841 3794 1911 comprobantis

2332 1955 2496 1993 unum
2522 1937 2896 1994 tantummodo
2917 1937 3228 2007 exemplum
3253 1934 3590 2006 proferamus.
3612 1933 3656 1988 In
3673 1933 3795 2004 psalmo

2332 2034 2641 2089 centesimo
2665 2032 2857 2104 quinto
2889 2031 3079 2101 (Vers.
3106 2028 3234 2100 i7),
3283 2043 3404 2084 cum
3435 2029 3793 2095 dixissentpua

2333 2138 2406 2181 est
2437 2137 2593 2193 terra,
2619 2137 2666 2181 et
2691 2125 2956 2197 deglutivit
2997 2122 3234 2188 Datlran,
3281 2119 3441 2194 542
3464 2131 3508 2175 et
3536 2121 3692 2190 aperuit
3711 2134 3796 2186 super

2333 2220 2779 2292 congregationem
2826 2216 3018 2271 Abiron
3052 2233 3070 2270 :
3102 2224 3150 2269 et
3183 2215 3377 2270 exarsit
3405 2213 3532 2281 ignis
3558 2214 3603 2264 in
3639 2226 3799 2281 syringes:

2334 2329 2532 2378 eorum,
2557 2314 2768 2382 ﬂamma
2789 2309 3064 2364 combussit
3086 2316 3377 2380 peccatores
3391 2321 3412 2369 ,°
3433 2314 3566 2360 retro
3590 2304 3798 2360 revertar.

2335 2415 2392 2462 et
2422 2405 2554 2461 dicit
2581 2423 2593 2460 :
2624 2403 2693 2459 Et
2726 2406 2958 2476 fecerunt
2982 2403 3205 2456 vitulum
3233 2400 3288 2453 in
3321 2399 3477 2465 Ureb,
3506 2407 3548 2452 et
3572 2396 3800 2450 adoreretur

2336 2499 2574 2569 sculptile
2606 2514 2624 2553 :
2651 2513 2754 2554 nec
2805 2496 3254 2552 inconvenienter
3295 2508 3394 2563 per
3418 2492 3659 2562 {dextrum
3688 2488 3801 2560 pedes

2340 2607 2539 2649 novum
2591 2591 3028 2656 Testamentum,
3063 2603 3163 2660 per
3203 2585 3483 2641 sinistrum
3530 2593 3679 2638 autem
3713 2588 3805 2635 retas

2338 2689 2684 2760 designatur;
2717 2702 2783 2743 co
2807 2685 2953 2757 quod
2977 2693 3132 2739 vetus
3157 2682 3560 2738 Testamentum
3585 2677 3728 2733 umbra
3741 2674 3805 2730 lue

2339 2781 2409 2838 rit
2439 2781 2564 2836 novi
2603 2778 2959 2835 Testamenti.
3147 2833 3226 2866 Im

2415 2874 2594 2946 (Vers.
2624 2872 2704 2944 '5.)
2723 2871 2791 2926 Et
2807 2868 3508 2941 clamavit,quemadmodum
3533 2882 3631 2921 cum
3652 2866 3805 2934 iungit.

2340 2970 2611 3028 Clamavit
2637 2970 2890 3026 Christus
2922 2985 3017 3041 per
3048 2969 3247 3041 legem,
3279 2966 3374 3023 sed
3418 2981 3521 3022 non
3568 2963 3809 3033 quemadmo-

2343 3068 2471 3122 dum
2518 3081 2642 3122 cum
2670 3066 2756 3120 leo
2784 3065 2958 3136 rugit;
3004 3063 3130 3134 quia
3164 3063 3216 3117 in
3266 3077 3372 3117 una
3401 3061 3557 3116 domo
3594 3058 3717 3114 Israel
3752 3071 3808 3107 tu

2347 3251 2730 3323 Evangelium,
2757 3249 3192 3320 quemadmodum
3233 3263 3351 3302 cum
3390 3248 3469 3301 leo
3495 3247 3647 3317 rugit;
3669 3243 3750 3312 qui:
3785 3238 3812 3291 in

2344 3360 2560 3402 omnem
2589 3342 2850 3398 mundum
2873 3358 2976 3397 vox
2999 3341 3117 3412 ejus
3140 3339 3402 3395 intonuit.
3424 3337 3492 3392 Et
3513 3335 3812 3392 eumdumius,

2345 3442 2518 3494 locuta
2545 3447 2662 3492 sunt
2694 3447 2885 3510 septem
2937 3437 3167 3490 tonitrua
3214 3449 3363 3487 voces
3393 3448 3534 3486 suas.
3563 3429 3652 3484 Per
3679 3437 3805 3496 septem

2347 3534 2586 3589 tonitrua
2616 3540 2826 3600 septem
2848 3531 3079 3584 virtutes
3111 3541 3402 3598 possumus
3424 3524 3662 3596 accipere.
3684 3519 3812 3575 Clama-

2347 3626 2426 3681 vit
2465 3626 2714 3680 Christus
2762 3639 2859 3694 per
2895 3623 3121 3693 Legem,
3172 3619 3267 3676 sed
3317 3628 3522 3690 septem
3551 3616 3729 3670 tonitru:
3759 3624 3814 3662 me

2349 3725 2680 3773 sonuerunt:
2703 3713 2959 3770 clamavit
2992 3728 3089 3783 per
3122 3711 3500 3782 Evangelium,
3525 3719 3576 3764 ct
3598 3709 3815 3762 locutasuttl

2351 3820 2558 3880 septem
2589 3808 2826 3862 tonitrua
2859 3821 3023 3861 voces
3066 3821 3214 3860 suas.
3264 3805 3398 3861 Nam
3454 3804 3555 3858 illis
3598 3801 3740 3871 quibus
3758 3795 3816 3850 [si

2351 3904 2568 3959 dicebat
2600 3901 2953 3957 :Maledictus
2985 3900 3076 3971 qui
3105 3885 3217 3954 non
3267 3898 3545 3968 reliquerit
3569 3902 3815 3950 semensum

2356 4001 2408 4056 in
2436 3999 2639 4063 Israel;
2663 4007 2718 4053 et
2741 3996 2939 4067 quibus
2965 3995 3036 4051 ob
3064 3997 3165 4048 hoc
3193 3993 3384 4062 plures
3403 4004 3592 4046 uxores
3615 3998 3734 4058 atque
3748 3996 3818 4037 coe-

2357 4091 2581 4146 cubinas
2641 4088 2844 4144 habere
2901 4087 3107 4142 licitum
3155 4094 3296 4151 erat,
3349 4077 3817 4156 pudicititetonitruuu

2357 4184 2590 4241 necdum
2625 4190 2904 4237 sonuerat.
2937 4179 3201 4236 Similiter
3223 4188 3281 4234 et
3308 4179 3412 4246 illi,
3439 4179 3622 4249 quibus
3645 4174 3723 4230 Lex
3743 4171 3821 4223 ditt

2357 4280 2484 4337 bat:
2519 4278 2742 4334 Oculum
2771 4293 2864 4349 pro
2891 4275 3060 4337 oculo,
3086 4274 3288 4328 dentem
3319 4289 3414 4344 pro
3442 4274 3617 4338 dente;
3647 4279 3683 4325 et
3703 4265 3819 4333 quales

2359 4371 2612 4442 inﬂixerit
2665 4370 2779 4440 quis
2826 4368 3107 4434 nauculam,
3156 4367 3315 4422 talem
3367 4376 3417 4420 et
3455 4365 3676 4420 sustinere
3704 4366 3824 4429 rogatu

2370 4465 2578 4539 (Exod.
2603 4479 2719 4531 xxi,
2751 4463 2889 4533 24);
2919 4461 3151 4517 necdum
3199 4461 3503 4516 tonitruum
3535 4453 3748 4531 patientia
3777 4463 3823 4502 u-

3874 1055 3875 1120 l

3798 2595 3805 2632 l

3798 3071 3808 3107 I

3798 3162 3811 3198 l

3798 3254 3812 3291 ll

3798 3343 3812 3392 ἲν

3798 3437 3805 3473 |

3799 3624 3814 3662 Β

3798 3711 3815 3752 ιι

3801 3810 3816 3847 ι

3798 3902 3815 3937 t

3798 4183 3821 4222 τ’

3798 4280 3819 4314 ll

3798 4369 3824 4408 Β

3798 4464 3823 4498 3..

3798 4551 3823 4591 it‘

3798 4647 3822 4680 π

3803 4723 3819 4788 ξ.

3798 4829 3820 4868 LL

3798 4925 3822 4964 [ι

3799 5020 3826 5058 ξ-

3798 5193 3828 5241 ii:

3798 5285 3827 5334 rl-

3798 5388 3828 5428 lt‘

3803 5467 3827 5518 ia

3805 5567 3828 5606 ti

2363 4652 2689 4715 audierant,
2750 4649 2952 4720 quibus
3012 4649 3122 4704 Lex
3192 4647 3410 4703 dicebat
3444 4664 3456 4700 :
3488 4643 3661 4715 Diliges
3700 4637 3822 4693 una!!!

2367 4757 2535 4808 tuum,
2565 4753 2616 4798 et
2647 4743 2766 4798 odio
2794 4742 2998 4796 habebis
3027 4740 3296 4795 inimicum
3322 4749 3468 4794 tuum
3494 4734 3683 4805 (Matth.
3700 4745 3738 4794 v,
3757 4723 3819 4788 43?-

2366 4838 2516 4894 ldem
2583 4847 2639 4893 et
2666 4837 2737 4893 de
2779 4837 2997 4893 caeteris
3049 4833 3345 4889 virtutibus
3389 4827 3740 4901 intelligendum
3771 4829 3820 4871 tit

2368 4929 2593 5000 Septem
2623 4945 2753 5002 ergo
2785 4930 3027 4984 tonitrua
3059 4927 3236 4982 locuta
3264 4937 3422 4992 sunt;
3457 4923 3651 4997 quando
3673 4934 3741 4990 per
3755 4914 3822 4970 δῦθι

2375 5025 2574 5080 trinam
2641 5023 2921 5095 Evangelii
2973 5022 3287 5079 sublimitas
3337 5021 3592 5076 virtutum
3633 5008 3826 5085 capitis-

2373 5119 2694 5174 monstrari.

2447 5211 2635 5284 (Vers.
2659 5210 2751 5282 4.)
2781 5209 2846 5264 Et
2871 5209 3050 5265 audivi
3073 5224 3246 5264 uocem
3275 5207 3340 5262 de
3366 5209 3490 5262 caelo
3515 5206 3720 5259 dicentem
3744 5193 3828 5248 ηἰὲέῖ

2375 5303 2544 5374 Signa
2567 5317 2681 5374 qua:
2701 5303 2875 5356 locuta
2901 5313 3019 5357 sunt
3048 5312 3241 5372 septem
3263 5301 3514 5364 tonitrua,
3536 5308 3579 5353 et
3606 5294 3691 5350 noli
3711 5285 3827 5345 esuri-

2376 5394 2513 5449 bere.
2562 5393 2682 5448 Vox
2713 5393 2780 5449 de
2823 5394 2965 5449 coelo
3015 5410 3116 5448 vox
3154 5404 3241 5449 est
3283 5394 3352 5450 de
3385 5389 3656 5448 Ecclesia:
3690 5381 3828 5439 scrti

2377 5501 2512 5543 vero
2530 5495 2614 5542 est
2636 5486 2962 5557 praedicare;
2986 5489 3110 5556 quia
3137 5488 3279 5541 sicut
3297 5487 3528 5556 scriptor
3569 5467 3827 5539 amittentes

2377 5579 2660 5636 volumine
2690 5577 2902 5647 scribit,
2933 5577 3079 5634 unde
3105 5577 3348 5650 legentes
3377 5577 3732 5634 exercitenlur;
3754 5567 3828 5618 Μ
