3950 6314
46 267 142 326 863

789 267 856 324 ΙΝ
896 262 1379 326 APOCALYPSIN
1421 265 1619 326 ΕΧΡΟΞ

1726 269 1807 326 lU.
1839 267 1928 326 DE
1977 271 2244 333 VISIONE
2285 274 2596 347 QUARTA.

3213 282 3323 344 866

42 387 254 459 quilibet
280 384 472 440 doctor
494 387 662 442 verba
682 384 779 441 Dei
799 385 1007 453 scribit,
1037 401 1158 442 cum
1176 401 1240 442 ea
1264 385 1616 457 przedicando
1643 388 1688 448 Α
1722 385 1887 452 dicit;
1921 387 2049 458 quia
2080 391 2326 460 ejusdem
2381 396 2623 466 Spiritus
2673 396 2847 452 sancti
2901 414 3004 454 vox
3058 399 3160 452 l'nit
3209 399 3323 467 illa,

45 481 90 536 in
113 479 358 535 cordibus
382 478 719 535 audientium
746 479 975 550 plantat.
1007 478 1118 536 Cur
1147 496 1277 551 ergo
1299 497 1399 554 per
1423 496 1616 538 vocem

44 587 150 642 qua:
178 571 244 626 de
270 572 407 626 caelo
429 571 634 636 sonuit,
669 570 1001 642 prohibitum
1030 584 1113 628 est
1145 589 1212 628 ne
1239 584 1448 644 septem
1471 575 1618 630 toni-

45 674 151 720 trua
198 665 589 731 scriberentur,
623 665 677 720 in
727 663 958 720 Actibus
1007 666 1410 736 apostolorum,
1453 676 1509 722 et
1558 667 1617 724 in

42 756 271 829 epistolis
292 755 443 811 Pauli
473 757 723 812 invenire
756 771 1066 828 possumus.
1101 757 1158 813 In
1189 759 1350 816 initio
1381 774 1620 830 namque

42 851 151 907 lidci
183 850 563 922 praedicatores
599 851 774 907 sancti
807 851 1052 908 videntes
1081 853 1453 911 infirmitatem
1482 871 1617 927 gen-

42 945 161 999 tinm
191 943 255 999 ad
286 942 445 999 [idem
476 945 838 1013 venientium,
869 961 976 1000 non
1011 955 1142 1002 sunt
1167 948 1287 1002 ausi
1320 948 1401 1004 eis
1431 959 1616 1004 auste-

41 1038 168 1094 riora
197 1037 397 1093 Christi
427 1049 704 1110 praecepta
735 1039 1122 1108 committere;
1147 1057 1216 1098 ne
1245 1039 1389 1098 forte
1416 1042 1616 1098 duritia

42 1139 420 1202 praceptorum
455 1131 655 1198 territi,
691 1147 797 1187 non
823 1131 1090 1188 auderent
1119 1133 1186 1190 ad
1220 1133 1382 1190 ﬁdem
1411 1131 1618 1190 Christi

40 1223 419 1296 suscipiendam
460 1225 751 1293 accedere,
799 1226 941 1282 sicut
970 1226 1174 1282 Paulus
1197 1226 1478 1299 apostolus
1504 1227 1618 1282 dis-

37 1319 215 1389 cipulis
251 1319 360 1373 suis
405 1319 648 1388 scripsit,
681 1318 874 1375 dicens
903 1337 917 1375 :
950 1317 1238 1389 Tamquam
1286 1320 1517 1392 parvulis
1563 1319 1616 1373 in

41 1412 228 1469 Christo
278 1412 357 1466 lac
386 1413 526 1468 vobis
569 1422 751 1483 potum
789 1413 934 1482 dedi,
969 1431 1086 1470 'non
1129 1431 1332 1480 escam;
1382 1413 1617 1468 nondum

39 1508 157 1560 enim
181 1505 442 1576 poteratis,
472 1505 563 1561 sed
588 1522 679 1560 nec
705 1505 878 1584 adhuc
921 1507 1129 1576 quidem
1161 1507 1412 1577 potestis;
1441 1505 1615 1560 adhuc

39 1601 163 1653 enim
204 1600 328 1655 estis
371 1600 608 1654 carnales
639 1598 688 1662 (Ι
716 1598 840 1655 Cor.
893 1615 973 1662 tn,
1005 1599 1096 1670 2).
1147 1599 1255 1655 Sed
1287 1609 1340 1653 et
1380 1597 1612 1669 apostoli

37 1692 115 1762 qui
143 1701 293 1746 erant
337 1691 753 1762 Hierosolymis,
787 1691 869 1746 eis
894 1689 986 1762 qui
1019 1706 1088 1745 cx
1132 1690 1390 1760 gentibus
1429 1689 1613 1746 credi-

1722 481 1878 552 cujus
1907 493 1962 538 et
1991 483 2115 539 ista.
2147 485 2252 542 Per
2281 487 2546 546 Joannem
2579 491 2630 544 in
2657 489 2761 547 hoc
2797 490 2920 546 loco
2950 506 3145 548 omnes
3194 509 3327 562 apo-

1720 574 1891 630 stolos
1919 577 2226 649 intelligere
2269 577 2556 638 debemus.
2601 581 2720 638 Vox
2752 599 2885 656 ergo
2913 583 3097 640 divina
3128 583 3326 640 Joanni

1723 667 1910 724 locuta
1941 679 2050 738 est,
2082 681 2141 726 ut
2173 671 2281 730 iret
2311 674 2380 730 ad
2425 675 2698 747 angelum,
2734 687 2791 733 et
2833 678 3113 748 acciperet
3159 677 3227 734 ab
3260 692 3329 734 eo

1720 759 1959 830 librum;
2007 764 2138 836 quia
2181 763 2422 837 Spiritus
2446 769 2618 824 sancti
2649 769 2824 840 gratia
2852 770 3116 841 apostolis
3148 770 3322 841 inspi-

1721 857 1888 922 ravit,
1925 866 1987 912 ut
2017 857 2226 914 relictis
2267 860 2545 927 omnibus,
2595 861 2874 919 Christum
2926 873 3323 936 sequerentur;

1723 957 1780 1003 ut
1806 949 2109 1006 doctrinam
2142 951 2430 1024 Evangelii
2460 953 2528 1010 ab
2555 969 2627 1010 eo
2654 959 3019 1027 perciperent.

1793 1041 2072 1112 (Vers.9,
2118 1044 2244 1114 i0.)
2294 1043 2364 1099 Et
2403 1045 2506 1100 abii
2553 1046 2622 1100 ad
2670 1047 2935 1118 angelum,
2985 1051 3158 1105 dicens
3189 1051 3234 1104 ei
3267 1059 3321 1105 ut

1720 1135 1867 1189 daret
1904 1136 2032 1191 mihi
2080 1137 2290 1193 librum.
2325 1139 2596 1195 Abierunt
2639 1143 2877 1211 apostoli
2909 1143 2976 1199 ad
3020 1143 3323 1214 Christum,

1721 1236 1781 1283 ut
1807 1227 1878 1283 ah
1907 1244 1974 1284 eo
2003 1229 2256 1286 doctrina
2289 1230 2600 1286 divinarum
2639 1232 3045 1304 Scripturarum
3079 1235 3321 1293 instrue-

1721 1330 1932 1378 rentur.
1984 1321 2051 1377 Et
2081 1323 2215 1378 dixit
2263 1325 2440 1379 mihi:
2471 1325 2687 1396 Accipe,
2716 1336 2764 1380 et
2805 1325 2994 1381 derora
3041 1326 3213 1393 illum,
3267 1337 3318 1383 et

1719 1414 1874 1485 faciet
1895 1416 2185 1471 amaricare
2205 1425 2427 1471 ventrem
2448 1425 2614 1482 tuum,
2636 1417 2729 1471 sed
2749 1419 2803 1471 in
2827 1435 2917 1473 ore
2942 1428 3028 1474 tuo
3052 1420 3149 1474 erit
3168 1420 3324 1476 dulce

1721 1521 1987 1580 tamquam
2017 1511 2135 1565 mel.
2186 1510 2254 1566 Et
2296 1528 2413 1565 cum
2442 1511 2769 1567 devorassem
2813 1529 2950 1581 eum,
2995 1515 3318 1569 amaricatus

1719 1612 1794 1656 est
1826 1613 1997 1658 venter
2027 1620 2190 1658 meus.
2221 1602 2327 1660 Per
2353 1620 2411 1658 με
2444 1604 2496 1658 in
2521 1619 2630 1674 quo
2657 1619 2887 1676 sapores
2927 1605 3327 1661 discernuntur

1719 1695 1884 1750 corda
1921 1697 2296 1768 apostolorum
2346 1698 2661 1768 intelligere
2699 1713 2993 1770 possumus
3023 1717 3036 1754 :
3068 1715 3166 1770 per
3184 1715 3322 1755 ven-

38 1785 231 1851 derant,
293 1784 721 1851 mandaverunt,
775 1783 1025 1839 dicentes
1066 1800 1081 1839 :
1122 1781 1332 1838 Placuit
1392 1782 1615 1854 Spiritui
1645 1789 1693 1850 B
1721 1797 1859 1844 trem
1907 1800 2090 1846 autem
2122 1791 2175 1846 in
2205 1807 2312 1862 quo
2353 1806 2546 1848 omnes
2596 1794 2878 1863 spurcitia:
2905 1805 3324 1851 commorantur

37 1888 196 1934 sancto
216 1886 263 1933 et
285 1877 432 1933 nobis
451 1878 586 1932 nihil
614 1878 878 1948 imponere
894 1875 1034 1931 vobis
1062 1876 1253 1944 oneris,
1288 1876 1388 1931 nisi
1413 1886 1469 1930 ut
1498 1876 1614 1931 abso

39 1971 225 2025 tineatis
256 1986 344 2025 vos
371 1969 436 2024 ab
463 1971 625 2034 escis,
655 1984 768 2039 qua?
806 1967 959 2023 idolis
988 1969 1348 2034 immolantur,
1373 1977 1420 2021 et
1445 1983 1477 2021 a
1504 1971 1620 2037 for-

38 2064 299 2130 nicatione,
349 2072 399 2118 et
450 2061 730 2130 su/I'ocato,
783 2072 831 2117 et
879 2062 1136 2136 sanguine
1164 2062 1313 2136 (Act.
1355 2077 1450 2128 xv,
1480 2059 1612 2132 28).

38 2158 138 2214 Vox
162 2173 289 2230 ergo
318 2157 386 2213 de
417 2158 557 2214 coelo
584 2156 780 2213 Joanni
809 2157 1076 2227 loquitur,
1110 2172 1180 2214 ne
1220 2167 1430 2228 septem
1477 2156 1618 2212 toni-

38 2260 143 2306 trua
187 2251 632 2322 scriberet;quia
685 2251 918 2321 apostoli
941 2251 1032 2323 qui
1056 2265 1154 2322 per
1193 2250 1393 2306 cmlum
1439 2249 1618 2321 desig-

39 2356 239 2412 nantur,
293 2347 488 2418 primis
555 2343 1006 2417 praedicatoribus
1081 2352 1492 2416 praeceperunt;
1549 2357 1619 2400 ne

38 2439 236 2495 naviter
264 2440 331 2494 ad
363 2439 528 2495 [idem
569 2438 875 2505 venientes,
906 2438 1086 2494 subito
1125 2437 1193 2494 ad
1235 2437 1616 2494 celsitudinem

37 2534 276 2588 virtutum
305 2531 678 2589 conscendere
713 2541 1001 2603 cogerent,
1033 2531 1209 2588 donec
1255 2532 1308 2587 in
1356 2531 1460 2588 (ide
1487 2546 1621 2587 con-

36 2627 225 2697 lortati,
251 2628 365 2700 jam
405 2627 474 2683 ad
508 2626 884 2700 operationem
939 2627 1198 2684 virtutum
1232 2627 1464 2684 transire
1494 2641 1620 2699 pos-

37 2730 163 2777 sent.

100 2813 284 2885 (Vers.
337 2816 394 2884 5,
439 2817 493 2882 6,
527 2815 619 2889 7.)
670 2814 742 2871 Et
789 2817 1008 2888 angelus
1057 2833 1205 2887 quem
1256 2816 1360 2870 vidi
1403 2825 1620 2872 stantem

37 2924 177 2978 supra
197 2925 339 2964 mare
359 2921 409 2964 et
435 2927 594 2979 super
610 2921 824 2979 terram,
847 2927 963 2965 cum
989 2911 1203 2966 levasset
1223 2926 1430 2965 manum
1445 2925 1618 2978 suam,

38 3011 76 3054 et
100 3005 314 3066 iurasset
340 3019 431 3075 per
450 3004 706 3058 viventem
732 3005 787 3058 in
818 3013 1066 3059 azternum
1092 3005 1178 3074 qui
1202 3005 1389 3058 creauit
1412 3003 1618 3069 caelum,

36 3105 80 3149 et
105 3112 160 3151 ea
184 3112 298 3167 qute
324 3099 379 3150 in
405 3112 465 3153 eo
495 3106 648 3164 sunt;
669 3107 715 3152 et
737 3107 948 3165 terram,
987 3106 1035 3152 et
1065 3113 1124 3151 ea
1151 3112 1266 3168 quae
1293 3097 1343 3151 in
1373 3113 1431 3151 ea
1462 3105 1622 3150 sunt:

1721 1883 1993 1952 corporis,
2032 1886 2350 1940 memoriam
2401 1895 2749 1955 peccatorum
2799 1887 3115 1959 intelligere
3145 1887 3320 1944 debe-

1718 1991 1860 2030 mus.
1906 1977 2070 2033 Libcr
2115 1977 2276 2049 igitur
2317 1977 2444 2033 dum
2477 1978 2857 2046 devoraretur,
2908 1989 2968 2035 ut
3013 1980 3121 2037 mel
3151 1980 3313 2036 dulce

1718 2069 1890 2125 luisse
1919 2069 2150 2136 dicitur;
2197 2071 2323 2141 quia
2354 2071 2541 2127 divina
2571 2072 2851 2142 Scriptura
2882 2072 3011 2128 dum
3044 2073 3098 2127 in
3129 2081 3320 2130 mente

1719 2163 2042 2230 revolvitur,
2073 2163 2350 2231 vitamque
2377 2170 2642 2220 :eternam
2691 2164 2947 2219 mandata
2979 2163 3076 2220 Dei
3127 2172 3321 2220 custo-

1719 2255 1995 2312 dientihus
2022 2258 2385 2327 repromittit,
2419 2256 2598 2313 dulcis
2629 2269 2687 2313 ut
2713 2259 2821 2314 mel
2852 2259 2906 2313 in
2935 2258 3104 2314 corde
3153 2258 3328 2315 el‘liei-

1720 2356 1807 2402 tur
1842 2366 1854 2402 :
1885 2364 2006 2404 cum
2033 2365 2160 2404 vero
2193 2362 2430 2406 mentem
2463 2365 2494 2404 a
2521 2350 2902 2422 superioribus
2932 2351 2999 2406 ad
3028 2351 3320 2420 inferiora,

1723 2442 1776 2497 id
1806 2450 1911 2507 est,
1946 2458 1975 2498 a
2016 2443 2484 2514 contemplatione
2515 2443 2764 2500 caelestis
2793 2445 2982 2515 patriae
3010 2444 3077 2498 ad
3102 2455 3326 2516 peccata

1719 2551 1815 2592 sua
1839 2535 2098 2594 intuenda
2122 2536 2361 2604 deducit,
2401 2552 2699 2609 pmnasque
2723 2553 2860 2608 quas
2888 2539 3037 2610 impii
3065 2553 3164 2610 pro
3191 2553 3323 2610 pec-

1721 2628 1860 2684 catis
1893 2628 2010 2684 suis
2055 2629 2272 2700 passuri
2301 2636 2452 2695 sunt,
2486 2629 2751 2696 ostendit,
2779 2645 2901 2702 quae
2931 2641 3090 2686 antea
3134 2629 3324 2686 fuerat

1723 2721 1900 2778 dulcis
1923 2722 1978 2778 in
2001 2721 2475 2778 demonstratione
2501 2722 2748 2779 cmlestis
2777 2723 2990 2795 gloriae,
3023 2739 3211 2780 amara
3243 2724 3324 2780 ef-

1722 2813 1903 2870 ﬁcitur
1933 2815 1988 2870 in
2041 2822 2385 2885 peccatorum
2435 2815 2775 2872 ostensione.
2819 2816 3118 2873 Possumus
3157 2816 3326 2874 etiam

1723 2909 1825 2964 hoc
1869 2910 1936 2966 de
1965 2907 2176 2965 Joanne
2221 2910 2443 2980 proprie
2493 2909 2827 2981 intelligere,
2880 2911 2973 2982 qui
3022 2921 3317 2982 antequam

1723 3003 2079 3074 Evangelium
2111 3001 2398 3069 scriberet,
2453 3001 2712 3058 Pathmos
2740 3005 2794 3057 in
2821 3001 3076 3059 exsilium
3122 3003 3322 3059 ductus

1725 3107 1810 3154 est
1833 3115 1844 3151 :
1871 3095 1965 3152 sed
1989 3096 2112 3167 quia
2144 3105 2366 3168 propter
2384 3095 2686 3151 absentiam
2715 3093 2834 3166 ejus
2863 3094 3108 3150 haeretici
3138 3094 3333 3152 Eccle-

36 3205 180 3254 mare,
209 3199 256 3244 et
282 3208 345 3246 ea
371 3206 486 3261 quae
514 3192 567 3244 in
612 3207 671 3246 eo
692 3201 844 3258 sunt;
870 3191 990 3259 quia
1019 3199 1220 3262 tempus
1261 3191 1486 3261 amplius
1515 3206 1618 3243 non
1647 3181 1694 3245 C
1725 3191 1861 3247 siam
1915 3191 2011 3246 Dei
2065 3192 2406 3256 invaserant,
2460 3197 2585 3260 post
2627 3189 3004 3245 reversionem
3046 3203 3203 3244 suam
3255 3188 3328 3246 de

38 3285 141 3350 erit,
168 3285 257 3340 sed
299 3285 358 3340 in
386 3285 566 3340 diebus
595 3286 802 3356 septimi
849 3285 1042 3357 angeli,
1078 3301 1195 3339 cum
1241 3285 1449 3354 coeperit
1496 3283 1622 3339 tuba

39 3394 226 3447 canere,
256 3378 706 3435 consummabitur
730 3380 1029 3451 mysterium
1051 3377 1169 3444 Dei,
1204 3377 1342 3448 quod
1365 3377 1621 3448 cvangeli-

36 3473 154 3525 zauit
175 3487 264 3541 per
291 3489 467 3527 seruos
497 3487 618 3527 suos
640 3471 937 3544 prophetas.
964 3469 1076 3525 Nos
1103 3469 1323 3541 quando
1346 3469 1618 3540 juramus,

35 3565 273 3622 volumus
296 3575 358 3621 ut
382 3565 602 3620 ﬁrmum
631 3565 722 3630 sit,
749 3563 894 3636 quod
919 3564 1213 3635 loquimur.
1245 3563 1460 3620 Dixisse
1491 3576 1624 3634 ergo

38 3655 238 3714 Domini
275 3660 498 3728 jurasse
529 3667 646 3726 est;
691 3660 818 3730 quia
863 3658 979 3714 ﬁeri
1011 3672 1118 3713 non
1151 3666 1332 3728 potest
1373 3667 1430 3712 ut
1471 3655 1621 3728 quod

36 3747 262 3820 loquitur
289 3751 462 3816 Deus,
484 3749 701 3805 irritum
733 3750 846 3817 liat,
875 3749 1018 3806 sicut
1047 3751 1163 3820 ipse
1193 3749 1328 3806 dicit
1357 3749 1409 3804 in
1448 3750 1621 3804 Evan-

34 3843 409 3913 geliozanlum
432 3854 476 3899 et
499 3854 635 3899 terra
661 3843 975 3913 transibunt,
1008 3844 1159 3899 verba
1179 3855 1348 3898 autent
1379 3859 1490 3898 mea
1520 3860 1621 3898 non

36 3939 312 3994 transibunt
343 3938 513 4012 (Luc.
552 3955 668 4006 xxi,
694 3937 819 4008 35).
863 3937 999 3993 Cum
1032 3939 1197 4009 igitur
1225 3935 1478 3992 Christus
1524 3952 1621 4007 per

35 4030 294 4088 viventem
326 4033 383 4087 in
417 4043 706 4100 aeternum,
743 4041 799 4087 et
826 4046 926 4102 per
952 4047 1077 4088 eum
1115 4031 1207 4103 qui
1256 4031 1388 4087 fecit
1427 4044 1622 4086 omnes

35 4136 298 4182 creaturas
319 4126 552 4197 juravit,
578 4141 676 4197 per
702 4124 1057 4195 semetipsum
1080 4125 1284 4194 jnravit
1309 4143 1320 4176 :
1347 4125 1482 4192 Quia
1513 4141 1624 4179 om-

36 4218 114 4272 nia
135 4235 221 4292 per
239 4220 417 4292 ipsum
446 4219 586 4289 facta
622 4227 763 4285 sunt,
797 4226 844 4272 et
869 4218 982 4272 sine
1007 4218 1123 4286 ipso
1150 4218 1348 4288 factum
1379 4227 1453 4273 est
1491 4217 1624 4272 nihil

37 4309 218 4381 (Joan.
255 4329 297 4380 ι,
336 4311 429 4383 5).
477 4310 692 4368 Juravit
739 4319 920 4367 autem
953 4325 1060 4365 non
1084 4309 1409 4381 quibusdam
1439 4308 1623 4366 verbis

34 4407 381 4478 semetipsum
429 4405 754 4477 obligando;
800 4405 897 4461 sed
930 4404 1168 4462 dicendo
1213 4421 1276 4461 ea
1331 4421 1454 4478 qua:
1491 4419 1626 4459 ven-

36 4509 143 4556 tura
172 4511 351 4560 erant.
384 4501 490 4558 Per
519 4501 812 4572 septimum
838 4515 974 4557 vero
999 4499 1255 4572 angelum
1285 4499 1619 4571 praedicato-

1724 3283 1916 3339 exsilio
1944 3282 2010 3336 ad
2041 3298 2230 3338 eorum
2261 3281 2634 3352 blaSphemias
2671 3279 3036 3336 destruendus
3077 3280 3329 3352 compul-

1724 3392 1817 3432 sus
1845 3385 1932 3432 est
1977 3376 2332 3447 Evangelium
2384 3374 2652 3430 scribere.
2697 3373 2968 3445 Prazcepit
3012 3373 3174 3445 igitur
3223 3389 3332 3431 vox

1725 3471 1910 3526 divina
1940 3469 2161 3536 Joanni,
2193 3479 2249 3523 ut
2279 3469 2383 3523 iret
2411 3467 2477 3522 ad
2520 3467 2802 3538 angelum,
2844 3477 2898 3522 et
2948 3467 3224 3537 acciperet
3253 3466 3326 3523 ab

1726 3579 1792 3622 eo
1828 3565 2056 3629 librum;
2091 3565 2214 3634 quia
2245 3561 2407 3637 553
2456 3562 2695 3632 Spiritus
2739 3571 2966 3617 sanctus
2997 3559 3100 3616 hoc
3127 3560 3334 3618 Joanni

1727 3657 2053 3728 inSpirando
2081 3656 2277 3721 suasit,
2312 3665 2370 3710 ut
2398 3657 2504 3710 iret
2529 3655 2595 3710 ad
2627 3653 2907 3709 Christum
2931 3670 3037 3708 non
3081 3653 3334 3724 passibus

1725 3754 1996 3825 corporis,
2053 3753 2150 3809 sed
2189 3751 2443 3821 passibus
2497 3748 2718 3814 mentis,
2761 3748 2830 3804 ad
2871 3747 3331 3804 considerandam

1727 3847 2026 3904 divinitatis
2079 3845 2198 3917 ejus
2231 3843 2528 3914 potentiam
2566 3849 2732 3911 atque
2759 3856 2884 3895 cum
2916 3839 3078 3895 Patre
3106 3839 3335 3910 aequali-

1727 3951 1918 4008 tatem,
1948 3952 2007 3997 ut
2033 3942 2102 3996 de
2132 3939 2420 3996 divinitate
2439 3939 2562 4009 ejus
2593 3936 2841 3993 libellum
2871 3935 3122 3990 omnibus
3144 3933 3329 3989 ﬁdeli-

1727 4035 1830 4090 bus
1858 4035 2201 4091 salutilerum
2226 4041 2418 4105 posset
2443 4031 2818 4089 conscribere.
2855 4027 3150 4085 Devoravit
3190 4042 3331 4086 vero

1727 4127 1965 4184 Joannes
1997 4128 2218 4194 librum,
2251 4142 2376 4182 cum
2409 4125 2697 4181 scientiam
2723 4122 3006 4194 Evangelii
3039 4121 3181 4193 quod
3207 4137 3333 4193 pos-

1729 4229 1813 4276 tea
1846 4219 2088 4290 scripsit,
2139 4218 2452 4290 plenissime
2487 4217 2720 4287 accepit.
2770 4215 2940 4272 Liber
2980 4214 3165 4286 itaque
3193 4214 3329 4272 dum

1729 4314 2107 4380 devoraretur,
2156 4312 2505 4369 dulcedinem
2545 4311 2726 4367 mellis
2751 4311 2832 4366 ori
2879 4308 3165 4376 exhibuit;
3198 4309 3332 4381 quia

1727 4407 1908 4462 divina
1929 4405 2208 4477 Scriptura
2237 4414 2442 4475 quanto
2463 4403 2700 4474 amplius
2723 4403 2777 4458 in
2799 4401 2968 4458 corde
2989 4403 3330 4472 ruminatur,

1731 4513 1886 4558 tanto
1915 4500 2278 4557 salubriorem
2324 4497 2674 4554 dulcedinem
2703 4497 2871 4552 menti
2917 4495 3159 4553 exhibet.
3188 4495 3329 4552 Pus-

35 4611 132 4663 res,
156 4597 246 4669 qui
291 4596 347 4653 in
392 4597 499 4653 line
542 4595 728 4652 mundi
757 4596 924 4651 futuri
956 4605 1107 4660 sunt,
1137 4594 1522 4666 designantur,
1553 4592 1622 4649 de
1648 4581 1702 4642 D
1729 4610 1918 4651 sumus
1945 4603 2128 4650 autem
2152 4607 2248 4663 per
2276 4601 2553 4654 ventrem,
2589 4589 2643 4645 in
2664 4603 2774 4661 quo
2801 4603 2946 4644 escae
2975 4597 3325 4656 putrescunt,

35 4689 222 4759 quibus
246 4691 301 4748 in
325 4691 684 4762 sequentibus
731 4689 999 4746 dicemus.
1046 4687 1262 4746 Juravit
1303 4703 1434 4760 ergo
1467 4685 1623 4742 Chri-

40 4792 173 4851 stus,
198 4785 346 4857 quod
378 4783 435 4840 in
466 4783 658 4840 diebus
685 4783 910 4855 septimi
937 4781 1116 4855 angeli
1150 4780 1626 4838 consummabitur

37 4878 348 4947 mysterium
367 4877 488 4942 Dei,
506 4877 652 4948 quod
674 4875 1067 4946 evangelizavit
1087 4889 1184 4946 per
1217 4889 1349 4930 suos
1384 4871 1623 4945 prophe-

37 4971 141 5034 tas;
168 4968 296 5039 quia
322 4967 583 5040 prmdixit
605 4968 731 5039 quia
756 4977 884 5024 tunc
907 4969 1095 5024 veniet
1121 4967 1270 5036 linis,
1293 4981 1416 5023 cum
1439 4963 1621 5022 omnis

35 5057 328 5115 electorum
361 5073 626 5116 numerus
659 5059 819 5115 luerit
850 5059 1178 5130 completus.

101 5153 121 5226 (
138 5154 299 5210 Vera.
328 5153 386 5210 8.
407 5154 428 5227 )
449 5153 515 5209 Et
529 5171 861 5226 vocemquam
883 5155 1062 5210 audivi
1085 5153 1151 5210 de
1181 5153 1306 5210 cazlo
1334 5153 1516 5208 iterant
1546 5154 1622 5208 lo-

32 5257 260 5314 quentem
280 5262 505 5310 mecum,
534 5256 582 5301 et
600 5247 850 5302 dicentem
873 5262 892 5302 :
915 5245 1078 5315 Vade,
1099 5256 1148 5300 et
1167 5247 1346 5318 accipe
1363 5246 1546 5300 librum
1563 5245 1626 5300 de

37 5355 188 5395 manu
207 5340 385 5413 angeli
404 5340 589 5395 stantis
605 5358 764 5414 supra
785 5358 925 5396 mare
944 5351 993 5397 et
1007 5358 1165 5411 supra
1187 5351 1397 5397 terram.
1426 5339 1624 5396 Vocem

37 5432 261 5500 primam
305 5448 431 5488 eam
458 5433 614 5499 dicit,
660 5433 880 5506 quando
910 5433 979 5491 de
1010 5433 1153 5491 coelo
1178 5435 1230 5489 ei
1257 5433 1467 5490 dictum
1499 5443 1581 5490 est
1609 5450 1624 5487 :

39 5524 200 5599 Signa
239 5543 359 5599 quia
393 5528 565 5583 locuta
609 5536 729 5583 sunt
775 5536 971 5601 septem
1021 5528 1273 5596 tonitrua,
1321 5536 1369 5582 et
1402 5527 1510 5582 noli
1563 5542 1628 5583 ea

39 5622 276 5680 scribere.
309 5623 572 5680 Eamdem
615 5623 800 5696 itaque
853 5639 1046 5682 vocem
1073 5639 1136 5682 se
1161 5624 1360 5682 iterum
1407 5621 1628 5681 audisse

1729 4703 1949 4743 carnem
1982 4686 2126 4742 hanc
2158 4685 2444 4740 mortalem
2478 4683 2806 4754 intelligere.
2838 4680 3002 4738 Liber
3046 4681 3210 4754 igitur
3235 4682 3330 4754 qui

1727 4781 1782 4838 in
1823 4795 1919 4837 ore
1967 4777 2143 4835 dulcis
2173 4776 2295 4844 fuit,
2329 4776 2748 4832 amaritudinem
2796 4775 2974 4832 ventri
3005 4776 3324 4847 generavit;

1725 4871 1851 4944 quia
1882 4872 2055 4927 sancti
2083 4869 2187 4926 viri
2210 4878 2417 4942 quanto
2445 4869 2682 4940 amplius
2712 4869 2768 4926 in
2796 4869 3151 4926 meditatione
3172 4868 3317 4922 divi-

1727 4982 1920 5024 narum
1951 4966 2357 5037 Scripturarum
2383 4963 2554 5021 dediti
2585 4974 2734 5034 sunt,
2785 4973 3102 5036 quantoque
3132 4975 3322 5017 eorum

1727 5059 2008 5116 meditatio
2035 5058 2249 5115 dulcior
2278 5057 2341 5113 ﬁt
2371 5057 2426 5113 in
2460 5068 2667 5124 mente,
2702 5066 2854 5112 tanto
2885 5054 3148 5125 majorem
3177 5067 3330 5106 ama-

1727 5153 2021 5210 ritudinem
2053 5152 2207 5208 carni
2255 5167 2372 5209 sure
2401 5150 2686 5220 exhibent,
2736 5148 3028 5219 atlligcndo
3072 5143 3333 5202 videlicet

1729 5265 1851 5306 eam
1878 5248 2124 5320 jejuniis,
2156 5247 2376 5320 vigiliis,
2410 5257 2438 5286 ⁸
2460 5244 2813 5311 abstinentia,
2847 5239 3176 5310 cmterisque
3201 5253 3328 5295 cru-

1731 5342 1988 5408 ciatibus,
2019 5342 2216 5414 quibus
2241 5357 2372 5398 caro
2403 5341 2680 5396 atteritur.

1797 5435 2180 5509 (Vers.ii.)Et
2193 5435 2326 5491 didit
2337 5435 2464 5489 mihi
2480 5449 2499 5489 .°
2519 5432 2734 5503 Oportet
2759 5438 2806 5484 te
2819 5429 3130 5500 prophetare
3152 5428 3341 5486 iterum

1731 5531 1966 5602 populis,
1988 5539 2038 5586 et
2064 5529 2326 5602 gentibus,
2349 5537 2400 5584 et
2421 5526 2637 5598 linguis,
2661 5533 2707 5578 et
2721 5523 2931 5594 regibus
2958 5522 3159 5578 multis.
3186 5522 3337 5582 Prte-

1736 5624 1943 5682 dicitur
1966 5624 2018 5682 ei
2043 5623 2194 5697 quod
2215 5623 2286 5680 ab
2311 5621 2508 5681 exsilio
2530 5617 2602 5678 ad
2621 5616 3035 5692 praedicandum
3063 5616 3341 5680 rediturus

111 5802 140 5834 ⁸
161 5801 339 5874 Edit.,
366 5804 692 5863 Abstinentia
714 5807 975 5877 vitiorum,
1006 5808 1323 5882 ceterisque,
1348 5815 1489 5878 etc.;
1514 5821 1647 5866 mss.
1677 5807 1953 5877 omittunt,
1983 5807 2239 5862 vitiorum.

93 5965 118 5980 Χ

117 5986 132 5998 \
