4042 6314
591 199 697 260 867

1525 197 1619 264 an
1658 175 1891 254 arena
1929 189 2176 252 SANCTI
2212 191 2543 258 Attunosu
2581 183 2955 256 APPENDIX.

3781 189 3872 247 868

591 316 684 373 sit.
718 313 826 372 Sed
861 329 984 371 cum
1007 315 1182 371 sancti
1207 315 1399 370 Patres
1433 311 1651 369 tradant
1676 311 1822 384 quod
1857 319 1982 383 post
2011 324 2196 366 rever—
2223 313 2274 374 Α
2301 310 2425 384 quia
2471 310 2645 374 Judaei
2695 319 2920 384 propter
2966 289 3407 370 incredulitatem
3454 319 3608 362 suam
3665 311 3872 380 paganis

590 410 804 465 sionem
827 424 980 465 suam
1009 409 1078 464 de
1110 408 1310 464 exsilio
1341 405 1722 463 tantummodo
1750 406 1802 462 in
1834 405 2052 474 Epheso
2077 446 2093 472 ,
2136 412 2192 459 et
2289 403 2548 478 gentibus
2575 412 2734 464 erant
2773 401 3058 480 conjuncti
3092 419 3106 458 :
3146 400 3265 458 sive
3295 398 3486 456 traditi
3524 407 3684 454 erant
3713 402 3874 471 genti.

593 502 737 559 circa
773 501 1077 574 adjacentia
1104 501 1222 557 loca
1260 503 1381 574 ejus
1413 499 1806 572 praedicavcrit,
1843 498 2027 572 ibique
2050 511 2194 552 mor-
2294 496 2417 564 bus,
2454 497 2506 556 id
2537 505 2655 564 est,
2688 494 2976 563 Romanis,
3005 503 3066 552 ut
3117 493 3184 550 ah
3235 494 3320 549 eis
3361 491 3679 552 delerentur
3731 503 3876 566 atque

596 607 720 652 tuus
751 596 838 663 sit,
867 604 922 652 et
947 610 1180 666 corpore
1207 595 1546 665 requiescat;
1579 590 1850 664 quomodo
1873 589 2106 664 populis,
2140 597 2194 652 et

596 689 876 760 gentibus,
907 697 961 746 et
1003 688 1222 760 linguis,
1267 695 1322 744 et
1353 687 1572 759 regibus
1611 686 1797 754 multis
1836 684 2195 758 propltetasse

597 781 844 838 dicitur?
895 780 1001 839 Sed
1057 781 1422 854 prolilictavit,
1474 779 1528 836 id
1569 787 1689 844 est,
1739 775 2054 850 praedicavit
2102 791 2196 848 per

598 873 960 946 Evangelium
1005 890 1188 944 suum,
1237 871 1383 946 quod
1425 884 1614 946 postea
1663 869 1886 942 scripsit
1939 868 2198 924 omnibus

598 970 880 1044 gentibus,
905 980 961 1026 et
985 969 1206 1044 linguis,
1234 978 1289 1024 et
1311 967 1528 1038 regibus
1555 966 1773 1032 multis;
1803 963 1927 1036 quia
1956 978 2053 1034 per
2081 977 2198 1018 om-

601 1079 698 1119 nes
739 1073 930 1136 gentes
969 1061 1278 1134 diSpersum
1333 1070 1436 1129 est,
1489 1069 1547 1116 et
1593 1059 1645 1114 in
1678 1057 2031 1116 meditatione
2081 1053 2200 1127 ejus

597 1173 789 1214 omnes
824 1166 1094 1213 terrarum
1123 1157 1333 1230 populi,
1369 1169 1638 1229 regesque
1675 1153 1832 1218 multi
1879 1151 2195 1224 proﬁciunt.

667 1251 897 1310 CAPUT
929 1251 1020 1308 XI.
1063 1282 1133 1296 -——
1167 1251 1352 1324 (Vers.
1387 1252 1467 1323 ι.)
1502 1248 1571 1306 Et
1599 1251 1753 1309 datus
1779 1257 1856 1306 est
1898 1247 2027 1302 mihi
2060 1245 2201 1302 cala-

597 1361 710 1400 mus
738 1361 989 1404 mensura:
1019 1343 1206 1402 similis
1235 1343 1416 1414 virgw,
1446 1340 1626 1396 dicens
1656 1357 1672 1396 .'
1709 1340 1899 1411 Surge,
1933 1347 1981 1392 et
2024 1337 2202 1396 metire

611 1438 861 1509 templum
894 1435 1012 1504 Dei,
1041 1448 1087 1491 et
1115 1437 1296 1504 altare,
1331 1447 1374 1490 et
1405 1436 1683 1490 adorantes
1712 1435 1768 1488 in
1794 1449 1874 1490 eo.
1907 1432 2011 1488 Per
2055 1429 2199 1487 cala-

602 1547 750 1592 mum
769 1547 877 1602 quo
899 1529 1104 1604 antiqui
1128 1529 1370 1588 scribere
1392 1527 1664 1594 solebant,
1681 1525 2033 1598 Evangelium
2056 1519 2202 1596 quod

601 1625 652 1682 ei
683 1625 867 1680 datum
892 1633 974 1680 est
1002 1639 1032 1680 a
1061 1623 1311 1691 Domino,
1345 1634 1400 1678 et
1436 1619 1578 1692 quod
1609 1631 1798 1689 postea
1834 1615 2075 1688 scripsit,
2109 1615 2202 1670 de-

606 1720 849 1792 signatur
883 1736 895 1773 :
943 1733 1040 1792 per
1090 1716 1296 1790 virgam
1336 1729 1470 1770 vero
1515 1727 1660 1784 saepe
1687 1710 1977 1784 disciplina
2004 1708 2205 1778 accipi—
2235 1713 2283 1780 B

601 1821 709 1868 tur.
737 1809 992 1868 Calamus
1041 1809 1203 1880 igitur
1233 1808 1323 1880 qui
1369 1805 1564 1863 Joanni
1615 1805 1774 1860 datus
1817 1813 1922 1870 est,
1952 1801 2204 1858 similitu-

604 1906 786 1964 dinem
814 1907 978 1978 virgze
1007 1883 1233 1970 habuif;
1278 1902 1402 1974 quia
1443 1900 1736 1970 disciplina
1776 1897 2203 1956 christianorum

603 2011 688 2058 est
717 1997 1101 2070 Evangelium.
1129 1994 1287 2052 Unde
1317 2005 1370 2050 et
1406 1992 1668 2061 templum
1696 1999 1752 2046 et
1777 1991 1956 2052 altare
1981 1997 2038 2045 et
2067 1987 2202 2045 ado~

603 2099 789 2148 rantes
815 2092 866 2148 in
912 2107 978 2147 eo
1030 2089 1211 2145 metiri
1246 2087 1595 2160 praecipitur;
1627 2100 1724 2157 per
1756 2084 2017 2154 templum
2050 2097 2204 2138 nam—

601 2201 710 2258 que
742 2183 988 2241 Ecclesia
1026 2205 1036 2240 :
1069 2199 1168 2254 per
1197 2181 1371 2237 altare
1401 2179 1580 2240 sancti
1612 2188 1667 2238 et
1699 2179 1923 2248 perfecti
1949 2177 2076 2244 viri,
2115 2173 2207 2249 qui

597 2277 652 2336 in
678 2277 922 2336 Ecclesia
958 2275 1266 2332 consistunt
1295 2291 1309 2330 :
1343 2289 1440 2345 per
1463 2272 1757 2328 adorantes
1785 2280 1970 2328 autem
2023 2270 2080 2332 in
2134 2283 2200 2325 eo

601 2378 801 2426 cretera
849 2366 1168 2434 multitudo,
1217 2380 1556 2436 quaeeorum
1584 2363 1832 2422 doctrina
1881 2361 2202 2428 instruitur,

601 2463 942 2534 designatur.
996 2458 1284 2530 Templum
1334 2472 1533 2528 nempe
1572 2453 1672 2513 Dei
1709 2464 1765 2512 et
1807 2456 2005 2524 altare,
2036 2465 2205 2524 atque

599 2556 894 2614 adorantes
916 2553 970 2609 in
990 2568 1057 2610 eo
1081 2551 1454 2624 unusquisque
1471 2548 1796 2620 praedicator
1811 2547 2054 2611 metitur,
2078 2546 2208 2600 dum

603 2651 897 2721 unicuique
923 2647 1222 2706 secundum
1241 2647 1517 2719 propriam
1530 2643 1894 2716 capacitatem
1908 2639 2210 2712 Spiritualis

599 2743 788 2820 gratiae
807 2742 1111 2799 doctrinam
1135 2747 1160 2779 ι
1179 2737 1548 2803 administrat;
1577 2737 1738 2792 aliter
1750 2736 1897 2792 enim
1929 2733 2211 2798 docendus

602 2847 684 2894 est
723 2837 968 2909 sapiens,
1003 2836 1164 2891 aliter
1194 2834 1490 2905 insipiens:
1536 2833 1694 2888 aliter
1736 2831 2026 2899 litteratus,
2054 2829 2212 2886 aliter

604 2929 922 2988 illitteratus
955 2949 968 2986 :
994 2931 1155 2986 aliter
1185 2945 1449 3004 paganus,
1476 2928 1636 2984 aliter
1663 2925 2028 2982 Christianus:
2057 2925 2213 2981 aliter

602 3021 926 3089 haereticus,
965 3022 1125 3080 aliter
1170 3022 1496 3077 catholicus.
1530 3017 1664 3074 Nam
1701 3030 1754 3076 et
1778 3019 2046 3074 Dominus
2076 3017 2212 3074 dicit

2297 592 2819 654 exterminarentur.
2877 590 2947 648 Et
3019 591 3278 648 ciuitatem
3330 598 3564 646 sanctam
3619 587 3874 648 calcabam

2299 683 2559 748 mensibus
2605 684 2960 757 quadraginta
3005 682 3230 740 duobus.
3286 681 3482 740 Subito
3531 681 3730 738 saltum
3765 680 3876 740 iacit

2299 779 2364 836 ad
2398 778 2571 844 Eliam
2596 789 2760 860 atque
2788 778 3000 846 Enoclt,
3043 777 3132 850 qui
3185 776 3526 854 temporibus
3565 775 3874 836 Antichristi

2301 874 2515 934 venturi
2567 883 2695 930 sunt
2736 892 2752 931 :
2783 883 2838 932 et
2863 872 3093 948 pulchro
3114 873 3250 930 satis
3288 870 3502 942 ordine,
3533 871 3875 936 videlicet,ut

2301 964 2394 1044 qui
2413 964 2728 1030 ludmorum
2753 965 3116 1038 dejectionem
3142 980 3238 1036 per
3259 964 3486 1034 ﬁgurant
3511 964 3638 1020 atrii
3662 965 3877 1039 μοιριδ-

2303 1069 2434 1127 rat,
2504 1075 2695 1118 eorum
2748 1060 3210 1120 restaurationem
3269 1059 3433 1116 tacite
3499 1058 3873 1124 subnecteret;

2303 1162 2519 1216 constat
2543 1152 2692 1210 enim
2722 1152 2944 1210 Iudaeos
2969 1155 3021 1210 in
3053 1152 3160 1210 ﬁne
3188 1151 3376 1213 mundi
3415 1167 3510 1226 per
3550 1150 3875 1226 praedicatio.

2305 1263 2430 1306 nem
2459 1247 2591 1304 Elia:
2623 1256 2677 1304 et
2707 1246 2978 1306 Enochad
3007 1247 3168 1304 [idem
3184 1244 3392 1306 Christi
3417 1260 3542 1302 esse
3558 1260 3876 1302 reversuros.

2305 1341 2597 1402 Civitatem
2627 1341 2811 1416 itaque
2862 1351 3130 1412 sanctam,
3168 1343 3219 1400 id
3253 1351 3359 1409 est,
3393 1343 3722 1408 Ecclesiam,
3752 1343 3882 1399 Anti-

2307 1436 2549 1494 christus
2604 1445 2659 1494 et
2706 1437 2947 1498 ministri
3004 1437 3126 1508 ejus
3152 1435 3467 1504 calcahunt,
3500 1435 3557 1498 id
3582 1445 3695 1504 est,
3725 1452 3883 1510 perse-

2306 1539 2547 1606 quentur
2573 1530 2860 1590 mensibus
2885 1529 3246 1603 quadraginta
3287 1529 3528 1598 duobus,
3569 1530 3662 1602 qui
3709 1513 3884 1586 iaciunt

2310 1633 2422 1684 tres
2448 1638 2618 1682 annos
2649 1631 2707 1682 et
2741 1622 3052 1682 dimidium.

2381 1715 2564 1790 (Vers.
2592 1717 2645 1785 5,
2666 1715 2750 1790 4.)
2778 1714 2850 1771 Et
2881 1715 3015 1774 dabo
3055 1715 3257 1778 duobus
3280 1717 3494 1774 testibus
3527 1716 3682 1782 meis,
3713 1726 3759 1778 et
3787 1733 3886 1786 pro—

2309 1807 2592 1880 phetabunt
2646 1809 2824 1866 diebus
2880 1809 3025 1866 mille
3076 1809 3317 1870 ducentis
3363 1811 3638 1881 sexaginta
3669 1850 3690 1876 ,
3738 1810 3886 1866 amicti

2308 1903 2495 1965 saccis.
2526 1902 2726 1962 Testes
2751 1903 2890 1962 duos
2919 1903 3190 1966 Dominus
3229 1903 3403 1967 Etiam
3426 1913 3481 1958 et
3506 1902 3701 1966 Enocb
3729 1911 3883 1970 vocat,

2307 1999 2403 2074 qui
2457 1998 2754 2060 adventum
2811 1998 2932 2070 eius
2984 1997 3288 2064 secundum
3371 2009 3742 2078 praecurrerat,
3773 1999 3890 2054 sicut

2309 2089 2551 2152 Joannes
2575 2094 2858 2164 prazcurrit
2881 2093 3141 2165 primum.
3173 2091 3226 2146 li
3245 2103 3366 2148 sunt
3388 2093 3508 2154 dare
3533 2092 3706 2158 alios,
3733 2105 3773 2148 et
3802 2092 3886 2146 du

2309 2183 2627 2240 candelabra
2654 2185 2710 2240 in
2740 2193 3022 2254 conspectu
3045 2183 3261 2242 Domini
3285 2193 3437 2240 terra:
3465 2194 3668 2246 stantes
3695 2182 3884 2256 (Matth.

2307 2292 2364 2346 v,
2398 2277 2513 2349 15).
2567 2275 2720 2335 Oliva
2751 2277 2935 2334 oleum
2967 2275 3097 2341 fert,
3129 2277 3276 2349 quod
3306 2292 3474 2347 supra
3517 2276 3884 2333 candelabrum

2312 2380 2504 2442 postea
2557 2371 2801 2443 ponitur,
2856 2379 2915 2426 ut
2971 2370 3151 2428 luceat
3201 2369 3484 2438 omnibus,
3543 2371 3726 2448 qui_in
3747 2369 3886 2426 domo

2312 2474 2458 2528 sunt.
2493 2463 2598 2520 Per
2621 2463 2800 2521 oleum
2840 2463 2895 2520 in
2931 2461 3038 2520 hoc
3072 2463 3196 2526 loco
3233 2463 3566 2536 sapientiam
3611 2463 3886 2536 spiritalem

2315 2571 2607 2629 possumus
2657 2558 2948 2629 accipere;
3005 2558 3386 2632 unusquisque
3414 2559 3564 2614 enim
3596 2558 3740 2616 oliva
3785 2569 3892 2614 tunc

2316 2660 2423 2719 est,
2458 2639 2680 2721 quando
2710 2650 2853 2721 apud
2882 2665 2941 2706 se
2968 2649 3278 2722 quiescens,
3313 2666 3411 2722 per
3437 2650 3894 2722 contemplationis

2313 2745 2545 2822 gratiam
2571 2744 2684 2802 Deo
2709 2744 2993 2801 deservire
3015 2744 3204 2808 studet
3231 2762 3246 2812 ;
3279 2744 3502 2820 quando
3522 2745 3662 2800 iilud
3692 2746 3894 2815 implere

2315 2835 2520 2902 studet,
2554 2836 2704 2913 quod
2743 2835 3010 2894 Dominus
3039 2836 3173 2894 dicit
3215 2837 3274 2898 in
3303 2831 3606 2910 Evangelia
3637 2857 3654 2892 :
3706 2836 3894 2896 Nesciet

2314 2932 2528 2988 sinistra
2577 2941 2688 2998 tua,
2731 2932 2858 3005 quid
2911 2933 3073 3005 faciat
3115 2931 3332 2990 dextera
3361 2942 3493 2997 tua;
3525 2943 3584 2994 ut
3614 2933 3680 2987 sit
3698 2932 3893 2988 elemo-

2315 3041 2444 3098 syna
2493 3034 2582 3079 tua
2612 3025 2668 3080 in
2695 3023 2998 3080 abscondito
3026 3040 3045 3080 .'
3075 3034 3124 3080 et
3148 3022 3309 3080 Pater
3351 3033 3474 3080 tuus
3495 3025 3584 3096 qui
3605 3025 3736 3080 uidet
3755 3025 3806 3078 in
3821 3023 3894 3078 ab-

601 3117 656 3172 in
679 3115 998 3188 Evangelio,
1021 3115 1146 3186 quia
1189 3113 1584 3186 paterfamilias
1609 3127 1824 3184 peregre
1850 3111 2204 3184 proﬁciscens,
2235 3108 2280 3172 C
2315 3117 2568 3184 εεοητιὶιο,
2619 3117 2799 3174 reddet
2851 3117 2943 3172 tibi
2984 3116 3202 3190 (Matth.
3267 3133 3342 3184 γι,
3397 3114 3478 3190 ὅ),
3519 3115 3892 3175 Candelabrum

603 3211 802 3267 uocauit
833 3225 1008 3268 servos
1038 3225 1184 3277 suos,
1215 3216 1262 3262 et
1294 3206 1512 3262 tradidit
1542 3204 1653 3260 illis
1682 3205 1815 3259 bona
1853 3222 1969 3260 sua.
2002 3202 2070 3258 Et
2118 3205 2210 3258 uni

604 3303 749 3360 dedit
781 3304 1007 3376 quinque
1028 3305 1242 3368 talenta,
1270 3303 1362 3362 alii
1389 3311 1563 3356 autem
1591 3301 1718 3364 duo,
1750 3299 1843 3356 alii
1873 3315 1990 3354 vero
2023 3315 2209 3367 unum;

605 3396 885 3468 unicuique
919 3393 1208 3452 secundum
1243 3392 1509 3466 propriam
1548 3392 1790 3448 virtutem
1828 3389 2049 3463 (Matth.
2078 3406 2207 3460 xxv,

610 3491 729 3562 tt).

678 3583 863 3658 (Vers.
915 3582 998 3654 2.)
1032 3581 1294 3654 Sequitur
1327 3599 1340 3635 :
1368 3581 1572 3635 Atrium
1601 3589 1770 3635 autent
1797 3579 1935 3652 quod
1955 3588 2029 3634 est
2057 3578 2209 3648 foris,

607 3679 742 3752 ejice
773 3680 951 3750 foras,
981 3687 1028 3733 et
1056 3694 1118 3733 ne
1151 3677 1382 3732 metiaris
1404 3675 1578 3743 illud;
1629 3676 1871 3741 quoniam
1918 3674 2097 3728 datum
2139 3681 2214 3728 est

604 3773 862 3848 gentibus.
893 3771 949 3827 Si
977 3770 1112 3828 foris
1135 3779 1274 3838 erat,
1300 3768 1573 3842 quomodo
1614 3768 1759 3824 foras
1795 3767 1920 3840 ejiei
1954 3764 2214 3837 poterat?

609 3867 714 3924 Per
741 3867 941 3924 atrium
983 3881 1115 3937 ergo
1155 3864 1334 3922 iudici
1388 3863 1750 3936 designantur
1786 3879 1798 3915 :
1845 3860 2018 3916 Judaei
2051 3859 2214 3932 igitur

608 3960 746 4018 foris
777 3968 937 4018 erant
962 3974 1060 4030 per
1088 3957 1534 4016 incredulitatem
1569 3974 1581 4010 :
1619 3955 1714 4011 sed
1756 3955 1997 4016 Joannes
2026 3962 2081 4010 et
2109 3969 2216 4008 ca:-

609 4055 712 4110 teri
766 4053 1004 4126 apostoli
1053 4052 1234 4108 adhuc
1290 4065 1386 4106 eos
1435 4065 1535 4122 per
1574 4063 1821 4104 amorem
1869 4047 1924 4103 in
1953 4045 2215 4103 cordibus

605 4148 722 4202 suis
749 4144 1029 4212 tenebant,
1065 4143 1212 4200 sicut
1256 4140 1392 4200 dicit
1424 4141 1708 4213 apostolus
1751 4139 1998 4196 Paulus:
2052 4137 2216 4209 Opta-

609 4241 728 4297 bam
766 4257 863 4313 ego
908 4241 1020 4313 ipse
1049 4239 1326 4294 anathema
1358 4254 1466 4294 esse
1493 4254 1525 4290 a
1567 4234 1775 4292 Christo
1817 4250 1910 4304 pro
1962 4231 2212 4305 fratribus

612 4334 760 4403 meis,
791 4332 882 4404 qui
930 4341 1048 4388 sunt
1101 4334 1312 4403 cognati
1359 4330 1460 4384 mei
1511 4327 1792 4384 secundant
1845 4343 2072 4394 carnem,
2125 4325 2213 4398 qui

608 4421 730 4486 sunt
782 4426 1042 4482 lsraelitae
1090 4424 1269 4497 (Rom.
1327 4439 1406 4490 ιχ,
1442 4424 1522 4492 5).
1565 4419 1723 4480 Unde
1777 4419 2093 4492 pratcipitur
2139 4417 2211 4486 ei,

2315 3225 2449 3272 vero
2507 3217 2636 3268 tunc
2687 3210 2770 3277 tit,
2811 3209 3029 3286 quando
3085 3209 3220 3266 illud
3264 3208 3454 3281 implet
3481 3209 3630 3282 quod
3659 3209 3894 3266 Dominus

2312 3301 2448 3360 dicit
2491 3302 2546 3364 in
2605 3302 2902 3374 Evangelio
2939 3321 2952 3359 :
3005 3301 3234 3362 Videant
3279 3318 3439 3374 opera
3487 3312 3660 3362 uestra
3689 3301 3893 3372 bona,“

2313 3397 2605 3472 gloriﬁcent
2632 3395 2844 3454 Patrem
2868 3407 3116 3463 vestrum,
3143 3403 3236 3472 qui
3261 3399 3315 3453 in
3344 3397 3488 3456 aclis
3521 3405 3596 3456 est
3617 3396 3823 3472 (Matth.
3847 3409 3891 3459 v,

2318 3490 2432 3563 16).
2467 3491 2584 3554 Duo
2611 3492 2776 3563 igitur
2825 3492 2914 3548 isti
2957 3492 3132 3550 sancti
3155 3492 3321 3554 modo
3360 3492 3528 3548 oliva:
3558 3499 3690 3550 sunt
3717 3504 3826 3548 cum
3848 3488 3888 3544 in

2315 3582 2498 3654 aliquo
2525 3582 2648 3640 loco
2696 3592 2858 3640 terra:
2890 3584 3079 3654 positi,
3130 3583 3221 3644 ubi
3270 3599 3366 3640 eos
3423 3584 3688 3654 majestas
3732 3580 3893 3638 divina

2315 3677 2649 3734 commorari
2686 3678 2968 3756 praecepit,
3019 3692 3118 3749 per
3166 3677 3662 3750 contemplationis
3687 3675 3892 3752 gratiam

2316 3771 2429 3827 Deo
2454 3771 2770 3828 deserviunt
2804 3789 2817 3826 :
2865 3771 3191 3834 candelabra
3217 3780 3347 3828 tunc
3373 3770 3530 3837 ﬁent,
3561 3786 3692 3830 eum
3713 3770 3778 3828 ad
3815 3784 3894 3826 ex-

2317 3865 2575 3938 plendum
2626 3866 3032 3938 praedicationis
3093 3881 3207 3924 sure
3257 3865 3286 3905 ι)
3338 3865 3584 3922 ofﬁcium
3633 3864 3889 3933 venerint,

2315 3957 2537 4030 quando
2567 3958 2843 4027 omnibus,
2883 3968 2938 4018 et
2983 3958 3236 4018 ﬁdelibus
3280 3959 3542 4018 videlicet
3584 3970 3643 4018 et
3667 3957 3889 4033 reprobi;

2315 4051 2545 4106 verbum
2577 4050 2674 4107 Dei
2715 4050 3140 4116 annuntiabunt.
3172 4051 3251 4112 De
3294 4051 3400 4112 hoc
3439 4051 3776 4110 candelabro
3807 4049 3893 4104 Do-

2319 4145 2500 4203 minus
2530 4144 2662 4202 dicit
2717 4144 2776 4202 in
2818 4145 3115 4218 Evangelia
3148 4161 3163 4202 :
3217 4144 3398 4216 Neque
3424 4145 3722 4204 accendunt
3747 4144 3894 4200 lucer-

2317 4255 2462 4306 nam,
2505 4248 2551 4293 et
2597 4247 2801 4312 ponunt
2843 4254 2956 4294 eam
2982 4239 3080 4298 sub
3131 4238 3330 4306 modio,
3367 4238 3462 4296 sed
3491 4254 3650 4308 super
3668 4233 3894 4296 candela-

2316 4329 2484 4395 brum,
2514 4339 2570 4392 ut
2589 4330 2760 4388 luceat
2789 4330 3052 4399 omnibus,
3075 4331 3163 4403 qui
3189 4331 3244 4387 in
3263 4330 3420 4388 domo
3442 4340 3565 4386 sunt
3587 4326 3891 4404 (16:24.,15}.

2319 4423 2566 4488 Lucerna
2590 4425 2793 4502 quippe
2813 4440 2980 4496 super
3008 4422 3404 4488 candelabrum
3426 4424 3674 4496 ponitur,
3699 4417 3893 4502 quando

614 4536 686 4580 ne
716 4519 848 4576 illud
882 4519 1162 4586 metiatur,
1203 4517 1256 4586 id
1300 4524 1404 4582 est,
1446 4513 1607 4570 verba
1651 4511 2061 4584 praedicationis
2100 4526 2207 4566 non

2317 4519 2561 4578 officium
2595 4518 3004 4592 praedicationis
3039 4529 3232 4578 saneto
3254 4519 3374 4576 viro
3399 4519 3656 4588 traditur,
3699 4517 3791 4594 qui
3817 4516 3895 4580 bo-

609 4613 691 4671 eis
725 4613 1026 4680 ministret,
1053 4611 1196 4667 sicut
1223 4611 1273 4672 in
1307 4603 1606 4678 Evangelio
1639 4604 1756 4678 ipse
1799 4603 2044 4678 prmcipit
2071 4645 2086 4670 ,
2126 4603 2208 4658 di-

609 4721 744 4764 cens
778 4722 790 4759 :
835 4701 1017 4759 Nolite
1038 4704 1240 4758 mittere
1265 4700 1574 4774 margaritas
1600 4707 1794 4753 vestras
1821 4707 1937 4752 ante
1969 4712 2155 4769 porcos
2185 4711 2204 4763 ;

609 4819 673 4858 ne
697 4801 1002 4858 conculcent
1029 4815 1114 4854 eas
1141 4797 1362 4869 pedibus
1383 4796 1514 4862 suis,
1543 4804 1588 4854 at
1612 4794 1847 4849 conversi
1879 4793 2076 4848 elidant
2122 4808 2210 4849 vos

610 4895 830 4971 (Matth.
882 4910 980 4963 vu,
1029 4892 1108 4966 6).
1163 4889 1235 4947 Et
1271 4887 1339 4946 ad
1373 4889 1693 4962 prophetam
1726 4887 2075 4958 Ezechielem
2106 4886 2210 4941 Do-

609 4993 791 5052 minus
835 4987 1079 5064 loquitur
1102 5029 1117 5054 ,
1170 4986 1405 5050 dicens:
1442 4983 1575 5040 Ecce
1624 5000 1714 5058 ego
1744 4982 2096 5048 adlicerescere
2127 4986 2209 5055 {a-

609 5085 744 5140 ciam
798 5084 1032 5153 linguam
1076 5091 1220 5136 tuam
1267 5079 1443 5150 palato
1485 5088 1597 5144 tuo,
1657 5093 1748 5132 nec
1804 5077 1906 5134 eris
1943 5078 2092 5149 quasi
2133 5077 2211 5133 uir

603 5181 930 5254 objurgans;
969 5178 1093 5250 quia
1136 5175 1320 5236 domus
1371 5189 1693 5246 exasperatis
1743 5182 1821 5230 est
1864 5171 2084 5247 (Ezech.
2112 5189 2204 5242 vu,

601 5273 721 5348 26).
773 5272 996 5343 Hocque
1039 5267 1240 5324 atrium
1275 5267 1462 5334 datum
1492 5280 1616 5324 esse
1656 5266 1910 5338 gentibus
1959 5267 2162 5325 dicitur
2192 5269 2246 5338 ;‘

686 5491 712 5520 α
740 5480 950 5546 Omnes
967 5478 1130 5545 edit..,
1161 5475 1520 5546 administro;
1553 5471 1708 5546 aliter
1734 5472 2018 5544 hiareticis,
2056 5471 2210 5528 aliter

612 5543 915 5618 catholicis;
938 5543 1075 5618 mss.
1107 5543 1239 5606 vero
1271 5543 1560 5618 nobiscum
1587 5543 1812 5618 iaciunt.

641 5633 644 5638 '
681 5613 710 5663 δ
742 5613 819 5678 ita
851 5613 981 5678 mss.
1009 5620 1112 5676 nisi
1149 5613 1300 5692 quod
1341 5619 1433 5692 ubi
1458 5615 1576 5682 alii,
1609 5627 1661 5692 et
1685 5613 1835 5672 'edit.
1867 5613 2210 5692 leguntofﬁ—

609 5697 751 5752 cium
780 5736 794 5761 ,
838 5694 967 5764 Sag.
996 5687 1186 5764 (habet
1226 5691 1530 5764 mysterium
1555 5726 1572 5756 ,
1626 5690 1766 5764 forte
1815 5687 2208 5764 ministerium:

607 5774 756 5825 totus
782 5756 970 5823 autem
992 5763 1147 5821 locus
1173 5762 1226 5820 in
1250 5756 1384 5820 edit.
1413 5760 1518 5816 hoc
1548 5756 1711 5816 modo
1745 5766 1948 5830 exstat,
1976 5757 2212 5832 ofﬁciunt

2317 4629 2446 4676 num
2473 4613 2618 4686 quod
2652 4613 2933 4684 praedicat,
2982 4613 3220 4670 ﬂammis
3269 4613 3543 4674 honorum
3589 4624 3813 4686 operum
3838 4606 3894 4661 il:

2317 4707 2562 4768 lustrat:
2620 4709 2844 4766 lucerna
2890 4722 3022 4770 vero
3076 4706 3178 4766 sub
3216 4705 3402 4766 modio
3457 4706 3704 4778 ponitur,
3755 4695 3892 4784 ω

2314 4803 2534 4873 quando
2563 4799 2808 4862 ofﬁcium
2839 4799 3250 4874 praedicationis
3278 4798 3442 4858 alicui
3483 4796 3728 4880 reprobo
3762 4807 3890 4854 com-

2315 4895 2568 4964 mittitur,
2598 4895 2691 4968 qui
2723 4895 2928 4952 honum
2959 4893 3104 4968 quod
3135 4891 3420 4968 praedicat,
3443 4892 3628 4966 pravis
3655 4886 3890 4968 operibus

2314 4989 2489 5060 regit;
2536 5003 2602 5043 ne
2629 4987 2818 5044 lumen
2877 4987 3122 5060 praebeat
3173 4986 3279 5056 eis,
3337 4986 3430 5060 qui
3473 4986 3534 5044 in
3575 4983 3742 5044 domn
3761 4987 3889 5044 sum.

2321 5093 2342 5121 ε
2395 5082 2539 5138 sicut
2587 5080 2722 5138 dicit
2774 5090 2998 5140 sanctus
3054 5079 3376 5158 Gregorius,
3423 5078 3548 5154 quia
3593 5077 3751 5156 cujus
3799 5072 3890 5128 vita

2317 5174 2646 5248 despicitur,
2678 5182 2852 5233 restat
2901 5183 2958 5230 ut
2997 5183 3058 5236 et
3103 5172 3424 5247 praedicatio
3452 5171 3571 5248 eius
3596 5177 3894 5232 contemni-

2320 5277 2429 5328 tur.
2461 5269 2593 5331 Duae
2614 5282 2749 5340 ergo
2778 5267 2936 5326 olivae
2959 5275 3016 5328 et
3040 5265 3147 5326 duo
3177 5265 3511 5328 candelabra
3538 5265 3592 5324 in
3617 5265 3893 5334 conspectu

2312 5467 2567 5536 venerint,
2622 5466 2835 5536 quando
2879 5464 3148 5535 munibus,
3187 5463 3427 5531 videlicet
3713 5469 3764 5515 et
3779 5457 3892 5525 inﬁ-

2313 5535 2558 5604 delibus,
2579 5535 2810 5607 uerbum,
2834 5548 2944 5594 etc.

2389 5623 2410 5650 ο
2435 5601 2612 5677 Edit.,
2639 5611 2772 5666 sicut
2797 5601 3054 5682 scriptum
3100 5615 3175 5682 est
3199 5623 3217 5663 :
3243 5607 3406 5682 Cujus
3445 5609 3550 5662 vita
3592 5601 3890 5682 despicitur;

2317 5698 2510 5739 omnes
2537 5697 2667 5740 vero
2702 5697 2836 5740 mss.
2857 5677 2998 5739 hanc
3024 5680 3268 5738 fraudem
3300 5677 3482 5751 potius
3509 5694 3668 5752 quam
3692 5677 3890 5746 lapsum

2317 5753 2635 5818 restituunt.
