3950 6314
86 257 175 318 860
904 247 971 307 1N
1011 244 1486 318 APOCALYPSIS
1527 242 1916 312 EXPOSITIQ.
1958 243 2048 313 DE-
2097 243 2372 317 VlStIQNE
2410 243 2716 314 QUARTA.
3247 232 3353 303 sio

81 367 275 430 nomini
326 375 472 422 stare
510 363 803 431 dicuntur;
834 362 958 436 quia
1002 361 1054 416 in
1103 370 1249 426 terra
1285 359 1474 432 pOsiti,
1511 358 1642 414 illud
1674 359 1726 425 Α
1750 355 1858 426 Per
1883 370 2053 428 aquas
2093 371 2230 430 quas
2278 358 2334 414 in
2357 357 2683 428 sanguinem
2711 363 3041 413 convertere
3076 355 3354 425 dicuntur,

83 475 272 532 tempus
321 455 750 530 praestolamur,
798 470 904 527 quo
949 451 1190 522 ofﬁcium
1241 449 1650 523 prtedicationis
1756 447 1943 520 populi
1989 448 2389 521 designantur:
2425 449 2646 524 sanguis
2689 459 2872 506 autem
2902 449 3168 506 ultionem
3215 451 3360 506 divi.

80 575 176 614 sum
200 552 463 622 expleant,
491 559 545 606 et
576 548 770 606 mortis
799 547 1042 605 debitum
1092 545 1330 618 Solvant,
1377 543 1520 600 sicut
1565 559 1652 600 se-
1755 557 1880 597 nam
1923 541 2290 599 demonstrat.
2335 545 2519 618 Aquas
2570 543 2736 618 igitur
2767 545 2818 600 in
2854 545 3172 617 sanguinem
3231 561 3364 601 con-

81 648 282 724 quentia
307 645 681 702 manifestam.
1763 644 2000 701 vertent,
2029 635 2247 705 quando
2277 646 2469 707 gentes
2499 655 2616 708 qua:
2648 653 2677 693 a
2708 637 2815 694 ﬁde
2855 636 3057 716 Christi
3087 637 3363 696 discesse-

143 743 314 817 (γει-ε,
352 741 436 811 5,)
464 737 532 794 Ει
563 739 740 812 siquis
767 739 988 796 poluerit
1015 738 1086 792 eis
1119 754 1320 804 nocere,
1354 736 1488 809 ignis
1518 736 1651 792 exiel
1754 728 1892 795 rint,
1952 739 2214 802 perpetua
2265 741 2441 786 morte
2487 745 2608 788 esse
2640 730 2983 790 damnandus
3027 748 3129 790 suo
3155 733 3362 804 judicio

82 839 136 894 de
159 853 238 892 ore
258 850 452 901 eorum,
485 842 531 890 et
557 833 820 890 devorabit
867 833 1104 890 inimicos
1132 849 1307 890 eorum
1343 849 1359 886 :
1391 843 1438 890 et
1469 832 1512 885 si
1539 832 1653 901 quis
1756 827 2084 883 decernent.

79 930 274 988 voluerit
317 944 399 983 eos
444 927 632 984 ludere
678 928 752 982 sic
783 937 980 999 oportet
1003 944 1117 981 eum
1141 927 1329 982 occidi.
1363 925 1500 992 Quia
1525 924 1650 996 Spi-
1830 923 2014 992 (vers.
2047 920 2127 994 7.)
2173 919 2237 978 Et
2262 938 2380 976 cum
2402 921 2636 994 ﬁnierint
2661 925 3014 988 testimonium
3039 943 3215 992 suum,
3241 927 3361 984 bes-

79 1025 200 1079 ritus
247 1027 466 1080 sanctus
520 1019 759 1088 loquitur
805 1036 903 1090 per
948 1036 1042 1074 ora
1094 1029 1410 1080 sanctorum
1438 1061 1452 1086 ,
1510 1018 1654 1078 sicut
1759 1014 1829 1068 tia
1858 1030 1974 1085 quia
1994 1014 2228 1072 ascendit
2255 1015 2320 1070 de
2341 1015 2548 1086 abysso,
2582 1019 2738 1088 faciet
2766 1029 2948 1074 contra
2994 1037 3083 1078 eos
3128 1020 3317 1078 bellum
3347 1063 3362 1088 ,

81 1115 319 1171 Dominus
359 1113 490 1181 dicit
540 1113 592 1168 in
648 1113 991 1184 Evangelio:
1047 1110 1172 1170 Non
1204 1113 1340 1167 enim
1374 1128 1458 1166 vos
1505 1113 1650 1179 estis,
1755 1117 1804 1162 et
1832 1107 1995 1162 vincet
2020 1109 2164 1174 illos,
2213 1119 2257 1161 et
2285 1110 2484 1162 occidet
2532 1127 2638 1168 eos.
2693 1111 2870 1170 Bestia
2919 1113 3036 1170 hinc
3077 1116 3360 1172 Antichri-

75 1211 149 1280 qui
173 1207 436 1282 loquimini
467 1206 600 1262 :sed
637 1206 872 1277 Spiritus
896 1205 1075 1264 Patris
1096 1207 1251 1264 uestri
1271 1247 1284 1272 ,
1306 1204 1392 1278 qui
1425 1203 1656 1274 loquitur
1761 1212 1872 1259 tum
1902 1201 2192 1276 signiﬁcat.
2229 1203 2409 1262 Faciet
2441 1218 2622 1262 contra
2645 1226 2730 1266 eos
2753 1210 2966 1277 bellum,
2995 1215 3214 1283 quando
3263 1230 3360 1270 eos

77 1305 123 1356 in
141 1303 267 1357 vobis
295 1299 511 1373 (Matth.
551 1317 605 1368 κ,
634 1299 768 1370 ‘30);
804 1315 910 1354 non
947 1301 1214 1372 incongue
1241 1298 1407 1358 verba
1439 1307 1656 1360 sancto-
1762 1305 2155 1370 persequetur:
2182 1298 2344 1356 vincet
2372 1315 2501 1358 vero
2531 1301 2649 1362 illos
2679 1316 2787 1358 non
2815 1305 3128 1373 superando
3160 1306 3364 1375 verbis,

77 1414 183 1452 rum
209 1397 342 1470 ignis
364 1407 654 1462 vocantur,
679 1395 823 1454 sicut
845 1394 1128 1452 Psalmista
1150 1395 1283 1456 dicit
1303 1393 1369 1450 de
1389 1393 1613 1454 Domino
1639 1410 1651 1444 :
1759 1392 1856 1450 sed
1886 1391 2284 1448 interﬁciendo.

77 1489 289 1562 Ignitum
316 1487 578 1558 eloquium
602 1497 749 1542 tuum
775 1487 1120 1554 vehementer,
1153 1497 1200 1542 et
1228 1503 1406 1546 servus
1437 1495 1557 1542 tuus
1578 1485 1658 1539 di-
1832 1481 2018 1556 (Vers.
2050 1484 2131 1555 8.)
2160 1483 2315 1542 Unde
2365 1493 2419 1545 et
2473 1487 2725 1558 sequitur
2760 1504 2772 1540 :
2813 1486 2880 1544 Et
2910 1488 3110 1546 occidet
3160 1506 3269 1556 eos,
3323 1503 3369 1547 et

76 1586 186 1640 terit
219 1583 351 1638 illud
393 1582 577 1657 (Psal.
626 1598 817 1648 CXVIII,
861 1581 1004 1646 MO).
1037 1581 1178 1654 Ignis
1222 1583 1387 1653 igitur
1413 1581 1561 1639 exiet
1591 1579 1662 1636 de
1750 1577 2002 1650 jachunt
2034 1596 2256 1651 corpora
2310 1597 2491 1642 eorum
2537 1581 2590 1636 in
2645 1583 2816 1654 platea
2860 1584 3080 1639 civitatis
3131 1603 3331 1659 magnw
3357 1630 3372 1654 ,

77 1694 160 1738 ore
199 1686 507 1737 sanctorum
561 1677 813 1742 istorum,
858 1687 912 1732 et
952 1675 1234 1732 devorabit
1285 1675 1534 1741 inimicos
1565 1687 1659 1732 eo—
1761 1689 1874 1739 qua:
1915 1685 2129 1728 vocatur
2155 1675 2469 1746 spiritaliter
2501 1676 2734 1734 Sodoma
2765 1688 2810 1732 et
2838 1677 3142 1754 ngyptus;
3198 1681 3282 1737 ubi
3325 1690 3373 1738 et

77 1787 218 1835 rum;
273 1770 398 1842 quia
431 1769 682 1829 doctrina
717 1785 910 1826 eorum
967 1772 1036 1824 ita
1068 1783 1286 1828 errores
1334 1766 1656 1828 Antichristi
1690 1761 1738 1822 B
1764 1759 2020 1826 Dominus
2069 1784 2248 1826 eorum
2293 1771 2576 1840 cruciﬁxus
2605 1783 2698 1829 est.
2743 1772 2796 1827 Si
2824 1787 2919 1844 per
2944 1773 3223 1830 civitatem
3256 1792 3372 1830 nta-

76 1864 330 1930 destruet,
363 1873 420 1920 ut
449 1862 704 1920 omnibus
734 1877 922 1918 sanam
960 1871 1197 1918 tuentem
1229 1860 1657 1932 possidentibus,
1760 1874 1922 1930 gnam
1953 1859 2298 1922 Hierusalem
2343 1871 2658 1922 terrestrem
2685 1865 3024 1926 voluerimus
3063 1865 3371 1936 intelligere

75 1958 197 2012 nihil
226 1957 474 2014 videatur
503 1971 648 2022 esse,
673 1957 816 2030 quod
842 1971 1094 2014 asserere
1122 1957 1468 2018 conabuntur
1500 1957 1654 2022 Antio
1763 1963 1986 2026 propter
2027 1951 2133 2014 hoc
2169 1954 2311 2026 quod
2341 1955 2472 2010 dicit
2499 1974 2512 2008 :
2547 1955 2645 2014 Ubi
2675 1967 2721 2012 et
2745 1957 3004 2016 Dominus
3039 1975 3214 2018 eorum
3251 1976 3371 2014 cru-

73 2049 292 2106 christus
325 2058 379 2105 et
405 2049 639 2106 ministri
664 2049 804 2119 ejus.
847 2049 1002 2115 Quod
1050 2057 1233 2110 autem
1267 2049 1537 2120 sequitur.
1596 2047 1660 2106 Et
1762 2047 1950 2110 ciﬁrus
2001 2058 2112 2116 est,
2145 2048 2171 2090 ι)
2201 2066 2230 2108 a
2263 2052 2500 2112 veritate
2527 2051 2953 2119 aberrabimus;
2998 2071 3064 2112 eo
3105 2055 3247 2126 quod
3280 2055 3371 2111 illa

67 2145 104 2197 si
129 2145 233 2212 quis
256 2143 474 2198 uoluerit
507 2160 595 2200 eos
627 2143 836 2210 (cedere,
861 2144 938 2200 sic
978 2153 1184 2214 oportet
1214 2161 1334 2200 eum
1370 2143 1560 2214 occidi,
1588 2143 1658 2206 ad
1764 2139 2107 2202 llicrusalem
2151 2158 2321 2216 usque
2366 2142 2434 2199 ad
2475 2142 2654 2198 solum
2697 2144 2974 2202 desuucla
3017 2148 3131 2214 sit,
3174 2155 3229 2208 et
3271 2149 3372 2206 ista

71 2235 300 2292 eamdem
337 2252 452 2292 rem
493 2237 751 2308 pertinet.
1762 2250 1884 2305 qum
1910 2249 2009 2306 pro
2031 2251 2095 2293 ea
2128 2234 2394 2293 :cdilicata
2419 2245 2526 2302 est,
2559 2251 2666 2292 non
2704 2238 2754 2294 in
2782 2252 2849 2296 eo
2882 2239 3026 2305 loco,
3054 2239 3148 2296 sed
3183 2241 3234 2295 in
3262 2241 3372 2294 alio

131 2327 303 2400 (Vers.
336 2329 416 2402 6.)
456 2329 509 2390 1i
541 2331 730 2386 habent
777 2341 1085 2402 potestatem
1129 2330 1409 2386 claudendi
1449 2331 1655 2398 cretum,
1769 2327 1874 2384 sita
1925 2343 2047 2386 esse
2096 2327 2353 2386 dicatur:
2387 2344 2564 2397 neque
2593 2329 2828 2388 Sodoma
2882 2341 2937 2388 ct
2983 2330 3254 2404 Egyptus
3287 2333 3370 2390 di—

69 2433 231 2476 utnon
261 2422 411 2492 pluat
431 2422 614 2478 diebus
645 2407 933 2494 prophetia:
959 2441 1137 2482 eorum
1165 2440 1181 2477 :
1205 2432 1251 2480 et
1293 2422 1479 2478 habent
1509 2432 1653 2491 pote.
1762 2421 1935 2478 ccuda
1959 2429 2068 2497 est,
2098 2436 2164 2476 eo
2187 2421 2330 2490 quod
2362 2435 2393 2476 a
2422 2421 2737 2480 cltt'istisittis
2763 2423 3056 2482 incolatur.
3077 2425 3368 2498 Simulque

69 2524 235 2571 atatem
265 2532 427 2590 super
451 2533 640 2585 aqum,
670 2517 1007 2574 convertendi
1027 2534 1116 2574 eas
1152 2519 1205 2572 in
1253 2515 1578 2587 sanguinem,
1609 2523 1656 2568 et
1763 2513 2224 2572 considerandum
2257 2513 2380 2582 quia
2406 2515 2732 2588 ubicumque
2761 2515 2814 2572 in
2846 2516 2948 2572 ltoc
2977 2515 3120 2573 libro
3163 2519 3366 2576 civitas

70 2617 323 2676 percutere
351 2619 542 2667 terram
568 2612 710 2666 omni
735 2613 897 2687 plaga
924 2611 1350 2681 quotiescumque
1380 2608 1654 2668 coluerint.
1765 2621 1960 2678 magna
1988 2605 2231 2680 ponitur,
2265 2605 2600 2677 Babylonem
2631 2621 2753 2678 qua:
2785 2619 2871 2664 est
2899 2609 3093 2670 civitas
3121 2609 3324 2668 diaboli
3348 2653 3363 2675 ,

76 2701 319 2774 Legimus
344 2703 521 2760 Eliam
553 2705 808 2762 oratione
835 2705 1103 2762 clausisse
1133 2705 1352 2774 coelum,
1381 2710 1437 2762 et
1462 2703 1658 2766 iterum
1764 2709 1818 2756 et
1863 2715 1930 2758 ex
1973 2700 2229 2760 omnibus
2260 2701 2513 2772 reprobis
2548 2709 2758 2758 constat
2789 2744 2804 2768 ,
2853 2702 3149 2774 signiﬁcat.
3207 2705 3368 2776 Quod

69 2797 344 2864 aperuisse
379 2814 393 2851 :
423 2796 522 2853 sed
563 2807 619 2854 et
640 2798 867 2870 Moysen
897 2813 1072 2870 aquas
1103 2797 1154 2853 in
1179 2796 1499 2868 sanguinem
1524 2810 1654 2851 con—
1765 2803 1950 2852 autem
1974 2793 2028 2850 in
2063 2793 2238 2865 platea
2261 2792 2499 2850 civitatis
2529 2809 2738 2865 magna:
2769 2810 2996 2868 corpora
3024 2813 3214 2854 eorum
3244 2816 3372 2870 pro-

69 2887 306 2944 vertisse.
364 2887 480 2943 Non
531 2904 664 2962 ergo
697 2889 998 2962 putandum
1034 2899 1119 2946 est
1166 2889 1340 2946 Eliam
1388 2888 1655 2948 minorem
1759 2887 2003 2957 jicienda
2025 2901 2149 2948 eSSe
2175 2886 2460 2954 dicuntur,
2496 2902 2788 2959 possumus
2815 2889 3144 2961 simpliciter
3173 2891 3380 2950 intelli-

67 2983 314 3039 virtutem
350 2983 575 3049 habere,
624 3001 745 3046 cunt
781 2985 848 3042 ad
897 2985 1228 3058 explendum
1271 2983 1511 3042 ollicium
1545 3001 1657 3044 sua:
1763 3000 1916 3056 gere,
1974 2995 2030 3040 ut
2058 2983 2114 3044 in
2155 2999 2500 3058 quacumque
2529 2985 2734 3057 platea,
2763 3002 2882 3055 quae
2924 2985 2994 3046 ad
3025 2985 3114 3056 jus
3143 2987 3374 3056 alicujus

68 3075 469 3144 prmdicationis
539 3079 815 3145 venerit,
896 3095 1056 3152 quam
1118 3078 1305 3136 habuit
1378 3096 1446 3137 eo
1524 3087 1660 3138 tem-
1763 3077 1986 3152 reprobi
2015 3077 2312 3154 pertineat,
2337 3077 2578 3151 iaceant.
2610 3077 2718 3136 Sed
2754 3081 2947 3138 melius
2978 3079 3374 3144 mihivitletur,

70 3184 214 3238 pore,
245 3187 354 3244 quo
388 3172 532 3229 inter
573 3174 826 3232 homines
871 3184 1230 3232 conversatus
1271 3185 1378 3242 est,
1427 3173 1524 3232 sed
1567 3190 1663 3246 ρο-
1691 3157 1737 3222 C
1769 3178 1830 3228 ut
1859 3171 1998 3226 sicut
2041 3186 2138 3242 per
2173 3170 2454 3232 civitatem
2492 3187 2746 3243 magnam
2773 3187 2964 3228 omnes
2998 3173 3262 3243 reprobos
3291 3173 3374 3226 in-

68 3264 273 3322 tiorem.
301 3268 606 3328 Possumus
633 3271 799 3326 etiam
830 3285 928 3341 per
961 3268 1167 3328 caelum
1199 3268 1522 3334 Ecclesium,
1562 3283 1659 3338 per
1769 3263 2096 3336 telligeudos
2127 3279 2253 3325 esse
2283 3263 2556 3330 diximus,
2609 3266 2680 3326 ita
2706 3275 2759 3322 et
2791 3280 2888 3335 per
2922 3264 3158 3334 plateam
3208 3265 3375 3321 corda

69 3356 294 3424 pluviam
351 3361 519 3416 verba
571 3371 886 3420 sanctorum
946 3361 1275 3432 Spiritaliter
1335 3361 1662 3432 intelligere;
1772 3358 2132 3429 reproborutn
2171 3357 2592 3430 intelligamus:
2633 3358 2892 3428 jacebunt
2937 3357 3119 3429 itaque
3147 3374 3378 3429 corpora

68 3449 334 3508 clauditur
359 3470 595 3526 namque
627 3457 825 3513 cmlum
864 3456 1068 3526 impiis,
1101 3472 1222 3510 cum
1273 3455 1416 3511 Dens
1455 3469 1553 3510 suo
1578 3453 1665 3524 ju-
1771 3458 2086 3506 sanctorum
2139 3449 2194 3508 in
2251 3450 2430 3520 platea
2485 3450 2724 3505 civitatis
2766 3464 3010 3521 magnae;
3042 3449 3171 3522 quia
3201 3452 3376 3510 sancti

67 3547 204 3605 dicio
223 3552 397 3608 corda
426 3568 616 3610 εοι-υιη
658 3553 729 3608 ita
773 3552 1030 3610 ουάυωτί
1059 3552 1212 3618 sinit,
1237 3561 1294 3608 ιιι
1322 3551 1473 3608 nullo
1506 3550 1668 3608 modo
1773 3540 1883 3597 illis
1922 3541 2150 3612 jaceat,
2177 3557 2207 3594 a
2259 3541 2459 3613 quibus
2490 3541 2695 3598 nullius
2742 3557 2864 3598 esse
2896 3543 3164 3600 momenti
3191 3543 3378 3598 existi-

69 3643 230 3700 rerbo
259 3644 353 3700 Dei
385 3645 593 3702 aditum
635 3646 937 3706 accedendi
984 3645 1052 3702 ad
1090 3661 1185 3706 cor
1209 3661 1368 3700 suum
1404 3645 1664 3712 tribuant,
1775 3642 1995 3698 matttur
2027 3648 2096 3692 :e
2129 3634 2409 3692 contrario
2439 3633 2693 3694 ﬁdelibus
2722 3642 2908 3700 stant,
2955 3634 3046 3704 qui
3076 3644 3273 3706 quanta
3306 3635 3382 3690 sit

66 3746 121 3791 ut
147 3739 453 3795 salveulur.
477 3738 612 3794 Nam
643 3748 698 3794 cl
727 3738 990 3811 propheta
1032 3737 1224 3796 Esaias
1243 3736 1440 3794 (mlum
1467 3735 1670 3794 Iudaeis
1775 3742 1966 3784 eorum
1995 3727 2172 3784 virtus
2202 3737 2365 3802 atque
2403 3729 2600 3801 gloria,
2647 3728 2828 3782 cordis
2872 3728 3045 3782 oculis
3081 3728 3381 3792 intuentur.

69 3829 285 3898 clausit,
319 3847 447 3888 cum
499 3834 552 3889 ei
601 3848 629 3888 a
663 3833 896 3888 Domino
917 3831 1121 3886 dictum
1151 3840 1236 3886 est
1269 3847 1283 3884 :
1312 3828 1536 3885 Excieca
1580 3846 1670 3884 cor
1774 3823 1982 3882 Civitas
2009 3836 2141 3880 vero
2161 3821 2360 3884 diaboli
2405 3837 2518 3878 non
2547 3820 3000 3886 inconvenienter
3047 3820 3286 3880 Sodoma
3327 3833 3384 3878 et

69 3924 240 3994 populi
270 3923 457 3996 hujus,
509 3933 558 3978 et
610 3939 763 3980 aures
806 3925 918 3994 ejus
959 3940 1206 3996 aggrara,
1257 3933 1302 3977 et
1354 3922 1533 3982 oculos
1554 3926 1667 3996 ejus
1775 3915 2048 3990 Egyptus
2097 3915 2452 3979 nominatur;
2515 3929 2582 3969 eo
2627 3913 2772 3986 quod
2835 3913 3070 3974 Sodoma
3127 3914 3382 3984 accitas,

68 4015 376 4082 claude;ne
419 4016 554 4087 forte
604 4017 815 4072 videant
846 4017 1030 4084 oculis,
1073 4025 1119 4072 et
1163 4014 1380 4074 auribus
1427 4015 1668 4083 audiant,
1778 4010 2051 4086 Egyptus
2105 4012 2348 4070 teuchrtc.
2393 4011 2845 4080 interpretentur.
2875 4008 3008 4080 Quis
3048 4009 3193 4063 cnim
3226 4008 3382 4066 dele-

67 4121 108 4163 et
135 4112 294 4166 corde
321 4128 419 4168 suo
448 4111 744 4183 intelligant
775 4129 793 4168 :
823 4123 871 4168 et
894 4121 1279 4178 convertantur,
1308 4120 1353 4166 et
1383 4126 1560 4168 sanem
1584 4127 1669 4167 eos
1779 4108 1985 4164 riorcm
2010 4107 2314 4164 cmeitatcm
2345 4114 2507 4178 atque
2537 4104 2792 4168 tenebras
2819 4103 3024 4176 patitur
3050 4147 3063 4170 ,
3095 4119 3255 4176 quam
3285 4105 3388 4164 im-

71 4200 240 4270 (Esai.
276 4221 352 4271 vr,
391 4205 502 4275 10).
528 4204 738 4260 Clausit
766 4215 818 4260 et
843 4205 1039 4266 ccelnm
1082 4214 1107 4242 ἰ
1139 4203 1445 4264 llicremias
1486 4203 1670 4258 initni-
1781 4199 1880 4268 pii,
1916 4198 2006 4272 qui
2053 4198 2319 4269 principiti
2364 4197 2557 4269 gradu,
2598 4207 2653 4252 ut
2711 4198 2763 4254 in
2795 4198 3037 4260 cloacam
3068 4198 3262 4260 inferni
3292 4198 3388 4255 de-

69 4299 145 4354 cis
174 4299 309 4365 suis,
359 4315 487 4358 cum
531 4299 750 4358 dicebat
784 4301 852 4360 ad
880 4301 1167 4360 Dominum
1197 4318 1210 4354 :
1243 4299 1329 4356 Ne
1371 4300 1673 4372 propitiari;
1779 4301 2124 4364 metgantur,
2153 4290 2294 4350 mala
2317 4291 2598 4362 operando
2622 4306 2922 4362 properare
2945 4307 3052 4350 non
3077 4291 3387 4350 desistunt?

69 4391 336 4462 iniquitati
364 4411 561 4462 eorum,
607 4405 658 4450 et
711 4405 982 4466 peccatum
1013 4412 1190 4453 eorum
1230 4412 1262 4449 a
1289 4395 1423 4466 facie
1449 4403 1539 4450 tua
1570 4411 1674 4450 non
1779 4383 1838 4439 In
1866 4385 2043 4456 platea
2064 4400 2193 4444 vero
2222 4383 2458 4442 civitatis
2504 4399 2735 4456 litasti-"9.
2766 4383 2856 4439 ubi
2899 4383 3165 4438 Dominus
3203 4383 3385 4440 cruci-

68 4486 330 4545 deleatur.
361 4487 520 4546 Fiant
563 4501 861 4546 corruentes
909 4492 962 4544 in
992 4500 1270 4561 conspectu
1298 4501 1384 4545 tuo
1413 4507 1432 4545 :
1465 4492 1518 4546 in
1549 4500 1628 4545 ten

1829 4494 1932 4534 sus
1987 4486 2114 4546 est,
2174 4493 2406 4550 corpora
2478 4489 2793 4536 sanctorum
2851 4478 3194 4548 projicicnda
3259 4493 3383 4535 esse

71 4595 192 4646 pore
248 4581 564 4642 uisitationis
623 4589 726 4637 tua:
778 4581 1018 4651 peribunt
1067 4579 1286 4651 (Jercm.
1345 4597 1495 4649 svnt,
1545 4582 1631 4653 9.5]

1828 4574 2198 4638 escribuntur;
2222 4572 2346 4644 quia
2372 4571 2514 4628 sicut
2546 4587 2576 4626 a
2606 4569 2870 4628 membris
2894 4569 3094 4625 diaboli
3133 4570 3388 4627 Christus

69 4669 346 4744 Numquid
379 4674 594 4746 Moyses
617 4689 725 4734 non
755 4672 988 4732 habebat
1018 4682 1341 4744 p0tcstatem
1373 4674 1667 4736 claudendi
1781 4667 2080 4724 cruciﬁxus
2107 4675 2222 4732 est,
2260 4666 2330 4722 ita
2361 4665 2429 4722 ab
2454 4664 2664 4721 eisdem
2709 4664 2743 4719 ii
2773 4663 2880 4720 duo
2924 4663 3209 4736 propheta;
3240 4663 3388 4724 occi-

69 4766 269 4822 etelum
319 4776 376 4824 et
413 4767 716 4838 aperiendi,
741 4767 830 4824 cui
858 4766 1075 4824 dicebat
1098 4767 1384 4835 Dominus,
1415 4783 1536 4824 cum
1569 4783 1668 4839 ρο-
1787 4763 2004 4818 dentur.

69 4859 227 4927 pulus
252 4871 539 4931 peccasset
565 4880 576 4915 :
611 4860 823 4916 Dimitte
851 4878 951 4928 me,
977 4872 1031 4916 ut
1063 4863 1320 4928 irascatur
1349 4865 1497 4934 furor
1535 4879 1675 4918 meus
1859 4854 2041 4928 (Vers.
2075 4851 2255 4925 9-12.)
2285 4851 2349 4908 Et
2395 4852 2641 4909 videbunt
2689 4851 2754 4908 de
2781 4853 3013 4923 populis,
3051 4862 3097 4907 ct
3129 4851 3386 4919 tribubus,

70 4961 250 5007 contra
281 4971 388 5024 eos,
414 4967 463 5010 et
488 4957 688 5014 deleam
712 4975 820 5024 eos,
856 4956 1148 5026 faciamque
1173 4966 1220 5012 te
1250 4958 1303 5012 in
1332 4966 1532 5027 gentem
1562 4972 1674 5009 mn.
1787 4960 1834 5004 et
1865 4948 2078 5019 linguis,
2127 4956 2174 5002 et
2212 4947 2452 5020 gentibus
2495 4963 2716 5018 corpora
2745 4963 2926 5014 eorum
2954 4963 3045 5014 per
3076 4955 3178 5007 tres
3207 4945 3314 4998 dies
3344 4953 3392 5000 et

69 5064 226 5116 gnam
257 5047 463 5122 (Exod.
496 5069 664 5116 XXXII,
700 5052 828 5122 10)?
867 5051 1053 5108 Sancti
1102 5052 1283 5122 itaque
1329 5052 1401 5106 illi
1445 5051 1668 5124 quibus-
1784 5041 2086 5108 dimidium,
2115 5052 2162 5096 et
2183 5057 2409 5112 corpora
2433 5058 2612 5098 eorum
2644 5057 2747 5096 non
2770 5042 2939 5097 sinent
2973 5040 3095 5110 poni
3121 5041 3174 5091 in
3204 5053 3391 5092 monu-

69 5140 192 5197 dum
220 5144 479 5208 claudent
512 5146 735 5211 emtum,
786 5155 844 5201 ιιι
891 5161 1003 5202 non
1051 5145 1350 5206 descendat
1378 5161 1543 5218 super
1574 5159 1672 5202 eos
1788 5135 1974 5189 mentis
2003 5150 2021 5187 :
2053 5143 2100 5188 et
2132 5133 2482 5190 inhabitantes
2531 5145 2722 5190 terram
2750 5132 3046 5205 gaudebunt
3090 5147 3248 5202 super
3279 5148 3392 5217 cos,

73 5232 251 5291 imber
275 5237 673 5296 misericordia:
697 5238 812 5304 Dei,
839 5240 921 5296 eis
944 5239 1221 5304 videlicet,
1252 5254 1389 5316 quos
1418 5237 1486 5294 ab
1522 5253 1677 5293 erro-
1787 5238 1839 5286 et
1873 5227 2330 5300 jucundabuntur,
2376 5239 2424 5282 et
2451 5244 2670 5288 munera
2698 5227 2900 5284 mittent
2950 5223 3209 5316 invicem;
3261 5239 3392 5316 quo-

77 5326 228 5381 ribus
251 5330 577 5385 Antichristi
602 5346 861 5386 revocare
883 5346 990 5386 non
1017 5313 1327 5400 potuerint:
1352 5330 1678 5402 quibusdam
1792 5322 1934 5375 "iam
1960 5322 2000 5376 ii
2021 5321 2124 5376 duo
2147 5322 2416 5394 prapheta:
2442 5321 2807 5375 cruciaverunt
2834 5331 2942 5378 eos,
2973 5315 3060 5387 qui
3093 5313 3393 5384 habitabant

77 5435 212 5476 vero
237 5425 616 5493 aperient,eis
653 5425 908 5484 videlicet
933 5441 1068 5500 quos
1099 5425 1164 5480 ab
1191 5424 1474 5484 erroribus
1522 5423 1678 5478 Anti-
1793 5426 2004 5471 terram.
2050 5416 2116 5472 Et
2144 5427 2259 5488 post
2283 5417 2391 5470 dies
2433 5426 2535 5470 tres
2565 5423 2610 5468 et
2656 5409 2930 5465 dimidium
2963 5409 3179 5479 δρίνίιειδ
3207 5411 3325 5464 vi"?!
3361 5429 3396 5467 α

70 5512 272 5572 ebriin
321 5521 726 5586 revocat-crint;
770 5501 1108 5600 itnbremque
1136 5533 1302 5598 super
1327 5532 1422 5574 eos
1469 5517 1680 5588 pluent,
1793 5509 1904 5568 Deo
1930 5512 2139 5576 intravit
2163 5513 2215 5570 in
2243 5528 2329 5567 eos
2356 5527 2373 5564 :
2401 5520 2447 5564 et
2477 5514 2720 5566 steterunt
2743 5519 2898 5573 super
2926 5504 3080 5582 pedes
3131 5520 3250 5558 suos
3278 5545 3292 5570 ,
3348 5516 3395 5560 et

71 5609 299 5678 quando
335 5611 448 5675 suis
475 5613 727 5682 precibus
755 5615 921 5678 Deum
950 5597 1065 5670 illis?
1081 5609 1376 5690 propitium
1405 5609 1676 5682 efﬁcient.
1793 5606 1950 5664 timor
1977 5621 2194 5679 magnus
2221 5603 2402 5659 cecidit
2433 5616 2588 5672 super
2618 5612 2794 5654 omnes
2863 5597 2950 5669 qui
2991 5597 3235 5652 viderunt
3287 5615 3392 5666 eos.

153 5754 180 5782 ⁸
206 5747 419 5801 Omnes
443 5747 598 5813 etlit.,
637 5747 923 5802 Hieremias
949 5747 1131 5801 amicis
1162 5745 1302 5813 suis;
1331 5758 1523 5801 omnes
1544 5757 1674 5797 mss.
1867 5736 1894 5774 δ
1946 5737 2018 5813 Ita
2072 5755 2246 5813 mss._;_
2281 5749 2334 5794 at
2366 5737 2500 5793 edit.
2553 5750 2584 5791 e
2611 5733 2916 5813 contrario,
2975 5752 3008 5790 a
3057 5736 3269 5791 ueritate
3297 5753 3401 5791 non

81 5817 310 5887 melius,
351 5804 642 5875 Hieremias
673 5819 898 5875 inimicis
926 5821 1049 5875 suis.
1284 5804 1296 5813 ’
1800 5812 2173 5884 αρειταὺίηιξςαε
2196 5810 2373 5880 Minus
2399 5804 2709 5876 commode.
