3950 6314
617 269 716 328 871

1545 267 1638 325 AD
1677 266 1909 324 OPERA
1949 265 2197 324 SANCTI
2237 267 2569 328 AMBROSII
2607 267 2979 328 APPENDIX.
3715 280 3780 336 ετξ

613 386 683 441 Et
709 387 982 443 audierunt
1024 402 1194 441 vocem
1240 401 1484 458 magnam
1521 385 1584 440 de
1617 386 1745 440 cwlo
1783 385 2037 440 dicentem
2067 384 2175 438 illis
2200 400 2219 438 :
2244 384 2296 444 Α
2324 386 2515 445 Enocb
2549 389 2706 444 multi
2749 388 2817 444 ad
2863 388 3241 460 paenitentiam
3267 430 3284 456 ,
3314 388 3456 443 multi
3474 389 3527 444 ad
3547 390 3673 448 ﬁdem
3691 412 3777 451 ωε.

605 477 880 532 Accendite
909 477 1028 531 huc.
1060 475 1129 530 Et
1157 477 1496 531 ascenderunt
1538 477 1590 530 in
1635 477 1817 532 cmlum
1857 477 1913 530 in
1959 478 2112 543 nube,
2163 486 2211 530 et

602 571 837 626 viderunt
865 570 985 626 illos
1015 571 1211 625 inimici
1238 587 1437 625 eorum.
1465 571 1581 627 Hoc
1601 572 1647 626 si
1674 571 1974 628 secundum
2033 571 2211 627 histo-

607 663 746 719 riam
772 663 1083 734 impleatur,
1109 661 1423 720 hominibus
1451 663 1672 735 quidem
1705 665 2064 735 incognitum,
2099 665 2211 721 Deo

602 763 780 811 autem
834 765 960 810 nota
1007 765 1135 810 sunt
1180 754 1390 811 omnia.
1449 755 1752 812 Possumus
1801 767 1986 813 autem
2016 764 2072 811 ct
2105 771 2208 811 nos

604 846 730 904 huic
773 848 1014 902 historia:
1054 847 1357 918 spiritalem
1389 847 1814 920 intelligentiam
1859 848 2160 920 adiungere
2193 866 2204 901 :

601 941 700 998 sed
757 942 1101 998 temerarium
1158 941 1375 998 videtur
1431 941 1578 998 illam
1654 942 1981 1008 historiam,
2041 958 2203 1014 quam

602 1035 764 1112 555
787 1036 1165 1108 intelligimus,
1196 1036 1537 1107 spiritalibus
1565 1036 1824 1093 sensibus
1862 1038 2005 1094 velle
2049 1037 2209 1092 ador-

600 1145 754 1187 nare.
782 1129 996 1185 Nullam
1039 1128 1240 1201 quippe
1277 1128 1502 1184 domum
1534 1139 1688 1185 extra
1728 1129 1926 1201 positi,
1976 1129 2207 1186 interius

599 1237 798 1279 ornare
829 1222 1074 1279 valemus
1103 1240 1116 1277 :
1147 1223 1243 1278 sed
1280 1237 1350 1278 ne
1375 1222 1598 1278 omnino
1625 1223 1861 1278 tacuisse
1899 1221 2204 1288 videamur,

592 1334 764 1390 pauca
790 1319 1058 1373 dicamus.
1089 1317 1389 1372 Possumus
1416 1331 1516 1387 per
1539 1324 1651 1371 tres
1679 1313 1802 1370 dies
1830 1323 1885 1370 et
1913 1314 2204 1369 dimidium

597 1420 711 1469 tres
731 1425 906 1468 annos
943 1419 999 1467 et
1043 1409 1212 1465 semis
1257 1407 1593 1479 intelligere,
1623 1406 1828 1478 quibus
1869 1406 1905 1460 ii
1935 1404 2048 1460 duo
2080 1421 2209 1478 pro—

604 1505 785 1576 phetae
837 1503 1187 1575 prredicaturi
1240 1511 1368 1558 sunt
1424 1519 1439 1556 :
1499 1516 1598 1572 per
1675 1510 2026 1556 monumenta
2076 1514 2207 1555 vero

605 1607 820 1655 mentes
871 1596 1235 1667 reproborum
1291 1594 1600 1666 intelligere
1654 1609 1963 1665 possumus.
2023 1594 2099 1650 De
2140 1594 2207 1649 iis

601 1693 970 1749 monumentis
1013 1692 1278 1746 Dominus
1329 1690 1592 1760 loquitur,
1648 1687 1880 1744 dicens:
1923 1686 2012 1742 Vw
2040 1689 2204 1756 vobis,

2317 490 2617 537 vertentur.
2643 480 2715 536 Et
2735 481 2934 536 decima
2958 497 3080 551 pars
3101 481 3322 534 civitatis
3351 482 3528 536 cecidit.
3555 482 3650 540 Non
3674 500 3780 544 sanus

2317 588 2510 630 sensus
2554 574 2687 630 mihi
2726 573 2941 630 videtur
2983 589 3126 641 esse,
3177 581 3236 628 ut
3284 587 3380 643 per
3407 572 3651 640 civitatem,
3681 580 3780 647 cuius

2314 666 2525 722 decima
2572 682 2698 738 pars
2751 667 2972 732 cecidit,
3021 665 3329 722 Ecclesium
3382 665 3708 737 intelligamus;
3741 687 3781 725 eo

2313 758 2456 829 quod
2495 758 2583 814 ltic
2629 774 2810 815 sermo
2837 758 2905 813 ad
2957 757 3235 813 civitatem
3265 756 3433 827 magis
3467 755 3652 825 diaboli,
3678 776 3780 829 quam

2313 852 2380 908 ad
2402 852 2684 908 civitatem
2708 853 2804 907 Dei
2835 849 3116 922 respiciat.
3137 849 3294 906 Illius
3322 865 3447 921 ergo
3469 850 3656 906 civitatis
3670 853 3707 907 in
3722 853 3783 909 hoc

2310 945 2432 1001 loco
2461 946 2726 1002 decimam
2757 955 2962 1016 partem
2991 945 3272 1001 corruisse
3296 943 3589 1014 dicit,quam
3616 948 3783 1014 superius

2310 1038 2582 1094 civitatem
2629 1054 2910 1109 magnam,
2961 1037 3370 1107 Sodomamque
3399 1045 3454 1092 et
3478 1036 3781 1109 Egyptutnvo

2310 1134 2474 1200 cavit,
2508 1144 2564 1189 et
2591 1133 2642 1188 in
2673 1136 2832 1204 cujus
2862 1132 3038 1204 platea
3068 1147 3301 1203 corpora
3331 1139 3606 1188 sanctorum
3627 1149 3700 1204 per
3719 1143 3784 1189 tres

2311 1224 2427 1280 dies
2455 1232 2512 1280 et
2537 1223 2822 1280 dimidium
2847 1223 3115 1293 insepulta
3144 1223 3336 1294 jacere
3360 1221 3607 1278 dicuntur.
3643 1223 3696 1278 Et
3710 1228 3784 1295 quia

2311 1333 2408 1388 per
2454 1318 2739 1373 denarium
2781 1333 3068 1373 numerum
3119 1331 3267 1386 saepe
3316 1315 3429 1372 Lex
3470 1315 3786 1386 designatur,eu

2309 1411 2453 1482 quod
2482 1411 2592 1468 Lex
2625 1427 2722 1483 per
2742 1411 3060 1482 decalogum
3083 1409 3156 1465 sit
3184 1417 3406 1478 accepta
3430 1425 3446 1474 ;
3477 1423 3708 1479 possumus
3731 1427 3786 1480 per

2308 1504 2572 1559 decimam
2601 1513 2817 1575 partem
2853 1518 2976 1574 qua:
3006 1502 3250 1569 corruit,
3280 1499 3496 1556 Judtcos
3520 1501 3786 1557 observatores

2307 1600 2468 1669 Legis
2501 1600 2828 1670 intelligere,
2859 1599 2949 1672 qui
2975 1615 3068 1669 per
3100 1597 3540 1670 praedicationem
3560 1597 3660 1654 Elite
3683 1598 3782 1654 ﬁdem

2307 1688 2509 1746 Christi
2557 1691 2920 1760 suscipientes
2961 1706 2990 1745 a
3035 1691 3256 1746 civitate
3290 1689 3490 1746 diaboli
3527 1700 3724 1746 corruerit
3755 1701 3785 1745 et

595 1786 781 1842 scriba:
813 1796 861 1840 et
910 1785 1182 1856 pharisaei,
1211 1783 1334 1855 quia
1365 1783 1484 1837 estis
1513 1782 1646 1836 sicut
1672 1781 1913 1851 sepulcra
1944 1780 2205 1848 dealbata,
2236 1779 2284 1840 B
2315 1783 2699 1853 prmciderrtur.
2742 1783 2812 1838 Et
2857 1785 3026 1838 occisa
3073 1793 3194 1837 sunt
3240 1793 3394 1837 terra
3440 1791 3570 1837 motu
3610 1781 3784 1836 horninur

599 1895 717 1951 quae
741 1897 773 1935 a
799 1879 928 1949 {oris
957 1878 1169 1950 quidem
1199 1877 1444 1932 videntur
1471 1876 1699 1932 candida
1722 1919 1736 1944 ,
1769 1877 2076 1932 intrinsecus
2099 1892 2200 1930 au-

597 1984 700 2029 tem
721 1973 878 2045 plena
907 1982 1030 2028 sunt
1056 1971 1198 2027 omni
1251 1971 1586 2026 immunditia
1637 1978 1685 2024 et
1728 1968 1931 2024 ossibus
1970 1978 2202 2024 mortuo-

601 2084 718 2122 rum
745 2066 966 2141 (Matth.
1012 2081 1170 2131 χχιιι,
1203 2064 1316 2137 15).
1379 2065 1470 2121 Sic
1511 2073 1566 2119 ct
1595 2078 1694 2119 vos
1735 2079 1767 2119 a
1807 2063 1942 2118 loris
1982 2061 2198 2134 quidem

598 2159 800 2231 paretis
851 2158 1166 2216 hominibus
1211 2158 1366 2228 justi,
1391 2158 1536 2213 intus
1564 2165 1747 2212 autem
1778 2156 1925 2226 pleni
1957 2157 2088 2212 estis
2110 2170 2199 2211 ra-

597 2254 724 2324 pina
772 2262 829 2308 et
869 2252 1176 2321 iniquitate.
1233 2251 1293 2306 In
1351 2250 1720 2306 monumentis
1772 2249 1934 2320 igitur
1982 2248 2197 2320 reprobi

593 2360 828 2417 corpora
847 2352 1166 2400 sanctorum
1201 2358 1311 2399 non
1342 2342 1526 2398 sinent
1550 2342 1716 2413 poni;
1748 2341 1872 2411 quia
1891 2341 2198 2397 doctrinam

590 2439 817 2495 illorum
849 2453 880 2493 a
914 2437 1192 2494 mentibus
1223 2437 1342 2493 suis
1369 2434 1654 2506 abjicient.
1687 2433 1845 2502 Quod
1874 2442 2055 2488 autem
2077 2440 2199 2503 post

588 2531 712 2588 dies
735 2539 852 2587 tres
881 2541 938 2587 et
966 2529 1257 2585 dimidium
1289 2528 1519 2597 spiritus
1550 2529 1674 2582 vita:
1705 2542 1735 2580 a
1759 2525 1873 2580 Deo
1905 2525 2115 2580 intrare
2145 2525 2197 2578 in

593 2642 693 2682 eos
721 2626 944 2692 dicitur,
994 2634 1053 2681 et
1099 2633 1248 2681 stare
1292 2639 1459 2695 super
1513 2621 1684 2693 pedes
1728 2637 1895 2686 suos,
1945 2635 2202 2675 resurre-

587 2721 795 2776 ctionis
828 2729 1044 2790 tempus
1089 2720 1342 2790 accipere
1387 2731 1706 2789 possumus,
1758 2713 1902 2786 quod
1942 2723 2066 2785 post
2097 2715 2198 2770 tria

597 2824 850 2886 tempora
909 2822 964 2870 et
1024 2813 1348 2880 dimidium,
1408 2810 1665 2883 quamvis
1709 2827 1818 2867 non
1864 2811 2088 2876 statim,
2141 2810 2196 2865 in

589 2909 848 2980 proximo
904 2915 1086 2964 tamen
1134 2907 1251 2964 liet.
1312 2906 1550 2962 Stabunt
1602 2906 1806 2976 quippe
1835 2919 2001 2975 super
2033 2901 2198 2974 pedes

585 3017 740 3070 suos,
783 3000 1005 3073 quando
1046 3010 1172 3073 post
1216 2999 1641 3056 resurrectionis
1689 3006 1942 3069 tempus,
1995 3003 2197 3067 quanta

586 3098 662 3152 sit
708 3112 902 3152 eorum
939 3096 1124 3151 virtus
1162 3103 1327 3166 atque
1376 3092 1780 3165 magniﬁcentia
1812 3092 2076 3148 omnibus
2101 3091 2198 3145 im-

589 3191 694 3260 piis
720 3187 1190 3246 manifestabitur.
1215 3187 1407 3243 Timor
1428 3201 1558 3242 vero
1588 3199 1817 3257 magnus
1844 3183 2003 3241 cadet
2030 3199 2200 3253 super
2225 3167 2271 3232 (ἶ

589 3283 846 3338 inimicos
891 3297 1108 3348 eorum,
1147 3296 1270 3336 cum
1306 3280 1549 3336 viderint
1575 3295 1709 3345 eos;
1753 3280 1878 3350 quia
1909 3279 1961 3333 in
1989 3277 2080 3333 die
2108 3277 2192 3348 ju-

589 3374 722 3431 dicii
748 3391 876 3432 cum
905 3375 1148 3431 viderint
1177 3388 1273 3430 eos
1301 3415 1315 3440 ,
1346 3373 1686 3445 gloriamque
1717 3372 1963 3437 illorum,
2010 3371 2190 3425 turba-

582 3469 792 3526 buntur
821 3467 1024 3524 timore
1053 3466 1332 3533 horribili,
1376 3467 1625 3522 dicentes
1667 3483 1680 3520 :
1713 3464 1768 3520 Ii
1795 3475 1919 3520 sunt
1944 3481 2072 3536 quos
2095 3464 2192 3519 ali-

588 3566 798 3637 quando
846 3564 1123 3619 habuimus
1172 3563 1226 3617 in
1286 3561 1538 3629 derisum,
1591 3572 1641 3616 et
1692 3561 1746 3616 in
1793 3559 2189 3615 similitudinem

587 3657 918 3728 improperii.
948 3655 1064 3712 Nos
1095 3655 1345 3711 insensati
1373 3655 1529 3710 vitam
1556 3653 1766 3708 illorum
1807 3651 2191 3708 wstimabamus

585 3754 869 3820 insaniam,
922 3760 971 3809 et
1019 3752 1178 3822 linem
1229 3752 1442 3806 illorum
1501 3749 1612 3806 sine
1651 3748 1865 3802 honore.
1918 3746 2188 3815 Quomodo

583 3849 869 3918 computati
916 3856 1038 3902 sunt
1085 3848 1222 3901 inter
1273 3845 1413 3915 ﬁlios
1451 3843 1567 3912 Dei,
1596 3852 1643 3898 et
1682 3844 1818 3899 inter
1843 3852 2052 3897 sanctos
2077 3858 2190 3897 sors

584 3940 798 3995 illorum
845 3949 920 3994 est
974 3939 1136 4013 (Sap.
1185 3956 1237 4004 v,
1277 3938 1373 4009 3)?
1434 3939 1500 3992 Et
1557 3937 1685 4009 quia
1735 3934 2032 3991 Malachias
2063 3950 2190 4005 pro-

586 4031 749 4103 pheta
780 4047 850 4087 ex
891 4046 1130 4102 persona
1180 4030 1397 4086 Domini
1432 4029 1699 4098 loquitur,
1753 4027 1944 4084 dicens
1977 4046 1990 4080 :
2055 4026 2190 4080 Ecce

588 4140 682 4196 ego
723 4125 925 4178 mittam
981 4121 1120 4177 vobis
1174 4120 1352 4177 Etiam
1399 4122 1744 4195 praphetam,
1796 4120 1886 4191 qui
1928 4127 2189 4174 convertat

589 4216 748 4271 corda
794 4226 1007 4286 patrum
1060 4215 1129 4270 ad
1177 4215 1316 4284 ﬁlios
1365 4214 1622 4288 (Malach.
1662 4231 1736 4281 tv,
1770 4215 1874 4286 5);
1903 4223 1959 4271 et
1987 4222 2187 4270 caetera

586 4324 712 4381 quae
737 4318 1045 4380 sequuntur
1077 4324 1091 4362 :
1137 4307 1418 4365 credimus
1465 4308 1685 4365 Judaros
1719 4325 1815 4380 per
1845 4308 2190 4379 praedicatio-

587 4417 716 4458 nem
771 4401 944 4469 Eliae,
997 4402 1144 4458 sicut
1170 4410 1196 4439 α
1229 4401 1509 4472 superius,
1543 4411 1704 4472 prout
1733 4404 2030 4472 potuimus,
2087 4401 2187 4457 de-

587 4495 1042 4564 monstravimus,
1075 4495 1144 4550 ad
1175 4494 1336 4550 [idem
1371 4493 1572 4551 Christi
1601 4509 1726 4550 esse
1752 4493 2184 4551 convertendos.

588 4591 893 4649 Possumus
917 4602 1102 4648 autem
1124 4607 1221 4664 per
1239 4591 1377 4646 duos
1397 4599 1568 4646 testes
1599 4589 1832 4645 duorum
1864 4591 2186 4660 populorum
2215 4573 2269 4634 D

589 4683 992 4756 praedicatores
1022 4683 1361 4760 intelligere,
1391 4682 1708 4738 Judmorum
1735 4681 1993 4737 videlicet
2028 4693 2191 4754 atque

587 4781 852 4852 gentium.
903 4778 1005 4848 Qui
1047 4779 1243 4834 diebus
1284 4778 1438 4835 mille
1459 4778 1710 4834 ducentis
1749 4778 2032 4849 sexaginta
2059 4793 2186 4848 pro-

587 4875 865 4946 phetaturi
921 4889 1044 4930 esse
1071 4873 1385 4941 dicuntur;
1429 4877 1559 4945 quia
1605 4875 1757 4930 omni
1803 4883 2052 4944 tempore
2078 4890 2186 4945 quo

582 4966 914 5026 Antichristi
939 4967 1437 5038 persecutiuatque
1455 4966 1709 5038 deceptio
1740 4983 1836 5039 per
1868 4967 2188 5024 universum

583 5063 775 5120 orbem
826 5061 1112 5129 desaeviet,
1145 5075 1526 5132 quoscumque
1573 5069 1872 5131 poterunt,
1927 5059 1994 5116 ad
2043 5061 2182 5115 viam

587 5155 834 5213 veritatis
866 5155 1141 5212 reducere
1170 5153 1486 5209 studebant.

587 5248 631 5320 {5;
663 5248 847 5320 (Vers.
882 5249 1002 5320 13.)
1027 5247 1095 5302 Et
1140 5247 1196 5302 in
1239 5246 1336 5302 illa
1377 5244 1509 5300 hora
1541 5250 1713 5318 factus
1735 5256 1808 5302 est
1847 5256 1996 5302 terra:
2018 5258 2186 5303 motus

587 5358 827 5412 magnus.
881 5342 1037 5400 Nunc
1088 5342 1159 5399 ad
1206 5341 1420 5397 initium
1471 5340 1870 5412 praedicationis
1935 5341 2067 5398 Elia:
2133 5352 2187 5399 et

587 5432 776 5491 Enoch
806 5437 1121 5492 revertitur.
1153 5434 1340 5492 Terra:
1364 5443 1566 5502 motus,
1600 5435 1741 5490 sicut
1787 5436 2036 5506 superius
2072 5436 2182 5506 jam

587 5523 850 5593 diximus,
877 5527 1175 5584 motionem
1201 5527 1449 5584 cordium
1477 5527 1620 5583 solet
1643 5526 1931 5597 designare
1972 5546 1986 5582 :
2032 5537 2189 5585 terras

587 5625 772 5677 motus
827 5627 954 5676 tunc
996 5620 1122 5690 ﬁet,
1175 5635 1298 5678 cum
1353 5637 1452 5692 per
1492 5621 1933 5694 prmdicationem
1971 5621 2112 5678 Elia:
2134 5633 2192 5680 et

2306 1890 2499 1948 septem
2540 1879 2754 1934 millia:
2804 1889 2853 1933 et
2903 1879 3092 1948 reliqui
3135 1879 3189 1932 in
3221 1877 3453 1932 timorem
3495 1885 3595 1930 sunt
3621 1876 3786 1941 miui,et

2306 1971 2559 2026 dederunt
2583 1972 2802 2042 gloriam
2841 1969 2953 2026 Deo
2993 1970 3128 2024 caeli.
3164 1968 3319 2026 Sicut
3356 1984 3451 2040 per
3473 1967 3703 2024 denarium
3728 1985 3786 2022 nu-

2305 2082 2517 2122 merum
2567 2065 2712 2132 Lex,
2763 2066 2836 2121 ita
2884 2074 2940 2121 et
2979 2081 3075 2136 per
3120 2065 3488 2136 septenarium
3530 2079 3650 2135 saepe
3679 2063 3784 2135 gratia

2306 2159 2584 2231 Evangelii
2640 2158 2922 2229 accipitur.
2983 2157 3126 2213 Ecce
3181 2155 3401 2213 decima
3453 2173 3568 2228 pars
3610 2155 3785 2217 civitatis,

2303 2268 2464 2324 quam
2489 2267 2692 2322 noniex
2729 2249 3024 2321 lapidibus,
3067 2250 3165 2305 sed
3189 2265 3257 2306 ex
3301 2249 3595 2306 hominibus
3619 2259 3784 2304 constare

2303 2345 2614 2413 docuimus,
2644 2344 2872 2410 cecidit;
2897 2353 2951 2399 et
2975 2359 3082 2399 non
3113 2344 3306 2400 decem
3348 2341 3534 2409 millia,
3560 2341 3637 2398 sed
3656 2352 3786 2411 septeni

2307 2437 2478 2493 tnillia
2501 2448 2715 2493 mortua
2748 2453 2873 2493 esse
2901 2436 3282 2508 perhibentur.
3313 2436 3568 2492 Denarius
3587 2435 3707 2506 igitur
3729 2450 3788 2488 ttu-

2302 2544 2487 2586 mcrus
2528 2529 2581 2584 in
2613 2529 2984 2600 septenarium
3028 2538 3400 2584 commutatus
3421 2537 3502 2583 est
3524 2543 3538 2592 ;
3564 2528 3662 2598 quia
3683 2525 3787 2580 ludii

2301 2623 2722 2680 observationes
2747 2622 2950 2692 legales
2979 2630 3305 2693 respuentes
3328 2662 3341 2686 ,
3376 2619 3650 2676 doctrinam
3683 2617 3788 2670 Etan-

2300 2718 2429 2789 gelii
2452 2717 2753 2788 suscipient
2778 2735 2791 2769 :
2813 2732 2937 2786 qua:
2968 2723 3195 2787 propter
3224 2723 3438 2784 septem
3484 2712 3608 2768 dona
3631 2709 3787 2778 Spiritus

2300 2815 2474 2870 sancti
2499 2828 2596 2884 per
2623 2811 2996 2882 septenarium
3023 2825 3314 2866 numerum
3332 2805 3788 2879 designatur.Septem

2299 2927 2428 2982 ergo
2457 2909 2625 2964 millia
2652 2917 2863 2963 mortua
2894 2923 3016 2962 esse
3043 2906 3462 2970 describuntur;
3489 2905 3598 2976 quia
3634 2901 3788 2957 morien-

2302 3014 2386 3058 tur
2407 3001 2648 3069 diabolo,
2676 3011 2733 3058 ut
2760 3001 2946 3056 vivant
2974 3002 3120 3057 Deo:
3148 3000 3347 3072 reliqui
3365 3014 3492 3056 vero
3510 2999 3588 3069 qui
3609 2996 3790 3051 intimore

2301 3107 2426 3152 sunt
2465 3097 2641 3163 missi,
2678 3095 2887 3152 electos
2913 3103 3148 3151 caeteros
3192 3094 3499 3166 designant,
3525 3091 3602 3163 qui
3624 3089 3791 3144 vidente

2301 3189 2722 3246 conversionem
2747 3187 3267 3257 Judaaorummtque
3294 3186 3523 3241 divinam
3552 3181 3790 3252 Scripturam

2297 3283 2354 3337 in
2395 3282 2506 3338 illis
2538 3297 2662 3338 esse
2700 3281 3051 3352 completam,
3076 3281 3128 3336 in
3152 3281 3352 3335 timore
3383 3279 3482 3334 Dei
3503 3286 3644 3348 atque
3672 3286 3791 3327 arnore

2297 3379 2610 3452 proﬁcient,
2641 3379 2920 3450 Deumque
2944 3392 3043 3450 pro
3070 3392 3262 3435 eorum
3286 3374 3625 3432 conversione
3643 3368 3789 3426 laudare

2297 3487 2406 3528 non
2427 3472 2714 3528 desistent.
3872 3463 3873 3518 ζ

2366 3562 2550 3634 (Vers.
2585 3561 2700 3634 14.)
2743 3560 2832 3618 Vw
2859 3560 3142 3618 secundum
3184 3562 3334 3630 abiit,
3368 3570 3418 3616 et
3453 3575 3562 3617 ecce
3578 3573 3639 3612 rte
3661 3555 3791 3610 tatam

2294 3661 2459 3715 veniet
2499 3660 2621 3713 cito.
2663 3658 2755 3713 Vm
2789 3659 3012 3715 tertium
3058 3657 3128 3714 ad
3156 3674 3219 3714 ea
3243 3658 3387 3713 mala
3413 3701 3428 3726 ,
3475 3671 3587 3728 quae
3603 3669 3680 3726 per
3697 3648 3791 3706 Anti

2295 3753 2566 3808 christum
2590 3754 2831 3807 facturus
2852 3761 2937 3808 est
2958 3752 3232 3818 diabolus,
3265 3752 3332 3807 ad
3365 3753 3508 3808 diem
3523 3747 3686 3821 judicii
3720 3759 3791 3814 per.

2297 3846 2456 3902 tinet.
2487 3846 2553 3900 Et
2579 3846 2705 3917 quia
2746 3847 3004 3917 superius
3039 3847 3292 3917 angelum
3339 3860 3500 3917 quem
3551 3841 3664 3898 vidit
3700 3848 3790 3892 stare

2294 3957 2460 4012 supra
2485 3957 2634 3996 mare
2656 3951 2711 3998 et
2731 3956 2896 4012 snpra
2927 3952 3152 4007 terram,
3180 3941 3402 4012 jurasse
3430 3939 3553 3995 dicit
3575 3952 3654 4009 per
3675 3935 3790 3988 riter

2295 4043 2407 4091 tem
2436 4035 2489 4089 in
2515 4044 2812 4101 aeternum;
2841 4035 2966 4106 quia
3000 4036 3054 4090 in
3083 4035 3276 4091 diebus
3307 4033 3522 4106 septimi
3543 4029 3790 4102 angelithl

2295 4131 2526 4200 eruperit
2581 4129 2705 4185 tuba
2754 4144 2991 4197 canere,
3037 4129 3512 4186 consumrnahitur
3560 4121 3790 4197 mysterium

2299 4225 2421 4292 Dei,
2455 4225 2601 4296 quod
2646 4226 3041 4297 evangelizavit
3073 4241 3171 4296 per
3206 4241 3398 4282 servos
3424 4238 3546 4280 suos
3571 4218 3790 4294 prophetas,

2294 4318 2442 4375 diem
2463 4318 2655 4390 judicii
2686 4319 2926 4375 breviter
2950 4333 3161 4390 ponere
3188 4317 3386 4384 voluit,
3415 4327 3470 4373 et
3492 4315 3556 4372 ad
3576 4313 3688 4370 mala
3704 4307 3794 4364 Ante

2295 4389 2490 4466 christi
2513 4420 2701 4482 postea
2723 4389 2994 4465 narranda
3013 4410 3331 4465 revertitur.
3353 4407 3508 4478 Quod
3533 4408 3574 4462 si
3593 4403 3790 4473 diligenter

2297 4504 2638 4575 inSpicimus,
2691 4503 2999 4559 videbimus
3048 4517 3174 4558 eum
3223 4501 3332 4557 hoc
3375 4501 3614 4557 ordinate
3635 4497 3792 4552 iecisse;

2295 4599 2498 4653 scimus
2527 4612 2757 4668 namque
2777 4597 2903 4667 quia
2937 4595 3329 4667 praedicatores
3351 4597 3545 4662 sancti,
3575 4593 3649 4665 qui
3674 4590 3712 4644 itt
3735 4589 3794 4638 tiu:

2294 4692 2486 4749 mundi
2523 4693 2782 4748 nascituri
2831 4699 3000 4760 sunt,
3036 4692 3141 4748 hoc
3180 4690 3571 4762 praedicabunt,
3599 4681 3708 4757 quod
3726 4678 3793 4734 diu“

2293 4787 2513 4845 Domini
2542 4789 2593 4843 itt
2627 4787 2878 4858 proximo
2898 4787 2968 4844 sit
2993 4803 3008 4853 ;
3043 4797 3102 4842 ut
3133 4801 3273 4858 quos
3315 4781 3730 4842 exhortationibus
3756 4770 3792 4824 ιδ

2291 4885 2434 4939 viam
2465 4882 2714 4939 veritatis
2744 4882 3007 4938 reducere
3037 4896 3144 4937 non
3178 4881 3477 4952 potuerint,
3500 4878 3666 4935 saltem
3685 4880 3794 4926 terro-

2292 4975 2442 5031 ribus
2485 4975 2553 5030 ad
2621 4974 3002 5046 paenitentiam
3065 4983 3391 5044 provocent.
3448 4973 3509 5028 Et
3570 4968 3672 5040 quia
3719 4966 3793 5015 ιηιε

2291 5068 2713 5138 persecutiones
2745 5065 3093 5133 Antichristi,
3123 5065 3241 5122 dies
3273 5064 3465 5134 judicii
3494 5059 3684 5131 incipiet
3706 5064 3792 5123 [λικε

2293 5161 2488 5228 dicari,
2515 5159 2766 5216 eumdem
2798 5160 2945 5215 diem
2971 5158 3164 5229 judicii
3189 5157 3435 5214 Joannes
3479 5164 3620 5211 antea
3661 5154 3792 5221 p006?

2292 5254 2489 5321 voluit,
2514 5269 2674 5324 quam
2693 5251 2760 5308 ad
2786 5251 3196 5324 persecutiones
3223 5250 3396 5324 ipsius
3417 5242 3698 5308 Antichristi
3717 5249 3790 5294 tnt-

2292 5349 2468 5405 rando
2493 5349 2726 5405 veniret.

2365 5442 2548 5514 (Vers.
2575 5439 2694 5511 15.)
2738 5439 2807 5495 Et
2836 5423 3088 5514 septimus
3117 5441 3334 5512 angelus
3385 5439 3502 5495 tuba
3536 5431 3702 5491 cecinit.
3728 5423 3788 5478 Pet

2295 5534 2590 5604 septimum
2640 5533 2934 5606 angelum,
2985 5532 3125 5590 sicut
3171 5532 3446 5598 diximus,
3496 5525 3786 5602 praedicatores

2295 5628 2471 5684 sancti
2493 5629 2588 5699 qui
2618 5627 2674 5685 in
2697 5629 2806 5686 line
2829 5625 3020 5685 mundi
3045 5627 3311 5686 nascituri
3337 5637 3483 5692 sunt,
3505 5620 3783 5693 designantur.

668 5824 929 5899 {Omnes
965 5823 1124 5895 edit.,
1176 5827 1962 5903 superius_’_demonstravimus;
2002 5843 2194 5892 omnes
2220 5849 2353 5894 mss.
2383 5843 2440 5893 ut
2465 5835 2520 5893 in
2557 5849 2805 5910 corpore.
