3950 6314
91 305 186 362 873

798 299 864 357 ΙΝ
903 298 1376 359 APOCALYPSIN
1418 299 1810 360 EXPOSITIO.
1855 303 1942 359 DE
1983 300 2259 363 VISIONE
2300 304 2609 376 QUARTA.

3250 312 3357 369 874

88 418 222 477 Tuba
261 421 472 482 canent,
521 427 645 470 cum
700 414 926 472 verbum
969 416 1067 473 Dei
1121 416 1545 473 annuntiabunt.
1591 415 1660 471 Et
1685 417 1732 480 Α
1763 418 1994 484 mortui,
2027 422 2119 492 qui
2147 421 2203 476 in
2229 421 2330 477 hac
2356 424 2462 478 vita
2492 423 2680 493 positi,
2715 423 2927 480 animas
2947 440 3075 483 suas
3105 428 3248 485 male
3277 430 3359 486 vi-

83 514 222 582 facta'
254 517 366 565 sunt
384 524 528 564 uoces
570 524 771 580 magna
800 509 852 563 in
876 509 1026 576 coelo,
1055 511 1303 565 dicentes.
1356 511 1655 567 Possumus

85 623 170 680 per
191 605 372 662 ctelum
404 602 729 672 Ecclesiam,
761 619 858 675 per
883 619 1045 660 voces
1071 619 1202 660 vero
1227 620 1454 676 magnas
1489 620 1652 661 sanc-

86 710 245 756 torum
271 698 432 755 verba
470 696 800 770 intelligere,
831 698 922 769 qni
968 697 1022 752 in
1056 695 1295 754 adventu
1339 698 1557 754 Domini
1587 697 1655 754 ad

78 793 318 866 judicium
345 791 629 848 venientes
659 790 1035 860 exsultabunt,
1059 791 1202 848 sicut
1229 791 1495 849 Dominus
1521 792 1657 848 dicit

80 892 129 946 in
157 885 438 958 Evangelio
483 902 496 940 :
542 884 807 956 Respicite
832 894 882 942 et
913 886 1080 941 levate
1104 886 1277 958 capita
1297 895 1497 953 vestra;
1532 887 1656 957 quia

79 981 431 1055 appropinquat
451 979 735 1051 redemptio
755 989 921 1035 uestra
948 978 1102 1052 (Luc.
1136 996 1250 1049 ιιι,
1272 979 1392 1048 98).

144 1075 353 1132 Factum
376 1081 450 1128 est
473 1089 696 1149 regnum
715 1074 874 1145 hujus
911 1075 1096 1130 mundi
1133 1073 1347 1130 Domini
1384 1083 1432 1130 et
1461 1073 1656 1130 Christi

78 1174 200 1245 ejus,
217 1177 262 1224 et
280 1167 514 1240 regnabit
541 1167 597 1222 in
618 1167 809 1223 saecula
830 1169 1160 1223 surculorum.
1194 1165 1469 1239 Numquid
1492 1177 1657 1224 antea

78 1281 174 1320 non
191 1271 302 1320 erat
328 1261 541 1318 Domini
563 1271 618 1317 et
634 1261 838 1318 Christi
855 1265 974 1333 ejus
989 1278 1216 1335 regnum
1238 1263 1404 1334 hujus
1432 1263 1655 1319 mundi?

76 1359 171 1415 Sed
197 1372 416 1428 regnum
446 1355 608 1426 hujus
637 1355 825 1411 mundi
866 1355 1122 1412 homines
1144 1357 1382 1418 vocavit.
1415 1357 1467 1410 in
1511 1370 1652 1426 quo-

76 1467 182 1506 rum
202 1448 466 1506 mentibus
495 1458 590 1503 aut
617 1456 809 1519 regnat
834 1447 1001 1515 Deus,
1030 1457 1126 1503 aut
1156 1457 1352 1519 regnat
1379 1446 1651 1503 diabolus.

73 1547 270 1618 Begnat
297 1544 440 1600 Deus
470 1543 525 1598 in
551 1543 757 1599 sanctis
786 1542 901 1598 suis
939 1560 953 1598 :
988 1552 1178 1615 regnat
1209 1541 1459 1599 diabolus
1489 1542 1549 1598 in
1573 1542 1654 1598 eis

71 1643 152 1714 qui
189 1649 315 1698 sunt
362 1653 431 1695 ex
460 1648 617 1710 parte
663 1637 816 1710 ejus;
873 1637 992 1709 ipse
1046 1648 1132 1694 est
1177 1638 1322 1693 enim
1361 1653 1460 1692 rex
1489 1650 1655 1706 super

69 1749 244 1792 omnes
283 1731 425 1788 ﬁlios
466 1730 737 1802 superbia:
761 1728 900 1803 (Job.
932 1745 1043 1798 xu,
1078 1729 1197 1798 25).
1224 1729 1469 1800 Regnum
1493 1728 1656 1800 igitur

1758 513 1940 570 vendo
1961 513 2279 571 interﬁcere
2306 531 2412 572 non
2447 517 2768 573 timuerunt.
2798 516 2866 571 Et
2906 520 3122 576 reddere
3151 538 3354 578 merce-

1757 606 1874 660 dem
1915 606 2074 661 seruis
2099 608 2201 661 tuis
2247 609 2515 680 prophetis
2562 618 2612 665 et
2664 611 2898 678 sanctis,
2946 622 2996 667 et
3053 614 3354 670 timentibus

1757 717 1941 756 nomen
1969 710 2131 767 tuum,
2159 701 2369 773 pusillis
2398 711 2442 758 et
2463 705 2685 777 magnis.
2711 704 2826 760 Hoc
2853 713 2984 761 tunc
3014 707 3360 779 implebitur,

1755 795 1978 866 quando
2009 795 2063 850 in
2095 795 2184 851 die
2207 794 2402 867 judicii
2435 796 2681 853 dicturus
2711 806 2796 854 est
2824 815 2836 852 :
2874 797 3077 866 Venite,
3109 801 3365 856 benedicti

1761 885 1939 943 Patris
1961 889 2080 956 mei,
2105 889 2354 961 percipite
2381 905 2616 962 regnum,
2647 891 2783 962 quod
2827 892 2972 948 uobis
3019 905 3257 964 paratum
3285 905 3362 950 est

1757 980 1820 1036 ab
1843 981 2044 1052 origine
2073 981 2256 1036 mundi
2281 980 2499 1054 (Matth.
2537 999 2668 1050 xxv,
2693 983 2808 1056 5b).
2842 983 3080 1042 Pusillus
3104 986 3233 1043 illos
3265 1004 3366 1044 vo-

1756 1085 1866 1142 cat,
1902 1076 1994 1148 qui
2029 1076 2262 1132 minoris
2285 1085 2416 1132 sunt
2447 1076 2665 1133 meriti:
2701 1093 2946 1150 magnos,
2978 1082 3069 1152 qui
3094 1084 3358 1153 majorem

1757 1169 1990 1242 gratiam
2025 1170 2282 1226 obtinent
2319 1171 2459 1242 apud
2493 1171 2685 1226 Deum.
2721 1171 2790 1225 Et
2821 1175 3204 1229 exterminandi
3252 1193 3360 1241 eos,

1756 1263 1847 1333 qui
1872 1273 2213 1332 corruperunt
2264 1273 2475 1318 terram.
2516 1263 2886 1335 Corruptores
2942 1275 3105 1322 terra:
3165 1269 3363 1338 impios

1758 1365 1923 1411 vocat
1955 1376 1967 1412 :
1994 1356 2098 1414 hoc
2122 1367 2252 1413 tunc
2281 1357 2622 1428 implebitur,
2649 1357 2870 1428 quando
2902 1358 3045 1414 dicet
3074 1377 3086 1412 :
3119 1359 3217 1427 Ite,
3250 1378 3363 1415 ma-

1758 1447 1956 1519 ledicti,
1978 1451 2034 1504 in
2049 1452 2218 1524 ignem
2239 1461 2508 1518 (sternunt,
2538 1450 2566 1490 δ
2593 1452 2682 1523 qui
2704 1462 2917 1524 paratus
2957 1463 3028 1508 est
3057 1453 3288 1522 diabolo,
3319 1466 3369 1511 et

1757 1545 1957 1616 angelis
1985 1547 2101 1617 ejus
2141 1543 2332 1618 (Ibid.,
2371 1543 2489 1617 41).
2524 1543 2634 1601 Sed
2665 1545 3025 1617 quaerendum
3064 1547 3225 1602 nobis
3258 1556 3366 1612 est,

1756 1652 1920 1708 quam
1949 1645 2158 1693 terram
2186 1646 2561 1708 corruperunt
2587 1637 2763 1710 impii.
2795 1638 3143 1712 Semetipsos
3173 1642 3368 1712 utique

1758 1729 1902 1786 male
1933 1729 2172 1787 vivendo
2199 1740 2592 1804 corruperunt,
2622 1731 2845 1803 quando
2874 1733 2929 1788 in
2961 1733 3224 1802 luxuriis,
3257 1749 3367 1790 cae-

71 1828 218 1897 hujus
255 1823 444 1881 mundi
492 1823 710 1880 Domini
747 1832 803 1878 et
843 1821 1046 1878 Christi
1077 1822 1196 1892 ejus
1237 1832 1365 1878 tunc
1389 1822 1504 1890 ﬁet,
1531 1837 1656 1878 cum
1685 1833 1735 1895 Β
1762 1823 2009 1897 terisque
2064 1824 2212 1880 vitiis
2256 1839 2490 1896 corpora
2531 1840 2628 1882 sua
2660 1826 3040 1883 enutrierunt.
3086 1827 3369 1900 Corrupe-

67 1920 300 1977 diabolus
327 1934 457 1976 cum
485 1917 748 1975 omnibus
778 1931 916 1988 quos
939 1914 1245 1986 decepit,in
1270 1915 1540 1971 infernum
1562 1914 1655 1971 de-

70 2031 267 2072 mersus
289 2014 460 2071 fuerit
489 2032 503 2069 :
533 2029 658 2070 cum
684 2012 819 2069 illud
870 2011 1212 2085 implebitur,
1235 2011 1382 2083 quod
1414 2011 1658 2083 Angelus

67 2110 123 2164 ad
150 2109 424 2165 Danielem
453 2108 714 2180 loquitur,
741 2105 931 2162 dicens
967 2125 980 2161 :
1009 2104 1247 2177 Regnum
1278 2115 1452 2160 autem
1474 2114 1521 2159 et
1564 2119 1658 2176 po-

66 2213 227 2272 testas,
253 2219 371 2275 qua:
399 2210 480 2256 est
524 2200 700 2257 subter
747 2216 897 2256 omne
939 2199 1143 2266 caelum,
1193 2197 1427 2253 tradetur
1465 2197 1660 2269 papula

62 2306 373 2363 sanctorum,
402 2295 497 2364 qui
541 2302 588 2350 et
614 2293 913 2350 obtinebunt
937 2292 1074 2347 illud
1115 2308 1274 2362 usque
1298 2293 1354 2347 in
1388 2291 1659 2360 saxulum,

63 2401 105 2445 et
129 2391 178 2444 in
203 2389 463 2445 saculunt
486 2388 798 2444 surculorum
827 2384 998 2458 (Dan.
1031 2401 1128 2452 vn,
1155 2384 1274 2458 27).

128 2485 302 2556 (Vers.
340 2482 466 2557 16.)
498 2483 564 2538 Et
589 2483 771 2556 viginti
799 2492 1026 2553 quatuor
1051 2483 1278 2536 seniores
1323 2480 1414 2551 qui
1457 2479 1515 2535 in
1537 2496 1661 2535 con-

61 2591 228 2651 spectu
249 2580 350 2638 Dei
381 2581 567 2638 sedent
596 2581 654 2636 in
684 2579 892 2637 sedibus
915 2580 1045 2645 suis,
1084 2576 1250 2652 5&6
1272 2577 1569 2633 ceciderunt
1610 2576 1667 2631 in

60 2675 210 2746 facies
227 2692 374 2744 suas,
405 2685 462 2731 et
477 2675 820 2730 adorauerunt
841 2671 1036 2740 Deum,
1051 2672 1302 2727 dicentes.
1338 2670 1443 2727 Per
1477 2667 1666 2740 viginti

60 2779 283 2842 quatuor
333 2770 597 2829 seniores
638 2770 692 2826 in
745 2769 850 2825 hoc
895 2769 1019 2824 loco
1065 2768 1278 2823 animas
1306 2773 1619 2822 sanctorum
1645 2803 1663 2833 ,

57 2881 170 2936 qua:
209 2867 264 2923 in
291 2866 521 2924 caelesti
548 2864 888 2924 beatitudine
914 2879 1036 2921 cum
1066 2863 1300 2921 Domino
1325 2875 1670 2919 commoran-

58 2967 160 3026 tur,
184 2975 492 3032 possumus
517 2959 826 3031 intelligere
858 2975 872 3012 :
901 2957 1060 3014 sedes
1087 2971 1219 3013 vero
1248 2955 1498 3028 requiem
1519 2970 1669 3012 sem-

56 3054 320 3123 piternam
373 3053 698 3126 designant.
747 3052 958 3125 Viginti
1006 3060 1240 3124 quatuor
1297 3051 1550 3108 seniores
1613 3050 1669 3106 in

56 3157 352 3220 conspectu
388 3147 497 3204 Dei
527 3147 725 3204 sedent
767 3147 824 3203 in
855 3145 1082 3204 sedibus
1111 3147 1266 3212 suis;
1295 3144 1417 3217 quia
1453 3153 1671 3201 sancto-

1760 1927 1892 1975 runt
1938 1927 1993 1975 et
2033 1919 2268 1975 aliorum
2310 1927 2540 1988 terram,
2573 1935 2768 1976 eorum
2821 1920 3114 1990 videlicet,
3147 1938 3290 1994 quos
3316 1932 3374 1980 et

1759 2013 1944 2069 verbis
1980 2021 2036 2070 et
2071 2014 2340 2084 exemplis
2372 2013 2438 2070 ad
2474 2014 2616 2069 mala
2643 2029 2811 2086 opera
2845 2015 3059 2086 agenda
3087 2026 3374 2088 pertraxe-

1761 2113 1909 2162 runt.
1952 2106 2109 2162 Nune
2139 2106 2207 2163 ad
2251 2121 2317 2163 ea
2360 2122 2484 2178 qua:
2526 2107 2997 2177 praetermiserat,
3050 2107 3105 2164 id
3150 2119 3270 2177 est,
3299 2109 3370 2165 ad

1765 2199 1906 2254 mala
1924 2199 2255 2256 Antichristi
2285 2198 2556 2255 narranda
2597 2200 2915 2257 revertitur.
2944 2200 3014 2256 Et
3038 2209 3100 2257 ut
3127 2216 3376 2258 commo-

1763 2292 1883 2349 dius
1947 2293 2016 2349 ad
2065 2307 2131 2350 ea
2181 2293 2542 2366 exprimenda
2599 2295 2932 2365 perveniat,
3005 2295 3074 2351 ab
3129 2295 3373 2351 adventu

1763 2386 1970 2445 Christi
1998 2387 2210 2460 incipit,
2255 2397 2421 2460 atque
2449 2389 2594 2444 mala
2625 2404 2747 2461 quae
2795 2388 3046 2446 Ecclesia
3089 2406 3116 2443 a
3149 2389 3373 2446 diabolo

1768 2497 1931 2554 passa
1980 2491 2088 2550 est,
2144 2497 2610 2550 commemorans,
2664 2483 2901 2554 qualiter
2941 2482 3089 2540 idem
3120 2482 3376 2540 diabolus

1768 2577 2016 2636 eamdem
2044 2577 2352 2636 Ecclesiam
2375 2592 2474 2649 per
2497 2575 2898 2634 Antichristum
2929 2587 3182 2635 evertere
3207 2592 3379 2636 cone-

1767 2682 1879 2742 tur,
1907 2673 2176 2730 annectit.

1843 2767 2028 2842 (Vers.
2060 2767 2177 2840 19.)
2208 2766 2280 2822 Et
2306 2777 2547 2837 apertum
2571 2774 2648 2821 est
2677 2766 2925 2837 templum
2956 2764 3053 2821 Dei
3078 2766 3134 2820 in
3157 2766 3304 2832 creto,
3330 2777 3378 2820 et

1771 2865 1882 2918 uisa
1905 2873 1981 2918 est
2007 2863 2144 2918 Area
2176 2861 2489 2917 Testamenti
2520 2864 2633 2934 ejus
2686 2862 2742 2915 in
2778 2862 2970 2932 templo
3009 2863 3145 2933 ejus.
3176 2860 3381 2915 Possu-

1772 2974 1895 3015 mus
1922 2973 2021 3030 per
2060 2956 2327 3028 templum
2373 2955 2470 3011 Dei
2511 2955 2724 3011 beatam
2753 2953 2978 3009 Mariam
3022 2952 3378 3023 intelligere:

1775 3069 1873 3125 per
1911 3068 2097 3108 arcam
2139 3065 2274 3107 vero
2327 3047 2673 3105 Testamenti
2713 3046 2996 3103 Christum
3024 3087 3040 3113 ,
3082 3046 3176 3117 qui
3222 3062 3287 3101 ex
3316 3061 3384 3102 ea

1772 3162 1996 3204 carnem
2028 3145 2354 3217 assumpsit.
2401 3142 2694 3214 Templum
2746 3151 2933 3199 autem
2987 3140 3084 3198 Dei
3116 3157 3223 3197 non
3257 3141 3384 3197 ideo

58 3253 172 3296 rum
212 3241 418 3297 anima:
466 3239 591 3296 sine
637 3239 964 3310 corporibus
1003 3238 1056 3294 in
1087 3237 1302 3295 ctelesti
1332 3236 1672 3293 beatitudine
1698 3237 1746 3302 C
1775 3252 2026 3312 apertum
2051 3240 2276 3307 dicitur,
2305 3238 2449 3311 quod
2479 3248 2672 3294 uterus
2715 3238 2894 3294 beatae
2935 3236 3166 3308 virginis
3197 3236 3385 3291 Maria:

58 3330 217 3388 modo
238 3349 368 3390 cum
401 3331 638 3390 Domino
669 3330 1040 3404 requiescunt.
1072 3330 1133 3386 In
1177 3329 1344 3386 facies
1374 3343 1503 3385 suas
1529 3327 1672 3385 ceci-

58 3426 253 3483 derunt
283 3436 343 3484 et
370 3426 752 3484 adoraverunt
776 3443 792 3493 ;
816 3425 941 3497 quia
973 3423 1150 3481 sancti
1171 3424 1264 3480 Dei
1291 3438 1414 3479 cum
1438 3421 1674 3479 viderint

51 3519 427 3588 iustissimum
461 3520 562 3576 Dei
583 3519 853 3590 judicium
885 3519 1107 3590 peragi,
1136 3513 1675 3582 inenarrabilemque

55 3615 168 3685 ejus
192 3612 535 3687 potentiam,
569 3614 832 3687 dejicient
879 3629 940 3670 se
979 3629 1077 3685 per
1104 3609 1430 3668 humilitatis
1460 3609 1677 3681 subjec-

52 3712 259 3767 tionem
311 3712 371 3768 in
421 3719 730 3782 conspectu
758 3709 1039 3768 Creatoris
1083 3707 1192 3777 sui,
1255 3709 1496 3764 scientes
1542 3705 1678 3761 nihil

52 3821 173 3863 esse
239 3806 520 3880 quidquid
568 3814 698 3873 est,
751 3806 810 3862 in
873 3804 1286 3876 comparatione
1338 3801 1483 3858 illius
1513 3842 1528 3866 ,
1583 3799 1679 3871 qui

53 3899 195 3957 Deus
220 3911 333 3959 est.

121 3996 312 4070 (Vers.
345 3998 446 4067 17,
482 3996 600 4070 18.)
631 3996 844 4054 Gratias
883 3997 1086 4068 agimus
1128 3994 1242 4061 tibi,
1274 3991 1500 4049 Domine
1537 3992 1682 4047 Deus

50 4092 188 4146 omni
193 4101 416 4159 potens,
449 4092 541 4163 qui
562 4108 637 4161 es,
659 4100 708 4147 et
735 4091 824 4163 qui
846 4107 962 4146 eras
986 4097 1221 4156 sanctus,
1244 4097 1294 4143 et
1320 4087 1409 4159 qui
1436 4086 1686 4158 accepisti

50 4181 297 4239 virtutem
353 4194 512 4238 tuam
565 4199 846 4257 ntagnam,
886 4192 934 4238 et
968 4181 1220 4255 regnasti.
1264 4177 1338 4233 Et
1385 4179 1534 4234 irata:
1563 4186 1686 4233 sunt

49 4287 250 4346 gentes,
271 4288 322 4333 et
342 4277 563 4334 advenit
589 4279 668 4332 ira
683 4286 791 4345 tua,
808 4286 856 4333 et
875 4287 1074 4348 tempus
1096 4283 1417 4331 mortuorum
1439 4273 1688 4344 iudicari;

53 4378 79 4404 ⁸
116 4382 168 4426 et
192 4373 433 4430 reddere
461 4373 748 4430 mercedem
773 4373 933 4428 seruis
959 4373 1059 4428 tuis
1087 4371 1374 4444 prophetis,
1401 4379 1450 4426 et
1469 4370 1686 4436 sanctis,

46 4474 93 4516 et
114 4466 437 4522 timentibus
449 4483 639 4522 nomen
661 4475 827 4534 tuum,
848 4465 1050 4538 pusillis
1067 4473 1113 4520 et
1129 4465 1366 4539 magnis;
1381 4474 1428 4519 et
1442 4463 1687 4521 extermi-

51 4557 216 4610 nandi
243 4573 338 4612 eos
371 4560 471 4627 qui
499 4568 837 4631 corruperunt
860 4567 1071 4613 terram.
1102 4557 1200 4613 Est
1222 4555 1472 4613 Christus
1503 4555 1687 4625 modo,

1772 3337 1826 3392 in
1871 3334 2136 3407 pariendo
2176 3334 2468 3390 Dominum
2510 3341 2743 3404 apertus
2786 3333 2881 3400 sit,
2935 3346 3057 3403 qua:
3097 3330 3202 3387 fuit
3226 3331 3384 3402 virgo

1771 3440 1900 3487 ante
1942 3439 2192 3500 partum,
2238 3428 2396 3499 virgo
2428 3427 2481 3482 in
2527 3434 2715 3498 partu,
2748 3427 2905 3498 virgo
2937 3434 3066 3496 post
3104 3434 3322 3496 partum
3371 3444 3384 3477 :

1773 3525 1873 3582 sed
1916 3524 2041 3580 ideo
2081 3532 2336 3594 apertum
2384 3521 2612 3590 dicitur,
2645 3521 2774 3592 quia
2814 3535 2913 3590 per
2939 3520 3113 3590 ipsam
3149 3518 3386 3574 visibilis

1777 3619 1936 3675 nobis
1987 3619 2166 3674 lactus
2216 3626 2302 3672 est
2328 3615 2596 3672 Dominus
2644 3624 2838 3670 noster
2884 3613 3047 3669 Jesus
3103 3611 3381 3668 Christus.

1775 3711 2079 3768 Possumus
2107 3709 2277 3766 etiam
2311 3723 2409 3778 per
2453 3707 2721 3777 templum
2757 3713 2917 3761 vetus
2965 3705 3385 3761 Testamentum

1779 3805 2121 3877 intelligere:
2149 3819 2246 3876 per
2271 3818 2453 3860 arcam
2484 3809 2825 3858 sacramenta
2844 3816 2965 3873 qua:
2987 3801 3056 3857 de
3080 3800 3303 3855 Christo
3336 3802 3390 3856 in

1780 3899 1957 3956 veteri
2019 3899 2374 3955 Testamento
2427 3897 2802 3952 continentur.
2865 3893 3131 3952 Veniente
3179 3894 3385 3965 quippe

1780 3993 2003 4051 Christo
2032 3993 2086 4049 in
2112 4008 2300 4063 carne,
2332 4002 2585 4065 apertum
2618 3999 2707 4048 est
2729 4000 2888 4048 vetus
2924 3991 3345 4048 Testamentum
3371 4033 3385 4059 ,

1784 4101 1950 4163 atque
1987 4087 2258 4161 spiritalis
2299 4087 2690 4160 intelligentia,
2721 4102 2846 4160 quae
2877 4087 2932 4143 in
2974 4102 3042 4144 eo
3071 4086 3299 4156 latebat,
3331 4089 3397 4142 li-

1787 4183 2005 4240 delihus
2024 4193 2111 4241 est
2142 4183 2384 4239 revelata
2421 4199 2436 4238 :
2468 4181 2537 4236 Et
2560 4184 2700 4254 facta
2726 4191 2845 4237 sunt
2878 4184 3113 4255 fulgura,
3144 4191 3192 4236 et
3222 4197 3394 4252 voces,

1789 4286 1836 4332 et
1867 4286 2020 4332 teme
2048 4285 2242 4343 motus,
2280 4283 2329 4329 et
2365 4275 2570 4347 grando
2596 4290 2811 4346 magna.
2838 4273 2944 4330 Per
2976 4274 3190 4346 fulgura
3220 4275 3396 4332 mira-

1789 4372 1918 4428 cula
1943 4387 2065 4443 quae
2094 4385 2194 4442 per
2220 4368 2502 4426 Christum
2537 4369 2678 4427 facta
2705 4380 2834 4426 sunt
2867 4388 2878 4424 :
2922 4385 3022 4441 per
3052 4385 3215 4426 voces
3259 4387 3397 4428 vero

1792 4464 1912 4535 ejus
1933 4464 2250 4536 praedicatio
2277 4463 2829 4536 designatur.Terrae
2859 4473 3042 4519 motus
3071 4472 3253 4520 autem
3279 4480 3400 4520 mo-

1795 4559 2002 4615 tionem
2028 4556 2279 4614 cordium
2306 4556 2566 4627 designat
2593 4572 2607 4622 ;
2640 4555 2774 4610 moti
2806 4564 2937 4610 sunt
2972 4572 3212 4628 namque
3242 4558 3402 4614 multi

50 4660 362 4723 postquam
415 4649 700 4708 hominem
729 4652 1063 4723 assumpsit,
1102 4650 1351 4723 ejusdem
1388 4651 1694 4708 sanctitatis
1719 4654 1775 4716 D
1798 4667 1898 4725 per
1920 4649 2368 4719 praedicationem
2392 4648 2599 4704 Christi
2623 4647 2691 4704 ad
2729 4648 3113 4721 paenitentiam
3153 4651 3222 4706 de
3270 4667 3399 4722 pec-

46 4754 232 4815 quaet
264 4745 734 4818 Pater,ejusdem
757 4747 1102 4813 aeternitatis,
1118 4746 1367 4818 ejusdem
1396 4747 1687 4818 potentiae:

44 4855 169 4896 erat
199 4852 264 4899 et
294 4853 615 4913 antequam
647 4842 924 4898 hominem
964 4850 1294 4911 assumeret,
1337 4841 1562 4912 aequalis
1599 4854 1695 4910 per

46 4938 240 4992 omnia
276 4937 470 4992 Patri.
494 4937 718 5007 Accepit
737 4944 922 4992 autem
953 4937 1215 4993 virtutem
1239 4950 1391 4991 suam
1419 4949 1693 5007 magnam,

43 5029 281 5101 quando
326 5045 441 5100 per
496 5031 808 5098 passionem
863 5045 1017 5086 suam
1061 5028 1342 5086 diabolum
1379 5027 1559 5084 vicit:
1611 5041 1700 5083 re-

45 5127 248 5197 gnavit
296 5138 476 5188 vero,
519 5125 736 5192 quando
764 5140 936 5192 genus
961 5125 1260 5181 humanum
1285 5123 1388 5180 sibi
1421 5121 1656 5192 subjecit
1681 5137 1695 5176 :

43 5220 209 5276 iratae
273 5225 426 5275 sunt.
470 5223 688 5286 gentes,
742 5215 869 5287 quia
910 5213 1060 5285 impii
1100 5215 1354 5273 homines
1396 5214 1700 5270 Ecclesiam

52 5310 144 5363 Dei
205 5310 521 5384 persecuti
572 5318 740 5379 sunt,
789 5318 848 5366 ut
897 5324 1096 5366 nomen
1127 5308 1335 5366 Christi
1375 5309 1444 5365 de
1495 5307 1702 5364 mundo

46 5402 516 5476 exStinguerent
553 5424 583 5461 ε⁴
618 5406 877 5465 adveniet
919 5417 1105 5464 autem
1147 5407 1228 5462 ira
1259 5405 1378 5474 Dei,
1429 5420 1554 5462 cum
1585 5405 1704 5461 dies

42 5494 252 5563 judicii
306 5501 622 5557 advenerit
658 5518 671 5555 :
709 5501 967 5559 adveniet
1002 5510 1219 5572 tempus
1247 5509 1589 5558 mortuorum
1616 5499 1704 5569 ju-

1795 4747 1934 4802 catis
1979 4746 2098 4801 suis
2149 4742 2524 4816 peragendam
2555 4760 2568 4794 :
2603 4754 2622 4780 ε
2653 4741 2788 4798 moti
2809 4753 2938 4799 sunt
2966 4745 3036 4800 de
3075 4744 3408 4802 inﬁdelitate

1797 4839 1866 4896 ad
1897 4838 2218 4895 ﬁdelitatem
2254 4856 2267 4892 :
2316 4837 2454 4892 moti
2493 4845 2624 4894 sunt
2657 4837 2726 4894 de
2760 4839 2909 4894 malo
2948 4838 3016 4895 ad
3065 4839 3288 4895 bonum.
3338 4840 3408 4896 Et

1798 4931 1926 5003 quia
1955 4929 2163 5002 grando
2191 4938 2395 4985 terram
2441 4929 2587 4986 solet
2628 4939 2942 5001 percutere,
2974 4945 3270 5001 possumus
3304 4945 3404 5000 per

1798 5024 2126 5097 grandinem
2175 5024 2638 5080 comminationes
2687 5025 2828 5095 ignis
2883 5025 3118 5092 aeterni,
3176 5041 3301 5095 quae
3349 5027 3405 5082 in

1803 5118 2124 5190 Evangeliis
2173 5133 2320 5190 saepe
2370 5119 2747 5187 inveniuntur,
2800 5118 3147 5189 intelligere;
3207 5118 3406 5190 quibus

1803 5213 1975 5269 corda
2005 5227 2299 5284 pravorum
2331 5212 2739 5284 percutiuntur,
2773 5222 2834 5268 ut
2859 5212 3189 5284 resipiscant
3214 5213 3285 5269 ab
3305 5213 3412 5271 ini-

1805 5307 2106 5381 quitatibus
2128 5308 2272 5368 suis.

1879 5402 2110 5460 CAPUT
2131 5402 2250 5459 XII.
2272 5433 2344 5445 -—
2374 5403 2557 5477 (Vers.
2613 5401 2692 5474 1.)
2715 5401 2784 5455 Et
2805 5402 3014 5474 signum
3038 5419 3287 5476 magnum
3313 5425 3411 5480 ap-

1810 5497 1988 5569 paruit
2010 5497 2067 5550 in
2095 5496 2245 5564 ctelo,
2273 5496 2464 5550 mulier
2488 5495 2680 5550 amicta
2711 5493 2840 5563 sole,
2864 5502 2915 5549 et
2933 5494 3061 5551 luna
3080 5497 3172 5551 sub
3196 5500 3415 5569 pedibus

44 5587 273 5656 dicari,
327 5591 612 5652 videlicet
658 5604 716 5651 ut
755 5595 955 5653 mortui
998 5594 1336 5666 judicentur.
1368 5593 1450 5651 llli
1496 5593 1708 5650 scilicet
1811 5590 1926 5662 ejus
1953 5631 1968 5658 ,
2007 5599 2056 5645 et
2104 5590 2158 5644 in
2189 5589 2361 5661 capite
2390 5588 2505 5658 ejus
2552 5602 2746 5641 corona
2789 5586 3060 5643 stellarum
3114 5590 3413 5651 duodecim.

122 5763 154 5793 α
191 5752 382 5810 Rom.
418 5755 564 5804 edit.
589 5765 953 5824 resecaverat,
979 5767 1045 5817 et
1068 5737 1292 5813 reddere
1333 5754 1696 5810 mercedem...

41 5827 141 5906 qui
172 5827 570 5906 egrrupefunl
595 5829 804 5886 tetram.

124 5897 156 5937 ι’
189 5891 570 5955 Restituitur
598 5907 668 5949 ex
691 5907 850 5961 mss.,
873 5901 959 5961 qui
980 5911 1201 5966 paratus
1222 5912 1302 5959 est
1337 5899 1577 5969 diabolo,
1600 5906 1708 5956 etc.

599 5989 875 6051 Paeon.
915 5988 1120 6051 XVII.

1883 5762 1905 5791 ο
1929 5750 2008 5806 Ita
2039 5764 2200 5816 mss.;
2227 5747 2361 5804 edit.
2396 5759 2548 5810 vero,
2579 5744 2706 5818 moti
2732 5753 2854 5799 sunt
2883 5762 2976 5817 per
3006 5748 3309 5818 ﬁdelitatem
3351 5755 3418 5809 ab

1809 5821 2217 5895 inﬁdelitate...
2240 5820 2317 5875 ad
2340 5820 2528 5874 bonum
2557 5833 2648 5890 per
2675 5816 2867 5874 bonam
2886 5816 3304 5878 conuersionem.

2937 5982 3018 6045 28
