3950 6314
79 279 170 341 ΜΤ

790 280 857 337 ΙΝ
897 279 1377 339 APOCALYPSIN
1419 281 1800 344 EXPOSITIO.
1845 285 1932 344 DE
1973 285 2243 348 VlSiONE
2283 291 2593 362 QUARTA.

3254 301 3362 360 878

81 400 138 454 ad
168 395 460 452 Eeclesiam
488 436 505 465 ,
534 413 632 455 cur
650 398 783 455 dicit
823 398 1125 455 masculum
1165 415 1285 457 eam
1329 402 1612 475 peperisse
1632 446 1645 468 ,
1676 407 1731 469 Α
1753 405 1972 477 quando
1999 411 2279 480 apostolos
2307 411 2512 470 Christi
2537 422 2592 472 et
2621 429 2719 488 per
2747 415 2965 476 Judzeos
2992 427 3046 478 et
3074 434 3173 493 per
3201 437 3365 496 paga-

80 507 186 550 cum
211 505 273 546 ex
299 499 530 562 utroque
556 506 691 547 sexu
713 491 854 548 ﬁlios
880 501 935 547 et
967 490 1105 547 ﬁlias
1135 492 1383 564 quotidie
1422 495 1532 550 Dco
1562 510 1653 566 ge-

79 585 246 642 neret?
271 582 562 640 Femineus
601 584 800 656 quippe
840 598 1006 641 sexus
1055 585 1265 657 fragilis
1293 597 1410 643 est:
1453 586 1650 644 femina

80 676 350 748 igiturqute
378 673 701 732 fortitudine
728 678 895 732 animi
918 688 1198 749 assumpta
1230 677 1507 735 diabolum
1535 680 1651 736 vin-

76 768 139 825 cit
163 809 176 834 .
199 774 354 837 atque
383 780 482 836 per
509 767 651 824 bona
689 785 854 841 opera
891 771 1006 827 Deo
1033 771 1256 841 placere
1295 773 1507 840 studet,
1543 789 1652 831 non

77 863 344 930 incongrue
372 859 456 915 vir
485 873 744 929 vocatur;
774 863 902 934 quis
930 866 1178 935 quamvis
1203 879 1434 936 corpore
1463 867 1540 922 slt
1575 868 1655 923 fe-

77 955 203 1009 mina
231 994 244 1018 ,
281 951 483 1008 virtute
529 963 711 1010 tamen
749 957 920 1013 animi
950 957 1083 1014 viris
1123 958 1280 1015 bonis
1315 971 1649 1032 coaequatur.

73 1046 245 1104 Mulier
277 1045 458 1116 itaque
488 1049 790 1105 nitesculum
838 1051 1083 1122 peperit;
1115 1053 1238 1122 quia
1264 1053 1383 1123 ejus
1409 1054 1651 1110 tnembra

73 1157 215 1214 quem
245 1140 396 1197 beata
430 1140 595 1196 Maria
639 1143 790 1215 virgo
829 1149 1081 1216 peperit,
1116 1147 1358 1217 quotidie
1408 1147 1650 1205 Ecclesia

78 1237 222 1304 parit.
249 1234 396 1292 Unus
415 1251 546 1306 ergo
565 1239 837 1294 masculus
855 1250 943 1295 est
961 1286 976 1310 ,
1002 1255 1164 1311 quem
1195 1241 1349 1312 virgo
1375 1243 1539 1297 Maria
1561 1258 1652 1312 pe~

73 1333 236 1402 perit,
262 1340 313 1386 et
336 1331 584 1388 Ecclesia
611 1333 858 1402 quotidie
889 1337 1064 1406 parit;
1094 1337 1217 1407 quia
1247 1335 1499 1393 Christus
1527 1353 1650 1393 cum

73 1424 306 1481 omnibus
349 1425 618 1482 membris
641 1429 760 1484 suis
790 1444 929 1484 unus
953 1430 1201 1487 Chrisms
1221 1443 1324 1487 est.
1358 1433 1460 1499 Qui
1486 1443 1656 1488 rectu-

73 1535 151 1574 rus
175 1519 264 1574 erit
291 1535 467 1576 omnes
493 1531 667 1592 gentes
712 1522 768 1576 in
811 1523 956 1593 uirga
1001 1526 1187 1595 ferrea.
1238 1524 1355 1580 Hoc
1403 1523 1655 1595 superius

74 1611 178 1683 (Ad
202 1629 315 1682 cap.
363 1612 424 1684 Ξ)
455 1612 660 1668 dictum
691 1624 798 1670 est.
832 1615 902 1669 Et
930 1626 1111 1687 ruptus
1157 1626 1231 1672 est
1275 1617 1416 1686 ﬁlius
1445 1621 1559 1692 ejus
1583 1620 1654 1672 ad

71 1704 222 1760 Deam
245 1746 261 1774 ,
291 1714 339 1760 et
365 1706 435 1760 ad
465 1708 713 1762 thronum
739 1712 870 1780 ejus.
901 1709 1014 1764 Hoc
1053 1720 1178 1765 tunc
1211 1711 1496 1781 impletum
1527 1719 1611 1768 est
1635 1753 1649 1779 ,

1754 511 1857 553 nos
1884 499 2092 556 tamdiu
2127 512 2451 573 persecutus
2490 506 2622 577 fuit,
2653 525 2823 583 usque
2864 514 2992 570 dum
3022 529 3118 572 eos
3153 516 3363 574 inter-ll-

1753 599 1926 649 ceret.

1827 685 2009 759 (Vers.
2044 688 2125 762 8.)
2156 687 2225 746 Et
2271 707 2373 749 non
2412 696 2725 768 valuerunt,
2760 715 2918 772 neque
2961 703 3106 760 locus
3128 705 3361 762 inventus

1754 792 1830 836 est
1860 797 2039 838 eorum
2068 787 2293 856 amplius
2320 788 2378 844 in
2409 789 2555 846 cwlo.
2581 790 2697 849 Non
2725 795 2897 852 valuit
2933 796 3188 857 diabolus
3208 843 3221 868 ,
3267 818 3364 858 nc-

1753 890 1861 944 que
1891 878 2126 934 ministri
2175 880 2293 951 ejus
2324 882 2543 940 vincere
2585 885 2891 958 Christum,
2925 906 3029 950 nec
3079 893 3361 969 apostolos

1753 972 1907 1042 ejus;
1938 972 2063 1046 quia
2095 976 2240 1034 unde
2267 985 2601 1049 putaverunt
2632 983 2882 1055 vincere,
2917 988 3052 1044 victi
3079 999 3224 1048 sunt.
3258 988 3365 1048 Pn-

1756 1074 2272 1142 tavcruntnamque
2311 1069 2587 1129 Christum
2613 1089 2675 1132 se
2716 1092 2816 1149 per
2856 1089 3092 1139 mortem
3124 1083 3320 1140 vicisse
3348 1127 3363 1150 ,

1753 1162 1850 1218 sed
1891 1177 1956 1220 ex
2003 1175 2179 1222 morte
2227 1166 2347 1236 ejus
2385 1179 2584 1225 nomen
2625 1169 2774 1227 illius
2820 1173 3018 1231 claruit
3044 1177 3097 1233 in
3131 1179 3359 1236 mundo.

1759 1254 1884 1310 Non
1929 1258 2200 1314 valuerunt
2235 1271 2364 1332 ergo
2389 1303 2403 1327 ,
2455 1277 2616 1334 neque
2644 1262 2785 1320 locus
2816 1266 3046 1324 inuentus
3074 1281 3146 1324 est
3188 1289 3370 1326 eorum

1757 1351 1985 1421 amplius
2011 1352 2066 1407 in
2096 1353 2256 1422 coelo;
2293 1357 2418 1426 quia
2451 1371 2548 1427 per
2591 1359 3034 1428 prmdicationcm
3085 1368 3367 1437 apostolo-

1756 1459 1876 1499 rum
1900 1487 1914 1512 ,
1945 1456 2386 1521 caeterorumquc
2429 1463 2748 1510 sanctorum
2793 1471 2822 1511 a
2847 1455 3113 1517 cordibus
3162 1462 3369 1520 electo-

1755 1553 1908 1608 rum,
1942 1540 2036 1612 qui
2067 1556 2164 1613 per
2190 1545 2386 1600 cmlum
2413 1545 2803 1619 designantur,
2828 1553 3040 1625 expulsi
3072 1566 3220 1613 sunt.

1828 1635 2012 1709 (Vers.
2044 1638 2127 1712 9.)
2157 1639 2227 1696 Et
2255 1646 2522 1716 projectus
2553 1657 2627 1701 est
2659 1643 2750 1703 ille
2778 1648 2939 1706 draco
2975 1668 3232 1724 magnus,
3261 1671 3372 1710 ser-

1758 1745 1883 1802 pens
1913 1732 2162 1804 antiquus
2185 1776 2202 1802 ,
2243 1738 2331 1807 qui
2359 1747 2570 1793 uocatur
2597 1739 2840 1797 diabolus
2887 1754 2934 1798 et
2981 1742 3211 1802 Satanas
3235 1789 3249 1816 ,
3283 1749 3373 1820 qui

71 1799 270 1872 quando
324 1801 745 1872 quadragesima
794 1802 882 1858 die
926 1811 1214 1875 postquam
1301 1806 1646 1873 resurrexit,

1760 1824 1952 1879 seducit
1973 1827 2267 1883 universum
2293 1829 2464 1886 orbem
2491 1849 2503 1887 :
2532 1841 2581 1886 ct
2605 1835 2870 1904 proiectus
2893 1837 3035 1891 estin
3059 1848 3254 1893 terram
3280 1881 3294 1906 ,
3323 1851 3372 1894 et

68 1895 295 1953 ascendit
313 1896 371 1952 in
399 1897 621 1954 caelum.
645 1897 954 1968 Bapiuntur
979 1900 1222 1971 quotidie
1235 1900 1328 1956 ﬁlii
1361 1900 1621 1960 Ecclesiae
1639 1947 1652 1970 ,

69 1988 114 2043 id
136 1998 244 2055 est,
273 1989 520 2046 membra
540 1990 742 2047 Christi
763 1992 830 2047 ad
861 1993 1030 2048 Deum
1061 1995 1194 2049 etsd
1227 1995 1480 2052 thronum
1512 1997 1654 2068 ejus,

69 2096 176 2138 cum
208 2091 324 2153 post
344 2093 573 2140 mortem
600 2084 666 2140 ad
698 2085 943 2142 t'tnlestia
971 2088 1368 2158 perducuntur.

133 2174 321 2245 (Vers.
361 2176 442 2248 6.)
471 2175 540 2231 Et
571 2179 760 2234 mulier
786 2181 922 2252 fugit
951 2182 1004 2236 in
1029 2182 1359 2238 solitudinem
1387 2225 1402 2248 ,
1437 2184 1525 2237 ubi
1557 2187 1652 2238 Ita-

69 2269 139 2322 bet
157 2269 319 2322 locum
346 2278 595 2340 paratum
619 2287 651 2325 a
679 2269 788 2326 Deo
813 2313 830 2339 ,
869 2283 924 2326 ut
953 2272 1023 2327 ibi
1047 2284 1260 2345 pascant
1289 2275 1433 2330 illaut
1480 2277 1656 2332 diebus

68 2362 194 2416 mille
214 2362 442 2417 ducentis
463 2365 757 2436 sexaginta.
779 2364 1144 2424 Solitudinem
1166 2368 1446 2424 Christum
1471 2379 1652 2435 vocat;

67 2454 292 2512 solitudo
320 2458 524 2529 quippe
543 2458 750 2514 dicitur
769 2477 867 2527 ,eo
893 2463 1038 2532 quod
1060 2463 1178 2518 sola
1201 2468 1273 2519 sit
1299 2505 1313 2530 ,
1344 2464 1563 2520 deserta
1586 2466 1658 2520 ab

68 2547 454 2606 habitatoribus
491 2567 504 2604 :
544 2551 806 2608 similiter
833 2561 888 2608 et
914 2551 1167 2610 Christus
1204 2555 1459 2613 desertus
1501 2569 1585 2614 est
1626 2575 1656 2614 a

68 2642 199 2708 suis,
232 2642 376 2697 sicut
409 2644 754 2716 Evangelisut
790 2649 1062 2717 loquitur,
1091 2650 1281 2707 dicens
1315 2669 1330 2704 :
1362 2652 1427 2706 In
1450 2655 1660 2726 prapria

67 2737 188 2791 venit
210 2775 227 2804 ,
252 2747 300 2792 et
326 2738 413 2793 sui
433 2755 549 2794 eum
576 2757 677 2795 non
699 2753 998 2813 receperunt
1027 2743 1211 2813 (Joan.
1237 2761 1289 2813 ι,
1315 2745 1373 2802 il
1390 2752 1429 2817 ).
1465 2749 1528 2802 Et
1563 2763 1659 2818 per

67 2830 372 2902 prophetam
431 2835 674 2906 loquitur
721 2837 1019 2906 Dominus,
1072 2839 1268 2898 dicens
1325 2859 1338 2894 :
1405 2840 1659 2898 Torcular

64 2926 245 2982 calcati
265 2928 443 2996 solus,
470 2940 520 2984 et
563 2931 629 2986 de
653 2933 887 3004 gentibus
918 2950 1020 2990 non
1041 2945 1121 2991 est
1148 2937 1225 2991 vir
1252 2953 1451 2992 mecum
1481 2937 1656 3010 (Euri.

65 3035 222 3087 unt,
249 3020 328 3094 '5).
377 3022 574 3080 Mulier
617 3025 781 3095 igitur
823 3027 960 3098 l'ugit
1001 3027 1057 3083 in
1101 3028 1487 3097 solitudinem;
1531 3031 1656 3102 quia

62 3118 280 3185 apostoli
323 3126 384 3174 et
412 3119 598 3175 caeteri
629 3120 922 3191 discipuli,
955 3139 1021 3179 ex
1051 3124 1251 3195 quibus
1279 3134 1405 3181 tunc
1435 3136 1656 3182 consta-

1756 1917 1930 1989 angeli
1957 1921 2074 1984 eius
2101 1937 2220 1975 cun:
2252 1938 2310 1978 eo
2332 1925 2476 1980 missi
2505 1935 2643 1980 sunt.
2672 1921 2840 1984 Recte
2868 1909 3117 1986 diabolus
3141 1948 3370 2004 serpens

1756 2018 1982 2065 vocatur
2004 2054 2018 2077 ,
2050 2015 2166 2068 sive
2193 2014 2337 2086 quod
2365 2029 2464 2086 per
2491 2029 2807 2087 serpentem
2828 2020 3065 2090 primum
3091 2022 3371 2080 hominem

1713 2120 1720 2124 ·
1759 2103 2044 2175 deceperit
2063 2147 2080 2174 ,
2108 2107 2228 2164 sive
2254 2108 2400 2180 quod
2432 2125 2644 2167 veneno
2667 2127 2777 2168 suae
2809 2115 3035 2171 malitiae
3064 2133 3238 2190 genus
3267 2116 3372 2174 hu-

1760 2211 1981 2252 manum
2011 2199 2332 2270 perdiderit.
2353 2201 2614 2258 Diabolus
2639 2220 2768 2260 vero
2793 2207 3189 2277 interpretatur
3210 2208 3373 2267 dcor-

1758 2307 1880 2349 sum
1903 2309 2100 2362 ruens;
2128 2298 2232 2352 ruit
2248 2298 2338 2369 qui
2349 2313 2452 2368 ppc
2470 2300 2643 2370 primo
2673 2317 2771 2373 per
2787 2304 3097 2375 superbiam
3116 2305 3184 2360 de
3206 2305 3369 2362 caelo:

1758 2389 1867 2442 ruit
1897 2398 2083 2458 postea
2117 2432 2132 2457 ,
2163 2404 2286 2446 cum
2315 2392 2384 2446 ab
2427 2396 2730 2450 electorum
2764 2395 3021 2453 cordibus
3049 2413 3144 2468 per
3173 2397 3367 2455 Chris-

1761 2493 1874 2536 tum
1904 2480 2156 2552 dejectus
2185 2495 2303 2549 est,
2348 2486 2492 2541 sicut
2522 2502 2768 2558 pra-scus
2799 2490 3075 2562 scriptura
3114 2492 3372 2548 demons-

1761 2579 1887 2631 trat.
1923 2573 2154 2633 Satanas
2197 2586 2378 2634 autem
2422 2579 2820 2656 interpretatur
2859 2585 3208 2652 contrarius;
3241 2603 3371 2642 con-

1763 2667 1959 2723 trarius
1981 2677 2066 2724 est
2087 2670 2234 2725 enim
2268 2670 2414 2733 Deo.
2445 2673 2808 2748 omnibusque
2845 2675 3006 2732 bonis
3035 2676 3366 2736 hominibus.

1762 2759 1856 2815 Va:
1890 2761 1998 2817 illis
2047 2763 2247 2834 quibus
2277 2763 2530 2821 diabolus
2567 2768 2775 2824 amicus
2817 2773 2933 2825 est!
2986 2787 3110 2826 nam
3167 2783 3372 2844 quanto

1762 2857 1998 2928 amplius
2037 2869 2122 2915 cst
2151 2860 2377 2917 cuilibet
2405 2862 2613 2918 amicus
2641 2907 2656 2932 ,
2691 2873 2843 2920 tanto
2875 2867 3142 2936 ampliora
3173 2869 3224 2924 ei
3258 2878 3373 2925 tor-

1762 2961 1943 3008 menta
1993 2952 2232 3020 ingerit;
2296 2954 2488 3012 infelix
2533 2967 2616 3014 est
2663 2957 2808 3013 enim
2853 2959 3093 3016 amicitia
3139 2959 3366 3018 diaboli.

1761 3045 1914 3114 Quod
1959 3056 2142 3104 autem
2183 3045 2316 3104 dicit
2360 3066 2373 3102 :
2431 3047 2534 3116 Qui
2570 3051 2772 3106 seducit
2823 3051 3118 3108 universum
3167 3056 3371 3123 orbem,

1763 3154 2003 3210 praesens
2039 3149 2254 3212 tempus
2285 3157 2384 3212 pro
2409 3145 2691 3213 praeterito
2717 3147 2921 3216 posuit.
2948 3146 3257 3205 Seduxerat
3279 3168 3378 3206 utt-

65 3209 149 3266 bal
188 3210 470 3282 Ecclesia,
504 3215 705 3270 relicto
743 3216 966 3272 diabolo
991 3258 1006 3285 ,
1057 3219 1376 3290 relictisque
1403 3220 1656 3315 omnibus
1682 3213 1728 3278 ί)
1763 3209 1870 3289 tem
1901 3249 2072 3306 genus
2092 3209 2390 3291 humanum
2409 3209 2434 3304 ν,
2466 3236 2610 3308 quod
2642 3209 2740 3309 per
2771 3240 2958 3296 orbem
3006 3243 3325 3315 designatur
3361 3262 3374 3299 ε

63 3317 174 3375 quze
216 3307 622 3378 possidebant,
651 3307 935 3367 Christum
991 3313 1167 3369 secuti
1197 3323 1342 3370 sunt.
1387 3314 1492 3370 Per
1518 3314 1657 3385 .dies

62 3411 182 3454 vero
210 3401 363 3459 mille
403 3402 674 3459 ducentos
701 3406 980 3478 sexaginta
1011 3417 1225 3480 tempus
1269 3423 1378 3480 quo
1403 3409 1657 3467 Christus

61 3494 402 3564 praedicavit,
455 3496 776 3570 designatur
824 3501 1045 3573 (Matth.
1091 3519 1182 3559 six
1211 3545 1224 3570 ,
1255 3502 1376 3578 27).
1407 3503 1655 3560 Pascitur

61 3599 183 3658 ergo
220 3590 421 3647 mulier
459 3590 656 3648 diebus
701 3595 854 3652 mille
881 3595 1131 3653 ducentis
1176 3598 1494 3669 sexaginta;
1529 3599 1654 3670 quia

58 3687 278 3750 apostoli
309 3699 366 3745 et
391 3691 583 3747 caeteri
627 3691 916 3762 discipuli,
949 3706 1016 3746 ex
1056 3693 1256 3764 quibus
1281 3735 1296 3759 ,
1321 3693 1463 3748 sicut
1493 3707 1654 3763 supe-

59 3777 159 3834 rius
179 3779 424 3842 diximus
449 3825 465 3853 ,
498 3787 744 3844 Ecclesia
776 3796 904 3842 tunc
931 3788 1255 3856 constabat,
1290 3803 1388 3859 per
1418 3795 1530 3844 tres
1558 3802 1657 3842 an-

56 3887 150 3928 nos
177 3885 230 3933 et
255 3877 551 3936 dimidium
580 3881 816 3953 dapibus
856 3881 1141 3952 Evangelii
1187 3895 1217 3936 a
1247 3881 1478 3938 Domino
1517 3881 1653 3954 pasti

56 3979 192 4027 sunt.

117 4065 298 4138 (Vers.
343 4069 430 4143 7.)
462 4071 530 4126 Et
556 4076 750 4146 factum
781 4083 856 4130 est
879 4073 1118 4144 primum
1147 4089 1393 4148 magnum
1418 4073 1471 4129 in
1501 4074 1648 4139 caelo,

55 4157 272 4219 Michael
291 4175 340 4221 et
363 4168 540 4239 angeli
563 4170 678 4242 ejus
707 4168 1079 4238 proeliabantur
1097 4186 1215 4223 cum
1237 4169 1483 4225 dracone.
1517 4169 1652 4237 Quia

51 4259 294 4326 superius
327 4259 677 4319 nativitatem
706 4272 761 4320 et
795 4263 1243 4332 praedicationem
1295 4262 1497 4320 Christi
1527 4265 1652 4322 bre-

52 4349 184 4406 viter
212 4355 637 4427 comprehendit
665 4400 677 4424 ,
715 4373 1059 4430 consequens
1090 4369 1172 4416 est
1202 4369 1260 4415 ut
1289 4360 1526 4431 qualiter
1555 4375 1653 4432 per

51 4447 359 4513 passionem
390 4466 546 4508 suam
573 4453 850 4509 diabolum
873 4455 1007 4511 vicit
1033 4499 1047 4522 ,
1077 4455 1387 4528 subiungat.
1423 4455 1649 4512 Michael

50 4539 137 4605 qui
159 4541 560 4614 interpretatur
585 4590 599 4614 ,
635 4548 754 4618 quis
777 4557 835 4604 ut
859 4549 1000 4605 Deus
1022 4592 1035 4614 ,
1053 4549 1329 4606 Christum
1356 4550 1646 4622 signiﬁcat.

1759 3329 1854 3384 sed
1887 3345 1954 3385 ex
1997 3345 2187 3402 magna
2235 3339 2388 3402 parte
2429 3329 2568 3387 illud
2616 3349 2713 3404 per
2761 3334 3042 3392 Christum
3091 3339 3370 3396 amiserat.

1758 3419 2041 3491 Proiectus
2070 3433 2153 3478 est
2176 3440 2306 3494 ergo
2331 3423 2581 3480 diabolus
2603 3427 2856 3498 etangeli
2885 3430 3006 3499 ejus
3028 3429 3082 3486 in
3118 3441 3318 3487 terram
3349 3451 3364 3497 ;

1757 3514 1879 3586 quia
1926 3516 1992 3571 ab
2030 3516 2220 3572 electis
2252 3518 2551 3588 expulsus,
2601 3518 2753 3577 solos
2800 3523 3068 3592 reprobos
3101 3567 3114 3591 ,
3145 3525 3235 3596 qui
3270 3542 3372 3598 per

1759 3616 1960 3664 terram
1984 3609 2341 3680 designantur
2363 3653 2376 3676 ,
2413 3612 2677 3680 possedit.

1830 3699 2011 3775 (Vers.
2047 3702 2158 3774 iO.)
2190 3702 2260 3758 Et
2286 3704 2465 3760 audivi
2504 3722 2678 3760 uocem
2721 3719 2962 3778 magnam
3007 3711 3072 3764 de
3117 3711 3244 3766 caelo
3291 3714 3372 3767 di-

1756 3805 1989 3850 centem:
2020 3794 2176 3851 Nunc
2223 3796 2364 3868 facta
2390 3807 2465 3853 est
2486 3797 2630 3853 salus
2662 3810 2710 3855 et
2754 3800 2915 3856 uirtus
2938 3811 2984 3856 et
3025 3820 3239 3874 regnum
3269 3805 3370 3861 Dei

1756 3893 1964 3959 nostri,
2014 3901 2060 3948 et
2092 3902 2318 3965 potestas
2355 3891 2550 3948 Christi
2577 3894 2714 3962 ejus.
2761 3893 2877 3950 Vox
2904 3911 3099 3968 magna
3132 3895 3200 3952 de
3228 3899 3372 3956 coelo

1756 4002 1862 4042 vox
1888 3994 1971 4043 est
1996 3986 2317 4058 angelorum
2336 4002 2432 4058 pro
2455 3987 2628 4043 salute
2645 3988 2863 4061 generis
2888 3990 3108 4047 humani
3124 3993 3372 4064 gauden-

1757 4079 1892 4133 tium
1916 4123 1930 4147 ,
1967 4079 2247 4149 Deumque
2279 4078 2616 4135 laudantium
2649 4123 2662 4147 ,
2698 4081 2987 4138 sicutdicit
3016 4084 3279 4144 Dominus
3312 4089 3364 4144 in

1756 4171 2087 4244 Evangelio:
2115 4181 2139 4209 τι
2160 4170 2424 4227 Gaudium
2445 4174 2613 4246 majus
2629 4185 2702 4230 est
2727 4177 2778 4229 in
2801 4177 2928 4232 caelo
2950 4195 3106 4252 super
3122 4196 3225 4236 uno
3244 4200 3367 4253 pec-

1755 4277 1928 4321 catore
1943 4267 2296 4340 pmttileutiant
2324 4279 2525 4342 agente,
2543 4286 2692 4338 quam
2713 4287 2869 4341 super
2891 4273 3364 4346 nonagintanouem

1743 4364 1928 4437 justis,
1951 4364 2039 4435 qui
2061 4379 2164 4418 non
2186 4363 2421 4434 indigent
2453 4363 2753 4435 paenitentia
2783 4363 2941 4438 (Luc.
2973 4383 3065 4434 xv,
3101 4367 3195 4442 7
3228 4369 3364 4428 Pos-

1753 4473 1940 4513 sumus
1967 4473 2062 4528 per
2092 4472 2255 4512 unum
2275 4465 2621 4528 peccatorem
2651 4457 2910 4530 populum
2942 4461 3204 4532 gentilem
3223 4507 3238 4532 ,
3262 4481 3361 4536 per

1755 4551 2248 4622 nonagintanovem
2277 4549 2454 4621 justos
2493 4549 2711 4606 Judaeus
2764 4552 3074 4626 intelligere
3110 4574 3122 4610 :
3169 4558 3263 4630 qui
3293 4557 3363 4614 ad

47 4627 299 4693 Praeliutn
333 4639 390 4694 in
423 4641 565 4697 caelo
587 4640 790 4698 factum
821 4652 923 4711 est,
957 4643 1010 4699 id
1036 4652 1154 4712 est,
1181 4655 1401 4718 propter
1425 4645 1645 4710 malum,
1680 4627 1728 4688 D
1753 4646 2127 4700 centenarium
2159 4659 2446 4700 numerum
2477 4659 2583 4700 non
2618 4648 2946 4716 perveniunt
2967 4691 2982 4717 ,
3029 4651 3155 4721 quia
3188 4652 3366 4706 nemi-

49 4738 146 4792 pro
169 4730 352 4789 salute
374 4733 632 4791 videlicet
669 4739 913 4793 onmium
946 4739 1249 4795 electorqu
1273 4740 1552 4809 praeliatns
1569 4747 1654 4795 est

45 4814 272 4880 Michael
301 4839 433 4882 cum
478 4828 757 4898 dracone;
805 4831 929 4902 quia
969 4830 1220 4888 Christus
1267 4832 1648 4904 prmdicando,

47 4915 306 4978 patiendo
334 4929 398 4976 et
445 4923 763 4992 moriendo,
815 4939 912 4997 pro
957 4925 1132 4982 salute
1179 4928 1394 4999 generis
1426 4925 1650 4983 humani

47 5006 323 5073 prmliatus
346 5023 457 5070 est.
486 5015 726 5073 Prmliati
754 5027 881 5074 sunt
903 5020 1079 5090 angeli
1113 5019 1392 5076 Michaelis
1417 5061 1431 5088 ,
1467 5020 1517 5076 id
1541 5029 1646 5084 est,

45 5105 275 5170 apostoli
325 5106 536 5165 Christi
567 5127 688 5167 cum
737 5113 1013 5181 dracone,
1058 5115 1410 5186 prmdicando
1459 5115 1654 5172 videli-

44 5207 169 5267 cet,
211 5201 489 5260 miracula
517 5205 802 5276 faciendo,
836 5217 890 5266 et
925 5210 990 5265 ad
1025 5211 1278 5266 ultimum
1322 5225 1419 5282 pro
1447 5210 1649 5267 Christi

50 5294 264 5378 nemine
295 5299 610 5356 moriendo.
637 5299 708 5357 Et
731 5303 888 5359 draco
910 5305 1174 5376 pugnabat
1197 5346 1210 5372 ,
1237 5316 1285 5361 et
1312 5306 1484 5378 angeli
1513 5307 1649 5377 ejus.

47 5377 309 5454 Pugnavit
343 5391 515 5449 draco
566 5406 621 5452 et
667 5399 848 5468 angeli
891 5400 1008 5471 ejus
1050 5408 1243 5458 contra
1290 5402 1603 5458 Michaelem
1633 5442 1646 5468 ,

46 5479 264 5544 (λυθηᾱο
290 5485 549 5545 diabolus
575 5497 630 5546 et
651 5502 846 5549 caetera
893 5493 1186 5550 multitudo
1216 5495 1522 5552 daemonum
1554 5494 1650 5551 Ju-

46 5564 189 5626 άωοε
218 5572 394 5651 5η
432 5593 622 5639 contra
662 5583 933 5642 Christum
967 5588 1388 5655 excitaverunt,
1424 5597 1481 5644 ut
1525 5603 1648 5644 eum

47 5660 449 5729 interﬁcerent.
482 5676 749 5750 Pugnavit
777 5688 834 5737 et
857 5692 1046 5738 contra
1077 5683 1302 5755 angelos
1330 5682 1612 5740 Michaelis
1633 5725 1648 5751 ,

172 5801 362 5889 C‘odex
397 5803 580 5889 Genu,
606 5811 871 5889 Gaudium
909 5825 990 5889 est
1003 5815 1201 5889 angelis
1227 5815 1323 5873 Dei
1345 5819 1399 5872 in
1425 5817 1572 5874 caelo.

117 5872 144 5910 δ
185 5872 398 5933 Omnes
449 5872 608 5948 editl,
659 5887 814 5942 uincti
859 5872 1204 5957 tenebanlur;
1247 5872 1651 5958 omneshmssq

1754 4757 1878 4797 nem
1927 4738 1994 4795 ad
2038 4739 2338 4810 perlectum
2381 4738 2607 4794 adduxit
2654 4739 2765 4797 Lex
2801 4738 3022 4814 (Hebr.
3069 4761 3172 4813 vn,
3229 4743 3358 4814 19);

1753 4839 1923 4893 multo
1969 4838 2115 4893 enim
2145 4835 2327 4908 majus
2368 4832 2626 4908 gaudium
2660 4837 2860 4892 factum
2911 4849 2994 4894 est
3025 4840 3076 4894 in
3123 4839 3264 4896 cmlo
3291 4839 3362 4894 de

1750 4931 2107 4989 conuersione
2135 4930 2382 5004 gentium
2399 4972 2413 4997 ,
2432 4944 2592 5002 quam
2612 4928 3004 4987 deJudaeorum
3025 4931 3362 4988 observatio-

1751 5027 1930 5084 nibus.
1978 5026 2035 5082 ιη
2079 5026 2388 5098 dejectione
2438 5023 2602 5097 igitur
2644 5023 2846 5080 diaboli
2897 5024 3039 5080 facta
3084 5035 3170 5081 est
3211 5024 3360 5081 salus

1753 5121 2091 5178 credentium
2137 5137 2150 5174 :
2201 5127 2536 5192 acceperunt
2581 5115 2746 5174 etiam
2799 5116 3058 5173 virtutem
3105 5118 3360 5175 vincendi

1754 5215 2029 5270 diabolum
2059 5257 2069 5280 ,
2102 5229 2132 5269 a
2161 5227 2270 5285 quo
2307 5221 2466 5268 antea
2507 5209 2534 5250 ι’
2568 5211 2698 5266 victi
2746 5212 3090 5267 tenebantur.
3132 5209 3356 5266 FaCIum

1753 5317 1838 5364 est
1860 5306 2218 5363 nihilominus
2259 5320 2482 5378 regnum
2521 5303 2618 5360 Dei
2649 5303 2819 5358 nostri
2851 5319 2865 5370 ;
2899 5303 3022 5373 quia
3064 5302 3118 5360 in
3160 5304 3360 5374 quibus

1753 5400 2002 5458 diabolus
2029 5399 2295 5473 regnabat
2319 5441 2334 5467 ,
2363 5398 2527 5471 cmpit
2569 5411 2804 5466 regnare
2836 5395 2995 5451 Pater
3017 5440 3032 5464 ,
3063 5406 3119 5453 et
3148 5396 3318 5454 Filius
3342 5439 3360 5468 ,

1756 5504 1810 5553 et
1849 5493 2086 5566 Spiritus
2128 5502 2351 5550 sanctus
2384 5511 2397 5546 :
2437 5491 2584 5545 .lacta
2630 5494 2713 5544 est
2759 5496 2814 5542 et
2865 5497 3112 5560 petestas
3153 5487 3358 5548 Christi

1755 5589 1915 5658 ejus,
1966 5603 2089 5642 cum
2136 5600 2232 5641 eos
2294 5597 2432 5654 quos
2475 5577 2729 5636 diabolus
2782 5578 3140 5650 possidebat,
3197 5583 3362 5654 cmpit

1758 5683 2005 5739 Christus
2026 5679 2334 5754 possidere.
2369 5675 2510 5744 Quia
2549 5674 2815 5746 projectus
2851 5683 2926 5730 est
2953 5686 3224 5733 accusator
3250 5677 3356 5746 tra-

1763 5817 1883 5874 tn'cti
1914 5814 2240 5872 tenebantur.
