4042 6314
544 261 651 317 879
1038 264 1045 270 ‘
1512 251 1605 308 AD
1641 244 1871 308 OPERA
1913 241 2163 304 SANCTI
2202 242 2525 305 AMBROSII
2567 242 2939 305 APPENDIX.
3733 246 3847 306 880

538 390 678 433 trum
719 330 1049 435 nostrarum:
1082 368 1173 441 qui
1197 366 1477 423 accusabat
1506 366 1625 421 illos
1655 374 1776 420 ante
1817 369 2148 433 conspectum
2173 363 2228 425 Α
2251 360 2376 417 dum
2441 361 2650 431 Deum,
2707 378 2810 434 pro
2860 360 3019 433 cujus
3060 375 3249 419 amore
3294 360 3604 420 transitoria
3645 374 3843 421 cuneta

545 469 646 524 Dei
668 467 827 523 nostri
866 466 949 519 die
991 480 1050 518 ac
1092 472 1262 518 nocte.
1310 459 1653 516 Aceusantur
1699 456 1853 513 noxii
1896 455 2146 511 homines

544 560 686 634 apud
713 559 924 631 judices
946 599 960 624 ,
980 572 1103 613 cum
1134 569 1327 611 eorum
1351 553 1561 610 scelera
1584 552 1666 609 eis
1691 549 2143 607 manifestantur:

541 653 600 709 in
631 661 927 722 conspectu
962 664 1091 705 vero
1121 647 1250 714 Dei,
1282 646 1375 718 qui
1418 661 1529 702 non
1560 645 1736 700 solum
1767 642 1937 710 facta,
1970 641 2065 698 sed
2092 649 2148 697 et

546 748 784 820 cogitata
811 744 1123 802 considerat
1150 785 1167 811 ,
1194 742 1473 814 quomodo
1516 741 1765 797 diabolus
1795 738 2030 809 aliquem
2057 751 2148 792 ac-

541 854 738 895 cusare
760 837 980 910 potest?
1010 835 1119 894 Sed
1140 850 1461 891 aceusamur
1478 835 1531 890 in
1558 843 1852 904 conSpectu
1872 831 1991 899 Dei,
2024 846 2147 887 cum

543 949 833 1007 peccamus
861 950 875 989 :
902 941 1127 988 accusat
1143 929 1459 986 etdiabolus
1479 969 1495 995 ,
1517 943 1641 985 cum
1662 928 1717 983 in
1742 925 1979 997 peccatis
2006 924 2149 981 male

548 1027 828 1085 suadendo
858 1025 1065 1096 dejicit.

621 1122 807 1195 (Vers.
838 1119 955 1193 11.)
982 1118 1052 1174 Ει
1076 1120 1179 1190 ipsi
1201 1120 1433 1174 vicerunt
1458 1133 1573 1172 eum
1602 1125 1815 1189 propter
1842 1113 2150 1186 sanguinem

545 1216 701 1288 Agni,
735 1224 781 1271 et
810 1224 1020 1287 propter
1044 1212 1257 1268 uerbum
1305 1210 1585 1268 testimonii
1606 1210 1706 1266 sui.
1758 1209 1988 1281 PrOpter
2015 1222 2149 1264 san-

546 1310 766 1383 guinem
814 1308 950 1378 Agni
1007 1306 1294 1372 vicerunt;
1326 1308 1451 1377 quia
1498 1303 1803 1375 redemptio
1869 1301 2150 1373 sanguinis

546 1393 750 1461 Christi
780 1401 882 1458 hoc
916 1400 1154 1457 contulit
1196 1398 1403 1455 sanctis
1432 1439 1448 1466 ,
1490 1406 1553 1454 ut
1593 1395 1872 1453 diabolum
1924 1402 2152 1466 possent

545 1498 790 1551 vincere.
820 1493 1080 1551 Vicerunt
1117 1493 1281 1548 etiam
1328 1500 1551 1563 prapter
1596 1490 1823 1547 verbum
1855 1487 2148 1545 testimonii

547 1589 673 1654 sui,
706 1587 867 1643 ﬁdem
910 1586 1189 1643 servando
1233 1600 1400 1658 quam
1448 1584 1681 1655 professi
1722 1592 1879 1649 sunt,
1920 1596 2152 1654 eamque

552 1681 817 1753 operibus
850 1679 1152 1753 implendo.
1203 1678 1313 1736 Sed
1351 1678 1509 1734 valde
1538 1678 1827 1735 obscurum
1858 1687 1973 1742 est,
2004 1672 2149 1747 quod

2249 463 2647 522 contemnunt,
2693 465 2753 511 ut
2792 469 2891 511 eas
2919 455 2973 511 in
3005 455 3174 511 vitam
3206 462 3470 511 aeternam
3515 456 3842 512 custodiant.

2250 544 2367 602 Non
2398 546 2707 602 dilexerunt
2740 546 2906 618 igitur
2933 547 3108 603 sancti
3140 546 3356 601 animas
3402 560 3529 602 suas
3576 562 3753 619 usque
3780 547 3847 603 ad

2249 648 2516 711 mortem,
2548 643 2637 713 qui
2682 657 2778 698 eas
2824 642 2879 697 in
2930 641 3190 712 praesenti
3235 642 3349 697 vita
3379 656 3605 699 servare
3652 643 3846 699 nolue-

2249 746 2409 802 runt,
2440 746 2499 792 ut
2522 735 2796 794 Christum
2824 746 3090 809 negarent
3113 753 3127 791 :
3151 737 3251 795 sed
3278 752 3378 808 pro
3391 738 3597 795 Christi
3627 739 3849 796 nomine

2250 830 2392 886 mori
2424 829 2605 903 potius
2634 831 2951 903 elegerunt,
2980 840 3039 888 ut
3064 847 3161 889 eas
3192 832 3246 888 in
3274 832 3444 890 vitam
3478 843 3743 891 aeternam
3771 834 3852 889 in-

2250 924 2524 981 venirent.

2324 1020 2508 1093 (Vers.
2546 1021 2661 1093 12.)
2691 1019 2980 1092 Propterea
3002 1022 3255 1078 lmtamini
3276 1022 3390 1077 coeli
3415 1062 3432 1089 ,
3462 1030 3513 1078 et
3535 1023 3626 1092 qui
3652 1022 3855 1078 habita-

2250 1118 2316 1172 tis
2346 1116 2399 1170 in
2418 1118 2512 1172 eis.
2532 1116 2839 1173 Possumus
2867 1131 2966 1188 per
2991 1118 3167 1174 oculos
3188 1161 3204 1186 ,
3238 1126 3295 1174 et
3320 1116 3661 1175 habitatores
3686 1118 3855 1176 caelo-

2252 1224 2373 1265 rum
2415 1209 2664 1266 diversas
2706 1208 2984 1266 Ecclesias
3028 1210 3376 1281 intelligere,
3425 1224 3548 1281 quae
3589 1226 3703 1266 una
3748 1219 3851 1267 est.

2252 1303 2578 1374 Praecipitur
2622 1303 2787 1375 igitur
2829 1305 2957 1361 liliis
3020 1303 3296 1361 Ecclesia:
3345 1312 3407 1361 ut
3452 1304 3745 1372 laetentur,
3793 1320 3858 1363 ea

2252 1398 2396 1470 quod
2422 1414 2454 1454 a
2482 1406 2591 1454 tam
2623 1399 2851 1455 immani
2882 1399 3044 1455 hoste
3069 1399 3294 1455 liberari
3316 1399 3612 1455 meruerint
3638 1399 3859 1469 perDo-

2255 1492 2385 1548 mini
2417 1493 2669 1563 gratiam.
2720 1490 2806 1549 Vae
2845 1503 2999 1549 terra:
3025 1504 3074 1549 et
3102 1494 3272 1549 mari!
3298 1494 3425 1566 quia
3448 1494 3723 1552 descendit
3751 1495 3860 1549 dia-

2255 1584 2403 1640 bolus
2425 1585 2494 1639 ad
2519 1602 2606 1640 vos
2631 1627 2647 1653 ,
2677 1585 2869 1642 habens
2898 1587 3031 1641 iram
3060 1602 3339 1659 magnam,
3381 1587 3546 1642 sciens
3572 1586 3723 1656 quod
3758 1604 3859 1642 nso-

2255 1679 2429 1734 dicunt
2444 1690 2645 1750 tempus
2661 1679 2830 1735 habet.
2844 1680 3149 1737 Possumus
3161 1695 3263 1753 per
3276 1690 3476 1738 terram
3492 1680 3744 1744 Judmas.
3769 1697 3859 1752 per

549 1777 796 1849 sequitur
827 1793 841 1831 :
884 1776 955 1830 Et
1006 1793 1111 1831 non
1138 1775 1433 1830 dilexerunt
1475 1774 1678 1827 animos
1719 1788 1843 1827 suas
1882 1787 2044 1839 usque
2084 1769 2154 1823 ad
2182 1768 2232 1829 B
2258 1787 2553 1829 marevero
2566 1788 2810 1844 paganos
2837 1772 3001 1847 5&9
3025 1784 3366 1846 exterasque
3394 1774 3662 1845 reprobos
3706 1775 3861 1831 intel-

546 1883 787 1929 mortem.
814 1872 1106 1942 Quomodo
1134 1870 1282 1927 enim
1313 1870 1486 1925 sancti
1510 1869 1719 1924 animas
1742 1879 1872 1921 suas
1897 1879 2007 1919 non
2032 1863 2155 1919 dili-

545 1976 711 2037 gunt,
743 1980 844 2037 pro
874 1979 1105 2034 quarum
1134 1963 1313 2019 salute
1353 1961 1520 2017 ardua
1552 1974 1784 2032 qumque
1814 1972 1877 2013 ac
1915 1956 2152 2012 difﬁcilia

544 2060 827 2131 patiuntur
846 2060 870 2115 i
889 2056 1181 2128 Quomodo
1211 2057 1420 2112 animas
1447 2071 1576 2112 suas
1602 2070 1707 2110 non
1753 2054 2023 2124 diligunt,
2054 2065 2152 2123 pro

544 2155 741 2227 quibus
772 2153 1099 2225 semetipsos
1145 2151 1367 2223 vigiliis,
1394 2148 1648 2220 jejuniis,
1679 2146 2005 2204 abstinentia
2032 2160 2149 2201 ma-

545 2258 736 2306 cerant
759 2291 773 2316 ,
800 2259 963 2319 atque
1004 2246 1219 2304 caeteris
1242 2246 1546 2301 virtutibus
1586 2254 1848 2301 exercent
1872 2243 1895 2298 ?
1920 2243 2075 2312 Quod
2104 2242 2153 2299 si

545 2357 645 2413 per
668 2342 904 2395 animam
928 2340 1094 2396 vitam
1121 2346 1447 2410 praesentem
1468 2336 1775 2408 intelligere
1792 2334 2147 2401 voluerimus;

544 2436 667 2506 quis
697 2443 922 2490 sanctus
949 2434 1115 2489 vitam
1148 2448 1299 2488 suam
1324 2447 1431 2488 non
1461 2430 1670 2502 diligit,
1707 2433 1762 2486 in
1789 2445 1893 2502 qua
1919 2430 2148 2500 positus,

540 2527 691 2583 illam
715 2526 998 2583 caelestem
1027 2526 1255 2598 gloriam
1283 2524 1383 2580 sibi
1412 2523 1644 2595 acquirit
1672 2563 1689 2591 ,
1723 2539 1877 2592 quam
1912 2538 2003 2576 nec
2027 2537 2152 2576 ocu-

545 2622 627 2677 lus
652 2623 780 2677 vidit
813 2669 822 2677 .
851 2637 943 2675 nec
967 2621 1112 2675 auris
1138 2619 1337 2674 audivit
1357 2660 1372 2684 ,
1404 2634 1495 2672 nec
1516 2616 1633 2672 ulla
1652 2633 1793 2672 mens
1820 2625 1984 2688 potest
2007 2631 2149 2669 com-

544 2714 862 2786 prehendere
896 2712 958 2786 (l
990 2712 1115 2768 Cor.
1142 2728 1217 2779 ιι,
1262 2710 1364 2781 9)?
1397 2712 1505 2766 Aut
1551 2710 1673 2782 quis
1726 2708 1795 2765 ad
1834 2708 1986 2763 illam
2028 2709 2149 2764 sine

541 2810 648 2866 ista
672 2824 929 2880 umquam
957 2806 1241 2879 pervenit?
1270 2804 1505 2861 Lucrum
1543 2805 1688 2859 enim
1735 2818 1989 2872 magnum
2019 2816 2150 2857 eon-

543 2903 651 2960 fert
674 2902 876 2959 sanctis
902 2901 1005 2955 vita
1037 2913 1281 2970 praesens
1310 2938 1325 2962 ,
1349 2898 1488 2953 sicut
1531 2912 1562 2953 e
1592 2896 1874 2951 contrario
1902 2893 2151 2966 reprobis

544 3011 801 3069 magnum
831 2994 1243 3049 detrimentum.
1279 2988 1594 3047 Secundum
1636 2998 1817 3044 tamen
1857 2988 2147 3058 quemdam

543 3089 767 3145 modum
780 3096 929 3142 recte
955 3083 1212 3140 dicuntur
1228 3082 1402 3138 sancti
1418 3081 1586 3137 vitam
1609 3095 1763 3136 suam
1780 3078 1907 3136 odia
1923 3078 2145 3145 habere;

2258 1868 2451 1940 ligere.
2477 1868 2572 1924 Va:
2599 1868 2767 1940 igitur
2791 1866 3031 1937 ludatis,
3050 1878 3215 1941 atque
3239 1869 3493 1942 gentibus
3523 1870 3859 1927 incredulis!

2256 1966 2380 2037 quia
2426 1974 2648 2036 propter
2695 1964 2831 2019 iram
2877 1979 3039 2035 quam
3086 1964 3255 2021 habet
3295 1965 3582 2034 diabolus,
3613 1981 3689 2022 eo
3720 1965 3860 2037 quod

2255 2059 2551 2115 maximam
2577 2057 2985 2114 multitudinem
3012 2058 3301 2126 amiserit,
3333 2068 3443 2114 tam
3475 2058 3749 2115 atrociter
3775 2075 3859 2115 re-

2256 2152 2442 2223 probis
2473 2150 2827 2218 dominatur,
2857 2159 2915 2206 et
2958 2149 3014 2205 in
3064 2150 3231 2206 tantis
3273 2149 3494 2221 ﬂagitiis
3523 2150 3719 2221 dejicit
3764 2168 3778 2204 :
3807 2160 3863 2207 ut

2254 2245 2406 2301 nullo
2437 2244 2601 2300 modo
2625 2243 2777 2315 digni
2804 2243 2950 2309 sint,
2981 2251 3252 2315 quatenus
3274 2242 3338 2298 ad
3376 2242 3502 2298 vitae
3527 2242 3644 2299 vias
3669 2259 3860 2300 rever-

2257 2344 2473 2402 tantur,
2529 2345 2586 2391 et
2642 2344 2933 2392 sanentur.
2988 2335 3129 2391 Dicit
3173 2334 3341 2391 etiam
3388 2334 3673 2392 diabolum
3723 2336 3864 2391 scire

2254 2430 2399 2503 quod
2431 2431 2707 2488 modicum
2741 2440 2958 2501 tempus
2987 2430 3213 2496 habeat;
3243 2430 3371 2501 quia
3410 2438 3617 2502 quanto
3660 2444 3860 2501 appro-

2252 2526 2521 2597 pinquare
2552 2524 2729 2581 cernit
2755 2523 2899 2580 diem
2919 2524 3107 2595 iudicii
3133 2565 3149 2593 ,
3175 2533 3329 2579 tanta
3349 2523 3590 2596 amplius
3603 2523 3858 2580 callidior

2252 2617 2494 2674 efﬁcitur
2524 2617 2591 2672 ad
2634 2616 2989 2687 decipiendos
3016 2616 3290 2673 homines.

2329 2712 2509 2785 (Vers.
2531 2711 2644 2783 15.)
2661 2709 2732 2766 Et
2752 2722 3023 2783 postquam
3040 2713 3166 2767 vidit
3179 2712 3339 2768 draco
3352 2713 3491 2785 quod
3502 2716 3769 2789 projectus
3790 2724 3861 2770 est

2251 2806 2305 2860 in
2327 2813 2515 2860 terram
2530 2846 2544 2872 ,
2574 2816 2873 2876 persecutus
2896 2816 2970 2861 est
2999 2806 3289 2873 mulierem,
3313 2822 3427 2876 qut:
3441 2807 3643 2879 peperit
3662 2823 3860 2863 mascu-

2252 2898 2380 2952 lum.
2399 2897 2604 2955 Videns
2625 2896 2875 2954 diabolus
2896 2913 2956 2955 se
2971 2898 3262 2955 maximam
3283 2900 3697 2957 multitudinem
3721 2902 3863 2959 elec-

2252 3000 2432 3046 torum
2472 2989 2757 3059 amisisse,
2792 2998 2849 3047 et
2879 2990 3017 3046 intra
3048 2991 3331 3061 angustias
3373 2992 3623 3048 eordium
3671 3007 3863 3064 repra-

2252 3084 2444 3140 borum
2497 3100 2618 3141 esse
2650 3086 2996 3152 conclusum,
3044 3096 3367 3156 persecutus
3415 3096 3503 3143 est
3546 3087 3859 3156 mulierem,

542 3198 610 3239 ea
651 3180 793 3253 quod
828 3188 1050 3250 propter
1077 3191 1317 3232 amorem
1359 3175 1484 3230 vitae
1521 3184 1740 3229 aeterna:
1772 3174 1825 3227 in
1868 3172 2144 3228 fastidium

2257 3177 2305 3234 id
2326 3190 2433 3247 est,
2472 3180 2808 3246 Ecclesiam;
2841 3181 3139 3236 concitavit
3167 3179 3313 3236 enim
3354 3179 3725 3252 imperatores
3751 3180 3860 3237 Ra-

545 3276 627 3333 eis
653 3277 759 3330 vita
809 3287 1056 3344 prmsens
1100 3278 1385 3337 vertatur,
1434 3270 1575 3324 sicut
1621 3267 1909 3323 Psalmista
1959 3267 2149 3337 deplo-

548 3382 680 3424 rans
705 3366 961 3423 dicebat:
1002 3362 1122 3417 Heu
1158 3360 1323 3415 mihi!
1372 3361 1495 3432 quia
1533 3359 1791 3414 incolatus
1828 3376 1973 3415 meus
2019 3376 2146 3433 pro-

547 3462 789 3533 longatus
818 3468 890 3513 est
921 3455 1095 3530 (Psal.
1118 3470 1266 3523 cxrx,
1296 3454 1373 3525 5).
1406 3454 1669 3508 Dominus
1692 3468 1907 3525 quoque
1938 3452 2072 3508 dicit
2091 3454 2144 3509 in

544 3557 842 3630 Evangelia
874 3570 887 3609 :
919 3554 1025 3621 Qui
1046 3563 1183 3607 amat
1205 3550 1452 3605 Ianimam
1491 3567 1639 3604 suout
1663 3590 1679 3617 ,
1709 3550 1886 3621 perdet
1914 3566 2028 3604 eam
2060 3564 2080 3604 :
2102 3557 2147 3605 et

545 3654 634 3725 qui
665 3652 774 3708 adit
811 3650 1039 3705 animam
1078 3662 1227 3702 suam
1260 3646 1314 3699 in
1341 3646 1438 3699 hoc
1477 3645 1702 3711 mundo,
1728 3645 1784 3700 in
1816 3646 1972 3700 vitam
1997 3655 2149 3701 teter-

543 3762 667 3800 naut
695 3743 919 3799 custodit
969 3756 1082 3795 eam
1111 3736 1295 3810 (Joan.
1328 3753 1406 3794 xu
1431 3779 1447 3805 ,
1492 3737 1613 3808 25).
1649 3747 1677 3777 ⁸
1723 3738 1857 3794 Cum
1900 3740 2054 3807 enim
2092 3740 2144 3794 in

544 3840 649 3895 hoc
681 3839 883 3894 mundo
913 3834 1078 3901 dicit,
1114 3834 1457 3890 demonstrat
1484 3834 1762 3904 quomoda
1792 3834 1897 3890 hoc
1938 3835 2145 3891 intelli-

540 3948 670 4005 gere
691 3932 1003 3989 debeamus.
1043 3928 1305 3996 Quiamat
1338 3927 1501 3999 igitur
1527 3928 1755 3982 animam
1779 3944 1923 3983 suam
1953 3928 2007 3983 in
2051 3929 2148 3985 hoc

540 4034 757 4098 mundo,
786 4031 840 4083 in
884 4028 1041 4083 vitam
1066 4035 1311 4081 aeternam
1349 4027 1578 4080 custodit
1624 4042 1761 4093 eam,
1809 4025 1863 4081 id
1894 4035 1980 4083 est
2004 4067 2019 4091 ,
2053 4041 2145 4083 se-

536 4124 776 4183 cundum
809 4119 1074 4176 saeculum
1126 4118 1319 4188 perdet
1367 4133 1491 4174 eam
1526 4135 1538 4170 :
1578 4128 1626 4173 et
1654 4119 1742 4189 qui
1783 4118 1892 4173 odit
1917 4119 2146 4174 animam

539 4235 691 4274 suam
728 4217 785 4271 in
822 4217 918 4269 hoc
958 4212 1179 4278 mundo,
1210 4211 1263 4267 id
1285 4220 1371 4268 est
1397 4255 1412 4279 ,
1436 4212 1735 4269 secundum
1765 4214 2057 4281 saeculum,
2091 4215 2145 4269 in

541 4314 699 4368 vitam
723 4319 967 4366 teternam
998 4306 1219 4362 custodit
1250 4322 1383 4361 eam.
1410 4308 1701 4362 Amatores
1728 4306 1914 4362 mundi
1935 4307 2145 4364 animas

544 4424 673 4464 suas
716 4413 901 4460 amant
941 4399 1238 4458 secundum
1280 4400 1581 4466 sacculum;
1625 4400 1750 4468 quia
1791 4399 1861 4456 ab
1909 4400 2009 4457 hac
2037 4400 2143 4457 vita

543 4500 801 4573 praesenti
834 4509 1129 4567 numquam
1169 4493 1375 4550 vellent
1419 4492 1681 4550 recedere
1709 4534 1724 4559 ,
1775 4490 1803 4531 ι)
1845 4502 1902 4548 ut
1930 4508 2147 4565 semper

2251 3286 2558 3340 manorum,
2614 3288 2943 3343 omnemque
2991 3272 3398 3330 multitudinem
3443 3274 3742 3345 impiorum
3795 3273 3861 3331 ad

2249 3368 2688 3439 persequendum
2718 3369 2978 3440 populum
3008 3368 3127 3426 Dei.

2322 3460 2501 3531 (Vers.
2536 3459 2651 3534 11.)
2685 3461 2752 3517 Et
2795 3464 2933 3519 datte
2961 3472 3078 3517 sunt
3108 3462 3327 3519 'mulieri
3356 3463 3473 3518 dum
3515 3464 3620 3519 alte
3671 3462 3860 3532 aquila:

2250 3570 2475 3627 magum,
2524 3564 2583 3609 ut
2612 3555 2808 3611 volaret
2834 3556 2890 3611 in
2936 3556 3190 3611 desertum
3234 3557 3289 3611 in
3326 3556 3499 3611 locum
3536 3572 3733 3624 suum;
3779 3555 3861 3610 ubi

2249 3652 2409 3707 alitur
2449 3669 2538 3724 per
2565 3663 2785 3722 tempus,
2813 3662 2861 3709 et
2888 3663 3139 3727 tempora,
3175 3664 3223 3710 et
3247 3654 3527 3709 dimidium
3559 3655 3806 3725 temporis
3828 3672 3860 3708 α

2251 3747 2383 3817 facie
2409 3748 2677 3820 serpentis.
2707 3748 2813 3804 Per
2850 3749 3086 3821 aquilam
3127 3747 3404 3806 Christum
3451 3765 3749 3821 possumus
3777 3750 3858 3806 in-

2253 3839 2498 3911 telligere
2546 3859 2560 3895 :
2617 3840 2740 3897 dure
2789 3856 2921 3898 vero
2963 3841 3072 3898 ala:
3114 3841 3224 3899 duo
3290 3851 3420 3899 sunt
3479 3842 3857 3899 Testamenta.

2252 3932 2382 3989 Duae
2411 3934 2573 4006 igitur
2610 3934 2712 3990 ala:
2752 3934 2895 3992 data:
2920 3945 3047 3992 sunt
3094 3937 3333 4004 mulieri,
3362 3936 3490 4010 quia
3530 3937 3642 3994 duo
3672 3938 3859 3995 Testa-

2251 4035 2433 4082 menta
2463 4026 2704 4082 Ecclesia
2735 4027 2978 4097 accepit;
3013 4036 3072 4083 ut
3091 4044 3281 4085 eorum
3307 4029 3554 4086 doctrina
3581 4039 3639 4087 et
3664 4030 3857 4087 diabo-

2250 4117 2361 4174 lum
2390 4118 2603 4186 evadat,
2630 4129 2686 4175 et
2733 4119 2802 4176 ad
2841 4120 3122 4177 caelestem
3166 4121 3397 4193 patriam
3438 4121 3689 4193 quatidie
3730 4137 3861 4178 ean-

2249 4211 2495 4267 scendat.
2552 4212 2703 4267 Hauc
2773 4227 3009 4285 namque
3066 4214 3296 4285 patriam
3346 4213 3628 4272 desertum
3676 4224 3855 4283 vocat,

2249 4303 2706 4375 quemadmodum
2729 4313 2786 4361 et
2824 4305 3086 4363 Dominus
3111 4305 3247 4363 dicit
3290 4306 3345 4362 in
3376 4305 3704 4379 Evangelia,
3736 4321 3858 4365 cum

2248 4411 2310 4453 se
2336 4399 2827 4470 nonagintanovem
2859 4412 2991 4457 aves
3022 4398 3078 4455 in
3114 4398 3335 4456 deserto
3362 4397 3503 4455 dixit
3552 4398 3859 4464 dimisisse,

2248 4498 2304 4546 et
2334 4506 2493 4546 unam
2521 4491 2722 4549 abiisse
2742 4507 3168 4565 qurerere,-qu:e
3213 4500 3493 4548 erraverat
3517 4490 3678 4563 (Luc.
3701 4507 3795 4558 xv,
3822 4490 3859 4547 ι

543 4595 824 4651 luxuriose
855 4596 1083 4662 possent
1129 4588 1334 4644 vivere.
1383 4586 1479 4642 llle
1519 4584 1675 4642 dives
1722 4586 1954 4641 animam
1986 4602 2141 4643 suam
2168 4582 2221 4643 D
2246 4594 2293 4640 et
2321 4586 2478 4657 seq.).
2522 4585 2670 4642 lianc
2703 4586 2933 4657 patriam
2973 4585 3152 4643 locum
3185 4584 3449 4643 Ecclesiae
3499 4594 3686 4653 vacat,
3714 4586 3862 4642 sicut

543 4687 844 4747 secundum
893 4683 1155 4739 sacculum
1196 4680 1487 4751 diligebat,
1518 4679 1609 4750 qui
1635 4678 1854 4735 dicebat
1879 4696 1893 4735 :
1923 4679 2143 4749 Anima,

541 4783 696 4839 habes
719 4780 880 4835 multa
902 4777 1034 4832 bona
1061 4773 1231 4846 posita
1256 4773 1311 4826 in
1338 4788 1502 4826 annos
1542 4770 1794 4843 plurimos
1816 4813 1830 4839 ,
1897 4774 2140 4845 epulare,

533 4876 869 4951 jucundare,
896 4880 943 4926 et
967 4869 1160 4925 satiare
1189 4865 1341 4939 (Luc.
1372 4881 1452 4921 xtl
1474 4906 1490 4934 ,
1525 4866 1637 4938 19).
1673 4865 1861 4922 Sancti
1886 4882 2022 4923 vero
2053 4867 2145 4937 qui

542 4973 739 5029 nolunt
767 4962 1100 5024 conformari
1138 4961 1266 5017 huic
1290 4960 1495 5016 szcculo
1520 5003 1535 5028 ,
1584 4963 1724 5017 sicut
1752 4961 1886 5018 dicit
1910 4964 2147 5033 Aposto-

539 5070 629 5123 lus
659 5064 837 5136 (Rom.
870 5076 967 5125 xu,
1010 5055 1095 5127 2),
1122 5054 1219 5112 sed
1245 5053 1534 5111 reformari
1566 5055 1622 5110 in
1654 5056 1896 5113 novitate
1947 5072 2143 5114 sensus

546 5157 811 5232 Spir-,Lqis
840 5171 855 5210 :
884 5152 975 5224 qui
998 5165 1103 5205 non
1135 5148 1366 5217 diligunt
1392 5147 1649 5204 mundum
1675 5190 1690 5217 ,
1724 5164 1908 5220 neque
1938 5164 2001 5205 ea
2023 5165 2143 5221 Qua:

542 5259 597 5311 in
634 5249 837 5310 mundo
866 5254 992 5302 sunt
1026 5262 1041 5297 :
1073 5242 1165 5315 qui
1186 5241 1521 5298 noluntesse
1544 5242 1705 5299 amici
1725 5243 1909 5299 saeculi
1942 5242 2137 5313 hujus,

546 5365 615 5405 ne
661 5339 868 5401 inimici
900 5337 992 5394 Dei
1023 5335 1463 5399 constituantur;
1507 5333 1635 5389 odio
1680 5334 1887 5390 habent
1927 5335 2141 5393 animas

540 5456 668 5498 suas
689 5439 745 5492 in
771 5435 875 5490 hoc
891 5428 1155 5501 mundo(l
1177 5425 1403 5490 Joan.u.
1432 5426 1604 5497 15),ἰά
1634 5435 1738 5495 est,
1772 5443 1878 5482 non
1907 5428 2141 5500 diligunt

540 5549 634 5593 eas
672 5527 968 5588 secundum
1012 5526 1275 5580 saeculum
1326 5520 1529 5593 (Jacob.
1578 5537 1652 5590 tv,
1684 5523 1744 5594 ti)
1768 5564 1783 5590 ,
1817 5522 1912 5579 sed
1941 5539 2137 5581 secun-

611 5702 639 5730 ι
682 5691 922 5747 Aberant
950 5688 1018 5743 ab
1046 5686 1204 5751 edit.,
1237 5700 1355 5738 cum
1381 5684 1521 5739 enim
1550 5684 1607 5739 in
1644 5684 1740 5739 hoc
1780 5684 1975 5740 mundo
1999 5686 2125 5741 dicit

542 5780 715 5833 usque
737 5763 804 5816 ad
832 5771 1087 5813 amatores
1106 5756 1289 5838 mundi
1310 5771 1330 5810 :
1352 5771 1474 5827 qua:
1498 5771 1600 5813 nos
1617 5771 1648 5814 e
1678 5758 1890 5814 cunctis
1916 5772 2049 5814 mss.
2078 5758 2135 5815 in

542 5839 722 5896 locum
754 5844 911 5887 suum
938 5838 1303 5900 reposuimus.

2247 4679 2365 4751 ipse
2395 4680 2447 4736 in
2476 4680 2679 4751 judicio
2708 4681 2954 4738 dicturus
2978 4691 3065 4738 est
3098 4699 3113 4735 :
3155 4681 3358 4750 Venite,
3391 4680 3649 4737 benedicti
3677 4680 3857 4737 Patris

2244 4775 2365 4842 mei,
2392 4776 2637 4846 percipite
2661 4791 2898 4848 regnum,
2922 4776 3062 4843 quod
3100 4775 3239 4831 uobis
3267 4783 3510 4847 paratum
3537 4783 3614 4830 est
3655 4781 3722 4829 ab
3751 4774 3858 4829 ori-

2246 4870 2366 4942 gine
2388 4870 2570 4925 mundi
2588 4867 2804 4943 (Matth.
2825 4886 2950 4937 xxv,
2975 4868 3090 4941 '54).
3116 4869 3220 4927 Per
3242 4879 3459 4941 tempus
3478 4882 3615 4926 vero
3636 4877 3693 4925 et
3720 4877 3856 4925 tem-

2247 4979 2400 5034 pora,
2453 4973 2505 5019 et
2548 4962 2833 5020 dimidium
2894 4964 3182 5032 temporis,
3245 4956 3463 5035 tempus
3518 4979 3550 5020 a
3599 4963 3856 5033 passione

2247 5057 2453 5114 ChriSti
2477 5073 2647 5129 usque
2663 5063 2728 5113 ad
2753 5058 2915 5114 linem
2936 5058 3119 5114 mundi
3143 5058 3479 5127 designatur.
3504 5056 3562 5112 In
3587 5056 3694 5113 hac
3719 5069 3854 5128 ergo

2248 5151 2426 5222 Spatia
2452 5159 2753 5222 temporum
2777 5152 2972 5207 anima:
2998 5160 3337 5218 sanctorum,
3367 5149 3421 5206 id
3444 5158 3557 5217 est,
3581 5150 3852 5215 Ecclesia,

2247 5244 2475 5316 dapibus
2501 5246 2688 5315 glorise
2709 5244 2950 5303 caelestis
2980 5245 3175 5317 patria:
3200 5245 3254 5301 in
3277 5243 3485 5301 caelesti
3511 5241 3852 5300 beatitudine

2247 5348 2563 5411 puscmtlur.

2318 5433 2497 5507 (Vers.
2534 5433 2649 5509 15.)
2680 5433 2748 5490 Et
2775 5436 2916 5491 misit
2939 5452 3152 5509 serpens
3174 5451 3239 5491 ea:
3275 5451 3366 5491 ore
3394 5450 3489 5490 suo
3526 5427 3848 5506 pastinatieo

2241 5543 2353 5582 rem
2414 5544 2600 5600 aquam
2649 5538 2908 5600 tamquam
2947 5530 3178 5600 ﬂumen,
3224 5538 3280 5583 ut
3333 5542 3448 5585 eant
3491 5528 3680 5598 facem
3707 5517 3846 5574 trahi

2307 5684 2342 5770 ιζ
2377 5686 2549 5770 Edit.,
2580 5689 2672 5744 sed
2699 5707 2899 5763 semper
2926 5691 3193 5748 luxuriose
3211 5688 3298 5746 hic
3320 5688 3486 5745 uicere
3503 5701 3526 5753 ;
3545 5693 3680 5737 11188-
3704 5691 3841 5735 vero

2244 5767 2305 5815 ιιι
2330 5767 2385 5815 in
2412 5768 2694 5818 contextu.
