3950 6314
75 322 170 379 881

801 318 869 375 IN
909 316 1385 376 APOCALYPSIN
1423 316 1809 375 EXPOSITIO.
1850 317 1941 375 DE
1978 318 2249 379 VISIONE
2287 323 2602 393 QUARTA.

3265 330 3375 387 882

73 461 104 498 a
147 441 380 514 ﬂumine.
442 439 672 497 Flumen
735 453 888 509 aqua:
930 437 1200 494 desideria
1282 445 1410 492 sunt
1462 450 1656 492 carna-
1687 440 1909 501 Aserta
1953 436 2027 491 sit
2056 437 2310 506 luxuriae,
2342 441 2482 496 sicut
2511 441 2729 514 aliquod
2765 443 3069 500 membrum
3115 447 3372 516 corpori:

73 535 172 601 lia;
220 533 415 590 videns
463 533 666 606 quippe
705 530 954 586 diabolus
1001 530 1300 586 Ecclesiam
1353 545 1460 585 non
1503 543 1664 600 posse

71 629 224 702 dejici
287 627 764 700 persecutionibus
790 668 806 691 ,
861 625 956 680 sed
1033 626 1216 696 potius
1281 638 1535 681 crescere
1609 631 1664 680 et

69 724 334 790 roborari,
381 721 787 778 multitudinem
829 719 1222 776 desideriorum
1266 719 1569 775 carnalium
1610 719 1662 774 ei

71 819 359 877 immittere
416 817 610 886 voluit,
645 816 838 888 quibus
883 815 1133 886 decepta,
1184 815 1251 870 ad
1300 813 1440 870 mala
1492 828 1660 885 opera

71 911 268 985 agenda
298 910 699 968 retraheretur.

135 1003 313 1078 (Vers.
335 1001 454 1075 16.)
490 1002 554 1058 Et
584 1002 785 1071 adjuvit
808 1010 948 1057 terra
974 1003 1262 1069 mulierem,
1291 1011 1340 1056 et
1372 1008 1575 1071 aperuit
1604 1018 1664 1058 os

67 1113 211 1152 suum
237 1106 283 1150 et
306 1095 538 1168 suscepit
558 1096 775 1167 ﬂumen,
797 1095 938 1165 quod
956 1096 1096 1150 misit
1121 1112 1332 1165 serpens
1346 1112 1410 1150 ex
1430 1112 1519 1151 ore
1543 1112 1660 1151 suo.

69 1189 357 1246 Possumus
379 1203 482 1260 per
513 1198 714 1244 terram
750 1188 1016 1258 reprobos
1050 1189 1372 1261 intelligere,
1406 1190 1498 1260 qui
1543 1203 1661 1243 sus-

67 1291 308 1353 ceptores
357 1280 580 1338 fuerunt
623 1280 1022 1338 desideriorum
1081 1280 1407 1348 carnalium,
1465 1281 1659 1352 quibus

67 1376 306 1433 diabolus
349 1375 542 1434 ﬁdeles
576 1376 794 1434 irretire
823 1376 994 1433 voluit
1031 1387 1086 1432 et
1122 1376 1188 1432 ad
1229 1391 1290 1432 se
1318 1375 1654 1449 pertrahere.

67 1471 351 1528 Possumus
376 1470 546 1528 etiam
577 1486 676 1543 per
719 1470 968 1527 eamdem
1013 1481 1211 1527 terram
1261 1469 1535 1528 Christum
1576 1470 1660 1526 in-

65 1566 336 1638 telligere;
370 1576 427 1623 et
456 1567 581 1638 quia
611 1565 664 1622 in
701 1567 1048 1623 sermonibus
1075 1564 1292 1621 Domini
1333 1580 1524 1637 magna
1562 1580 1658 1637 po-

65 1668 223 1716 testas
267 1668 385 1716 est:
437 1658 591 1715 Dixit
645 1660 804 1726 enim,
845 1669 892 1716 et
938 1661 1079 1732 facta
1125 1670 1264 1726 sunt,
1314 1659 1577 1714 mandauit
1609 1668 1658 1713 et

65 1763 226 1807 creata
268 1761 392 1806 sunt
435 1750 612 1823 (Psal.
642 1767 866 1820 chvm,
895 1751 988 1824 5);
1018 1752 1158 1806 haud
1191 1751 1425 1808 absurde
1468 1767 1565 1823 per
1593 1766 1655 1806 os

1767 526 1797 568 δ
1837 545 1933 600 pro
1955 545 2059 600 qua
2087 546 2148 588 re
2187 547 2218 587 a
2247 533 2500 590 Patribus
2533 551 2632 605 pro
2677 538 2901 594 libidine
2953 553 3100 610 srepe
3148 539 3370 594 luxuria

1767 623 2106 693 ponebatur;
2141 633 2320 680 tamen
2350 626 2493 682 inter
2519 627 2799 685 libidinem
2850 639 2907 686 et
2943 631 3214 687 luxuriam
3261 631 3377 687 dis-

1765 718 1934 772 tantia
1998 726 2100 773 est.
2167 717 2391 775 Sextum
2443 725 2621 789 posuit
2680 723 3007 792 avaritiam,
3077 724 3370 795 septimum

1764 808 2179 882 blasphemiam,
2220 812 2336 866 sive
2378 812 2731 871 discordiam.
2769 816 2834 871 Et
2878 817 3002 888 quia
3033 833 3129 874 eos
3157 818 3252 890 qui
3304 820 3370 874 iis

1764 902 1911 958 vitiis
1938 902 2136 958 subditi
2169 913 2357 972 erunt,
2394 904 2553 961 facile
2589 906 2962 966 Antichristus
2990 910 3251 982 decipiet,
3300 912 3373 967 si-

1763 998 1931 1069 bique
1959 999 2212 1068 sociabit,
2236 1012 2386 1057 reete
2413 1017 2510 1070 per
2534 1017 2746 1074 septem
2776 1007 2953 1078 capita
2990 1019 3202 1080 septem
3237 1009 3370 1065 vitia

1763 1094 2142 1166 designantur.
2504 1082 2506 1084 V

1836 1187 1910 1242 De
1943 1187 2009 1244 iis
2036 1198 2249 1259 septem
2279 1187 2428 1244 vitiis
2472 1188 2734 1246 Dominus
2765 1191 2820 1247 in
2865 1191 3162 1266 Evangelio
3192 1196 3370 1267 loqui-

1761 1288 1849 1335 tur
1875 1281 2064 1337 dicens
2093 1299 2108 1336 :
2141 1279 2271 1337 Cum
2293 1282 2593 1337 immundus
2613 1283 2828 1354 spiritus
2847 1287 3029 1340 exierit
3052 1287 3118 1342 ab
3139 1288 3366 1356 homine,

1762 1376 1991 1432 ambulat
2019 1394 2110 1448 per
2139 1378 2254 1432 loca
2279 1377 2452 1444 arida,
2484 1394 2716 1449 quarens
2744 1381 2994 1452 requiem,
3023 1391 3071 1436 et
3094 1399 3195 1437 non
3223 1385 3371 1440 inve-

1761 1472 1909 1527 niens
1938 1472 2062 1526 dicit
2090 1489 2110 1528 :
2140 1471 2391 1528 Revertar
2418 1475 2474 1527 in
2504 1473 2717 1528 domum
2740 1491 2928 1543 meam,
2951 1476 3089 1531 unde
3109 1478 3263 1534 exivi.
3296 1477 3370 1535 Et

1761 1584 1877 1622 cum
1898 1568 2112 1634 venerit,
2152 1568 2347 1622 invenit
2376 1569 2549 1638 scopis
2595 1570 2898 1624 mandatam
2923 1579 2972 1625 et
3012 1581 3268 1626 ornatam.
3299 1571 3372 1626 Et

1759 1668 1881 1715 tunc
1905 1660 2070 1727 vadit,
2105 1671 2150 1715 et
2179 1661 2396 1715 assumit
2445 1669 2643 1733 septem
2673 1662 2805 1716 alios
2834 1663 3052 1732 spiritus
3079 1680 3248 1719 secum
3280 1681 3370 1720 ne-

1758 1755 1966 1824 quiores
1987 1769 2060 1820 se,
2095 1763 2141 1807 et
2183 1754 2434 1808 intrantes
2475 1753 2707 1808 habitant
2755 1753 2826 1808 ibi
2857 1753 3077 1826 (Matth.
3109 1771 3206 1824 xu,
3248 1754 3368 1828 45).

67 1857 216 1901 teme
247 1852 492 1912 potestas
512 1843 631 1914 ejus
660 1843 888 1916 intelligi
911 1853 1116 1916 potest.
1141 1845 1353 1919 Adjuvit
1370 1860 1499 1917 ergo
1520 1856 1655 1902 terra
1684 1851 1733 1912 B
1758 1846 2079 1903 Immundas
2102 1847 2325 1918 Spiritus
2356 1847 2528 1903 exivit
2553 1849 2622 1903 ab
2651 1847 2896 1916 homine,
2927 1849 3148 1920 quando
3177 1848 3369 1906 diabo-

63 1939 340 2007 mulierem,
387 1937 442 1994 id
474 1947 558 1994 est
602 1938 855 1995 Christus
905 1938 1228 2006 Ecclesiam,
1266 1949 1314 1994 et
1358 1942 1563 2011 aperuit
1598 1957 1654 1997 os

66 2051 219 2097 suum,
253 2043 300 2088 et
331 2032 563 2103 suscepit
601 2033 818 2103 ﬂumen,
860 2034 998 2104 quod
1039 2034 1180 2088 misit
1216 2051 1422 2106 serpens
1470 2049 1534 2089 ea:
1569 2050 1656 2089 ore

65 2145 149 2183 suo
173 2143 192 2180 :
211 2129 261 2184 id
284 2138 374 2186 est
395 2129 577 2185 sinum
607 2129 995 2184 misericordia:
1019 2143 1132 2185 suae
1163 2131 1396 2200 aperuit,
1417 2127 1656 2203 jﬂumen-

65 2236 160 2293 que
185 2221 436 2277 vitiorum
466 2230 710 2292 potestas
735 2220 855 2291 ejus
876 2219 1116 2276 funditus
1143 2221 1424 2277 exstinxit.

131 2311 314 2386 (Vers.
348 2312 474 2384 17.)
535 2311 602 2368 Et
646 2313 808 2368 iratus
853 2322 932 2368 est
980 2314 1140 2368 draco
1190 2314 1246 2367 in
1286 2314 1574 2382 mulierem,
1606 2324 1655 2370 et

66 2406 179 2460 abiit
208 2405 448 2477 pratlium
475 2409 649 2478 facere
685 2422 803 2460 cum
832 2406 1046 2470 reliquis
1089 2406 1154 2461 de
1181 2407 1374 2461 semine
1400 2411 1536 2482 ejus,
1567 2409 1657 2479 qui

65 2504 345 2557 custodiunt
392 2502 643 2556 mandata
668 2499 791 2570 Dei,
815 2511 866 2558 et
887 2501 1080 2558 habent
1126 2503 1478 2558 testimonium
1501 2501 1652 2562 Iesu.

69 2595 264 2668 Reliqui
286 2595 356 2653 de
399 2595 615 2652 semine
644 2596 908 2652 Ecclesiae
937 2596 1095 2652 electi
1135 2607 1284 2665 sunt,
1314 2599 1404 2669 qui
1439 2600 1491 2654 in
1549 2599 1656 2656 fine

70 2689 240 2746 mundi
284 2690 551 2746 nascitnri
593 2699 741 2746 sunt.
798 2690 1271 2758 Quemadmodum
1321 2701 1503 2748 autem
1551 2692 1657 2752 hoc

70 2783 299 2854 praelium
338 2783 597 2841 diabolus
622 2793 867 2857 peragat,
901 2785 956 2840 in
998 2786 1350 2858 sequentibus
1397 2786 1650 2844 manifes-

71 2888 221 2939 tatur.

132 2974 304 3048 (Vers.
339 2976 458 3049 18.)
490 2976 557 3032 Et
585 2978 722 3033 stetit
761 2993 918 3049 super
952 2994 1162 3033 arenam
1193 2979 1370 3034 maris.
1403 2978 1508 3034 Per
1535 2993 1657 3035 are-

71 3080 182 3121 nam
218 3068 382 3125 maris
413 3067 713 3125 multitudo
755 3069 1133 3140 reproborum,
1177 3071 1268 3143 qui
1305 3085 1371 3128 eo
1417 3080 1656 3144 tempore

72 3159 222 3216 futuri
244 3169 389 3228 sunt,
415 3159 757 3234 designatur.

1757 1940 1845 1996 lus
1868 1939 2036 1996 exivit
2056 1956 2086 1996 a
2117 1939 2345 2008 Judseis,
2378 1956 2501 1997 cum
2551 1942 2749 2013 Legem
2783 1953 3132 2014 acceperunt.
3165 1943 3372 2000 Ambu-

1757 2034 1887 2090 lavit
1913 2049 2008 2104 per
2027 2035 2145 2090 loca
2167 2034 2340 2101 arida,
2365 2035 2416 2090 id
2440 2045 2544 2101 est,
2571 2051 2667 2106 per
2685 2037 2924 2107 gentium
2948 2037 3221 2106 nationes,
3245 2053 3369 2109 quas

1756 2126 1926 2182 aridae
1975 2137 2167 2193 erant;
2221 2127 2345 2198 quia
2379 2127 2711 2184 viriditatem
2744 2127 2871 2184 fidei
2909 2143 3019 2183 non
3070 2129 3364 2186 habebant.

1756 2217 1874 2274 Non
1905 2219 2112 2275 invenit
2159 2220 2233 2275 ibi
2277 2222 2544 2291 requiem,
2574 2221 2702 2290 quia
2748 2221 3002 2277 veniente
3039 2219 3258 2277 Christo
3308 2221 3363 2278 in

1754 2330 1942 2382 carne,
1983 2325 2176 2387 gentes
2225 2331 2360 2387 quas
2386 2316 2476 2372 ditt
2524 2325 2793 2384 tenuerat,
2844 2316 3048 2370 amisit.
3081 2315 3265 2372 Rediit
3313 2318 3368 2371 in

1757 2408 1976 2465 domum
2013 2424 2188 2475 suam,
2216 2409 2366 2466 unde
2403 2409 2610 2475 exivit;
2663 2409 2791 2480 quia
2821 2407 2890 2464 ad
2925 2407 3147 2463 Judmos
3188 2409 3364 2479 possi-

1757 2503 1965 2560 dendos
1995 2511 2396 2580 reversus’est,
2445 2518 2513 2559 eo
2551 2501 2774 2573 quodin
2812 2501 3089 2558 Christum
3135 2499 3363 2556 credere

1758 2597 2054 2653 noluerint.
2108 2596 2319 2652 Invenit
2382 2595 2605 2651 domum
2657 2594 2972 2651 Iudaeorum
3025 2603 3311 2651 vacantem
3342 2639 3359 2663 ,

1756 2690 1884 2762 quia
1937 2689 2215 2746 Christum
2271 2689 2545 2759 hospitem
2599 2703 2706 2744 non
2747 2686 3046 2743 habebant.
3090 2686 3357 2756 Quaeren-

1757 2784 1886 2842 dum
1918 2801 2048 2841 vero
2079 2784 2235 2840 nobis
2264 2793 2370 2852 est,
2397 2798 2497 2839 cur
2522 2797 2617 2839 eas
2647 2791 2860 2840 mentes
2907 2798 3029 2854 quae
3060 2782 3232 2838 Deum
3264 2782 3361 2837 ha-

1754 2879 2042 2936 bitatorem
2068 2895 2174 2935 non
2199 2878 2493 2942 habebant,
2517 2877 2805 2934 mundatas
2821 2887 2875 2934 et
2892 2884 3116 2933 ornatas
3135 2877 3360 2933 dixerit.

1758 2972 1922 3046 55o
1947 2972 2056 3029 Sed
2089 2972 2367 3028 mundata:
2398 2982 2557 3028 erant
2595 2972 2837 3040 diabolo,
2883 2987 2990 3026 non
3032 2971 3167 3038 Deo,
3217 2971 3362 3042 quod

1757 3069 1904 3126 enim
1948 3068 2209 3124 mundum
2239 3077 2325 3124 est
2349 3068 2404 3122 in
2436 3075 2737 3137 conspectu
2760 3065 2878 3132 Dei,
2916 3065 3254 3121 immundum
3285 3066 3364 3120 vi-

1757 3161 2148 3219 deturdiabolo
2179 3178 2192 3215 :
2217 3171 2272 3216 et
2294 3160 2442 3232 quod
2471 3159 2811 3215 immundum
2835 3169 2919 3214 est
2945 3158 3363 3226 Deo,mundum

135 3250 349 3310 CAPUT
364 3252 505 3309 χιιι.
525 3252 783 3325 —(Vers.
807 3254 972 3324 i.)Et
989 3256 1171 3313 vidide
1189 3258 1550 3314 maribestiam
1569 3277 1652 3315 as-
1681 3253 1728 3316 C
1759 3267 1845 3315 est
1889 3243 2130 3314 diabolo.
2173 3267 2196 3296 ο
2233 3255 2372 3312 Nam
2425 3255 2568 3311 sicut
2589 3254 2873 3311 scarabaao
2914 3253 3172 3309 mundius
3212 3252 3366 3310 vide-

75 3347 374 3416 cendentem,
395 3348 663 3404 habentem
687 3349 860 3420 capita
881 3359 1074 3421 septem
1087 3359 1137 3406 et
1172 3367 1368 3406 cornua
1406 3352 1580 3407 decem
1609 3365 1657 3409 et

71 3455 214 3508 super
239 3456 444 3496 cornua
478 3444 594 3516 ejus
623 3441 794 3497 decem
823 3441 1136 3497 diademata.
1169 3442 1296 3498 Haec
1326 3443 1496 3500 bestia
1544 3443 1656 3500 An.

75 3531 362 3589 tichristum
391 3534 669 3605 significat
703 3553 716 3590 :
748 3535 842 3606 qui
868 3549 1000 3591 vero
1027 3535 1382 3606 designantur
1413 3551 1510 3607 per
1534 3552 1656 3593 are-

75 3637 206 3691 nam,
225 3626 322 3696 ipsi
343 3635 398 3682 et
413 3642 510 3698 per
531 3641 703 3694 mare,
728 3626 1016 3682 multitudo
1037 3625 1246 3684 scilicet
1270 3630 1652 3698 reproborum.

76 3714 144 3771 De
162 3720 288 3774 mari
321 3720 488 3792 igitur
517 3719 692 3777 bestia
732 3720 1103 3778 conscendere
1143 3722 1258 3777 visa
1289 3731 1401 3788 est;
1432 3722 1556 3794 quia
1587 3721 1658 3778 de

75 3809 314 3867 societate
369 3811 730 3883 reproborum
766 3811 1136 3868 Antichristus
1181 3822 1476 3884 exsurget,
1536 3827 1656 3884 qua:

76 3900 232 3957 bestia
254 3905 427 3976 capita
448 3915 660 3976 septem
687 3913 744 3960 et
769 3918 976 3960 cornua
1006 3903 1196 3960 decem
1224 3903 1424 3959 habere
1453 3903 1658 3960 descri-

77 3993 226 4050 bitur.
254 3996 520 4054 Similiter
541 4006 596 4054 et
616 3997 783 4054 draco
805 3997 1056 4068 superius
1093 4007 1302 4067 septem
1341 3997 1516 4068 capita
1557 3996 1657 4052 lia-

79 4087 243 4146 huisse
267 4091 444 4148 dictus
465 4101 570 4159 est,
603 4101 658 4148 et
679 4093 732 4148 in
774 4093 1043 4164 capitibus
1075 4107 1286 4164 septem
1308 4093 1616 4149 diademata
1640 4111 1656 4150 :

80 4199 167 4254 per
194 4203 310 4258 quae
338 4203 531 4244 omnes
559 4187 849 4259 reprobus,
881 4187 1077 4258 quibus
1117 4187 1368 4244 diabolus
1398 4188 1463 4243 ad
1512 4188 1660 4244 deci-

81 4278 314 4346 piendum
341 4297 515 4352 genus
530 4281 825 4336 humanum
846 4298 975 4337 usus
995 4291 1100 4348 est,
1121 4281 1356 4338 diximus
1383 4281 1549 4338 fuisse
1563 4283 1659 4338 de-

79 4371 322 4442 signatos.
346 4375 471 4431 llaec
487 4384 667 4430 autem
686 4375 861 4431 bestia
882 4390 988 4431 non
1009 4376 1060 4430 in
1078 4376 1365 4447 capitibus,
1385 4376 1482 4433 sed
1501 4376 1553 4430 in
1566 4377 1657 4432 de-

79 4478 184 4520 cem
198 4469 447 4526 cornibus
477 4470 668 4526 decem
687 4469 996 4526 diademata
1019 4470 1274 4526 habuisse
1300 4471 1659 4536 describitur;

1759 3361 1846 3408 tur
1869 3360 2083 3407 stercus
2113 3348 2410 3420 cujuslibet
2450 3349 2770 3414 animantis,
2808 3361 2970 3417 quam
3018 3345 3248 3416 quilibet
3286 3346 3368 3400 ci-

1759 3443 1859 3499 bus
1889 3441 2130 3497 mundus
2177 3451 2346 3510 atque
2374 3438 2748 3504 delectabilis;
2776 3439 2850 3493 ita
2888 3449 2943 3494 et
2965 3437 3216 3493 diabolus
3247 3437 3371 3507 plus

1759 3534 1940 3606 diligit
1964 3549 2026 3590 ea
2067 3532 2260 3598 corda,
2301 3547 2427 3604 qua:
2472 3533 2730 3586 omnibus
2780 3530 2930 3584 vitiis
2977 3538 3108 3584 sunt
3137 3530 3368 3600 repleta,

1756 3644 1920 3701 quam
1953 3642 2021 3684 ea
2051 3643 2175 3698 quae
2201 3627 2416 3683 cunctis
2448 3625 2746 3681 virtutibus
2777 3625 3004 3695 pollent.
3043 3623 3237 3694 Scopa:
3273 3639 3373 3678 au-

1761 3731 1868 3778 tem
1897 3731 2049 3792 sunt,
2082 3737 2203 3793 qua:
2223 3722 2445 3776 domum
2478 3736 2509 3774 a
2538 3719 2854 3791 quisquiliis
2888 3718 3210 3774 emundant.
3261 3718 3369 3773 Ha-

1759 3815 1852 3871 bet
1875 3815 2038 3887 igitur
2061 3813 2211 3870 Deus
2239 3828 2434 3883 scOpas
2460 3826 2612 3879 suas,
2647 3811 2810 3866 habet
2838 3821 2894 3867 et
2917 3809 3174 3866 diabolus
3201 3827 3215 3864 :
3247 3823 3373 3866 sco-

1759 3923 1846 3980 pa:
1878 3908 1970 3963 Dei
2002 3915 2152 3973 sunt,
2185 3922 2308 3978 quas
2335 3905 2558 3961 domum
2581 3905 2701 3976 ejus
2729 3903 3050 3972 emundant,
3104 3913 3164 3959 ut
3211 3904 3269 3960 in
3302 3920 3369 3960 ea

1761 4000 1880 4069 ipse
1903 3997 2152 4053 habitare
2179 3996 2376 4068 possit,
2399 3995 2657 4051 videlicet
2682 3993 2960 4050 confessio
2989 4003 3369 4066 peccatorum,

1761 4091 2103 4163 poenitentia,
2142 4090 2421 4162 lacrymaa,
2469 4099 2523 4144 et
2573 4089 2982 4160 eleemosynae:
3030 4101 3212 4159 scopae
3255 4086 3373 4144 dia-

1759 4186 1873 4244 boli
1901 4194 2052 4254 sunt,
2083 4201 2204 4258 qua:
2236 4184 2540 4241 secundum
2569 4199 2692 4239 eum
2739 4183 2962 4239 domum
3013 4183 3187 4254 ipsius
3215 4198 3374 4239 ever-

1761 4288 1910 4345 runt,
1939 4278 2150 4334 scilicet
2177 4292 2332 4332 amor
2361 4276 2571 4344 saeculi,
2603 4277 2808 4333 levitas
2846 4277 3068 4345 mentis,
3118 4284 3370 4332 contem-

1763 4384 1890 4445 plus
1913 4371 2292 4428 mandatorum
2323 4371 2441 4439 Dei,
2475 4381 2532 4427 et
2566 4371 2736 4426 multa
2783 4370 2911 4425 alia.
2969 4370 3191 4441 Septem
3240 4385 3377 4427 vero

1763 4466 2016 4538 spiritus,
2063 4481 2205 4538 quos
2255 4465 2504 4522 diabolus
2549 4480 2740 4520 secum
2791 4465 3120 4534 assumpsit,
3163 4474 3376 4536 septem

81 4557 293 4632 ideoque
308 4579 403 4633 per
422 4563 611 4618 decem
629 4578 832 4619 cornua
855 4571 1048 4636 gentes
1073 4565 1333 4635 quassibi
1356 4564 1662 4620 Antichris-
1764 4570 1893 4617 sunt
1921 4561 2053 4616 vitia
2086 4559 2409 4631 principalia
2443 4574 2611 4614 :cum
2647 4558 2715 4613 iis
2753 4573 2886 4628 ergo
2921 4567 3131 4628 septem
3169 4557 3379 4614 satelli-

80 4662 160 4709 tus
185 4657 563 4730 sulijngaturus
581 4667 685 4725 est,
711 4658 1095 4730 designantur:
1119 4668 1328 4729 septem
1355 4673 1486 4715 vero
1510 4661 1658 4730 capi-
1684 4667 1737 4728 ι)
1766 4654 1911 4710 tibus
1948 4654 2204 4710 diabolus
2244 4651 2464 4708 Judaaos
2513 4666 2686 4723 usque
2739 4650 2905 4706 modo
2953 4649 3215 4722 pOSsidet.
3267 4649 3378 4707 Sed

81 4755 129 4802 ta
182 4761 386 4820 septem
425 4751 552 4807 vitia
605 4751 926 4824 principalia
967 4753 1273 4822 designant.
1335 4752 1402 4808 Et
1456 4762 1518 4808 ut
1568 4767 1660 4810 se-
1765 4749 1934 4820 quaeri
1962 4757 2165 4819 potest,
2197 4761 2297 4802 cur
2329 4746 2446 4801 lucc
2488 4754 2700 4816 septem
2734 4745 2867 4800 vitia
2911 4745 3235 4816 principalia
3265 4743 3383 4799 dia-

81 4845 284 4911 qnentia
317 4847 513 4902 melius
545 4845 936 4917 intelligamus,
965 4845 1170 4916 placuit
1194 4846 1326 4901 mihi
1354 4846 1409 4901 in
1439 4861 1668 4903 enume-
1767 4841 1893 4898 bolo
1921 4854 2045 4897 esse
2072 4839 2348 4896 deteriora
2375 4838 2857 4895 dicantur.Verum
2902 4838 3062 4894 nobis
3095 4835 3377 4892 deteriora

82 4936 275 4994 ratione
293 4940 545 4996 vitiorum
572 4948 596 4978 ⁸
626 4939 980 4996 Prudentium
1000 4941 1176 5011 sequi,
1207 4939 1301 5011 qui
1323 4941 1391 4996 de
1411 4941 1668 4997 conﬂictu
1771 4945 1899 4990 sunt
1923 4934 2076 5000 vitia,
2104 4947 2266 5003 quam
2289 4931 2604 4989 daemones:
2637 4933 2764 5004 quia
2795 4932 2875 4987 illi
2905 4931 3040 4987 foris
3068 4945 3168 4986 nos
3203 4930 3381 4999 impu-

85 5026 317 5084 vitiorum
365 5042 529 5103 atque
565 5032 825 5087 virtutum
873 5032 1088 5103 egregie
1113 5033 1360 5087 versibus
1389 5031 1667 5089 disseruit.
1773 5038 1962 5101 gnant,
1989 5027 2124 5084 vitia
2145 5034 2328 5082 autem
2358 5026 2690 5082 intrinsecus
2718 5039 2819 5080 nos
2839 5022 3058 5079 assidue
3079 5019 3383 5076 debellant.

82 5117 304 5178 Primum
334 5140 567 5194 namque
614 5127 806 5181 vitium
844 5126 1023 5197 posuit
1066 5128 1331 5182 culturam
1380 5126 1672 5196 idolorum,
1782 5121 1916 5176 Nam
1947 5120 2091 5175 sicut
2116 5119 2294 5175 levius
2331 5120 2638 5174 tolerantur
2667 5117 2878 5180 hostes,
2908 5114 3000 5185 qui
3037 5113 3386 5170 extrinsecus

83 5219 363 5273 secundum
404 5219 711 5286 libidinem,
756 5219 972 5275 tertium
997 5221 1155 5287 iram,
1187 5227 1442 5292 quartum
1479 5235 1670 5290 super-
1783 5215 1974 5272 urbem
2005 5221 2342 5285 oppugnant,
2369 5227 2436 5268 eo
2463 5211 2608 5283 quod
2637 5222 2824 5264 muros
2849 5207 3090 5262 habeant
3116 5204 3384 5276 obiectos,

87 5302 236 5377 binm,
259 5311 501 5381 quintum
519 5311 810 5367 luxuriam.
837 5311 1093 5380 Quamvis
1116 5313 1261 5368 enim
1287 5312 1457 5368 libido
1488 5313 1560 5368 ita
1580 5313 1664 5368 in—
1779 5326 1941 5383 quam
1975 5310 2015 5366 ii
2040 5310 2134 5382 qui
2173 5307 2507 5364 intrinsecus
2545 5304 2708 5378 positi
2745 5301 2859 5371 jam
2891 5299 3169 5354 civitatem
3212 5297 3388 5370 depo-

152 5442 398 5520 ‘_(_)mnes
443 5446 604 5512 edit.,
651 5447 983 5519 prudentium
1023 5449 1168 5518 sequi
1211 5449 1449 5520 vestigia,
1478 5448 1568 5516 qui
1615 5448 1680 5503 de
1850 5447 1881 5486 ι)
1919 5447 2134 5503 Eaedem
2161 5445 2460 5520 edit.,”pro
2499 5457 2599 5511 qua
2625 5455 2681 5494 re
2707 5435 3030 5509 apluribus;
3070 5451 3205 5493 mss.
3234 5451 3389 5508 vero,

89 5514 314 5592 Qnﬂictu
337 5520 584 5574 vitiorum
609 5514 763 5589 atque
789 5524 1036 5573 uirtutum
1062 5514 1266 5592 egregie
1296 5514 1675 5574 disseruerunt.
1782 5536 1879 5592 pro
1907 5536 2011 5592 qua
2037 5535 2092 5592 re
2129 5534 2160 5571 a
2192 5515 2458 5571 Patribus.
2595 5581 2607 5592 .
2684 5589 2692 5592 Α
2859 5579 2890 5592 η
3007 5579 3018 5591 ⁸

95 5579 312 5642 Primum
343 5606 572 5664 namque
601 5579 787 5664 uitium
806 5579 1115 5664 posuerunt:
1143 5579 1249 5664 eic.
1269 5606 1284 5656 ;
1308 5605 1500 5644 omnes
1521 5605 1681 5664 mss.,
1783 5579 1795 5592 ”
1858 5579 2028 5664 ὲᾷιιι.
2059 5591 2115 5664 in
2133 5602 2387 5664 corppre,
2416 5600 2535 5638 nam
2561 5581 2694 5664 sicut
2711 5579 2952 5664 mundius
2969 5579 3391 5664 videturlster‘cus

91 5670 123 5736 ε
144 5665 409 5716 contrario
443 5653 728 5736 nobiscum
765 5653 1008 5736 faciunt:
1054 5653 1201 5736 unde
1231 5653 1578 5736 cognoscitur
1625 5653 1688 5736 ill
1786 5661 1993 5718 cuilibet
2029 5653 2317 5736 animan'ti;
2358 5657 2410 5711 in
2440 5653 2684 5736 margine
2729 5659 3028 5736 autem"...
3082 5653 3390 5736 quibusdam

91 5724 190 5780 lius
217 5743 386 5803 aqua
410 5741 672 5786 exaratus
705 5732 883 5788 fuerat
929 5734 1022 5788 ille
1062 5735 1257 5800 codex,
1299 5723 1460 5803 quem
1493 5733 1685 5789 Dunel-
1788 5733 2178 5788 animantibus:
2203 5724 2822 5803 quamemendationem
2851 5723 2974 5803 licet
2997 5723 3390 5803 ineptissimam

95 5793 599 5875 mensis'episcopus
623 5804 791 5870 praelo
812 5803 1066 5874 subjecit,
1097 5808 1185 5860 vel
1217 5793 1401 5859 crassa
1431 5805 1685 5875 ignoran-
1790 5805 1955 5860 Rom.
1987 5793 2430 5875 edit._transtulit
2461 5799 2513 5851 in
2544 5801 2883 5851 contextum.
2921 5793 3030 5850 Sed
3060 5793 3244 5851 veram
3283 5796 3395 5851 lcc»

98 5867 186 5935 tia,
214 5872 290 5924 vel
339 5867 530 5942 putida
573 5867 887 5943 inipostura.
911 5867 928 5874 ⁷
1054 5867 1061 5870 ⁷
1451 5867 1476 5875 ⁷
1789 5876 1988 5930 tionem
2020 5870 2340 5927 exhibemus
2373 5886 2402 5924 c
2429 5881 2560 5926 mss.
