3950 6314
603 308 714 366 885

1536 306 1631 366 AD
1667 306 1899 369 OPERA
1936 305 2184 368 SANCTI
2226 352 2232 366 ι

2340 308 2556 372 sensu
2613 309 2981 370 APPENDIX.
3699 326 3769 384 εει

604 429 864 500 putantur
895 444 908 483 :
944 428 1019 488 ita
1040 427 1258 484 facilius
1285 426 1588 484 tolerantur
1628 423 1930 490 daemones,
1963 425 2052 497 qui
2105 440 2207 484 ex-
2234 428 2288 492 Α
2313 439 2411 497 per
2435 434 2635 484 terram
2666 425 3043 498 designantur,
3077 436 3131 481 ct
3162 425 3214 481 in
3251 427 3527 487 Autichriuo
3547 435 3768 504 diabolum,

601 523 801 588 terius,
829 537 992 592 quam
1018 523 1148 578 vitia
1170 537 1292 592 qua:
1315 520 1462 577 intus
1485 535 1586 576 nos
1618 519 1992 578 indesinenter
2022 519 2218 579 devas-
2315 519 2568 578 dicentes
2599 521 2806 576 nullum
2837 537 2959 580 esse
2986 521 3328 580 Antichristo
3355 524 3552 593 similem,
3573 544 3656 586 nec
3692 548 3773 589 esse

607 627 745 675 tant.
787 616 856 674 Et
883 632 1041 689 super
1068 617 1240 685 capita
1277 616 1392 687 ejus
1440 613 1651 671 nomine
1680 614 2037 685 blasphemia.
2071 613 2220 672 Blas-

609 711 832 782 phemia
865 709 1187 770 Antichristi
1217 712 1372 781 plura
1397 708 1617 766 nomina
1649 707 2048 779 habebitzquia
2081 706 2222 764 mul-

610 807 682 864 tis
704 805 881 864 modis
908 801 1188 862 Christum
1217 801 1638 874 blasphemabit.

676 899 866 971 (Vers.
890 896 974 970 2.)
1005 896 1074 956 Et
1116 898 1280 956 bestia
1305 914 1461 969 quam
1495 897 1622 960 uidi,
1659 895 1848 951 similis
1877 904 1987 950 erat
2029 895 2216 965 pardo,

606 1003 653 1048 et
681 993 839 1066 pedes
866 995 978 1057 eius
997 993 1130 1050 sicut
1158 994 1312 1063 pedes
1343 992 1471 1058 ursi,
1505 1001 1554 1045 et
1573 1007 1630 1046 os
1651 992 1762 1062 ejus
1791 990 1922 1045 sicut
1966 1006 2022 1047 as
2059 989 2222 1045 leonis

605 1097 738 1141 erat.
773 1087 876 1141 Per
910 1085 1164 1156 pardum,
1214 1085 1307 1157 qui
1360 1084 1531 1141 fertur
1565 1085 1816 1138 diversos
1862 1083 2080 1139 colores
2129 1082 2222 1140 ha-

606 1182 788 1248 bere,
822 1179 1136 1253 hypocrisis
1191 1178 1519 1238 Antichristi
1557 1179 1871 1249 designatur
1904 1195 1917 1234 :
1961 1179 2050 1248 qui
2099 1192 2220 1234 cum

602 1275 826 1332 futurus
867 1274 943 1334 sit
991 1273 1156 1330 homo
1207 1271 1577 1343 nequissimus
1607 1271 1771 1328 variis
1824 1270 2114 1328 virtutibus
2162 1286 2223 1326 se

609 1367 971 1434 decolorabit,
1005 1377 1064 1424 ut
1092 1367 1304 1426 facilius
1330 1367 1528 1426 stultos
1550 1380 1797 1437 quosque
1824 1363 2084 1438 decipiat.
2121 1363 2223 1421 Per

603 1477 796 1518 ursum
820 1475 974 1529 vero,
994 1460 1087 1530 qui
1113 1460 1531 1518 callidissimum
1560 1467 1647 1514 est
1669 1457 1894 1526 animal,
1922 1459 2041 1529 eius
2069 1468 2221 1514 astu-

614 1557 686 1612 tia
720 1557 787 1612 ad
819 1555 1175 1626 decipiendos
1207 1556 1459 1616 homines
1483 1555 1846 1614 demonstrari
1879 1563 2078 1626 petest.
2121 1553 2226 1612 Per

613 1652 830 1708 leonem
855 1651 1207 1710 nihilominus
1238 1650 1358 1722 ejus
1387 1651 1687 1708 crudelitas
1712 1651 1782 1708 ad
1810 1650 2224 1708 dilacerandum

618 1747 884 1818 pepulum
917 1746 1010 1801 Dei
1055 1745 1394 1817 designatur.
1429 1746 1494 1804 Et
1520 1746 1661 1802 dedit
1696 1746 1777 1801 illi
1803 1745 1961 1801 draco
1987 1745 2226 1802 virtutem

2317 613 2407 684 qui
2435 613 2554 683 ejus
2586 613 2888 672 fortitudini
2915 613 3088 684 possit
3112 613 3394 685 corcquari.

2392 707 2574 781 (Vers.
2606 708 2688 778 5.)
2717 706 2784 764 Et
2825 708 3004 764 datum
3042 719 3115 766 est
3163 709 3243 764 illi
3288 724 3340 764 os
3379 710 3542 781 loquens
3575 733 3778 788 magnoet

2321 802 2685 873 blasphemias.
2718 801 2910 856 Datum
2935 811 3040 868 est,
3066 800 3118 858 id
3145 812 3253 868 est,
3276 804 3546 874 permissum
3559 820 3667 868 ests
3685 809 3782 877 Des;

2321 905 2377 949 ιιι
2405 895 2658 963 leniatur
2686 909 2876 965 magna
2901 893 2969 950 de
2991 895 3308 964 semetipso,
3338 894 3496 956 dicens
3525 915 3571 958 se
3613 916 3707 957 esse
3732 902 3786 962 Fi-

2323 990 2452 1045 lium
2474 991 2588 1054 Dei,
2619 1000 2675 1046 et
2697 999 2754 1045 ut
2786 991 3038 1062 loquatur
3067 990 3421 1063 blaSpbemias
3441 994 3492 1048 de
3512 995 3627 1054 nec.
3647 997 3696 1055 ει
3715 1002 3787 1054 ωε
3871 979 3873 1020 i

2322 1092 2395 1138 est
2423 1083 2501 1141 illi
2527 1092 2751 1154 potestas
2775 1088 2943 1153 facere
2971 1101 3170 1140 menses
3206 1083 3514 1160 quadraginta
3546 1090 3674 1146 duas.
3697 1090 3789 1148 Dili-

2321 1177 2428 1234 cile
2451 1175 2686 1243 videtur,
2717 1186 2776 1232 ut
2822 1177 2877 1233 in
2911 1187 3018 1233 tam
3059 1177 3375 1246 parviSSimo
3401 1188 3621 1253 tempore.
3651 1183 3694 1238 id
3726 1195 3791 1250 est,

2324 1270 2376 1326 in
2406 1271 2583 1326 tribus
2607 1271 2763 1328 annis
2792 1280 2847 1326 et
2878 1269 3122 1336 dimidio,
3158 1285 3348 1328 omnes
3374 1283 3527 1342 gentes
3557 1273 3652 1330 sibi
3683 1276 3791 1346 subji-

2325 1381 2476 1434 cere,
2507 1374 2562 1420 et
2591 1366 2658 1421 ad
2690 1380 2842 1422 suam
2878 1367 3148 1424 culturam
3179 1381 3349 1437 genus
3389 1366 3632 1424 humanum
3667 1381 3793 1440 prater

2329 1474 2529 1528 paucos
2579 1459 2784 1515 electos
2836 1458 3006 1530 possit
3050 1458 3362 1525 adducere;
3397 1462 3670 1520 eruntenitn
3699 1464 3794 1520 multi

2327 1551 2512 1620 electi,
2543 1551 2638 1608 scd
2671 1551 2723 1606 in
2752 1550 3168 1622 comparatione
3197 1550 3478 1609 infidelium
3509 1554 3639 1614 valde
3661 1558 3797 1622 paucis

2327 1645 2471 1702 simi.
2500 1644 2699 1702 Verum
2729 1656 2907 1718 potest
2933 1647 3072 1714 ﬁeri,
3105 1658 3160 1701 ut
3187 1647 3360 1722 primo
3387 1661 3544 1704 omnes
3568 1658 3798 1716 gentem:

2329 1737 2524 1794 ditioni
2556 1738 2811 1810 subjiciat
2841 1756 2853 1793 :
2887 1748 3075 1810 postea
3126 1755 3260 1798 vero
3289 1740 3341 1794 in
3385 1740 3644 1812 superbiam
3674 1743 3800 1810 elatus,

615 1857 789 1906 suam,
822 1849 870 1895 et
902 1849 1204 1910 potestatem
1234 1858 1496 1912 magnam.
1542 1841 1807 1898 Virtutem
1848 1855 2003 1898 suam
2039 1838 2228 1895 (ἤπιος-
2260 1835 2304 1895 Β
2333 1846 2392 1889 se
2418 1846 2516 1904 pro
2543 1833 2652 1889 Deo
2673 1833 2779 1889 coli
2806 1833 3072 1890 instituat.
3104 1831 3241 1890 Nam
3282 1833 3418 1889 sicut
3456 1834 3563 1889 mihi
3584 1833 3747 1890 videtur
3774 1838 3802 1890 is

612 1935 721 2000 lus,
752 1950 874 2004 quae
920 1943 1031 1992 tota
1063 1935 1206 1990 mala
1246 1946 1353 2003 est,
1397 1935 1733 1992 Antichristo
1772 1933 1958 2000 dabit;
2005 1934 2132 2005 quia
2178 1937 2231 1990 in

617 2028 713 2084 illo
746 2025 1032 2091 habitabit.
1064 2037 1118 2082 et
1147 2043 1248 2099 per
1286 2043 1411 2086 eum
1451 2027 1712 2100 quidquid
1743 2029 1986 2098 nequitia
2030 2027 2234 2088 diaboli

618 2121 934 2189 excogitare
964 2131 1166 2191 potest,
1190 2122 1534 2192 operabitur.
1552 2120 1659 2178 Sed
1678 2137 1804 2178 cum
1833 2119 2115 2192 Scriptura
2146 2121 2232 2178 di-

614 2223 704 2274 cat
734 2233 746 2268 :
781 2214 905 2274 Non
928 2224 1002 2272 est
1035 2225 1261 2286 potestas
1292 2217 1394 2271 nisi
1420 2233 1452 2270 a
1481 2215 1588 2272 Deo
1617 2214 1797 2288 (Rom.
1821 2231 1940 2281 xm,
1982 2216 2063 2286 1),
2098 2230 2234 2287 quo-

612 2309 781 2366 modo
800 2310 1054 2368 diabolus
1095 2318 1425 2381 potestatem
1473 2323 1723 2381 magnam
1763 2308 2106 2366 Antichristo
2137 2307 2234 2364 da-

615 2403 733 2458 bit?
767 2403 908 2458 Dens
936 2400 1088 2460 dabit
1125 2402 1467 2460 Antichristo
1515 2409 1866 2472 potestatem,
1907 2400 2007 2461 sed
2057 2401 2232 2484 ipsam

616 2505 950 2566 potestatem
987 2497 1039 2554 in
1065 2507 1275 2556 tantum
1303 2497 1636 2567 pertuutabit
1664 2496 1717 2554 in
1755 2495 1985 2562 malum,
2025 2505 2084 2554 ut
2124 2491 2234 2553 tota

615 2589 887 2648 diabolica
910 2605 1034 2647 esse
1063 2589 1345 2657 credatur,
1378 2600 1432 2650 et
1459 2591 1554 2648 sit.

689 2685 872 2755 (Vera.
906 2685 989 2756 3.)
1019 2683 1088 2741 Et
1113 2684 1220 2740 uidi
1244 2701 1403 2742 unum
1427 2684 1492 2740 de
1517 2683 1772 2756 capitibus
1803 2685 1916 2754 ejus
1951 2683 2106 2754 quasi
2140 2699 2232 2738 oc-

617 2777 783 2832 cisum
811 2778 865 2834 in
893 2787 1126 2843 mortem,
1156 2786 1205 2831 et
1234 2777 1390 2848 plaga
1420 2777 1601 2832 mortis
1641 2778 1755 2848 ejus
1793 2784 1976 2832 curato
2004 2785 2101 2830 est.
2144 2774 2235 2834 Di-

619 2874 802 2928 ximus
830 2872 1083 2941 superius
1115 2886 1211 2941 per
1235 2879 1444 2940 septem
1469 2870 1645 2941 capita
1670 2869 1994 2928 Antichristi
2021 2879 2233 2940 septem

618 2966 748 3021 vitia
782 2965 1105 3035 principalia
1134 2980 1258 3022 esse
1286 2966 1590 3035 designata.
1623 2965 1730 3020 Per
1749 2974 1913 3034 caput
1933 2979 2065 3036 ergo
2089 2963 2234 3035 quod

618 3076 726 3113 non
758 3058 1026 3124 occisum,
1055 3057 1152 3114 scd
1177 3059 1330 3128 quissi
1362 3060 1603 3116 occisum
1631 3057 1810 3114 visum
1843 3066 1948 3121 est,
1981 3057 2235 3127 blasphe-

622 3154 726 3209 mia
749 3153 1086 3222 designatur.
1116 3151 1482 3219 Quaerendum
1514 3153 1697 3222 itaque
1737 3151 1898 3209 nobis
1942 3161 2047 3218 est,
2097 3166 2233 3220 quo-

2338 1927 2507 1984 tribus
2530 1926 2688 1982 annis
2716 1938 2769 1982 et
2790 1927 3017 1984 dimidio
3049 1928 3633 2001 persecutionistcmpus
3653 1939 3804 1984 tantum-

2338 2021 2498 2078 modo
2525 2020 3033 2092 comprehenditur,
3067 2021 3120 2077 in
3144 2037 3253 2092 quo
3279 2031 3334 2078 et
3369 2036 3455 2096 per
3480 2036 3549 2088 se,
3579 2031 3625 2078 et
3654 2037 3724 2092 per
3743 2022 3806 2078 dis-

2335 2118 2546 2190 cipulos
2572 2132 2722 2187 suos,
2763 2127 2818 2174 et
2858 2133 2952 2189 per
2981 2117 3356 2174 ostensionem
3392 2117 3627 2188 signorum
3668 2116 3806 2172 minii

2337 2213 2465 2266 lium
2490 2221 2599 2266 tota
2621 2212 2822 2267 virtute
2843 2210 3134 2279 laborabit,
3162 2220 3221 2268 ut
3236 2209 3486 2269 culturam
3501 2209 3676 2266 deitatis
3692 2224 3809 2265 sumes

2337 2305 2588 2364 homines
2615 2305 2716 2360 sibi
2742 2303 3080 2374 impendant.
3110 2303 3220 2360 Eos
3247 2315 3422 2360 autem
3445 2303 3524 2374 qui
3547 2303 3809 2358 contradicere

2336 2399 2643 2465 voluerint,
2672 2397 2910 2454 diversis
2960 2405 3016 2454 et
3066 2396 3325 2454 inauditis
3373 2395 3622 2454 tormentis
3659 2395 3811 2466 affliget;

2341 2500 2399 2546 ut
2421 2492 2598 2550 coacti
2642 2491 2868 2558 faciant,
2901 2489 3048 2563 quod
3100 2489 3406 2548 voluntarie
3441 2491 3597 2546 lacere
3635 2487 3812 2544 detrun-
3872 2539 3873 2548 χ

2343 2586 2496 2644 bunt.
3872 2615 3873 2658 ι

2410 2679 2595 2752 (Vers.
2646 2678 2725 2749 6.)
2770 2677 2838 2733 Et
2869 2679 3071 2752 aperuit
3121 2693 3179 2733 os
3222 2694 3368 2731 suum
3409 2678 3459 2731 in
3497 2673 3814 2745 blasphemiae

2339 2774 2506 2832 Deum
2534 2775 2890 2844 blasphemare
2921 2790 3102 2830 nomen
3133 2771 3266 2847 ejus,
3300 2783 3348 2830 ct
3387 2770 3718 2828 tabernaculum
3738 2771 3815 2841 ejus.

2337 2881 2387 2927 et
2417 2889 2500 2926 eos
2525 2872 2612 2941 qui
2639 2872 2690 2924 in
2717 2873 2842 2924 c0210
2875 2868 3126 2924 habitant.
3168 2869 3393 2938 Aperiet
3421 2882 3629 2937 namque
3655 2881 3700 2919 os
3726 2878 3816 2916 suae

2337 2967 2407 3026 ad
2460 2963 2950 3037 blasphemandum
3003 2963 3171 3020 Deum
3205 2963 3422 3020 Patrem
3450 2962 3684 3025 videlicet,
3706 2968 3743 3012 cl
3774 2955 3818 3008 ii.

2337 3061 2494 3127 lium,
2525 3072 2578 3117 et
2610 3060 2873 3130 Spiritum
2895 3068 3146 3116 sanctum
3177 3077 3190 3112 :
3224 3057 3606 3129 blasphemabit
3637 3066 3684 3110 et
3705 3067 3819 3108 nam

2341 3155 2434 3209 Dei
2467 3154 2653 3210 dicens
2679 3152 2951 3208 Christum
2986 3168 3093 3208 non
3131 3166 3254 3208 esse
3284 3151 3454 3210 Dcum
3484 3169 3498 3219 ;
3536 3147 3821 3222 blaspltcunbit

619 3247 781 3302 modo
811 3243 1148 3316 blasphemia
1175 3246 1327 3314 quasi
1369 3247 1546 3306 occisa
1591 3259 1714 3304 esse
1743 3245 1980 3302 dicatur.
2036 3243 2233 3304 Primis
2261 3240 2307 3306 C
2337 3249 2499 3306 etiam
2522 3249 2935 3306 tabernaculum
2957 3248 3073 3311 Dei,
3092 3246 3264 3314 idest,
3291 3245 3582 3304 Ecclesium
3602 3243 3698 3307 Dei,
3716 3239 3820 3294 dicere

615 3356 850 3410 namque
869 3341 1209 3410 temporibus
1229 3339 1508 3410 Evangelii
1535 3341 1758 3398 {tierunt
1781 3339 1935 3396 multi
1968 3338 2236 3410 Ineretici,

614 3436 702 3502 qui
731 3435 892 3490 fidem
925 3433 1186 3491 Ecclesiae
1217 3434 1330 3488 suis
1361 3433 1645 3490 erroribus
1683 3430 2017 3488 labefactare
2050 3430 2236 3489 eunati

614 3539 742 3584 sunt
777 3545 789 3581 :
818 3527 914 3584 sed
942 3529 1292 3596 onntipnteus
1321 3528 1465 3584 Deus
1489 3525 1811 3583 defensores
1844 3525 2104 3582 Ecclesiae
2140 3541 2237 3580 or-

623 3620 895 3675 thodnxos
927 3618 1119 3678 Patres
1141 3635 1208 3674 ex
1239 3619 1370 3675 [iliis
1391 3618 1566 3688 ipsius
1597 3617 1852 3676 Ecclesiae
1881 3616 2072 3690 elegit,
2099 3632 2238 3688 quos

622 3713 847 3772 flumine
869 3711 1154 3779 sapientia:
1177 3725 1288 3768 sua:
1314 3710 1560 3780 replens,
1592 3724 1688 3781 per
1709 3724 1897 3766 eorum
1925 3708 2236 3768 doctrinam

621 3820 813 3861 omnes
839 3803 1079 3862 hereses
1104 3805 1174 3858 ab
1207 3804 1451 3860 Ecclesia
1481 3819 1576 3860 sua
1603 3802 1630 3830 ⁸³
1660 3801 1979 3873 exstirpavit
1999 3819 2014 3870 ;
2038 3812 2096 3859 ut
2122 3802 2236 3862 fue-

622 3914 748 3958 runt
774 3900 1120 3967 Ambrosius,
1151 3898 1414 3964 Hilarius,
1451 3898 1816 3970 Hieronymus
1837 3940 1851 3968 ,
1878 3898 2235 3970 AuguStinus,

625 3994 946 4064 Gregorius,
977 4003 1033 4049 et
1060 3993 1215 4053 multi
1254 3993 1344 4048 alii
1373 3993 1468 4062 qui
1517 3993 1684 4050 etiam
1711 3992 2002 4050 maximam
2025 3992 2238 4062 capiam

623 4089 889 4144 librorum
937 4085 1256 4154 ediderunt,
1305 4085 1510 4156 quibus
1569 4100 1762 4144 omnes
1817 4085 2074 4151 haereses,
2116 4101 2237 4157 qua:

625 4178 872 4244 luerunt,
904 4188 1104 4248 etquae
1126 4192 1250 4236 esse
1278 4186 1555 4248 poterant,
1588 4177 1882 4236 destructa:
1908 4189 2058 4238 sunt.
2090 4178 2241 4238 Blas-

626 4271 845 4342 phemia
873 4285 1005 4343 ergo
1033 4269 1192 4342 quasi
1224 4271 1399 4330 occisa
1447 4280 1534 4328 est
1579 4271 1775 4328 modo:
1826 4271 1953 4342 quia
1991 4272 2238 4342 quamvis

626 4365 738 4422 sint
757 4363 909 4420 multi
935 4364 1028 4434 qui
1062 4364 1260 4440 multas
1291 4364 1660 4435 blasphemias
1691 4377 1874 4422 mente
1903 4364 2234 4436 concipiant,

628 4459 832 4516 malum
855 4459 998 4530 quod
1020 4467 1200 4516 mente
1220 4459 1598 4530 conceperint,
1623 4475 1728 4518 non
1747 4458 1948 4516 audent
1969 4460 2234 4533 proferre,

629 4569 698 4610 ne
721 4569 819 4624 per
846 4555 1074 4611 istorum
1097 4551 1403 4609 doctrinam
1430 4551 1661 4621 turpiter
1681 4553 2096 4610 convincantur.
2125 4551 2238 4608 Hoc

2343 3342 2475 3400 nihil
2508 3341 2767 3412 prodesse
2791 3340 3040 3397 fidelibus
3071 3341 3392 3410 religionem
3423 3333 3821 3398 Christianant,seil

2340 3436 2620 3494 interitum
2656 3436 2826 3505 magis
2860 3432 3052 3490 aderre
3085 3447 3246 3504 quam
3279 3433 3504 3490 salutem
3534 3448 3548 3485 :
3589 3428 3825 3499 blasphemi.

2340 3528 2416 3586 bit
2442 3535 2499 3584 et
2519 3541 2614 3584 eos
2640 3527 2728 3597 qui
2760 3525 2981 3582 incho
3014 3524 3282 3592 habitant,
3317 3523 3371 3580 id
3411 3533 3510 3591 est,
3549 3532 3778 3593 martyres,
3799 3529 3824 3568 fl

2340 3632 2572 3678 caeteros
2603 3621 2860 3687 'sanctos,
2901 3619 3091 3676 dicens
3136 3619 3266 3674 nihil
3309 3618 3468 3692 551
3528 3615 3743 3686 prodesse
3779 3624 3826 3666 es
3870 3667 3871 3694 ἶ

2341 3731 2501 3788 posse
2529 3717 2781 3786 cuiquam
2802 3757 2818 3782 ,
2843 3714 3145 3786 falsumque
3164 3729 3289 3772 esse
3321 3712 3574 3784 quidquid
3599 3711 3662 3768 de
3690 3712 3778 3768 eis:
3796 3705 3825 3758 ὅ·
3870 3707 3871 3780 l

2340 3811 2552 3868 delibus
2573 3809 2858 3866 asseritur.
3870 3801 3871 3868 ξ

2413 3902 2596 3976 (Vers.
2626 3901 2705 3974 7.)
2748 3901 2815 3956 Et
2841 3901 3020 3958 datum
3046 3910 3121 3956 est
3144 3899 3225 3956 illi
3253 3899 3445 3956 bellum
3474 3903 3634 3970 facere
3659 3913 3748 3951 cun
3765 3908 3824 3944 an

2341 4000 2457 4066 ctis,
2486 4006 2536 4053 et
2564 3997 2766 4053 uincere
2785 3997 2925 4053 illos.
2965 3995 3154 4053 Faciet
3181 3995 3384 4052 bellum
3413 4009 3532 4051 cum
3553 3991 3828 4058 sanctisque

2341 4092 2466 4148 dam
2498 4089 2864 4155 blandiendo,
2902 4089 3167 4160 quosdam
3193 4089 3482 4155 terrendo,
3511 4096 3562 4143 et
3587 4085 3652 4141 ad
3677 4083 3826 4140 ultima

2341 4187 2422 4243 eis
2452 4184 2691 4256 pessima
2735 4193 3004 4240 tormenta
3051 4181 3378 4250 inferendo;
3420 4192 3475 4237 ut
3509 4195 3599 4237 eos
3639 4179 3687 4233 in
3707 4185 3830 4233 errore

2339 4294 2472 4338 suos
2502 4263 2763 4335 inducat:
2794 4277 2892 4335 sed
2924 4277 3039 4334 ﬁeri
3064 4292 3169 4333 non
3196 4285 3399 4348 potest,
3434 4285 3490 4331 ut
3515 4276 3563 4330 in
3585 4269 3831 4329 errorem

2342 4373 2612 4432 ducantur
2641 4372 2823 4429 electi.
2875 4371 3069 4428 Vincet
3094 4381 3278 4427 autem
3305 4369 3432 4426 illos
3461 4383 3562 4426 non
3589 4361 3830 4436 superatio.

2339 4467 2436 4524 sed
2466 4465 2866 4522 interficiendo.

2411 4558 2596 4632 (Vers.
2627 4557 2708 4631 8.)
2749 4558 2817 4613 Et
2846 4559 2971 4614 data
2999 4568 3073 4614 est
3102 4557 3146 4612 ei
3175 4564 3401 4626 potestas
3420 4556 3473 4610 in
3497 4551 3831 4610 contemnitis.

629 4649 796 4718 igitur
820 4656 1006 4718 caput,
1040 4647 1094 4702 id
1137 4655 1245 4713 est,
1298 4645 1662 4717 blaSphemia,
1696 4648 2034 4713 temporibus
2083 4647 2239 4703 Anti-
2265 4641 2318 4704 D
2342 4665 2391 4711 et
2417 4654 2688 4726 populum,
2711 4663 2757 4708 et
2786 4653 3040 4725 linguam,
3063 4662 3112 4706 et
3137 4661 3372 4724 gentem:
3396 4659 3442 4706 et
3463 4648 3832 4704 adorarerumiss‘

631 4740 819 4798 christi
847 4749 1125 4800 mortuum
1149 4754 1272 4797 esse
1291 4737 1600 4806 videbitur;
1626 4737 1721 4795 sed
1746 4754 1776 4794 a
1802 4737 2020 4795 diabolo
2049 4738 2101 4794 in
2125 4738 2237 4796 An-

628 4834 880 4894 tichristo
907 4833 1355 4900 resuscitabitur,
1402 4848 1565 4904 quem
1626 4831 1694 4888 ad
1743 4831 2234 4904 blasphemandum

627 4935 912 4992 Christum
941 4934 995 4990 in
1029 4944 1238 4990 tantum
1267 4931 1555 5000 accendet,
1590 4941 1649 4990 ut
1678 4947 1872 4990 omnes
1894 4931 2239 5002 blasphema-

630 5039 779 5086 tores
813 5031 866 5085 in
894 5029 1009 5085 suis
1033 5026 1393 5098 blasphemiis
1421 5025 1731 5083 antecedat.
1759 5024 1828 5084 Et
1866 5026 2128 5084 admirata
2165 5034 2242 5081 est

629 5124 870 5178 uniuersa
917 5133 1057 5178 terra
1101 5129 1215 5193 post
1243 5119 1477 5176 bestiam.
1530 5119 1637 5178 Per
1676 5127 1878 5178 terram
1925 5128 2240 5191 peccatores

634 5216 884 5271 homines
913 5215 1292 5285 designantur.

702 5307 887 5380 (Vera.
916 5309 972 5362 4.
1001 5304 1094 5378 )Et
1115 5307 1462 5364 adorauerunt
1493 5305 1794 5374 draconem,
1828 5307 1950 5376 quia
1977 5306 2120 5364 dedit
2147 5322 2240 5376 po-

634 5411 864 5456 testatem
884 5401 1058 5456 bestiw
1086 5418 1104 5457 :
1131 5411 1176 5462 et
1198 5401 1549 5456 adoraverunt
1574 5399 1804 5468 bestiam,
1831 5401 2091 5458 dicentes:
2113 5402 2242 5470 Quis

633 5493 818 5549 similis
849 5495 1041 5562 bestlte,
1063 5505 1111 5550 et
1135 5497 1253 5568 quis
1297 5495 1487 5566 poterit
1529 5511 1763 5568 pugnare
1791 5511 1909 5554 cum
1951 5496 2052 5554 ea?
2090 5493 2238 5568 Quo-

635 5585 796 5641 modo
823 5587 1142 5655 draconem,
1170 5587 1224 5644 id
1251 5597 1358 5655 est,
1383 5587 1689 5654 diabolum,
1718 5587 2045 5655 adorabunt,
2073 5601 2239 5658 quem

637 5689 742 5733 non
772 5675 1077 5733 videbunt?
1103 5678 1214 5736 Sed
1241 5679 1549 5738 adorabunt
1570 5679 1969 5737 Antichristnm
2019 5681 2120 5749 illi,
2147 5681 2238 5753 qui

2343 4763 2550 4815 omnes,
2593 4749 2684 4821 qui
2710 4747 2943 4804 habitant
2967 4757 3179 4804 terram.
3223 4745 3340 4801 Hoc
3378 4741 3663 4799 secundum
3693 4739 3832 4792 litteris

2339 4842 2682 4914 implebitur.
2713 4841 2866 4899 Multi
2904 4839 3122 4904 dicent,
3153 4854 3253 4896 cur
3281 4838 3412 4894 talia
3441 4838 3577 4893 Deus
3613 4834 3720 4889 fieri
3743 4834 3832 4887 sint.

2345 4945 2404 4994 ut
2442 4935 2811 4996 Antichristus
2839 4950 3015 5006 genus
3042 4933 3343 4990 humanum
3376 4940 3484 4987 tam
3515 4929 3732 5002 pessime
3764 4920 3835 4980 dui-

2345 5027 2497 5099 piat?
2527 5027 2732 5086 Verum
2761 5025 2978 5083 duabus
3017 5026 3199 5081 causis
3228 5023 3611 5082 exsistentibus
3647 5021 3756 5078 talia
3777 5027 3834 5086 per

2348 5121 2559 5188 mittet;
2593 5137 2717 5178 nam
2749 5121 2891 5178 sicut
2931 5119 3047 5190 ipsc
3081 5118 3213 5176 dicit
3262 5117 3316 5172 in
3360 5114 3647 5188 Evangelio
3681 5105 3835 5167 :lniis

2342 5215 2522 5272 diebus
2546 5214 2841 5284 refrigescet
2868 5211 3098 5268 clturitas
3126 5209 3432 5276 multorum,
3455 5221 3501 5264 et
3526 5207 3772 5262 abundabit
3789 5201 3834 5252 ial-

2343 5309 2509 5379 quitas
2539 5303 2756 5378 (Multis.
2797 5319 2952 5372 xnv,
2993 5303 3116 5374 12);
3161 5303 3215 5358 in
3253 5311 3465 5360 tantum
3505 5300 3695 5374 quippe
3718 5293 3833 5350 malls:

2343 5401 2626 5458 hominum
2657 5407 2962 5464 excrescet,
2989 5406 3043 5452 et
3073 5397 3147 5450 ita
3177 5395 3351 5452 Deum
3382 5411 3482 5467 pro
3510 5395 3616 5451 suis
3640 5385 3836 5446 sceleste

2343 5494 2410 5549 ad
2438 5490 2771 5548 iracundiam
2805 5488 3217 5564 provocabunt;
3252 5497 3313 5544 ut
3347 5489 3494 5563 digni
3533 5487 3638 5543 sint
3667 5487 3836 5556 quateué

2344 5595 2452 5646 tam
2478 5585 2716 5657 pessimo
2749 5561 2961 5642 homini
2990 5582 3378 5654 subjiciuntur,
3407 5561 3565 5653 atque
3593 5577 3656 5634 ab
3686 5593 3741 5630 eo
3764 5565 3836 5626 deti

2343 5680 2582 5751 piantur,
2630 5686 2867 5735 testante
2903 5677 3213 5750 Scriptura:
3249 5675 3352 5742 Qui
3380 5689 3596 5747 regnare
3621 5669 3728 5739 facit
3744 5662 3836 5719 ira

707 5907 734 5941 α
758 5897 964 5958 Omnes
989 5892 1145 5962 edit,
1178 5892 1497 5968 exstirpnvit.
1535 5892 1637 5969 Qui
1686 5893 1861 5964 etiam,
1905 5900 2014 5949 etc.
2063 5890 2333 5970 Quidquid
2365 5905 2496 5951 vero
2516 5890 2906 5970 interponitur,
2938 5903 2969 5949 e
3010 5902 3140 5948 mss.
3188 5885 3445 5948 omnibus
3492 5877 3834 5956 restituuntu-
