3950 6314
134 284 231 341 885

830 275 896 332 IN
935 273 1404 332 APOCALYPSIN
1444 273 1688 338 EXPOSI

1797 276 1835 331 ).
1879 275 1968 332 DE
2010 275 2286 336 VISIONE
2327 277 2632 346 QUARTA.

3300 274 3410 333 886

134 414 236 452 ucnt
280 393 597 466 hypocritam
647 398 854 460 propter
895 390 1275 461 peruersitatem
1324 391 1504 462 pepuli
1542 388 1696 461 (Job.
1731 393 1781 454 Α
1809 400 1921 445 tum
1951 400 2131 447 autem
2161 408 2330 448 cornu
2364 393 2600 450 diximus
2627 393 2872 459 Judreos,
2905 391 2997 464 qui
3041 393 3093 449 in
3125 391 3406 452 Christum

130 503 298 554 sunt,
323 483 436 557 50).
471 482 660 538 Trach
687 483 822 536 enim
853 482 973 536 illos
1002 481 1170 548 Deus,
1207 483 1349 536 sicut
1375 482 1507 536 dicit
1529 481 1702 552 Apos-

131 587 259 639 tolus
281 621 294 648 ,
333 581 385 636 in
411 579 688 649 reprobum
716 594 917 632 sensum
948 578 1124 649 (Rom.
1160 594 1199 641 ι,
1226 576 1359 649 28);
1413 588 1464 632 ιιι
1501 577 1703 638 faciam

126 691 236 750 qua:
273 690 375 731 non
411 673 772 736 conveniunt;
818 684 870 734 et
911 672 1109 741 quibus
1140 685 1164 711 ἰ
1197 673 1332 730 nihil
1375 674 1526 743 pensi
1562 673 1700 744 erit}

127 780 316 824 tantum
348 763 685 837 utquidquid
720 763 842 818 mali
871 765 1250 836 cogitaverim,
1277 765 1702 836 expleant;jus-

125 861 317 917 tissima
346 857 438 912 Dei
479 858 839 926 permissione
873 855 985 923 fiet,
1031 867 1088 912 ut
1129 858 1198 912 ab
1229 857 1568 915 Autichristo
1607 860 1702 916 de-

119 952 251 1023 cepti
269 947 505 1006 deterius
531 961 777 1017 pereant.
803 949 1088 1005 Permittet
1109 950 1271 1006 etiam
1296 949 1398 1004 hoc
1426 952 1566 1008 Deus
1584 951 1699 1008 ﬁeri

118 1053 324 1116 propter
345 1043 723 1114 probationem
752 1043 1053 1099 electorum
1080 1059 1325 1112 suorum,
1356 1059 1410 1100 ιιι
1439 1045 1582 1102 sicut
1606 1062 1701 1102 auc

118 1154 222 1194 rum
253 1137 509 1207 probatur
539 1151 636 1207 per
664 1137 874 1208 ignem;
914 1137 987 1193 ita
1018 1147 1073 1193 ct
1101 1138 1178 1196 illi
1211 1141 1262 1194 in
1306 1141 1699 1208 persecutioni-

117 1234 206 1288 bus
247 1230 568 1288 Antichristi
608 1233 910 1304 probentur
947 1242 1002 1290 et
1041 1237 1444 1301 examinentur,
1473 1236 1614 1291 sicut
1643 1236 1697 1292 in

115 1323 324 1380 Daniele
350 1324 419 1380 de
448 1324 560 1380 illis
590 1326 854 1394 scriptum
889 1335 991 1381 est.
1028 1325 1299 1400 Eligentur
1324 1369 1339 1392 ,
1369 1327 1396 1368 ι)
1416 1339 1465 1383 et
1492 1329 1701 1384 dealba-

113 1420 308 1486 buntur,
335 1427 382 1474 et
403 1419 551 1489 quasi
573 1435 759 1474 aurum
785 1419 1137 1491 probabuntur
1159 1421 1394 1493 plurimi.
1419 1423 1694 1493 Sequitur:

115 1512 330 1580 Quorum
371 1528 473 1566 non
510 1523 631 1566 sunt
660 1514 856 1583 scripta
886 1515 1098 1570 nomina
1131 1514 1185 1568 in
1215 1515 1345 1570 libro
1388 1515 1502 1570 vita:
1525 1516 1660 1590 Agni
1677 1559 1693 1585 ,

109 1608 184 1676 qui
211 1607 404 1662 occisus
431 1617 503 1662 est
536 1606 602 1660 ab
624 1607 825 1678 origine
851 1609 1031 1662 mundi
1060 1607 1226 1679 (Dan.
1254 1625 1351 1675 xu,
1387 1609 1500 1683 10).
1538 1610 1697 1666 Liber

109 1702 220 1755 vitte
242 1699 648 1771 prmdcstinatio
669 1712 751 1755 est
779 1700 870 1757 Dei
893 1702 1286 1772 omnipotentis
1308 1721 1320 1758 :
1349 1703 1564 1772 reprobi
1588 1718 1694 1760 non

1807 482 2176 550 crediderunt,
2202 486 2371 542 fuisse
2391 488 2706 558 designatos
2731 506 2741 542 ε
2771 503 2868 557 per
2890 499 3107 544 sextum
3131 503 3261 544 vero
3284 504 3409 559 gen-

1805 587 1916 642 tes,
1966 592 2086 646 quae
2119 578 2173 632 in
2212 576 2486 634 Christum
2535 581 2787 638 similiter
2821 580 3194 638 crediderunt.
3228 581 3410 639 Hostis

1804 668 1983 738 itaque
2009 684 2210 725 cornua
2232 669 2341 724 duo
2371 672 2568 726 similia
2591 671 2726 742 Agni
2763 673 3012 738 habebit;
3040 674 3164 744 quia
3186 673 3410 731 Iudaeos

1802 769 1858 817 et
1883 772 2069 832 gentes
2089 763 2419 834 decipienda
2453 767 2772 834 possidebit.
2809 766 2945 836 Quia
2973 769 3219 837 quamvis
3248 768 3407 824 multi

1803 855 2030 911 credant
2060 871 2126 913 ex
2153 857 2356 912 ludatis
2389 874 2485 927 per
2517 859 2963 929 praedicationem
3002 861 3136 918 Elia:
3175 861 3226 916 in
3249 861 3411 918 Chri-

1803 955 1976 1013 stum;
2007 949 2243 1004 maxima
2287 957 2469 1006 tamen
2508 965 2634 1020 pars
2663 967 2850 1007 eorum
2884 951 3279 1010 Autichristum
3315 969 3407 1011 se-

1801 1051 1987 1097 cutura
2032 1051 2142 1108 est,
2195 1041 2338 1098 sicut
2359 1042 2489 1098 dicit
2529 1043 2794 1100 Dominus
2826 1046 2877 1100 in
2912 1047 3210 1118 Evangelia
3240 1065 3254 1102 :
3290 1046 3406 1120 Ego

1799 1135 1912 1189 ueni
1942 1136 1996 1190 in
2026 1135 2231 1191 nomine
2272 1134 2446 1191 Patris
2476 1138 2594 1202 mei,
2621 1146 2669 1192 et
2694 1155 2796 1192 non
2818 1141 3081 1210 recepistis
3103 1157 3182 1194 me
3216 1156 3236 1195 :
3267 1140 3406 1195 alius

1799 1229 1958 1284 veniet
1985 1233 2039 1282 in
2068 1232 2272 1286 nomine
2291 1248 2406 1298 suo,
2431 1241 2475 1286 et
2493 1232 2647 1287 illum
2667 1232 2961 1304 suscipiatis
3001 1233 3182 1305 (Joau.
3208 1249 3262 1301 ν,
3286 1233 3404 1304 45).

1799 1317 2150 1390 Loquebatur
2171 1338 2300 1394 ergo
2325 1324 2438 1379 haec
2461 1323 2639 1380 bestia
2664 1335 2720 1380 ut
2741 1325 2929 1392 draco,
2948 1327 3075 1396 quia
3097 1329 3219 1396 eius
3237 1327 3405 1383 verba

1799 1411 2065 1469 diabolica
2099 1426 2285 1482 erant;
2321 1433 2444 1472 nam
2477 1417 2730 1472 diabolus
2759 1417 2851 1488 qui
2881 1417 3134 1488 loquetur
3165 1435 3261 1490 per
3295 1420 3409 1475 Au-

1801 1507 2128 1578 tichristum,
2157 1511 2274 1580 ipse
2304 1513 2554 1583 loquetur
2582 1522 2637 1569 et
2665 1527 2760 1583 per
2789 1511 3084 1583 discipulos
3112 1514 3254 1584 ejus.

1874 1603 2056 1676 (Vers.
2093 1606 2204 1675 t2.)
2246 1606 2314 1662 Et
2345 1624 2545 1663 onmem
2573 1618 2874 1680 potestate»:
2896 1609 3087 1679 prioris
3120 1609 3293 1663 bestia:
3327 1612 3405 1681 fu-

1795 1697 1956 1751 cicbat
1986 1699 2039 1752 iu
2060 1708 2334 1770 conspectu
2362 1703 2494 1773 ejus.
2519 1701 2675 1769 Quod
2697 1701 2861 1757 dicit:
2883 1701 2940 1755 in
2963 1711 3240 1771 conspectu
3258 1702 3371 1773 ejus
3390 1743 3406 1766 ,

106 1801 220 1849 sunt
248 1794 434 1865 scripti
473 1795 527 1847 in
570 1794 712 1849 libro
753 1795 904 1858 vine;
950 1795 1076 1866 quia
1112 1812 1219 1850 non
1250 1804 1381 1852 sunt
1410 1797 1692 1867 prmdesti-
1722 1786 1770 1847 B
1797 1790 2064 1861 signiﬁcat
2090 1792 2142 1846 in
2177 1791 2399 1848 nomine
2429 1793 2582 1863 ejus;
2619 1808 2730 1849 non
2760 1792 2908 1849 enim
2938 1807 3180 1863 praesens
3208 1791 3408 1864 poterit

105 1888 205 1944 nati
233 1887 300 1944 ad
329 1889 493 1944 vitam
535 1896 820 1944 :etcruam.
857 1888 962 1946 Sed
994 1889 1348 1959 quaarendum
1387 1890 1545 1947 nobis
1581 1901 1688 1960 est,

103 1980 357 2053 quomodo
381 1979 601 2052 Agnus,
634 1981 684 2036 id
717 1993 798 2037 est
818 2026 832 2050 ,
865 1983 1139 2051 Christus,
1168 1984 1238 2039 ab
1265 1984 1476 2054 origine
1503 1985 1688 2040 mundi

101 2074 299 2129 occisus
323 2088 448 2130 esse
471 2073 703 2130 dicatur.

162 2166 335 2238 (Vers.
370 2166 456 2237 9.)
494 2166 630 2223 Nam
663 2167 792 2223 illud
821 2167 965 2238 quod
995 2168 1274 2238 sequitur:
1305 2168 1369 2225 Si
1395 2170 1512 2240 quis
1542 2169 1690 2228 liabet

97 2275 256 2327 aures,
277 2261 494 2328 audiat;
519 2261 852 2332 ubicumque
880 2262 932 2318 in
962 2262 1166 2320 divinis
1202 2263 1499 2334 Scripturis
1531 2265 1687 2334 poni-

95 2363 192 2420 tur,
217 2352 506 2412 obscurum
539 2369 664 2411 esse
685 2355 830 2426 quod
860 2357 1158 2427 praecessit,
1188 2355 1566 2414 demonstrat:
1593 2373 1690 2413 au-

94 2459 174 2500 res
202 2446 404 2518 quippe
425 2446 610 2502 cordis
641 2458 804 2520 atque
829 2448 1203 2520 intelligentia
1227 2451 1475 2520 requirit.
1501 2454 1690 2522 Agnus

94 2536 245 2608 igitur
270 2539 338 2596 ab
367 2540 584 2612 origine
612 2543 798 2598 mundi
832 2543 1050 2600 occisus
1078 2556 1190 2608 est;
1218 2545 1342 2615 quia
1382 2545 1502 2614 ejus
1539 2560 1688 2602 mors

91 2631 152 2685 ab
181 2632 408 2688 exordio
433 2635 654 2704 generis
676 2634 896 2692 humani
927 2637 982 2692 in
1013 2636 1218 2692 sanctis
1241 2637 1484 2707 patribus
1511 2639 1688 2708 praeti-

91 2736 264 2796 gurata
281 2737 388 2784 est.
411 2727 470 2784 lu
497 2729 676 2802 primo
701 2747 932 2800 namque
955 2731 1178 2786 homine
1208 2731 1552 2802 praeﬁgurata
1577 2740 1683 2799 est,

92 2819 296 2888 quando
328 2835 396 2876 eo
425 2821 735 2880 dormiente
758 2865 773 2889 ,
816 2824 925 2879 Eva
963 2825 1030 2880 de
1058 2832 1210 2880 costa
1241 2825 1364 2895 ejus
1397 2823 1536 2880 facta
1565 2835 1683 2882 est:

91 2913 332 2971 similiter
363 2927 416 2971 et
443 2916 496 2972 in
520 2917 656 2973 Abel
683 2917 1026 2989 prarﬁgurata
1054 2928 1158 2982 est,
1183 2918 1273 2989 qui
1306 2934 1334 2972 a
1365 2917 1530 2975 fratre
1552 2917 1684 2977 Cain

93 3020 394 3082 peremptus
438 3020 560 3068 est:
606 3012 945 3082 prtuligurata
974 3021 1058 3068 est
1086 3022 1139 3067 et
1172 3028 1266 3082 per
1303 3012 1482 3077 Isaac,
1522 3028 1684 3082 quem

94 3111 234 3168 pater
254 3101 306 3159 iu
330 3102 714 3160 holocaustum
738 3103 935 3160 obtulit
954 3103 1213 3158 Domino:
1239 3104 1490 3159 similiter
1509 3113 1565 3158 et
1589 3118 1683 3173 per

90 3191 313 3267 loseph,
351 3211 516 3268 quem
554 3197 750 3254 fratres
782 3196 1178 3252 vendiderunt:
1225 3196 1565 3267 praeﬁgurata
1597 3188 1753 3256 estC

88 3289 242 3344 etiam
292 3305 447 3346 mors
493 3293 611 3360 ejus
654 3292 704 3346 in
759 3291 991 3347 diversis
1032 3290 1424 3346 sacriﬁciorum
1466 3292 1680 3348 ritibus.

87 3381 304 3449 Quaties
331 3398 466 3456 ergo
488 3399 634 3440 mors
655 3382 858 3439 Christi
886 3400 914 3439 a
943 3384 1144 3440 sanctis
1170 3384 1409 3454 patribus
1431 3394 1521 3440 aut
1547 3399 1683 3453 pta:-

89 3475 307 3545 tigurata
341 3486 437 3532 aut
465 3479 721 3549 przcdicta
753 3489 859 3546 eat,
888 3477 1232 3548 quasi’toties
1258 3477 1439 3549 Agnus
1468 3480 1683 3534 occisus

87 3578 182 3622 est.
211 3570 477 3638 Quamvis
506 3571 612 3628 hoc
642 3572 966 3642 simpliciter
1000 3572 1170 3642 possit
1195 3572 1446 3643 intelligi,
1481 3584 1536 3628 ut
1575 3588 1682 3629 non

85 3659 224 3716 dicat
253 3667 467 3734 Agnum
497 3665 738 3722 occisum
771 3665 839 3720 ab
867 3667 1078 3737 origine
1104 3666 1312 3733 mundi,
1338 3667 1430 3722 sed
1461 3669 1682 3724 nomina

84 3766 393 3813 sanctorum
424 3758 626 3832 scripta
655 3762 724 3813 ab
754 3759 966 3830 origine
1004 3759 1190 3816 mundi
1230 3759 1282 3814 in
1324 3759 1463 3814 libro
1501 3760 1635 3830 Agui
1664 3803 1678 3827 ,

82 3850 168 3920 qui
199 3866 299 3924 pro
325 3867 518 3912 eorum
547 3853 727 3910 salute
754 3851 967 3908 occisus
999 3863 1102 3908 est.

150 3943 334 4016 (Vers.
373 3946 492 4018 10.)
536 3947 640 4015 Qui
669 3949 721 4004 in
751 3948 1102 4016 captivitatem
1133 3947 1362 4014 duxerit,
1390 3947 1443 4000 in
1467 3948 1684 4018 captiui-

78 4048 230 4103 tatem
259 4043 437 4100 vadit:
459 4043 546 4114 qui
577 4043 629 4098 in
656 4044 830 4116 gladio
851 4043 1118 4110 acciderit,
1148 4053 1347 4116 Oportet
1373 4060 1486 4100 eum
1507 4045 1683 4118 gladio

81 4134 265 4191 occidi.
289 4134 661 4194 Antichristus
684 4137 775 4206 qui
802 4135 1057 4205 pepulum
1087 4135 1443 4192 christianum
1467 4155 1498 4196 a
1518 4135 1683 4194 Crea-

81 4234 192 4283 tore
221 4243 324 4284 suo
347 4229 666 4300 captivabit,
694 4230 808 4298 ipse
830 4246 859 4284 a
884 4230 1139 4302 praesenti
1167 4233 1274 4286 vita
1299 4231 1679 4303 captivabitur,

78 4332 129 4375 et
167 4323 220 4378 in
263 4324 539 4380 infernum
582 4324 936 4380 detrudetur;
981 4335 1031 4380 ct
1069 4327 1196 4396 quia
1235 4326 1420 4397 gladio
1461 4328 1682 4386 malitiae

81 4431 192 4472 sua:
222 4417 520 4478 multorum
560 4418 773 4472 animus
816 4429 1192 4489 perempturus
1237 4429 1351 4485 est,
1392 4420 1684 4492 gladioque

79 4510 354 4579 Corporali
397 4511 668 4582 justorunt
716 4526 947 4580 corpora
985 4500 1296 4576 occisurus,
1341 4513 1456 4582 ipse
1499 4513 1682 4584 gladio

1796 1898 1918 1938 esse
1945 1882 2319 1940 Antichristus
2347 1885 2400 1939 in
2428 1883 2683 1941 omnibus
2708 1885 2863 1953 locis,
2895 1884 2988 1942 ubi
3011 1884 3174 1940 fuerit
3205 1883 3407 1956 pracdi-

1792 1990 1948 2033 catus
1978 1993 2008 2032 s
2048 1978 2183 2034 suis.
2215 1978 2401 2036 Faciet
2451 1994 2686 2050 namque
2730 1981 2991 2035 miracula
3033 1978 3404 2036 Antichristus

1795 2082 1910 2128 arte
1947 2072 2217 2132 diabolica
2237 2116 2251 2141 ,
2292 2073 2494 2132 facient
2523 2083 2579 2129 et
2607 2073 2862 2145 discipuli
2892 2075 3044 2144 ejus:
3076 2073 3175 2130 sed
3207 2089 3401 2131 eorum

1795 2169 2060 2225 miracula
2091 2169 2226 2226 falsa
2256 2182 2445 2237 erunt,
2479 2179 2536 2227 et
2564 2186 2672 2228 non
2703 2187 2829 2226 vera
2851 2211 2867 2238 ,
2897 2171 3035 2227 sicut
3062 2169 3196 2227 dicit
3226 2171 3403 2243 Apos-

1794 2261 1968 2318 tolus:
2005 2260 2167 2336 Cujus
2191 2264 2443 2320 adventus
2470 2265 2566 2324 erit
2599 2264 2883 2319 secundum
2913 2264 3266 2333 operationem
3296 2265 3402 2318 Sa-

1793 2367 1946 2422 tante,
1982 2358 2035 2412 in
2065 2359 2300 2414 omnibus
2323 2357 2599 2414 virtutibus
2627 2372 2675 2412 et
2697 2359 2861 2428 signis
2890 2367 2934 2412 et
2966 2357 3220 2430 prodigiis
3258 2373 3400 2414 mett-

1793 2449 2007 2504 dacibus
2050 2450 2120 2522 (Il
2145 2449 2327 2508 Thess.
2356 2467 2447 2517 ιιι,
2470 2451 2550 2525 9).
2579 2451 2694 2506 Non
2727 2452 2871 2507 enim
2901 2450 3169 2508 credibile
3197 2461 3311 2516 est,
3343 2462 3401 2506 ut

1791 2560 1886 2600 eos
1913 2558 2049 2613 quos
2079 2544 2218 2599 Deus
2247 2553 2656 2610 excmcaverat,
2685 2553 2777 2601 aut
2807 2543 3217 2610 dcbilitaverat,
3252 2545 3400 2600 saui-

1791 2635 1888 2690 tati
1912 2636 2125 2704 possint
2155 2637 2476 2694 restituere:
2524 2635 2621 2694 sed
2663 2652 2759 2693 eos
2801 2635 3215 2704 tantummodo,
3261 2652 3399 2707 quos

1792 2729 1893 2798 ipsi
1921 2728 2182 2793 la-serint,
2203 2729 2465 2788 laedentes
2489 2731 2543 2786 iu
2561 2730 2799 2798 occulto,
2821 2740 3079 2786 sanantes
3102 2728 3155 2786 in
3179 2740 3394 2800 aperto.

1790 2825 1896 2882 Sed
1928 2836 1984 2882 et
2011 2825 2128 2896 ipse
2156 2826 2530 2882 Antichristus
2563 2827 2616 2882 in
2649 2834 2797 2881 tanta
2818 2825 3068 2887 claritate
3089 2840 3149 2879 se
3170 2824 3399 2881 homini-

1791 2917 1891 2974 bus
1916 2918 2333 2986 demonstrabit,
2359 2928 2416 2974 ut
2442 2918 2512 2974 ab
2542 2917 2922 2990 insipientibus
2942 2917 3194 2976 credatur
3219 2918 3392 2985 Deus,

1789 3013 1931 3070 sicut
1955 3013 2098 3069 dicit
2131 3013 2463 3084 Apostolus:
2511 3011 2598 3068 Ita
2622 3024 2676 3067 ut
2709 3013 2761 3067 in
2786 3012 2980 3083 templo
3005 3011 3199 3080 sedeat,
3228 3023 3400 3070 osten-

1788 3105 1912 3160 dens
1936 3121 1991 3160 se
2015 3117 2273 3176 tamquam
2301 3106 2364 3160 sit
2387 3104 2531 3160 Deus
2553 3103 2745 3176 (lbid.,
2775 3103 2852 3174 4).

1858 3199 2046 3272 (Vers.
2077 3185 2191 3272 15.)
2237 3199 2303 3255 Et
2333 3200 2455 3270 fecit
2499 3210 2716 3267 terram,
2752 3208 2800 3254 et
2843 3197 3193 3254 inhabitantes
3223 3198 3278 3253 in
3302 3214 3398 3266 ea,

1783 3294 2003 3350 adorare
2026 3294 2240 3349 bestiam
2261 3295 2508 3363 priurum,
2529 3295 2681 3366 cujus
2703 3301 2886 3346 curata
2903 3301 2978 3347 est
3002 3291 3160 3364 plaga
3190 3291 3390 3346 mortis.

1788 3388 1854 3442 Et
1895 3390 2017 3460 fecit
2057 3389 2205 3461 signa
2253 3405 2473 3460 magna,
2505 3390 2577 3444 ita
2609 3397 2665 3442 ut
2705 3388 2863 3442 etiam
2906 3388 3076 3457 ignem
3107 3387 3295 3455 faceret
3330 3385 3395 3442 de

1783 3481 1907 3535 ctelo
1937 3480 2246 3536 descendere
2272 3481 2326 3534 in
2355 3490 2546 3540 terram
2575 3481 2631 3536 in
2661 3488 2938 3550 conspectu
2971 3478 3258 3534 hominum.
3286 3477 3393 3534 Le-

1783 3575 1962 3646 gimus
2007 3575 2060 3631 in
2115 3575 2254 3632 libro
2299 3575 2402 3631 Job
2449 3575 2727 3631 diabolum
2776 3589 2845 3628 ex
2893 3571 3256 3643 permissione
3298 3571 3392 3630 Dei

1785 3669 1963 3738 ignem
1992 3668 2187 3724 fecisse
2217 3668 2285 3723 de
2316 3667 2459 3724 caelo
2487 3665 2824 3724 descendere
2845 3706 2860 3733 ,
2891 3672 2948 3720 et
2970 3678 3102 3719 oves
3130 3663 3234 3720 Job
3261 3678 3394 3733 puc-

1785 3774 1987 3829 τοεσιιιθ
2014 3759 2426 3829 consumpsisse
2454 3757 2594 3831 μοι.
2627 3775 2666 3824 ι,
2699 3757 2809 3827 16).
2839 3756 2994 3824 Quod
3011 3755 3274 3826 ergoillic
3296 3770 3394 3827 per

1784 3852 2135 3922 semetipsum
2169 3851 2330 3921 fecit,
2367 3853 2473 3907 hoe
2498 3867 2594 3923 per
2625 3849 3018 3914 Antichristum
3051 3857 3107 3904 et
3130 3862 3390 3919 sequaces

1783 3945 1903 4013 ejus
1931 3953 2179 4002 extremo
2208 3952 2452 4016 tempore
2483 3946 2671 4002 faciet.

1857 4038 2038 4104 (Vers.
2070 4036 2186 4110 14.)
2228 4037 2294 4092 Et
2319 4038 2525 4094 seduxit
2543 4036 2833 4092 habitantes
2864 4045 3055 4092 terram
3085 4045 3294 4108 propter
3319 4036 3391 4092 si-

1785 4149 1909 4205 gna,
1931 4149 2045 4204 qua:
2065 4134 2187 4189 data
2213 4144 2331 4187 sunt
2358 4134 2436 4188 illi
2461 4136 2629 4204 facere
2653 4133 2705 4186 in
2727 4141 3008 4203 conspectu
3024 4131 3217 4189 besliw.
3245 4131 3393 4190 Nihil

1785 4238 1864 4282 est
1892 4227 2036 4299 quod
2065 4227 2146 4284 sic
2175 4227 2398 4283 seducat
2428 4227 2704 4298 simplices
2733 4239 3002 4296 quosque,
3032 4225 3392 4295 quemadmo-

1786 4321 1916 4377 dum
1953 4321 2235 4392 siguorum
2265 4320 2680 4376 demonstratio.
2714 4317 2952 4388 Ideoque
2979 4317 3212 4374 ministri
3235 4316 3394 4380 Anti-

1785 4416 1974 4472 christi
2007 4424 2230 4486 prepter
2260 4415 2540 4486 signorum
2571 4411 2951 4485 operationem
2998 4410 3153 4467 facile
3194 4411 3391 4468 stulto-

1787 4524 1905 4564 rum
1935 4507 2337 4565 multitudinem
2368 4507 2662 4579 deeipient.
2692 4503 2884 4561 Dicens
2915 4504 3078 4578 552
3105 4505 3390 4561 habitanti-

76 4602 268 4658 mortis
297 4614 573 4676 perpetua:
600 4602 968 4660 damnabitur.
1004 4615 1024 4642 ε
1054 4603 1155 4664 llic
1177 4616 1248 4660 est
1273 4606 1524 4677 patientia
1545 4618 1594 4662 et
1615 4609 1679 4676 [ἱ-
1708 4588 1763 4649 Ῑ)
1788 4602 1881 4658 bus
1918 4604 1974 4657 in
2011 4612 2178 4667 terra,
2214 4611 2269 4657 ut
2299 4602 2496 4673 faciant
2533 4600 2811 4673 imaginem
2839 4598 3045 4668 bestiaz,
3090 4616 3204 4669 qua
3243 4599 3392 4658 liabet

76 4695 163 4750 des
191 4708 519 4763 sanctorum,
552 4697 602 4752 id
630 4705 736 4760 est,
771 4697 1026 4766 patientia
1051 4708 1102 4753 et
1130 4697 1262 4753 fich
1289 4710 1598 4755 sanctorum
1625 4703 1677 4757 in

78 4789 558 4856 persecutiouibus
584 4788 906 4846 Antichristi
935 4791 1400 4861 comprobabitur.

145 4879 338 4952 (Vers.
367 4881 479 4954 11.)
519 4879 588 4938 Ει
637 4882 738 4936 ridi
773 4884 930 4938 aliam
971 4883 1181 4938 bestiam
1222 4885 1580 4942 ascendentem
1617 4889 1681 4945 de

72 4982 232 5039 terra,
265 4973 534 5030 habentem
562 4990 756 5030 cornua
781 4974 884 5028 duo
908 4975 1102 5030 similia
1127 4976 1281 5048 Agui,
1305 4985 1353 5032 et
1381 4978 1682 5049 loquebatur

73 5068 206 5124 sicut
235 5068 420 5124 draco.
446 5067 576 5126 Ηωο
603 5069 775 5130 bestia
806 5077 900 5126 aut
927 5085 1090 5128 unum
1126 5085 1189 5125 ex
1222 5070 1508 5142 discipulis
1530 5074 1686 5132 Anti-

75 5159 271 5217 christi
304 5161 554 5233 designat
582 5161 913 5220 deteriorem
945 5162 1180 5230 caneris,
1213 5172 1308 5219 aut
1336 5167 1558 5232 multos,
1592 5168 1685 5238 qui

74 5267 202 5308 eum
233 5253 584 5325 prredicaturi
617 5263 764 5310 sunt.
790 5254 920 5322 Qua:
947 5253 1017 5309 de
1050 5263 1193 5314 terra
1225 5257 1535 5313 ascendisse
1568 5260 1682 5318 visa

74 5353 188 5410 est;
220 5347 352 5416 quia
382 5347 448 5402 de
473 5349 736 5403 societate
766 5348 1124 5418 reproborutn
1153 5363 1443 5422 exsurget:
1467 5352 1685 5426 duoque

72 5454 286 5500 cornua
314 5442 510 5500 similia
538 5442 682 5514 Agni
704 5442 962 5499 habuisse
992 5442 1101 5498 visa
1129 5453 1236 5498 est.
1262 5445 1525 5518 Superius
1545 5448 1685 5504 dixi-

73 5548 195 5586 mus
225 5549 328 5604 per
353 5543 560 5607 septem
584 5549 791 5590 cornua
825 5536 960 5606 Agni
992 5551 1182 5590 omnes
1213 5537 1416 5593 electos
1439 5553 1562 5596 esse
1589 5541 1683 5598 de-

73 5626 348 5696 signatos,
381 5641 517 5700 quos
541 5627 594 5683 iu
619 5635 829 5697 septem
855 5635 1036 5698 partes
1058 5626 1378 5685 divisimus:
1412 5645 1509 5701 per
1529 5633 1684 5703 quin-

153 5772 182 5848 :
224 5761 494 5848 'mss.;
520 5763 670 5848 edit...
687 5776 843 5848 vero,
872 5762 1007 5848 nihil
1028 5766 1175 5848 pequ
1201 5765 1318 5831 erit,
1338 5774 1558 5848 tantum,
1581 5776 1690 5826 etc.

156 5831 186 5872 δ
234 5831 408 5901 Edit.,
447 5845 493 5889 et
531 5834 911 5890 dealbabuntur
952 5831 1189 5908 plurimi,
1227 5851 1361 5894 mss.
1403 5831 1607 5908 autem,
1649 5851 1698 5898 et

1787 4697 1997 4767 plagam
2028 4696 2220 4768 gladii,
2256 4705 2302 4748 et
2331 4696 2496 4759 vixit;
2530 4693 2816 4761 videlicet,
2868 4702 2929 4754 ut
2967 4693 3024 4750 in
3067 4693 3397 4765 imaginibus

1784 4788 2158 4846 Antichristus
2185 4789 2462 4848 adoretur.
2501 4787 2658 4858 Quod
2693 4800 2875 4844 autem
2911 4788 3142 4846 bestiam
3181 4789 3393 4860 plagam

1782 4881 1952 4952 gladii
1985 4881 2242 4938 habuisse
2278 4880 2435 4950 dixit,
2467 4892 2523 4937 et
2553 4881 2783 4950 vixisse,
2816 4889 2998 4954 potest
3037 4879 3157 4936 ﬁeri
3191 4889 3250 4936 ut
3274 4888 3396 4936 arte

1785 4974 2054 5030 diabolica
2085 4974 2250 5046 ﬁngat
2270 4988 2330 5030 se
2358 4974 2728 5034 Antichristus
2757 4975 2894 5030 mori
2921 4985 2973 5030 et
3002 4987 3310 5044 resurgere,
3337 4983 3398 5028 ut

1791 5068 1892 5125 hoc
1943 5068 2089 5123 facto
2131 5068 2348 5125 facilius
2397 5069 2649 5126 homines
2695 5069 2971 5139 decipiat:
3021 5065 3166 5138 quod
3203 5065 3394 5124 Simon

1790 5177 1981 5234 magus
2002 5161 2203 5218 fecisse
2230 5162 2454 5218 dicitur.

1862 5258 2045 5331 (Vers.
2079 5257 2195 5331 15.)
2240 5257 2305 5314 Et
2327 5259 2506 5314 datum
2531 5268 2603 5318 est
2633 5257 2712 5314 illi
2737 5266 2792 5310 ut
2819 5255 2967 5310 daret
2997 5253 3240 5324 spiritum
3259 5255 3394 5310 inta-

1788 5353 1897 5424 gini
1926 5353 2121 5418 bestico,
2154 5362 2201 5408 et
2224 5361 2278 5408 ut
2306 5353 2545 5424 loquatur
2585 5354 2756 5422 imago
2795 5349 2987 5404 bestiae.
3034 5347 3141 5404 Sed
3185 5359 3238 5402 et
3288 5349 3393 5406 hoc

1789 5445 2056 5517 quosdam
2086 5460 2274 5516 magos
2303 5445 2499 5502 fecisse
2527 5442 2871 5508 audivimus;
2901 5438 3176 5500 faciebant
3194 5441 3398 5514 quippe

1793 5556 1888 5611 per
1918 5538 2378 5595 necromanticam
2404 5547 2600 5598 artem,
2628 5543 2683 5587 ut
2709 5541 2902 5587 statuae
2929 5534 3246 5588 viderentur
3273 5549 3394 5590 mo-

1793 5634 1928 5701 veri,
1958 5639 2015 5689 ct
2042 5632 2208 5703 loqui.
2236 5631 2530 5685 Possumus
2563 5626 2666 5681 hoc
2688 5625 2846 5681 aliter
2869 5625 3397 5700 intelligerelmago

1802 5770 2204 5830 dealbabuntur,
2237 5776 2282 5820 et
2313 5763 2463 5836 quasi
2490 5777 2697 5836 aurum,
2725 5769 2833 5836 etc.

1879 5844 1904 5876 °
1945 5838 2130 5898 Codex
2163 5833 2346 5906 Gemi,
2389 5834 2490 5891 Hic
2517 5833 2772 5906 sapientia
2801 5841 2895 5903 est,
2926 5844 3032 5892 etc.
