3950 6314
547 253 653 308 887

1537 251 1629 307 AD
1664 250 1893 308 UPERA
1936 249 2182 310 SANCTI
2218 249 2542 310 AMBROSII
2594 251 2966 310 APPENDIX.
3630 258 3694 326 ωε

547 375 792 445 speciem
825 373 989 430 habet
1013 372 1271 438 hominis,
1302 371 1399 428 sed
1427 385 1535 428 non
1560 381 1648 427 est
1676 371 1871 427 homo:
1903 371 2155 426 similiter
2183 377 2235 436 Α
2259 370 2403 442 quod
2426 372 2526 428 eia
2551 372 2868 444 parentibus
2896 372 3228 445 imponetur,
3251 372 3383 432 hunc
3400 391 3702 445 numeramus.

548 475 606 522 et
637 467 1004 522 Antichristus
1030 474 1252 537 pr0pter
1280 464 1658 536 operationem
1692 465 1949 520 virtutum
1994 473 2156 536 atque

549 562 828 634 signorum
861 560 1141 632 putabitur
1169 573 1291 615 esse
1319 560 1460 614 Deus
1482 599 1498 622 ,
1547 558 1640 615 sed
1672 557 1776 612 hoc
1804 556 2154 613 falsissimum

550 657 703 723 erit;
735 671 843 711 non
874 655 1020 711 enim
1052 664 1231 725 potest
1259 653 1378 710 fieri
1404 663 1466 708 ut
1494 652 1658 708 homo
1684 651 2037 724 impiissimus
2061 651 2160 706 ali-

549 750 680 820 quid
703 749 919 805 deitatis
949 749 1002 804 in
1033 763 1093 804 se
1117 747 1334 803 habeat.
1359 746 1656 818 Imaginem
1679 761 1808 815 ergo
1835 744 2155 800 Antichristi

551 843 779 909 facient,
811 843 903 912 qui
932 857 1054 897 eum
1097 840 1264 896 Deum
1307 839 1732 896 existimabunt:
1763 838 1997 892 ministri
2027 853 2158 893 vero

550 935 876 990 Antichristi
907 935 1160 1005 spiritum
1193 933 1414 1003 imagini
1446 933 1639 988 bestim
1660 931 1888 996 dabunt,
1913 946 2037 986 cum
2064 945 2159 986 eos

550 1029 641 1100 qui
669 1027 1005 1083 crediderint
1039 1027 1092 1080 in
1126 1025 1524 1080 Antichristum
1547 1068 1560 1092 ,
1595 1024 1875 1080 Christum
1906 1024 2162 1096 blaSphe-

552 1139 706 1180 mat'e
735 1123 1084 1192 compellent.
1127 1120 1195 1174 Et
1230 1122 1382 1192 faciet
1414 1131 1468 1174 ut
1503 1121 1809 1191 quicumque
1838 1137 1941 1174 non
1973 1120 2162 1174 adora-

553 1219 719 1273 reriut
745 1217 1022 1290 imaginem
1057 1216 1250 1282 bestiw,
1280 1215 1598 1269 occidantur.
1632 1212 1850 1269 Fideles
1882 1214 1972 1282 qui
2008 1213 2162 1268 Anti-

550 1313 820 1369 christum
846 1315 1079 1368 adorare
1103 1312 1405 1379 noluerint,
1435 1309 1669 1366 diversis
1698 1309 1876 1380 poenis
1906 1311 2162 1364 macerati

550 1406 979 1471 interficientur;
1006 1407 1108 1462 erit
1135 1421 1369 1476 namque
1389 1406 1512 1460 talis
1542 1403 1842 1469 tribulatio,
1863 1405 2005 1458 sicut
2027 1404 2165 1458 dixit

552 1499 820 1555 Dominus
853 1501 905 1554 in
936 1499 1232 1570 Evangelio
1264 1497 1480 1570 (Matth.
1516 1513 1666 1564 xxiv,
1701 1496 1819 1569 2i),
1849 1497 2027 1568 qualis
2053 1512 2162 1553 non

553 1596 754 1651 fuitab
784 1595 967 1661 initio,
1003 1609 1179 1665 neque
1217 1593 1343 1659 fiet,
1390 1594 1463 1647 ita
1508 1603 1565 1647 ut
1614 1593 1665 1647 in
1711 1606 1958 1647 errorem
2008 1591 2165 1647 indu-

557 1699 754 1745 cantur
780 1688 969 1753 electi,
999 1689 1043 1744 si
1080 1687 1195 1742 fieri
1223 1695 1426 1758 potest.

2257 466 2471 522 tinent?

2327 560 2558 617 CAPUT
2590 560 2735 618 XIV.
2759 593 2828 603 —
2848 562 3033 632 (Vers.
3067 563 3148 634 1.)
3189 562 3256 618 Et
3282 565 3406 632 uidi,
3431 578 3470 622 et
3492 584 3579 625 ecce
3605 574 3714 646 Agna

2256 656 2422 710 stabat
2450 671 2608 727 supra
2638 665 2867 711 montem
2896 656 3052 713 Sion.
3090 657 3146 715 Si
3182 658 3452 731 diligenter
3477 672 3631 722 textum
3651 671 3717 725 lec-

2257 749 2422 806 tionis
2465 751 2745 821 sequentis
2793 751 3168 821 inspiciamus,
3207 752 3322 808 haec
3353 769 3458 824 quae
3500 757 3554 813 de
3585 773 3721 816 conum

2259 843 2614 916 quadraginta
2657 853 2892 915 quatuor
2926 846 3178 901 millibus
3208 845 3468 914 dicuntur,
3519 851 3572 906 ad
3599 853 3725 912 electos

2260 937 2441 1008 potius
2469 979 2482 1003 ,
2528 952 2760 1008 quorum
2798 940 2995 995 anima:
3035 941 3090 996 in
3132 941 3342 997 cmlesti
3371 943 3638 1003 beatitudine
3655 965 3728 1005 cun

2262 1031 2494 1086 Domino
2519 1030 2813 1099 exsultant,
2837 1048 2998 1100 quam
3025 1033 3092 1087 ad
3120 1048 3217 1089 eos
3241 1035 3333 1105 qui
3359 1034 3408 1090 in
3435 1035 3520 1091 hac
3543 1039 3622 1093 vita
3642 1041 3731 1097 labo-

2261 1131 2419 1189 rant,
2463 1121 2764 1178 videbimus
2803 1124 3104 1194 pertinere.
3153 1127 3339 1196 Agnus
3371 1127 3530 1198 itaque
3550 1127 3733 1190 Christum

2263 1215 2601 1271 demonstrat
2640 1233 2652 1268 :
2687 1214 2821 1271 Sion
2871 1225 3050 1272 autem
3093 1218 3394 1287 speculatio
3433 1219 3736 1290 interpretatur:

2265 1323 2363 1379 per
2389 1317 2638 1365 montem
2667 1323 2799 1364 vero
2825 1309 2956 1365 Sion
2984 1310 3266 1366 caelestem
3299 1313 3512 1382 patriam
3539 1314 3740 1386 intelligere

2265 1400 2552 1457 debemus.
2576 1401 2634 1457 in
2668 1412 2853 1458 monte
2881 1403 3044 1476 igitur
3063 1405 3195 1462 Sion
3218 1403 3403 1477 Agnus
3423 1407 3554 1462 visus
3574 1418 3651 1474 est,
3669 1417 3741 1482 quia

2266 1490 2319 1546 in
2352 1493 2561 1549 cmlcsti
2609 1493 2946 1551 beatitudine
2987 1510 3112 1551 cum
3168 1499 3375 1553 sanctis
3411 1499 3511 1554 suis
3541 1498 3744 1560 1tChr'L-tus

2266 1588 2541 1643 consistit.
2569 1587 2636 1642 Et
2651 1605 2770 1644 cum
2791 1590 2884 1645 illo
2905 1601 3111 1646 centum
3137 1592 3481 1665 quadraginta
3494 1605 3665 1664 quatuor
3679 1599 3747 1651 stil-

2269 1679 2359 1746 lia,
2387 1679 2628 1735 habentes
2649 1698 2830 1736 nomen
2853 1686 2984 1756 ejus,
3007 1693 3054 1738 et
3076 1701 3262 1738 nomen
3283 1683 3460 1741 Patris
3477 1689 3573 1759 ejtts
3591 1690 3750 1758 scriptu

629 1781 817 1855 (Vers.
853 1782 966 1852 16.)
1007 1780 1074 1835 Et
1105 1782 1260 1852 faciet
1281 1796 1456 1834 omnes
1489 1779 1704 1849 pusillos
1739 1789 1786 1834 et
1821 1794 2037 1852 magnos
2062 1820 2076 1843 ,
2113 1788 2160 1832 et
2191 1774 2236 1834 Β
2265 1774 2318 1827 in
2348 1774 2606 1844 frontibus
2632 1775 2762 1831 suis.
2793 1775 2850 1830 In
2895 1778 3054 1833 tertia
3098 1778 3308 1835 visione
3341 1795 3458 1848 quae
3483 1780 3601 1836 hanc
3627 1799 3753 1852 prace-

559 1878 742 1932 divites
771 1886 817 1931 et
848 1892 1104 1947 pauperes
1126 1918 1140 1940 ,
1173 1885 1220 1928 et
1241 1873 1428 1929 liberos
1453 1882 1498 1928 et
1525 1889 1698 1927 servos
1724 1870 1911 1926 habere
1949 1870 2167 1925 charac-

561 1979 716 2025 terem
746 1970 798 2024 in
830 1969 1044 2024 dextera
1078 1984 1258 2034 manu,
1302 1976 1392 2019 aut
1427 1965 1480 2018 in
1515 1966 1769 2036 frontibus
1810 1966 1937 2019 suis.
1983 1964 2169 2020 Potest

559 2061 683 2117 fieri
717 2073 773 2117 ut
822 2063 962 2118 sicut
990 2077 1090 2118 nos
1121 2060 1386 2116 habemus
1425 2058 1802 2114 characterem
1828 2056 2071 2125 Christi,
2117 2056 2168 2112 id

563 2165 670 2220 est,
703 2171 947 2221 crucem,
980 2171 1084 2226 qua
1113 2155 1428 2226 signantur;
1461 2152 1533 2207 ita
1565 2151 1764 2207 habeat
1796 2148 2170 2206 Antichristus

559 2249 846 2321 proprium
874 2250 1276 2316 characterem,
1307 2262 1417 2318 quo
1445 2235 1731 2318 signentur
1759 2245 1817 2310 ii,
1851 2244 1946 2314 qui
1969 2244 2019 2297 in
2044 2258 2168 2299 eum

559 2342 918 2398 crediderint.
953 2343 1246 2397 Possumus
1275 2349 1332 2396 et
1363 2341 1467 2395 hoc
1494 2339 1655 2394 aliter
1684 2336 2014 2407 intelligere.
2048 2336 2171 2391 Dis-

559 2437 728 2508 cipuli
759 2435 1082 2492 Antichristi
1133 2433 1448 2489 laudatores
1478 2439 1643 2488 erunt
1672 2430 1930 2486 vitiorum
1953 2471 1967 2495 ,
2007 2427 2171 2485 doce-

560 2533 702 2587 bunt
721 2531 866 2586 enim
897 2528 1022 2584 ideo
1050 2529 1077 2556 ⁸
1099 2535 1340 2584 creatum
1366 2525 1549 2581 vinum
1572 2533 1907 2594 cteterasque
1928 2521 2167 2590 divitias,

563 2637 622 2682 ut
654 2627 906 2682 homines
933 2625 999 2679 iis
1021 2621 1391 2689 abundanter,
1417 2628 1474 2676 et
1493 2618 1830 2675 sufficienter
1853 2625 2168 2672 uterentur:

562 2719 800 2790 ideoque
831 2718 1028 2774 fecisse
1053 2717 1222 2772 Deum
1251 2713 1514 2786 genitalia
1543 2712 1809 2778 membra,
1839 2720 1898 2766 ut
1920 2711 2171 2766 homines

561 2811 784 2866 feminis
806 2811 1195 2874 miscerentur,
1220 2815 1275 2862 ct
1300 2806 1454 2862 nefas
1479 2819 1600 2861 esse
1627 2813 1686 2858 ut
1711 2803 1906 2874 aliquis
1929 2819 1958 2859 a
1981 2817 2173 2858 concu-

558 2903 678 2958 bitu
724 2903 998 2960 abstineat
1026 2921 1038 2956 :
1064 2902 1246 2958 omnia
1282 2901 1558 2958 desideria
1587 2900 1826 2956 carnalia
1856 2913 1982 2955 esse
2011 2898 2169 2969 perfi-

563 2997 782 3053 cienda.
807 2998 942 3053 Cum
965 3005 1150 3053 autem
1174 2997 1334 3051 istam
1362 2994 1654 3051 nefandam
1677 2993 1982 3049 doctrinam
2007 2993 2172 3048 virtu-

2269 1866 2370 1935 dit,
2395 1877 2614 1924 centum
2646 1869 3000 1942 quadraginta
3029 1882 3264 1942 quatuor
3296 1873 3463 1928 millia
3487 1890 3548 1928 ex
3565 1875 3754 1932 duodecim

2271 1961 2520 2016 tribubus
2539 1962 2736 2031 electa,
2760 1972 2817 2019 et
2841 1963 2997 2036 signo
3022 1965 3147 2022 fidei
3169 1966 3382 2037 signata
3407 1966 3560 2023 fuisse
3575 1968 3753 2024 dicuntur.

2272 2051 2370 2108 Illa
2401 2068 2532 2125 ergo
2559 2063 2778 2110 centum
2818 2056 3180 2128 quadraginta
3216 2069 3448 2129 quatuor
3483 2059 3648 2125 millia,
3676 2064 3758 2116 sint

2271 2148 2544 2218 expositio
2575 2149 2854 2205 nominum
2895 2149 3186 2208 duodecim
3221 2152 3458 2208 tribuum
3498 2153 3756 2219 demonstrat,

2270 2239 2339 2295 ad
2366 2241 2571 2296 electos
2596 2241 2689 2313 qui
2719 2242 2772 2297 in
2807 2245 2908 2299 hac
2934 2244 3048 2299 vita
3089 2245 3376 2308 laborant.
3423 2245 3675 2318 perducat:
3702 2251 3758 2304 ista

2271 2347 2403 2388 vero
2428 2342 2650 2390 centum
2681 2335 3036 2408 quadraginta
3064 2347 3302 2408 quatuor
3329 2339 3494 2394 millia
3514 2340 3688 2406 electos,
3711 2343 3763 2412 qui

2272 2427 2327 2484 in
2355 2428 2570 2484 caelesti
2598 2430 2772 2501 gloria
2797 2446 2920 2487 cum
2948 2432 3180 2489 Domino
3215 2434 3496 2503 laetantur,
3527 2437 3766 2507 signiﬁcant,

2273 2522 2416 2578 sicut
2457 2530 2636 2579 textus
2679 2526 2968 2594 praesentis
3019 2527 3272 2583 lectionis
3321 2528 3592 2586 manifeste
3625 2530 3764 2584 indicat.

2275 2616 2382 2674 Sed
2408 2632 2506 2673 cur
2534 2633 2733 2674 nomen
2763 2619 2939 2676 Patris
2965 2630 3022 2677 et
3042 2621 3170 2678 Filii
3197 2623 3566 2680 tantummodo
3581 2624 3624 2680 in
3647 2624 3767 2679 fronti-

2273 2710 2377 2767 bus
2412 2710 2525 2767 suis
2564 2727 2661 2768 eos
2709 2713 2978 2782 scriptum
3032 2715 3235 2772 habere
3276 2717 3429 2786 dicit,
3474 2729 3526 2774 et
3558 2719 3614 2774 de
3635 2717 3767 2788 Spiritu

2276 2813 2466 2860 sancto
2495 2805 2751 2861 reticuit?
2769 2805 2906 2876 Quia
2932 2807 3193 2866 videlicet
3225 2810 3544 2884 ubicumque
3566 2814 3722 2869 Patrem
3740 2823 3772 2866 et

2277 2895 2474 2952 Filium
2505 2897 2738 2970 legimus
2757 2941 2771 2966 ,
2802 2899 3112 2973 intelligere
3142 2902 3408 2961 debemus
3445 2906 3668 2978 Spiritum
3696 2921 3773 2961 ssu-

2277 3000 2450 3048 ctum.
2483 2991 2781 3049 Possumus
2808 3003 2987 3052 autem
3020 3011 3118 3068 per
3139 2997 3354 3055 frontes
3380 3000 3537 3056 corda
3560 3011 3772 3056 sanctorum

563 3093 710 3148 tibus
728 3093 1147 3160 aflirmaverint,
1175 3103 1425 3149 terrenos
1445 3091 1699 3146 homines
1719 3090 1811 3161 qui
1837 3091 1990 3160 proni
2012 3097 2176 3144 erunt
2278 3087 2622 3160 intelligere:
2665 3105 2863 3146 nomen
2895 3090 3078 3163 itaque
3108 3091 3286 3149 Patris
3316 3103 3373 3150 et
3409 3093 3524 3150 Filii
3554 3104 3600 3150 et
3620 3093 3775 3165 Spiritus

566 3185 636 3240 ad
666 3187 868 3240 malum
899 3186 1075 3257 magis
1107 3201 1270 3258 quam
1303 3185 1373 3240 ad
1402 3186 1607 3241 bonum
1629 3226 1644 3252 ,
1679 3182 1838 3238 facile
1877 3183 2170 3254 decipient.
2203 3169 2249 3232 C
2279 3181 2452 3236 sancti
2477 3182 2530 3236 in
2555 3181 2830 3240 frontibus
2855 3183 2969 3240 suis
2992 3183 3192 3240 habent
3213 3187 3777 3258 scriptum;quiaamtu«

565 3281 726 3350 Saepe
758 3296 892 3336 vero
919 3297 1020 3353 per
1043 3295 1238 3336 manus
1260 3296 1428 3352 opera
1460 3279 1869 3351 intelliguntur:
1895 3279 2179 3334 characte-

572 3388 691 3429 rem
715 3388 848 3444 ergo
864 3372 1185 3430 Antichristi
1209 3374 1260 3428 in
1284 3373 1510 3429 dextera
1536 3388 1698 3428 manu
1722 3371 2022 3438 habebunt;
2053 3373 2177 3443 quia

572 3479 744 3536 opera
769 3465 1004 3536 maligna
1023 3464 1287 3521 doctrinae
1313 3463 1639 3521 Antichristi
1659 3463 2008 3532 congruentia
2031 3478 2182 3519 excr-

572 3559 806 3614 cebunt:
839 3557 1121 3614 habebunt
1150 3567 1204 3614 et
1236 3559 1289 3614 in
1319 3558 1521 3625 fronte,
1549 3571 1653 3628 per
1673 3572 1836 3628 quam
1861 3571 2020 3612 mens
2039 3569 2181 3618 saepe

571 3650 936 3718 discernitur;
968 3651 1097 3722 quia
1120 3665 1186 3706 ex
1215 3650 1401 3722 pravis
1421 3648 1700 3721 operibus,
1725 3664 1888 3721 quam
1915 3649 2180 3720 pessimus

571 3757 788 3804 mentes
817 3757 1032 3819 gerant,
1065 3747 1440 3819 dignoscetur.

640 3841 828 3912 (Vers.
856 3842 972 3913 17.)
1020 3841 1082 3896 Et
1111 3858 1173 3896 ne
1199 3843 1312 3913 quis
1346 3843 1511 3912 possit
1553 3842 1800 3907 vendere,
1850 3851 1942 3895 aut
1982 3856 2177 3906 emere,

571 3938 674 3991 nisi
695 3938 782 4008 qui
811 3937 1044 3992 habuerit
1066 3941 1417 3992 characterem
1444 3937 1671 3992 nominis
1703 3936 1910 4002 bestite,
1953 3946 2044 3990 aut
2084 3952 2174 3990 nu-

574 4046 775 4085 merum
824 4030 1050 4085 nominis
1095 4035 1227 4103 ejus.
1271 4029 1491 4086 Scimus
1533 4029 1829 4085 humanam
1875 4029 2040 4084 vitam
2071 4043 2181 4085 non

571 4137 739 4194 posse
755 4123 1081 4190 subsistere,
1099 4123 1200 4178 nisi
1226 4131 1320 4178 aut
1339 4123 1580 4179 vendant
1601 4124 1894 4194 aliquando
1909 4122 2180 4192 homines,

576 4224 672 4272 aut
701 4225 886 4272 emant
913 4233 928 4273 :
957 4231 1025 4271 eo
1055 4217 1239 4287 itaque
1269 4215 1587 4272 Antichristi
1624 4218 1935 4286 persecutio
1960 4231 2090 4288 erga
2116 4218 2181 4271 ti-

574 4309 731 4364 deles
760 4307 1034 4364 crudelius
1060 4309 1420 4378 grassabitur,
1452 4325 1559 4381 quo
1590 4311 1670 4365 eis
1701 4309 1804 4365 hoc
1833 4309 2181 4364 interdictum

575 4401 762 4468 fuerit,
805 4402 924 4458 sine
955 4417 1062 4473 quo
1090 4403 1276 4458 vivere
1302 4418 1410 4458 non
1437 4411 1712 4473 poterunt.
1746 4403 1972 4458 Facient
1992 4411 2176 4458 autem

579 4496 685 4552 hoc
707 4495 944 4551 ministri
974 4495 1325 4564 Antichristi,
1360 4506 1419 4551 ut
1459 4498 1515 4552 in
1559 4506 1805 4567 tempore
1843 4495 2184 4551 necessitatis

2282 3273 2427 3329 tibus
2452 3289 2641 3330 eorum
2668 3292 2826 3334 amor
2851 3277 2948 3332 Dei
2978 3293 3274 3348 numquam
3305 3279 3466 3336 avelli
3493 3278 3677 3350 poterit,
3695 3277 3776 3333 sicut

2281 3366 2503 3422 avulsus
2533 3377 2620 3422 est
2650 3382 2679 3422 a
2707 3369 2966 3425 cordibus
2996 3371 3360 3444 quorumdam
3408 3372 3778 3444 angelorum,qui

2282 3469 2506 3531 propter
2533 3462 2846 3532 superbiam
2879 3463 2947 3520 de
2976 3465 3116 3520 cmlo
3144 3443 3485 3522 ceciderunt.

2353 3553 2540 3627 (Vers.
2558 3555 2642 3627 2.)
2668 3554 2737 3611 Et
2763 3557 2938 3612 audivi
2963 3575 3133 3614 vocem
3156 3559 3221 3614 de
3240 3560 3391 3627 calo,
3421 3571 3655 3632 tamquam
3673 3574 3781 3613 recte

2281 3667 2538 3722 aquarum
2563 3653 2864 3721 multarum,
2888 3664 2936 3709 et
2957 3663 3218 3724 tamquam
3239 3672 3411 3711 vocem
3439 3655 3632 3710 tonitrui
3654 3654 3781 3724 mgni.

2280 3745 2440 3816 Smpe
2485 3761 2582 3817 per
2617 3745 2884 3803 Joannem
2928 3749 3215 3820 przcsentis
3256 3750 3380 3806 vita:
3424 3751 3598 3808 ﬁdeles
3635 3751 3784 3806 demou-

2282 3847 2567 3895 strautur:
2625 3856 2721 3911 per
2767 3856 2936 3912 aquas
2988 3857 3125 3898 vero
3171 3843 3355 3914 populi
3405 3844 3722 3916 designantur.
3749 3839 3786 3895 Et

2283 3935 2413 4006 quia
2437 3934 2503 3990 de
2525 3936 2779 3992 omnibus
2799 3936 3052 4008 gentibus
3082 3937 3324 4008 quotidie
3350 3939 3656 4011 colliguntur
3671 3936 3788 3996 electi.

2283 4038 2342 4085 et
2371 4031 2423 4084 in
2453 4029 2664 4086 caelesti
2696 4030 3032 4087 beatitudine
3059 4031 3428 4100 collocantur,
3474 4032 3634 4089 sancti
3666 4032 3730 4086 Dei
3758 4029 3788 4082 iu

2284 4135 2429 4182 terra
2458 4127 2777 4197 constituti,
2826 4127 2920 4199 qui
2960 4142 3055 4198 per
3081 4127 3350 4184 Joannem
3378 4128 3714 4200 designantur,
3730 4138 3789 4177 ro-

2284 4235 2402 4278 cem
2437 4235 2699 4290 aquarum
2733 4222 3030 4277 multarum
3057 4221 3280 4278 assidue
3310 4223 3565 4286 audiunt;
3593 4220 3694 4291 quia
3714 4216 3795 4271 dot-

2287 4316 2485 4370 trinam
2529 4324 2843 4371 sanctorum
2889 4317 2942 4371 in
2984 4315 3141 4372 cmlis
3168 4316 3582 4373 consistentium
3608 4325 3653 4372 et
3675 4310 3794 4369 cordis

2285 4407 2511 4462 auribus
2528 4409 2794 4478 sentiunt,
2815 4417 2872 4465 et
2894 4409 3100 4466 virtute
3119 4425 3225 4481 qua
3246 4420 3499 4482 possunt,
3519 4423 3678 4466 eorum
3696 4415 3794 4460 actus

2288 4501 2593 4555 imitantur.
2625 4499 2785 4557 Unde
2815 4511 2870 4558 et
2895 4501 3086 4558 eadem
3117 4518 3223 4558 vox
3265 4513 3537 4575 tamquam
3577 4501 3796 4558 tonitruu

577 4605 694 4657 eos,
725 4589 819 4660 qui
851 4589 1265 4647 christianitatis
1293 4591 1456 4647 fidem
1486 4590 1700 4648 occulte
1735 4604 1957 4646 servare
1997 4589 2181 4646 volue—
2207 4571 2263 4633 Ῑ)
2287 4607 2410 4649 esse
2439 4592 2664 4661 dicitur,
2709 4593 2857 4664 quod
2887 4594 3054 4651 corda
3083 4571 3422 4652 audientium
3465 4609 3650 4652 terrere
3681 4589 3798 4648 solet;

575 4684 707 4749 rint,
738 4683 1168 4755 deprehendant.

655 4777 838 4849 (Vers.
869 4779 986 4852 18.)
1019 4779 1121 4835 Hic
1146 4783 1403 4852 sapientia
1428 4792 1522 4840 est.
1553 4782 1654 4850 Qui
1675 4783 1824 4837 habet
1848 4782 2179 4847 intellectum,

578 4884 840 4946 computet
864 4891 1138 4931 numerum
1167 4875 1378 4943 besticc;
1408 4893 1655 4931 numerus
1682 4876 1818 4930 enim
1842 4875 2065 4930 hominis
2088 4886 2183 4943 est,

576 4979 625 5024 et
651 4988 897 5027 numerus
927 4975 1040 5045 ejus
1067 4981 1144 5026 est
1171 4973 1399 5026 sexcenti
1423 4973 1694 5044 sexaginta
1720 4987 1831 5026 sex.
1859 4969 1935 5025 De
1956 4969 2058 5025 hoc
2080 4986 2180 5024 nu-

577 5078 732 5120 mero
764 5063 918 5119 multi
950 5067 1126 5119 multa
1154 5063 1435 5131 dixerunt,
1467 5064 1732 5134 pluraque
1760 5065 1978 5117 nomina
2023 5077 2183 5132 repe-

576 5169 800 5224 rerum,
845 5160 902 5214 in
937 5172 1167 5230 quorum
1205 5156 1410 5212 litteris
1446 5155 1538 5212 hic
1579 5169 1838 5211 numerus
1884 5155 2182 5210 invenitur.

574 5242 784 5308 Tamen
810 5253 854 5307 si
885 5251 1110 5323 aliquod
1142 5267 1208 5307 ex
1242 5251 1308 5306 iis
1339 5247 2024 5305 nominibusAntichristus
2053 5263 2182 5318 pos-

575 5342 774 5410 sideat,
799 5346 1100 5416 praevidere
1143 5360 1250 5400 non
1278 5351 1607 5415 potuerunt:
1641 5343 1738 5398 sed
1767 5341 1837 5398 de
1864 5357 1924 5398 re
1967 5351 2075 5396 tam
2099 5341 2185 5396 in-

577 5448 728 5493 certa
757 5437 894 5493 nihil
917 5439 1093 5496 audeo
1120 5437 1373 5494 definire.
1411 5437 1544 5506 Quis
1580 5437 1726 5494 enim
1754 5437 1876 5505 scit,
1905 5437 1951 5492 si
1981 5451 2183 5494 nomen

649 5585 677 5613 ι
719 5575 794 5630 Ita
825 5591 982 5643 mss.;
1007 5578 1144 5635 edit.
1178 5594 1211 5634 e
1239 5579 1537 5647 contrario,
1572 5587 1804 5634 creatum
1834 5578 2016 5633 vitium
2031 5587 2180 5633 crete-

573 5661 760 5718 rasque
775 5647 1006 5720 divitias,
1032 5661 1086 5703 ut
1114 5652 1343 5704 homines
1362 5652 1426 5704 iis
1447 5651 1793 5720 abundanter,
1825 5660 1872 5706 et
1895 5649 2175 5719 efﬁcienter

573 5716 866 5792 uterentur.
899 5716 1029 5792 _Cum
1055 5731 1229 5792 autem
1255 5721 1409 5774 istam
1439 5722 1742 5792 nefandam,
1771 5716 1878 5778 etc.

644 5787 670 5825 ¹³
713 5791 853 5845 Etlit.
885 5789 1040 5857 Gill.,
1072 5789 1309 5846 Christus
1337 5787 1587 5847 consistit.
1618 5787 1818 5849 Etcum
1851 5792 1945 5848 illo
1971 5802 2174 5848 centum

2289 4695 2566 4742 terrentur
2577 4687 2749 4753 enim,
2765 4703 2888 4743 cum
2904 4688 2972 4744 ad
2991 4703 3181 4745 eorum
3203 4689 3585 4760 perfectionem
3605 4702 3654 4744 se
3673 4698 3803 4740 ascen-

2284 4781 2416 4837 dere
2446 4797 2553 4836 nou
2587 4796 2748 4853 posse
2777 4782 3146 4840 considerant.
3176 4782 3245 4836 Et
3271 4799 3373 4838 vox
3399 4800 3547 4856 quam
3571 4779 3729 4845 audiri,
3752 4778 3796 4830 si.

2287 4884 2373 4929 cut
2393 4873 2794 4928 citharoedorum
2819 4874 3244 4929 citharizantium
3281 4877 3336 4929 in
3365 4877 3576 4931 citharis
3604 4874 3707 4928 suis.
3728 4868 3802 4922 Vox

2287 4965 2723 5023 cithartedorum
2759 4966 2915 5022 valde
2937 4976 3021 5022 est
3050 4967 3226 5023 dulcis
3255 4967 3597 5024 audientibus
3625 4985 3636 5020 :
3660 4974 3703 5020 et
3722 4958 3804 5031 quid

2289 5061 2505 5117 dulcius
2537 5060 2806 5126 fidelibus,
2829 5076 2990 5132 quam
3021 5061 3287 5118 memoria
3319 5071 3621 5120 sanctorum
3639 5061 3682 5116 in
3702 5055 3808 5114 culis

2290 5156 2785 5223 commorantium;
2817 5155 2943 5212 dum
2970 5163 3171 5227 quanta
3201 5156 3275 5211 sit
3303 5171 3491 5212 eorum
3516 5155 3665 5227 gloria
3683 5159 3810 5206 mente

2289 5259 2650 5322 pertractant,
2670 5260 2834 5320 atque
2857 5257 2919 5305 ut
2945 5249 3012 5304 ad
3041 5247 3180 5304 hanc
3200 5249 3526 5320 quandoque
3546 5243 3806 5319 perveniant.

2287 5342 2608 5414 snppliciter
2637 5341 2899 5398 exorant?

2361 5434 2546 5508 (Vers.
2575 5435 2659 5507 ὃ.)
2701 5435 2772 5491 Et
2795 5435 3073 5493 cantabant
3099 5438 3250 5509 quasi
3277 5437 3533 5492 canticum
3559 5446 3714 5489 norant
3727 5435 3809 5482 catt

2286 5580 2632 5650 quadraginta
2647 5588 2872 5650 quatuor
2888 5579 3141 5643 millia,ex
3157 5579 3435 5650 duodecim
3455 5575 3660 5650 tribubus
3673 5572 3804 5626 electa.

2278 5651 2413 5708 edit.
2448 5651 2631 5718 Rom.,
2662 5649 2899 5706 Christus
2935 5651 3190 5706 consistit.
3213 5649 3282 5704 In
3310 5649 3646 5722 superioribus
3665 5653 3807 5714 gluttu

2278 5734 2481 5777 centum
2503 5723 2852 5795 quadraginta
2873 5731 3097 5791 quatuor
3124 5723 3317 5790 millia,
3341 5720 3409 5779 ea:
3433 5720 3691 5783 duodecim,
3708 5724 3802 5767 ett:

2281 5809 2412 5854 mss.
2446 5806 2629 5852 autem
2661 5807 2719 5853 ut
2746 5796 2800 5851 in
2829 5798 3111 5852 contextu.
