3950 6314
88 326 182 385 389
803 314 872 373 IN
907 312 1381 372 APOCALYPSIN
1422 309 1808 369 EXPOSITIO.
1852 310 1943 368 DE
1986 311 2255 371 VlSlONE
2292 312 2602 383 QUARTA.

3261 314 3369 371 890

90 443 261 506 sedem,
291 448 335 495 et
372 445 496 493 ante
520 443 734 507 quatuor
759 433 1041 499 animalia,
1068 440 1117 487 et
1146 431 1403 486 seniores:
1434 440 1483 485 et
1514 444 1661 484 nemo
1688 432 1741 491 Α
1768 427 1898 485 facit
1928 428 2072 486 ﬁlios
2097 429 2215 487 Dei.
2248 430 2463 489 Habent
2491 442 2548 490 et
2579 432 2771 490 ﬁdeles
2814 432 2868 488 in
2916 431 3017 489 hac
3058 431 3167 489 vita
3207 432 3371 504 positi

90 541 273 607 poterat
300 533 470 585 dicere
508 529 759 583 canticum
784 568 799 591 ,
838 525 940 581 nisi
966 526 1063 579 illa
1092 534 1298 579 centum
1323 523 1667 595 quadraginta

90 639 288 701 quatuor
315 625 502 689 millia,
540 622 627 693 qui
663 622 819 691 empti
860 629 977 673 sunt
1022 619 1086 673 de
1124 628 1279 673 terra.
1332 616 1429 671 Hic
1472 631 1664 686 magna

88 720 235 794 553
272 716 571 772 obscuritas
610 725 726 779 est;
764 713 896 769 dicit
937 713 1141 784 quippe
1169 720 1394 768 centum
1427 710 1663 781 quadra-

89 820 225 887 ginta
252 823 482 883 quatuor
525 810 697 865 millia
748 823 854 863 non
900 807 1073 862 fuisse
1121 807 1502 877 coinquinatos
1542 819 1664 859 cum

86 906 410 971 mulieribus,
439 904 791 975 virginesque
821 915 974 967 esse;
1020 908 1077 955 et
1115 899 1239 956 ideo
1267 902 1539 955 canticum
1567 912 1667 953 no-

89 1017 203 1057 vum
228 1008 468 1063 cantare,
496 996 641 1069 quod
665 1009 827 1052 nemo
851 1002 1029 1065 petest
1051 993 1258 1059 dicere,
1284 994 1389 1049 nisi
1419 991 1497 1048 illi
1528 991 1663 1046 soli:

87 1094 274 1149 scimus
300 1100 475 1145 autem
509 1089 773 1159 quosdam
802 1104 869 1143 ex
906 1089 1173 1159 apostolis
1208 1097 1372 1159 atque
1408 1086 1664 1158 martyri-

85 1186 179 1242 bus
206 1198 398 1238 uxores
440 1182 717 1238 habuisse.
764 1180 1038 1249 Numquid
1087 1181 1123 1236 ii
1163 1180 1252 1251 qui
1294 1179 1661 1251 virginitatem

82 1280 317 1350 eorporis
344 1291 569 1333 servare
599 1276 959 1342 studuerunt,
990 1275 1178 1331 laudes
1204 1277 1318 1331 Deo
1337 1274 1659 1340 decantant,

81 1386 130 1431 et
153 1374 234 1429 isti
265 1374 317 1428 in
340 1371 591 1428 laudibus
629 1372 727 1427 Dei
757 1372 887 1426 muti
916 1372 1225 1427 exsistunt?
1265 1371 1498 1425 Maxime
1534 1384 1655 1425 cum

81 1467 299 1521 sciamus
320 1482 384 1521 ex
403 1474 638 1536 utroque
654 1481 788 1520 sexu
806 1465 956 1535 parvi
979 1463 1161 1521 meriti
1176 1464 1423 1519 homines
1437 1461 1660 1533 virgini-

81 1571 229 1617 tatem
256 1562 500 1633 corporis
525 1576 695 1632 usque
720 1560 788 1615 ad
816 1570 1045 1616 mortem
1077 1574 1349 1624 servasse,
1374 1559 1515 1614 sicut
1536 1564 1663 1613 sunt

30 1722 31 1725 η
79 1656 299 1711 infantes
328 1667 382 1711 et
422 1656 599 1726 pueri,
638 1671 778 1727 quos
820 1664 953 1711 tetas
992 1654 1359 1725 virginitatem
1404 1653 1660 1707 amittere

34 1734 41 1741 ”
78 1766 173 1805 non
194 1750 474 1821 permittit.
496 1748 746 1806 Vidimus
768 1751 932 1805 etiam
955 1748 1222 1820 quosdam
1244 1747 1512 1818 aliquibus
1531 1761 1657 1817 pec-

1768 528 1983 583 cantica
2007 540 2141 594 sua,
2178 528 2276 583 sed
2312 529 2365 584 in
2414 530 2482 585 iis
2526 531 2756 587 canticis
2800 546 2948 602 stupe
2992 530 3270 587 confessio
3311 528 3373 586 ﬁt

1768 628 2150 689 peccatorum,
2198 635 2345 691 stupe
2392 636 2493 692 pro
2547 624 2790 692 peccatis
2832 623 3175 694 deprecatio,
3224 637 3372 694 saepe

1767 716 2222 770 commemoratio
2252 725 2647 773 tormentorum
2672 731 3032 775 :cternorum:
3058 718 3293 789 ideoque
3313 717 3367 773 in

1768 806 1925 862 ﬁetus
1958 822 2105 878 saepe
2134 816 2423 865 cantantes
2450 812 2714 875 excitant,
2736 825 2883 881 saepe
2910 812 2965 867 in
2995 810 3247 867 laudibus
3276 810 3372 868 Dei

1767 914 1925 955 orare
1952 901 2164 968 solent,
2195 916 2342 973 stupe
2368 902 2435 957 ad
2467 918 2620 974 spem
2653 904 2899 961 caelestis
2926 906 3120 976 patria:
3157 914 3370 961 mentes

1769 994 2010 1051 ﬁdelium
2042 995 2289 1051 elevant:
2342 998 2395 1051 in
2427 996 2520 1051 illo
2546 1012 2682 1052 vero
2703 1000 2922 1055 cantico
2946 999 3234 1070 spirituum
3257 1013 3371 1055 cm-

1766 1088 1985 1145 lestium
2018 1090 2154 1145 nihil
2189 1089 2341 1146 triste
2363 1130 2380 1157 ,
2424 1088 2559 1145 nihil
2602 1092 2745 1161 quod
2786 1101 3030 1147 mentem
3061 1092 3370 1164 perturbet,

1768 1194 2022 1249 resonat;
2058 1194 2111 1239 et
2141 1196 2347 1255 quanto
2368 1184 2603 1255 amplius
2630 1184 2993 1255 depromitur,
3019 1194 3044 1222 ιι
3076 1193 3231 1239 tanto
3256 1199 3374 1240 am-

1767 1277 1909 1347 plius
1943 1278 2198 1349 gaudium
2226 1287 2283 1334 et
2311 1277 2561 1333 laetitiam
2596 1279 2873 1334 mentibus
2913 1279 3248 1335 cantantium
3283 1280 3372 1334 in-

1766 1371 1960 1427 fundit.
1986 1371 2137 1428 Sicut
2164 1371 2326 1443 igitur
2348 1387 2544 1427 novum
2563 1371 2974 1427 Testamentum
2998 1371 3218 1438 dicitur,
3239 1372 3365 1441 quia

1768 1466 2045 1537 praecessit
2073 1476 2261 1521 vetus:
2294 1466 2366 1521 ita
2395 1475 2450 1521 et
2478 1464 2613 1521 illud
2644 1466 2914 1521 canticum
2942 1465 3235 1536 spirituum
3261 1480 3374 1521 cte-

1766 1560 1982 1615 lestium
2007 1574 2208 1615 novum
2232 1561 2503 1616 canticum
2527 1559 2724 1616 dicitur
2742 1577 2756 1625 ;
2776 1560 2901 1631 quia
2922 1560 3203 1630 praecessit
3223 1558 3372 1614 aliud

1762 1653 1906 1724 quod
1952 1664 2114 1708 vetus
2150 1662 2237 1708 est
2276 1654 2405 1721 illis,
2442 1654 2535 1725 qui
2560 1652 2629 1707 ad
2661 1652 2941 1709 caelestem
2975 1650 3371 1707 beatitudinem

1763 1746 2009 1817 quotidie
2050 1756 2357 1814 transeunt,
2410 1756 2464 1801 ct
2516 1762 2717 1801 novum
2763 1756 2847 1802 est
2875 1745 2943 1801 ad
2988 1745 3133 1817 quod
3178 1760 3375 1817 perve-

79 1846 202 1900 catis
225 1844 513 1912 obnoxios,
542 1845 911 1917 virginitatem
934 1845 1184 1916 corporis
1209 1858 1385 1914 usque
1413 1842 1479 1897 ad
1514 1856 1658 1897 mor-
1689 1838 1737 1897 B
1764 1840 1939 1896 niunt.
1974 1842 2038 1896 Et
2068 1840 2171 1897 hoc
2201 1842 2474 1898 canticum
2505 1852 2636 1898 ante
2661 1842 2847 1897 sedem
2881 1841 3013 1908 Dei,
3061 1840 3115 1897 id
3160 1849 3246 1896 est
3266 1882 3281 1907 ,
3321 1842 3375 1896 in

80 1947 175 1991 tem
204 1952 471 2003 servasse,
496 1952 635 2009 quos
664 1937 937 1993 credimus
961 1953 1058 2007 per
1081 1938 1258 2009 ignem
1286 1935 1657 2008 purgatorium

78 2043 187 2084 esse
216 2030 543 2100 purgandos,
578 2038 637 2085 ut
668 2031 720 2085 in
751 2030 1025 2100 iustorum
1071 2045 1303 2085 numero
1333 2028 1661 2099 quandoque

76 2123 259 2179 ascribi
291 2134 628 2181 mereantur.
661 2124 933 2194 Numquid
966 2126 1101 2180 istos
1132 2124 1266 2180 tales
1306 2122 1571 2194 apostolis
1606 2130 1661 2176 et

76 2217 414 2287 martyribus,
446 2232 588 2287 quos
618 2233 817 2274 uxores
850 2218 1104 2273 habuisse
1134 2217 1416 2284 Scriptura
1448 2230 1554 2270 non
1583 2226 1662 2269 ta-

74 2321 173 2377 cet,
204 2311 462 2381 prmferre
488 2313 848 2380 audebimus;
896 2324 954 2368 ut
982 2314 1115 2368 illud
1147 2314 1419 2367 canticum
1454 2312 1662 2367 suavis-

75 2404 255 2459 simum
282 2405 393 2461 Deo
423 2405 676 2472 offerant,
724 2422 752 2461 a
793 2422 901 2478 quo
942 2407 1142 2462 Petrus
1186 2407 1410 2477 ejusque
1456 2406 1661 2460 similes

73 2500 222 2555 alieni
247 2502 557 2557 exsistant?
580 2502 715 2557 Nam
751 2504 895 2558 sicut
940 2510 1027 2557 est
1066 2501 1241 2556 dulcis
1286 2503 1491 2555 sanctis
1522 2500 1660 2555 visio

76 2594 183 2662 Dei,
209 2597 284 2650 sic
313 2606 370 2651 et
396 2596 513 2651 laus
537 2596 637 2653 Dei
665 2616 677 2651 :
712 2607 767 2652 et
798 2595 1255 2667 quemadmodum
1297 2594 1531 2649 saturari
1560 2609 1659 2648 ne-

71 2698 260 2757 queunt
286 2689 499 2745 visione
532 2689 663 2756 Dei,
698 2690 771 2745 ita
799 2704 901 2745 nec
934 2689 1120 2743 satiari
1158 2688 1411 2743 laudibus
1448 2688 1560 2743 Dei.
1592 2687 1662 2743 Et

71 2791 263 2850 quanto
290 2782 660 2852 proximiores
689 2792 817 2837 sunt
846 2780 1146 2839 secundum
1178 2781 1497 2837 meritorum
1524 2796 1658 2853 qua-

74 2876 242 2931 litates
275 2876 515 2931 Domino
540 2878 671 2944 Deo,
695 2886 847 2933 tanto
868 2886 923 2933 et
947 2878 1309 2934 lerventiores
1335 2878 1387 2932 in
1412 2876 1661 2932 laudibus

69 2970 172 3026 Dei.
192 2971 322 3040 Quis
344 2986 482 3028 vero
508 2971 672 3042 digne
692 2971 1046 3027 considerare
1075 2981 1255 3042 potest
1281 2987 1441 3042 quam
1466 2984 1659 3042 magna

68 3078 181 3135 pars
205 3065 402 3136 gloria:
433 3066 639 3121 sanctis
665 3065 995 3132 detrahitur,
1026 3066 1071 3120 si
1102 3080 1127 3117 a
1158 3064 1409 3119 laudibus
1441 3062 1536 3118 Dei
1565 3078 1660 3117 ex—

69 3170 241 3230 pertes
270 3161 617 3216 habeantur?
647 3159 757 3215 Nec
787 3160 908 3215 ideo
941 3158 1043 3213 hoc
1071 3158 1324 3224 dicimus,
1357 3168 1413 3211 ut
1436 3156 1659 3227 virgini-

1763 1942 2061 2003 conSpectu
2100 1934 2284 2001 sedis,
2327 1943 2579 1991 cantasse
2610 1934 2903 2001 dicuntur;
2941 1932 3085 2005 quod
3126 1934 3271 1988 enim
3314 1934 3370 1988 in

1763 2036 2059 2098 conspectu
2102 2036 2290 2083 nostro
2338 2038 2455 2095 est,
2506 2027 2884 2084 indesinenter
2926 2026 3243 2098 aspicimus.
3311 2025 3370 2082 ln

1763 2131 2059 2193 conspectu
2090 2138 2220 2193 ergo
2250 2122 2491 2179 ﬁdelium
2516 2166 2529 2189 ,
2577 2123 2667 2195 qui
2704 2137 2802 2193 per
2831 2122 3017 2178 sedem
3052 2130 3113 2178 et
3139 2130 3376 2194 quatuor

1764 2214 2020 2269 animalia
2065 2224 2120 2271 et
2168 2216 2417 2271 seniores
2466 2216 2861 2286 designantur,
2904 2216 3099 2271 anima:
3132 2213 3371 2271 ﬁdelium

1762 2311 2035 2366 canticum
2066 2327 2265 2366 novum
2292 2320 2542 2367 cantasse
2572 2310 2857 2377 dicuntur;
2902 2310 3034 2381 quia
3060 2309 3235 2365 sancti
3265 2310 3375 2365 viri

1765 2404 1817 2459 in
1852 2404 1950 2459 hac
1982 2413 2126 2459 terra
2161 2405 2341 2475 positi,
2374 2404 2603 2474 gloriam
2628 2413 2942 2459 sanctorum
2966 2403 3018 2458 in
3041 2403 3195 2459 caelis
3219 2417 3369 2457 com-

1764 2498 2095 2553 morantium
2128 2500 2303 2554 oculis
2330 2500 2531 2554 mentis
2562 2497 2780 2553 assidue
2800 2496 3177 2568 conspiciunt,
3208 2503 3371 2567 atque

1762 2601 1821 2647 ut
1850 2591 1915 2646 ad
1946 2606 2133 2647 eorum
2165 2593 2483 2647 societatem
2516 2591 2843 2663 quandoque
2872 2590 3222 2661 perveniant,
3256 2597 3367 2643 tota

1763 2684 1963 2740 virtute
1991 2684 2259 2740 laborant.

1837 2776 1904 2830 Et
1929 2793 2078 2831 nemo
2108 2786 2308 2849 poterat
2336 2778 2509 2832 dicere
2537 2778 2792 2832 canticum
2812 2820 2826 2844 ,
2857 2776 2883 2816 δ
2914 2778 3015 2831 nisi
3040 2777 3133 2832 illa
3161 2784 3368 2831 centum

1762 2870 2109 2943 quadraginta
2134 2880 2357 2942 quatuor
2379 2872 2579 2937 millia,
2622 2872 2709 2941 qui
2749 2871 2909 2942 empti
2954 2878 3072 2925 sunt
3102 2868 3167 2923 de
3198 2878 3372 2923 terra:

1763 2963 1816 3020 id
1843 2972 1957 3028 est,
1996 2979 2155 3019 nemo
2183 2965 2402 3019 illorum
2435 2965 2523 3035 qui
2554 2979 2647 3034 per
2675 2964 2860 3019 sedem
2893 2975 2946 3019 et
2974 2971 3211 3033 quatuor
3250 2962 3371 3016 ani-

1760 3060 1926 3115 malia
1956 3069 2008 3115 et
2037 3059 2284 3114 seniores
2311 3058 2693 3129 designantur.
2732 3056 2925 3111 Vident
2948 3071 3183 3127 namque
3206 3055 3371 3110 modo

1764 3154 1953 3209 ﬁdeles
1995 3153 2095 3207 viri
2142 3152 2199 3207 in
2232 3161 2377 3208 terra
2411 3152 2575 3221 positi
2601 3150 2755 3221 quasi
2786 3164 2885 3222 per
2916 3149 3198 3219 speculum
3226 3158 3281 3203 et
3312 3148 3365 3201 in

72 3255 160 3309 tati
182 3255 532 3326 derogemus,
565 3270 686 3326 qua:
708 3269 899 3325 magna
926 3262 1013 3309 est
1034 3252 1207 3307 virtus
1230 3295 1245 3319 ,
1279 3252 1536 3321 socioque
1561 3266 1656 3305 an~
1684 3238 1729 3302 C
1760 3248 2048 3316 aenigmate
2072 3246 2300 3316 gloriam
2334 3253 2647 3301 sanctorum
2672 3244 2725 3298 in
2749 3244 2903 3299 caelis
2923 3242 3367 3310 consistentium,

69 3351 330 3417 gelornm;
367 3353 410 3405 si
456 3361 638 3404 tamen
673 3365 791 3404 eam
828 3348 961 3403 vitio
992 3363 1100 3402 non
1132 3346 1480 3404 fmdaverint.
1522 3345 1656 3412 Quis

71 3445 205 3498 enim
236 3444 579 3516 perpendere
612 3454 787 3514 potest
816 3458 977 3514 quam
1027 3457 1280 3513 magnum
1329 3441 1529 3495 bonum
1572 3450 1659 3494 est

70 3534 425 3606 integritatem
472 3536 721 3605 corporis
766 3546 824 3591 et
872 3535 1071 3591 anima:
1114 3532 1433 3605 possidere?
1488 3532 1657 3604 Igitur

66 3626 180 3697 quia
208 3629 322 3684 haec
350 3644 475 3700 qua:
511 3630 770 3699 superius
800 3630 869 3683 de
897 3628 1205 3699 virginibus
1229 3626 1371 3681 dicta
1404 3634 1558 3689 sunt,
1588 3625 1657 3679 de

65 3721 129 3777 iis
162 3723 508 3779 solummodo
552 3726 645 3795 qui
694 3722 1059 3794 virginitatem
1104 3720 1356 3791 corporis
1393 3733 1655 3774 servave-

66 3824 215 3881 runt,
262 3816 578 3888 intelligere
604 3831 710 3871 non
744 3830 1069 3887 possumus;
1114 3828 1340 3869 necesse
1365 3821 1449 3867 est
1485 3820 1544 3866 ut
1573 3812 1655 3866 in.

59 3910 315 3981 dagemus
336 3955 352 3979 ,
380 3911 473 3983 qui
504 3912 619 3967 sint
655 3912 913 3983 virgines,
944 3920 997 3965 et
1029 3911 1119 3979 qui
1152 3908 1228 3963 illi
1259 3909 1352 3979 qui
1383 3906 1655 3963 canticum

61 4004 325 4073 virginum
369 4004 556 4061 dicere
600 4020 705 4059 non
761 4012 1037 4074 poterunt.
1072 4002 1205 4057 Nam
1236 4003 1280 4056 si
1313 3999 1657 4071 superﬁciem

64 4097 302 4153 lectionis
331 4098 627 4169 diligenter
657 4098 1016 4163 attendimus,
1049 4096 1400 4152 inveniemus
1442 4110 1550 4149 non
1590 4094 1658 4149 de

63 4189 191 4245 solis
216 4191 560 4262 virginibus,
603 4190 699 4246 sed
730 4191 799 4246 de
837 4189 1094 4245 omnibus
1132 4188 1337 4245 sanctis
1373 4186 1659 4243 animabus

62 4279 170 4338 haec
198 4299 321 4340 esse
350 4284 519 4340 dicta.

128 4376 373 4433 Diximus
401 4378 657 4449 superius
685 4393 781 4449 per
802 4388 1021 4434 centum
1046 4376 1405 4448 quadraginta
1428 4385 1659 4447 quatuor

59 4470 220 4523 millia
245 4481 560 4527 sanctorum
585 4472 796 4526 animas
819 4487 941 4528 esse
962 4472 1297 4543 designatas,
1320 4486 1442 4542 qua:
1471 4471 1525 4525 in
1548 4484 1659 4526 c03-

56 4563 174 4618 lesti
224 4566 565 4622 beatitudine
608 4566 777 4622 Deum
828 4566 1049 4622 assidue
1094 4564 1318 4621 laudare
1359 4580 1467 4619 non
1510 4564 1657 4620 desi-

1763 3341 2007 3412 illudque
2038 3341 2313 3396 canticum
2354 3340 2481 3409 quia
2525 3338 2782 3394 ardenter
2824 3337 3181 3403 desiderant,
3215 3337 3371 3407 quasi

1761 3433 2020 3498 audiunt,
2059 3432 2153 3487 sed
2184 3432 2368 3487 dicere
2413 3447 2520 3487 non
2569 3441 2842 3501 possunt;
2874 3432 3028 3500 quia,
3057 3430 3239 3483 oculus
3268 3444 3369 3482 non

1758 3529 1909 3595 uidit,
1942 3543 2033 3581 nec
2064 3527 2209 3581 auris
2234 3527 2465 3592 audiuit,
2497 3542 2590 3579 nec
2626 3526 2678 3578 in
2724 3540 2812 3579 cor
2851 3525 3075 3577 hominis
3108 3523 3370 3586 ascendit,

1758 3637 1874 3692 qua:
1902 3620 2217 3693 praeparavit
2248 3617 2386 3673 Deus
2414 3618 2745 3688 diligentibus
2771 3633 2825 3670 se
2851 3615 2897 3684 (l
2918 3613 3039 3670 Cor.
3072 3629 3131 3680 ιι,
3150 3613 3233 3683 9).
3264 3612 3367 3680 Qui

1758 3714 1828 3770 de
1861 3723 2007 3769 terra
2032 3715 2204 3782 empti
2238 3726 2361 3767 esse
2388 3711 2689 3774 dicuntur;
2730 3707 2895 3777 empti
2924 3715 3049 3761 sunt
3075 3706 3278 3775 quippe
3315 3707 3368 3759 in

1762 3817 1904 3864 terra
1927 3807 2089 3878 positi
2117 3804 2363 3876 pretioso
2385 3804 2649 3874 sanguine
2674 3800 2900 3857 Christi.
2927 3797 3033 3853 Sed
3061 3796 3265 3852 melius
3287 3807 3371 3851 est

1760 3913 1819 3959 ut
1846 3919 1944 3975 per
1971 3904 2302 3971 emptionem
2347 3899 2781 3969 assumptionem
2826 3895 3240 3966 intelligamus;
3282 3907 3371 3946 as-

1759 3999 1961 4069 sumpti
1992 4007 2117 4053 sunt
2140 3997 2285 4052 enim
2321 3997 2391 4051 de
2421 4006 2587 4063 terra,
2615 4002 2672 4049 et
2702 3994 2754 4048 in
2783 3991 2998 4047 caelesti
3030 3986 3371 4044 beatitudine

1760 4092 2031 4150 collocati.

1832 4188 2016 4261 (Vers.
2040 4186 2121 4259 4.)
2151 4186 2202 4241 li
2228 4196 2346 4242 sunt
2365 4187 2453 4258 qui
2481 4201 2599 4239 cum
2620 4180 2927 4238 mulieribus
2958 4195 3061 4234 non
3081 4184 3199 4233 sunt
3220 4176 3367 4231 coin-

1759 4283 1959 4354 quinati
1975 4301 1993 4348 ;
2010 4282 2234 4354 uirgines
2251 4281 2383 4335 enim
2404 4288 2542 4333 sunt.
2571 4278 2666 4333 Hic
2684 4291 2901 4332 rursum
2920 4275 3095 4329 oritur
3114 4270 3366 4340 qumstio;

1760 4390 1883 4430 nam
1914 4374 1961 4429 si
1991 4376 2043 4428 in
2082 4374 2173 4428 illa
2219 4372 2559 4427 beatitudine
2596 4370 2797 4425 diversi
2842 4366 3065 4422 ordines
3106 4373 3267 4425 sunt,
3310 4371 3371 4418 ut

1760 4478 1887 4523 sunt
1920 4467 2185 4537 apostoli,
2229 4475 2530 4537 martyres,
2573 4462 2960 4525 confessores,
3010 4465 3066 4513 et
3093 4454 3367 4526 virgines;

1759 4562 2037 4632 quomodo
2074 4575 2267 4616 omnes
2297 4568 2612 4614 sanctorum
2642 4555 2838 4609 animae
2866 4551 3103 4623 virgines
3131 4564 3256 4605 esse
3284 4547 3370 4603 di-

56 4669 217 4715 nunt:
266 4676 367 4730 per
408 4662 596 4717 sedem
630 4648 784 4725 vero,
813 4668 867 4714 et
887 4667 1127 4731 quatuor
1156 4658 1412 4713 animalia
1435 4698 1450 4723 ,
1486 4664 1543 4712 et
1569 4672 1656 4713 se-
1681 4637 1735 4697 Ῑ)
1759 4663 1978 4719 cuntur,
2027 4662 2083 4708 et
2123 4653 2173 4707 in
2228 4661 2435 4706 tantum
2481 4648 2721 4716 virgines
2743 4688 2757 4713 ,
2790 4656 2850 4699 ut
2880 4660 3006 4701 eum
3039 4641 3365 4698 mulieribus

55 4750 231 4809 niores
257 4762 387 4810 ante
413 4770 557 4827 quos
584 4754 858 4809 canticum
899 4767 1097 4807 novum
1124 4761 1347 4806 cantare
1376 4750 1653 4816 dicuntur,

55 4845 235 4903 ﬁdeles
264 4849 317 4904 in
354 4848 454 4906 hac
484 4851 595 4905 vita
621 4849 808 4920 positi,
832 4863 901 4903 ex
925 4847 1123 4917 quibus
1152 4846 1395 4901 Ecclesia
1418 4854 1653 4909 constat,

53 4937 432 5011 designantur,
460 4943 606 4999 sicut
636 4942 689 4997 in
720 4941 957 4997 secunda
978 4939 1203 4995 Visione
1230 4938 1487 4995 diximus.
1514 4939 1655 4994 Ante

52 5035 231 5089 sedem
257 5052 415 5107 ergo,
440 5046 497 5093 et
516 5048 753 5108 quatuor
774 5034 1053 5100 animalia,
1077 5043 1131 5088 et
1158 5034 1413 5088 seniores
1434 5041 1653 5088 centum

49 5129 406 5200 quadraginta
430 5140 667 5202 quatuor
690 5129 859 5184 millia
882 5127 1157 5184 canticum
1182 5141 1380 5180 novum
1405 5134 1655 5180 cantasse

48 5220 338 5287 dicuntur;
388 5238 586 5279 novum
632 5238 867 5292 namque
909 5220 1325 5275 Testamentum
1379 5218 1652 5273 canticum

49 5330 246 5371 novum
282 5318 508 5383 dicitur,
537 5317 681 5373 sicut
706 5316 840 5371 dicit
867 5312 1164 5386 propheta:
1191 5311 1409 5366 Cantate
1430 5310 1654 5365 Domino

49 5411 305 5464 canticum
339 5428 557 5477 norum,
604 5411 717 5465 laus
753 5412 865 5483 ejus
909 5407 971 5462 ab
1014 5407 1253 5461 extremis
1292 5415 1441 5459 terra:
1480 5404 1650 5472 (Esai.

49 5515 186 5567 xm,
235 5501 355 5572 10).
401 5502 611 5558 Novum
654 5511 839 5557 autem
877 5501 1289 5556 Testamentum
1324 5496 1560 5563 dicitur,
1591 5510 1659 5552 eo

51 5595 193 5663 quod
225 5595 505 5665 praecedat
538 5596 681 5651 aliud
708 5637 721 5661 ,
753 5594 898 5667 quod
935 5602 1091 5649 vetus
1121 5600 1384 5648 vocatur:
1416 5590 1533 5645 sive
1563 5604 1662 5660 pro

49 5701 114 5743 eo
144 5690 290 5760 quod
326 5705 501 5746 novos
549 5690 778 5761 pOpulos
819 5689 978 5744 faciat
999 5729 1013 5753 ,
1057 5701 1178 5741 cum
1205 5702 1271 5741 ex
1301 5685 1426 5740 ﬁliis
1455 5682 1656 5739 diaboli

123 5817 148 5844 ³
188 5806 397 5863 Omnes
426 5806 589 5874 edit.,
623 5818 767 5865 tanto
794 5806 1096 5874 ampliorem
1129 5804 1207 5859 rel
1248 5802 1474 5871 amplius
1526 5818 1653 5871 gau-

50 5875 189 5934 Hium
238 5891 285 5935 et
340 5880 609 5947 lit-titiam;
644 5877 887 5936 nonnulli
940 5891 1103 5947 mss.,
1164 5886 1309 5932 tanto
1355 5874 1662 5946 ampliorem

1757 4747 2126 4818 coinquinatae
2168 4761 2275 4801 non
2315 4744 2486 4798 fuisse
2511 4740 2807 4797 dicantur?
2834 4738 2902 4794 Et
2926 4738 2971 4793 si
3019 4752 3206 4793 verum
3237 4744 3324 4791 est
3350 4777 3364 4797 ,

1757 4839 1904 4911 quod
1934 4838 2196 4893 Dominus
2227 4836 2360 4893 dicit
2386 4836 2586 4905 (immo
2617 4849 2808 4890 verum
2844 4843 2951 4898 est,
2984 4832 3106 4900 quia
3132 4844 3239 4884 non
3268 4842 3365 4898 po-

1761 4942 1867 4988 test
1909 4931 2024 4987 ﬁeri
2068 4940 2128 4985 ut
2158 4930 2301 4984 Deus
2332 4929 2629 4984 mentiatur
2660 4925 2875 4994 (Matth.
2908 4941 2962 4991 v,
2991 4922 3086 4994 28)
3113 4939 3125 4976 :
3173 4920 3275 4987 Qui
3295 4920 3371 4973 ui-

1756 5026 1887 5079 derit
1910 5024 2182 5078 mulierem
2202 5023 2271 5078 ad
2291 5021 2763 5091 concupiscendum
2791 5035 2923 5084 eam,
2941 5022 3058 5090 jam
3087 5013 3365 5069 moechatus

1757 5128 1831 5172 est
1858 5133 1971 5172 eam
1988 5119 2041 5171 in
2064 5116 2221 5170 corde
2246 5116 2384 5189 suo),
2409 5115 2684 5185 quomodo
2699 5127 2891 5168 omnes
2909 5117 3224 5166 sanctorum
3246 5107 3366 5161 ani-

1760 5226 1864 5265 mae
1906 5210 1959 5264 in
1995 5218 2107 5264 toto
2156 5211 2333 5280 Spatio
2379 5210 2506 5264 vita:
2549 5207 2833 5279 praisentis
2879 5203 2947 5258 ab
2991 5200 3366 5271 inquinatione

1761 5305 2054 5361 mulierum
2084 5304 2303 5360 mundae
2332 5318 2456 5360 esse
2486 5303 2816 5373 potuerunt?
2841 5296 3205 5366 Qumrcndum
3237 5309 3370 5365 ergo

1763 5400 1919 5455 nobis
1975 5409 2063 5455 est
2102 5398 2378 5469 quomodo
2429 5398 2532 5453 hoc
2582 5392 2997 5464 intelligendum
3052 5392 3159 5456 sit;
3213 5388 3369 5444 multi

1762 5496 1967 5568 quippe
1996 5495 2213 5548 fuerunt
2242 5504 2371 5546 ante
2408 5490 2737 5559 baptismum
2771 5485 3001 5540 adulteri
3039 5494 3095 5539 et
3125 5482 3369 5539 fornica-

1764 5599 1936 5654 tores,
1966 5586 2065 5643 sed
2098 5587 2152 5639 in
2179 5583 2455 5639 Christum
2487 5582 2803 5648 credentes,
2835 5590 3005 5649 atque
3034 5579 3102 5634 de
3130 5580 3375 5650 peccatis

1763 5682 1878 5739 suis
1923 5680 2297 5752 Pmnitentiam
2341 5685 2606 5745 agentes,
2657 5674 2974 5745 fontemque
3028 5673 3370 5745 baptismatis

1768 5799 1951 5874 gaudii
1980 5797 2210 5874 tortilium
2231 5793 2463 5874 ;_c:eteri
2495 5802 2551 5846 ut
2581 5792 2766 5874 posin
2790 5799 2969 5874 textu.

1843 5870 1870 5911 b
1910 5870 2073 5929 Rom.
2097 5867 2229 5925 edit.
2255 5864 2620 5937 jugulaverat,
2654 5864 2753 5920 nisi
2784 5864 2996 5921 illa.....
3030 5862 3094 5919 de
3120 5871 3279 5919 terra.
