  <div class='ocr_page' id='page_1' title='image "/cluster/home/n/w/nwhite01/storage/ocr_20150623/17/hvd.32044015471329/451.png"; bbox 0 0 3950 6314; ppageno 0'>
   <div class='ocr_carea' id='block_1_1' title="bbox 576 288 677 347">
    <p class='ocr_par' dir='ltr' id='par_1_1' title="bbox 576 288 677 347">
     <span class='ocr_line' id='line_1_1' title="bbox 576 288 677 347; baseline 0.05 -6"><span class='ocrx_word' id='word_1_1' title='bbox 576 288 677 347; x_wconf 69' lang='lat' dir='ltr'><strong>8M</strong></span> 
     </span>
    </p>
   </div>
   <div class='ocr_carea' id='block_1_2' title="bbox 1507 289 2189 370">
    <p class='ocr_par' dir='ltr' id='par_1_2' title="bbox 1507 289 2159 351">
     <span class='ocr_line' id='line_1_2' title="bbox 1507 289 2159 351; baseline 0.005 -3"><span class='ocrx_word' id='word_1_2' title='bbox 1507 289 1603 348; x_wconf 80' lang='lat' dir='ltr'><strong>AD</strong></span> <span class='ocrx_word' id='word_1_3' title='bbox 1638 289 1864 349; x_wconf 71' lang='lat' dir='ltr'><strong>OPERA</strong></span> <span class='ocrx_word' id='word_1_4' title='bbox 1908 290 2159 351; x_wconf 80' lang='lat' dir='ltr'><strong>SANCTI</strong></span> 
     </span>
    </p>
   </div>
   <div class='ocr_carea' id='block_1_3' title="bbox 2293 289 3785 370">
    <p class='ocr_par' dir='ltr' id='par_1_3' title="bbox 2293 293 3785 370">
     <span class='ocr_line' id='line_1_3' title="bbox 2293 293 3785 370; baseline 0.005 -19"><span class='ocrx_word' id='word_1_5' title='bbox 2293 293 2520 353; x_wconf 73' lang='grc' dir='ltr'>ῑιικοειιι</span> <span class='ocrx_word' id='word_1_6' title='bbox 2562 297 2932 356; x_wconf 69' lang='grc' dir='ltr'><strong>ΑΡΡΕΝΒΙΧ.</strong></span> <span class='ocrx_word' id='word_1_7' title='bbox 3714 310 3785 370; x_wconf 67' lang='grc' dir='ltr'><strong>ωε</strong></span> 
     </span>
    </p>
   </div>
   <div class='ocr_carea' id='block_1_4' title="bbox 578 402 3789 496">
    <p class='ocr_par' dir='ltr' id='par_1_4' title="bbox 578 402 3789 496">
     <span class='ocr_line' id='line_1_4' title="bbox 578 402 3789 496; baseline 0.006 -37"><span class='ocrx_word' id='word_1_8' title='bbox 578 411 933 472; x_wconf 68' lang='lat' dir='ltr'><strong>expetentes,</strong></span> <span class='ocrx_word' id='word_1_9' title='bbox 973 402 1239 476; x_wconf 76' lang='lat' dir='ltr'><strong>quidquid</strong></span> <span class='ocrx_word' id='word_1_10' title='bbox 1264 404 1319 461; x_wconf 89' lang='lat' dir='ltr'><strong>in</strong></span> <span class='ocrx_word' id='word_1_11' title='bbox 1347 404 1425 460; x_wconf 79' lang='lat' dir='ltr'><strong>eis</strong></span> <span class='ocrx_word' id='word_1_12' title='bbox 1455 405 1731 463; x_wconf 84' lang='lat' dir='ltr'><strong>sordidum</strong></span> <span class='ocrx_word' id='word_1_13' title='bbox 1768 407 1899 471; x_wconf 81' lang='lat' dir='ltr'><strong>fuit.</strong></span> <span class='ocrx_word' id='word_1_14' title='bbox 1934 425 2029 481; x_wconf 86' lang='lat' dir='ltr'><strong>per</strong></span> <span class='ocrx_word' id='word_1_15' title='bbox 2059 411 2180 483; x_wconf 84' lang='lat' dir='ltr'><strong>Spi-</strong></span> <span class='ocrx_word' id='word_1_16' title='bbox 2217 413 2257 473; x_wconf 63' lang='grc' dir='ltr'><strong>Δ</strong></span> <span class='ocrx_word' id='word_1_17' title='bbox 2286 415 2438 482; x_wconf 75' lang='lat' dir='ltr'><strong>pauci</strong></span> <span class='ocrx_word' id='word_1_18' title='bbox 2465 432 2581 471; x_wconf 72' lang='lat' dir='ltr'><strong>vero</strong></span> <span class='ocrx_word' id='word_1_19' title='bbox 2610 417 2756 472; x_wconf 74' lang='lat' dir='ltr'><strong>electi</strong></span> <span class='ocrx_word' id='word_1_20' title='bbox 2780 416 2997 491; x_wconf 71' lang='lat' dir='ltr'><strong>(Matth.</strong></span> <span class='ocrx_word' id='word_1_21' title='bbox 3024 433 3160 487; x_wconf 82' lang='lat' dir='ltr'><strong>ult,</strong></span> <span class='ocrx_word' id='word_1_22' title='bbox 3189 418 3301 491; x_wconf 75' lang='lat' dir='ltr'><strong>ll).</strong></span> <span class='ocrx_word' id='word_1_23' title='bbox 3327 419 3507 477; x_wconf 77' lang='lat' dir='ltr'><strong>Sancti</strong></span> <span class='ocrx_word' id='word_1_24' title='bbox 3529 438 3642 493; x_wconf 73' lang='lat' dir='ltr'><strong>ergo</strong></span> <span class='ocrx_word' id='word_1_25' title='bbox 3658 431 3789 496; x_wconf 73' lang='lat' dir='ltr'><strong>print.</strong></span> 
     </span>
    </p>
   </div>
   <div class='ocr_carea' id='block_1_5' title="bbox 579 499 2181 571">
    <p class='ocr_par' dir='ltr' id='par_1_5' title="bbox 579 499 2181 571">
     <span class='ocr_line' id='line_1_5' title="bbox 579 499 2181 571; baseline 0.007 -20"><span class='ocrx_word' id='word_1_26' title='bbox 579 501 717 555; x_wconf 83' lang='lat' dir='ltr'><strong>ritus</strong></span> <span class='ocrx_word' id='word_1_27' title='bbox 746 500 918 555; x_wconf 79' lang='lat' dir='ltr'><strong>sancti</strong></span> <span class='ocrx_word' id='word_1_28' title='bbox 956 499 1186 570; x_wconf 88' lang='lat' dir='ltr'><strong>gratiam</strong></span> <span class='ocrx_word' id='word_1_29' title='bbox 1215 499 1375 571; x_wconf 82' lang='lat' dir='ltr'><strong>aquis</strong></span> <span class='ocrx_word' id='word_1_30' title='bbox 1405 500 1747 571; x_wconf 69' lang='lat' dir='ltr'><strong>baptismatis</strong></span> <span class='ocrx_word' id='word_1_31' title='bbox 1783 504 2025 567; x_wconf 82' lang='lat' dir='ltr'><strong>deletum</strong></span> <span class='ocrx_word' id='word_1_32' title='bbox 2058 518 2181 563; x_wconf 74' lang='lat' dir='ltr'><strong>est:</strong></span> 
     </span>
    </p>
   </div>
   <div class='ocr_carea' id='block_1_6' title="bbox 579 592 2184 668">
    <p class='ocr_par' dir='ltr' id='par_1_6' title="bbox 579 592 2184 668">
     <span class='ocr_line' id='line_1_6' title="bbox 579 592 2184 668; baseline 0.009 -26"><span class='ocrx_word' id='word_1_33' title='bbox 579 592 671 663; x_wconf 86' lang='lat' dir='ltr'><strong>qui</strong></span> <span class='ocrx_word' id='word_1_34' title='bbox 706 592 758 647; x_wconf 94' lang='lat' dir='ltr'><strong>in</strong></span> <span class='ocrx_word' id='word_1_35' title='bbox 790 592 933 649; x_wconf 89' lang='lat' dir='ltr'><strong>bono</strong></span> <span class='ocrx_word' id='word_1_36' title='bbox 959 592 1106 664; x_wconf 83' lang='lat' dir='ltr'><strong>quod</strong></span> <span class='ocrx_word' id='word_1_37' title='bbox 1136 593 1190 649; x_wconf 92' lang='lat' dir='ltr'><strong>in</strong></span> <span class='ocrx_word' id='word_1_38' title='bbox 1219 594 1409 650; x_wconf 88' lang='lat' dir='ltr'><strong>eodem</strong></span> <span class='ocrx_word' id='word_1_39' title='bbox 1445 594 1767 662; x_wconf 89' lang='lat' dir='ltr'><strong>baptismate</strong></span> <span class='ocrx_word' id='word_1_40' title='bbox 1791 603 2184 668; x_wconf 79' lang='lat' dir='ltr'><strong>promiserunt,</strong></span> 
     </span>
    </p>
   </div>
   <div class='ocr_carea' id='block_1_7' title="bbox 582 690 2183 764">
    <p class='ocr_par' dir='ltr' id='par_1_7' title="bbox 582 690 2183 764">
     <span class='ocr_line' id='line_1_7' title="bbox 582 690 2183 764; baseline 0.004 -20"><span class='ocrx_word' id='word_1_41' title='bbox 582 705 753 762; x_wconf 85' lang='lat' dir='ltr'><strong>usque</strong></span> <span class='ocrx_word' id='word_1_42' title='bbox 777 690 831 746; x_wconf 89' lang='lat' dir='ltr'><strong>in</strong></span> <span class='ocrx_word' id='word_1_43' title='bbox 859 690 1026 751; x_wconf 84' lang='lat' dir='ltr'><strong>finem</strong></span> <span class='ocrx_word' id='word_1_44' title='bbox 1047 692 1173 747; x_wconf 79' lang='lat' dir='ltr'><strong>vitat</strong></span> <span class='ocrx_word' id='word_1_45' title='bbox 1197 696 1906 761; x_wconf 83' lang='lat' dir='ltr'><strong>perseverantes,veniente</strong></span> <span class='ocrx_word' id='word_1_46' title='bbox 1930 697 2183 764; x_wconf 87' lang='lat' dir='ltr'><strong>Domino,</strong></span> 
     </span>
    </p>
   </div>
   <div class='ocr_carea' id='block_1_8' title="bbox 583 782 2186 853">
    <p class='ocr_par' dir='ltr' id='par_1_8' title="bbox 583 782 2186 853">
     <span class='ocr_line' id='line_1_8' title="bbox 583 782 2186 853; baseline 0.005 -16"><span class='ocrx_word' id='word_1_47' title='bbox 583 791 637 837; x_wconf 91' lang='lat' dir='ltr'><strong>ut</strong></span> <span class='ocrx_word' id='word_1_48' title='bbox 671 796 771 838; x_wconf 89' lang='lat' dir='ltr'><strong>eos</strong></span> <span class='ocrx_word' id='word_1_49' title='bbox 803 798 898 853; x_wconf 88' lang='lat' dir='ltr'><strong>per</strong></span> <span class='ocrx_word' id='word_1_50' title='bbox 928 794 1160 838; x_wconf 86' lang='lat' dir='ltr'><strong>mortem</strong></span> <span class='ocrx_word' id='word_1_51' title='bbox 1188 783 1257 838; x_wconf 88' lang='lat' dir='ltr'><strong>ab</strong></span> <span class='ocrx_word' id='word_1_52' title='bbox 1287 782 1391 838; x_wconf 85' lang='lat' dir='ltr'><strong>hac</strong></span> <span class='ocrx_word' id='word_1_53' title='bbox 1424 792 1642 840; x_wconf 90' lang='lat' dir='ltr'><strong>terrena</strong></span> <span class='ocrx_word' id='word_1_54' title='bbox 1684 786 2020 845; x_wconf 70' lang='lat' dir='ltr'><strong>habitatione</strong></span> <span class='ocrx_word' id='word_1_55' title='bbox 2058 790 2186 845; x_wconf 88' lang='lat' dir='ltr'><strong>sub-</strong></span> 
     </span>
    </p>
   </div>
   <div class='ocr_carea' id='block_1_9' title="bbox 582 872 2186 950">
    <p class='ocr_par' dir='ltr' id='par_1_9' title="bbox 582 872 2186 950">
     <span class='ocr_line' id='line_1_9' title="bbox 582 872 2186 950; baseline 0.005 -21"><span class='ocrx_word' id='word_1_56' title='bbox 582 872 846 939; x_wconf 80' lang='lat' dir='ltr'><strong>traheret,</strong></span> <span class='ocrx_word' id='word_1_57' title='bbox 875 888 1069 935; x_wconf 83' lang='lat' dir='ltr'><strong>eorum</strong></span> <span class='ocrx_word' id='word_1_58' title='bbox 1099 875 1299 931; x_wconf 70' lang='lat' dir='ltr'><strong>anima:</strong></span> <span class='ocrx_word' id='word_1_59' title='bbox 1325 874 1589 946; x_wconf 76' lang='lat' dir='ltr'><strong>virgines,</strong></span> <span class='ocrx_word' id='word_1_60' title='bbox 1616 876 1668 935; x_wconf 91' lang='lat' dir='ltr'><strong>id</strong></span> <span class='ocrx_word' id='word_1_61' title='bbox 1700 886 1809 945; x_wconf 89' lang='lat' dir='ltr'><strong>est,</strong></span> <span class='ocrx_word' id='word_1_62' title='bbox 1837 878 2065 950; x_wconf 74' lang='lat' dir='ltr'><strong>integrae</strong></span> <span class='ocrx_word' id='word_1_63' title='bbox 2084 921 2100 946; x_wconf 90' lang='lat'><strong>,</strong></span> <span class='ocrx_word' id='word_1_64' title='bbox 2131 890 2186 937; x_wconf 90' lang='lat' dir='ltr'><strong>et</strong></span> 
     </span>
    </p>
   </div>
   <div class='ocr_carea' id='block_1_10' title="bbox 579 966 2181 1039">
    <p class='ocr_par' dir='ltr' id='par_1_10' title="bbox 579 966 2181 1039">
     <span class='ocr_line' id='line_1_10' title="bbox 579 966 2181 1039; baseline 0.004 -16"><span class='ocrx_word' id='word_1_65' title='bbox 579 966 651 1023; x_wconf 91' lang='lat' dir='ltr'><strong>ab</strong></span> <span class='ocrx_word' id='word_1_66' title='bbox 677 968 825 1022; x_wconf 90' lang='lat' dir='ltr'><strong>omni</strong></span> <span class='ocrx_word' id='word_1_67' title='bbox 857 968 1212 1039; x_wconf 86' lang='lat' dir='ltr'><strong>corruptione</strong></span> <span class='ocrx_word' id='word_1_68' title='bbox 1231 967 1492 1025; x_wconf 87' lang='lat' dir='ltr'><strong>vitiorum</strong></span> <span class='ocrx_word' id='word_1_69' title='bbox 1524 969 1739 1025; x_wconf 69' lang='lat' dir='ltr'><strong>munda:</strong></span> <span class='ocrx_word' id='word_1_70' title='bbox 1766 971 1999 1028; x_wconf 77' lang='lat' dir='ltr'><strong>iuventte</strong></span> <span class='ocrx_word' id='word_1_71' title='bbox 2032 984 2181 1029; x_wconf 87' lang='lat' dir='ltr'><strong>sunt.</strong></span> 
     </span>
    </p>
   </div>
   <div class='ocr_carea' id='block_1_11' title="bbox 582 1062 2184 1142">
    <p class='ocr_par' dir='ltr' id='par_1_11' title="bbox 582 1062 2184 1142">
     <span class='ocr_line' id='line_1_11' title="bbox 582 1062 2184 1142; baseline 0.006 -24"><span class='ocrx_word' id='word_1_72' title='bbox 582 1062 814 1120; x_wconf 91' lang='lat' dir='ltr'><strong>Istorum</strong></span> <span class='ocrx_word' id='word_1_73' title='bbox 856 1079 989 1136; x_wconf 88' lang='lat' dir='ltr'><strong>ergo</strong></span> <span class='ocrx_word' id='word_1_74' title='bbox 1024 1066 1225 1123; x_wconf 73' lang='lat' dir='ltr'><strong>animm</strong></span> <span class='ocrx_word' id='word_1_75' title='bbox 1255 1065 1381 1135; x_wconf 89' lang='lat' dir='ltr'><strong>jure</strong></span> <span class='ocrx_word' id='word_1_76' title='bbox 1429 1066 1668 1137; x_wconf 83' lang='lat' dir='ltr'><strong>virgines</strong></span> <span class='ocrx_word' id='word_1_77' title='bbox 1708 1078 2008 1135; x_wconf 82' lang='lat' dir='ltr'><strong>vocantur;</strong></span> <span class='ocrx_word' id='word_1_78' title='bbox 2058 1070 2184 1142; x_wconf 85' lang='lat' dir='ltr'><strong>quia</strong></span> 
     </span>
    </p>
   </div>
   <div class='ocr_carea' id='block_1_12' title="bbox 582 1159 2186 1235">
    <p class='ocr_par' dir='ltr' id='par_1_12' title="bbox 582 1159 2186 1235">
     <span class='ocr_line' id='line_1_12' title="bbox 582 1159 2186 1235; baseline 0.004 -21"><span class='ocrx_word' id='word_1_79' title='bbox 582 1174 773 1214; x_wconf 86' lang='lat' dir='ltr'><strong>corum</strong></span> <span class='ocrx_word' id='word_1_80' title='bbox 804 1159 984 1214; x_wconf 83' lang='lat' dir='ltr'><strong>omnis</strong></span> <span class='ocrx_word' id='word_1_81' title='bbox 1017 1160 1303 1231; x_wconf 88' lang='lat' dir='ltr'><strong>corruptio</strong></span> <span class='ocrx_word' id='word_1_82' title='bbox 1332 1160 1490 1231; x_wconf 81' lang='lat' dir='ltr'><strong>aquis</strong></span> <span class='ocrx_word' id='word_1_83' title='bbox 1520 1160 1881 1231; x_wconf 81' lang='lat' dir='ltr'><strong>baptismatis,</strong></span> <span class='ocrx_word' id='word_1_84' title='bbox 1912 1163 2186 1235; x_wconf 77' lang='lat' dir='ltr'><strong>bonisque</strong></span> 
     </span>
    </p>
   </div>
   <div class='ocr_carea' id='block_1_13' title="bbox 582 1251 2186 1330">
    <p class='ocr_par' dir='ltr' id='par_1_13' title="bbox 582 1251 2186 1330">
     <span class='ocr_line' id='line_1_13' title="bbox 582 1251 2186 1330; baseline 0.007 -26"><span class='ocrx_word' id='word_1_85' title='bbox 582 1253 843 1321; x_wconf 84' lang='lat' dir='ltr'><strong>operibus</strong></span> <span class='ocrx_word' id='word_1_86' title='bbox 869 1251 1051 1309; x_wconf 90' lang='lat' dir='ltr'><strong>deleta</strong></span> <span class='ocrx_word' id='word_1_87' title='bbox 1084 1264 1191 1315; x_wconf 87' lang='lat' dir='ltr'><strong>est.</strong></span> <span class='ocrx_word' id='word_1_88' title='bbox 1226 1252 1470 1310; x_wconf 87' lang='lat' dir='ltr'><strong>Fuerunt</strong></span> <span class='ocrx_word' id='word_1_89' title='bbox 1496 1255 1661 1311; x_wconf 89' lang='lat' dir='ltr'><strong>etiam</strong></span> <span class='ocrx_word' id='word_1_90' title='bbox 1691 1257 1886 1323; x_wconf 89' lang='lat' dir='ltr'><strong>multi,</strong></span> <span class='ocrx_word' id='word_1_91' title='bbox 1933 1260 2025 1330; x_wconf 86' lang='lat' dir='ltr'><strong>qui</strong></span> <span class='ocrx_word' id='word_1_92' title='bbox 2064 1271 2186 1330; x_wconf 88' lang='lat' dir='ltr'><strong>post</strong></span> 
     </span>
    </p>
   </div>
   <div class='ocr_carea' id='block_1_14' title="bbox 585 1344 2188 1424">
    <p class='ocr_par' dir='ltr' id='par_1_14' title="bbox 585 1344 2188 1424">
     <span class='ocr_line' id='line_1_14' title="bbox 585 1344 2188 1424; baseline 0.006 -25"><span class='ocrx_word' id='word_1_93' title='bbox 585 1344 919 1415; x_wconf 74' lang='lat' dir='ltr'><strong>baptismum</strong></span> <span class='ocrx_word' id='word_1_94' title='bbox 941 1346 1110 1402; x_wconf 86' lang='lat' dir='ltr'><strong>multa</strong></span> <span class='ocrx_word' id='word_1_95' title='bbox 1140 1347 1349 1404; x_wconf 87' lang='lat' dir='ltr'><strong>scelera</strong></span> <span class='ocrx_word' id='word_1_96' title='bbox 1377 1350 1796 1417; x_wconf 89' lang='lat' dir='ltr'><strong>commiserunt,</strong></span> <span class='ocrx_word' id='word_1_97' title='bbox 1820 1350 1916 1407; x_wconf 87' lang='lat' dir='ltr'><strong>sed</strong></span> <span class='ocrx_word' id='word_1_98' title='bbox 1941 1366 2064 1407; x_wconf 90' lang='lat' dir='ltr'><strong>eum</strong></span> <span class='ocrx_word' id='word_1_99' title='bbox 2090 1368 2188 1424; x_wconf 80' lang='lat' dir='ltr'><strong>per</strong></span> 
     </span>
    </p>
   </div>
   <div class='ocr_carea' id='block_1_15' title="bbox 586 1440 2181 1513">
    <p class='ocr_par' dir='ltr' id='par_1_15' title="bbox 586 1440 2181 1513">
     <span class='ocr_line' id='line_1_15' title="bbox 586 1440 2181 1513; baseline 0.007 -23"><span class='ocrx_word' id='word_1_100' title='bbox 586 1440 961 1507; x_wconf 68' lang='lat' dir='ltr'><strong>[imnitetttiam</strong></span> <span class='ocrx_word' id='word_1_101' title='bbox 990 1447 1047 1497; x_wconf 91' lang='lat' dir='ltr'><strong>et</strong></span> <span class='ocrx_word' id='word_1_102' title='bbox 1073 1440 1343 1513; x_wconf 85' lang='lat' dir='ltr'><strong>lacrymas</strong></span> <span class='ocrx_word' id='word_1_103' title='bbox 1381 1450 1544 1511; x_wconf 90' lang='lat' dir='ltr'><strong>atque</strong></span> <span class='ocrx_word' id='word_1_104' title='bbox 1575 1457 1673 1511; x_wconf 88' lang='lat' dir='ltr'><strong>per</strong></span> <span class='ocrx_word' id='word_1_105' title='bbox 1703 1443 2137 1501; x_wconf 85' lang='lat' dir='ltr'><strong>misericordiam</strong></span> <span class='ocrx_word' id='word_1_106' title='bbox 2164 1487 2181 1513; x_wconf 90' lang='lat'><strong>,</strong></span> 
     </span>
    </p>
   </div>
   <div class='ocr_carea' id='block_1_16' title="bbox 581 1533 2182 1608">
    <p class='ocr_par' dir='ltr' id='par_1_16' title="bbox 581 1533 2182 1608">
     <span class='ocr_line' id='line_1_16' title="bbox 581 1533 2182 1608; baseline 0.006 -23"><span class='ocrx_word' id='word_1_107' title='bbox 581 1533 910 1602; x_wconf 65' lang='lat' dir='ltr'><strong>caeterisque</strong></span> <span class='ocrx_word' id='word_1_108' title='bbox 953 1533 1110 1590; x_wconf 87' lang='lat' dir='ltr'><strong>bonis</strong></span> <span class='ocrx_word' id='word_1_109' title='bbox 1152 1534 1411 1604; x_wconf 82' lang='lat' dir='ltr'><strong>operibus</strong></span> <span class='ocrx_word' id='word_1_110' title='bbox 1451 1536 1654 1591; x_wconf 87' lang='lat' dir='ltr'><strong>malum</strong></span> <span class='ocrx_word' id='word_1_111' title='bbox 1686 1536 1829 1606; x_wconf 91' lang='lat' dir='ltr'><strong>quod</strong></span> <span class='ocrx_word' id='word_1_112' title='bbox 1857 1547 2182 1608; x_wconf 83' lang='lat' dir='ltr'><strong>gesserunt,</strong></span> 
     </span>
    </p>
   </div>
   <div class='ocr_carea' id='block_1_17' title="bbox 581 1625 2183 1701">
    <p class='ocr_par' dir='ltr' id='par_1_17' title="bbox 581 1625 2183 1701">
     <span class='ocr_line' id='line_1_17' title="bbox 581 1625 2183 1701; baseline 0.007 -20"><span class='ocrx_word' id='word_1_113' title='bbox 581 1625 764 1683; x_wconf 88' lang='lat' dir='ltr'><strong>delere</strong></span> <span class='ocrx_word' id='word_1_114' title='bbox 796 1627 1127 1693; x_wconf 88' lang='lat' dir='ltr'><strong>studueriut,</strong></span> <span class='ocrx_word' id='word_1_115' title='bbox 1157 1640 1209 1683; x_wconf 87' lang='lat' dir='ltr'><strong>et</strong></span> <span class='ocrx_word' id='word_1_116' title='bbox 1238 1629 1289 1685; x_wconf 92' lang='lat' dir='ltr'><strong>iu</strong></span> <span class='ocrx_word' id='word_1_117' title='bbox 1324 1629 1466 1684; x_wconf 88' lang='lat' dir='ltr'><strong>bono</strong></span> <span class='ocrx_word' id='word_1_118' title='bbox 1490 1634 1773 1701; x_wconf 88' lang='lat' dir='ltr'><strong>proposito</strong></span> <span class='ocrx_word' id='word_1_119' title='bbox 1798 1647 2183 1701; x_wconf 73' lang='lat' dir='ltr'><strong>perseverave-</strong></span> 
     </span>
    </p>
   </div>
   <div class='ocr_carea' id='block_1_18' title="bbox 584 1720 2181 1795">
    <p class='ocr_par' dir='ltr' id='par_1_18' title="bbox 584 1720 2181 1795">
     <span class='ocr_line' id='line_1_18' title="bbox 584 1720 2181 1795; baseline 0.007 -21"><span class='ocrx_word' id='word_1_120' title='bbox 584 1720 713 1787; x_wconf 89' lang='lat' dir='ltr'><strong>rint,</strong></span> <span class='ocrx_word' id='word_1_121' title='bbox 749 1721 978 1779; x_wconf 87' lang='lat' dir='ltr'><strong>Domino</strong></span> <span class='ocrx_word' id='word_1_122' title='bbox 1006 1721 1284 1787; x_wconf 84' lang='lat' dir='ltr'><strong>veniente,</strong></span> <span class='ocrx_word' id='word_1_123' title='bbox 1327 1738 1518 1778; x_wconf 87' lang='lat' dir='ltr'><strong>eorum</strong></span> <span class='ocrx_word' id='word_1_124' title='bbox 1563 1724 1759 1779; x_wconf 68' lang='lat' dir='ltr'><strong>animat</strong></span> <span class='ocrx_word' id='word_1_125' title='bbox 1802 1727 2041 1795; x_wconf 79' lang='lat' dir='ltr'><strong>virgines</strong></span> <span class='ocrx_word' id='word_1_126' title='bbox 2092 1744 2181 1785; x_wconf 87' lang='lat' dir='ltr'><strong>re-</strong></span> 
     </span>
    </p>
   </div>
   <div class='ocr_carea' id='block_1_19' title="bbox 2288 506 3789 585">
    <p class='ocr_par' dir='ltr' id='par_1_19' title="bbox 2288 506 3789 585">
     <span class='ocr_line' id='line_1_19' title="bbox 2288 506 3789 585; baseline 0.012 -24"><span class='ocrx_word' id='word_1_127' title='bbox 2288 506 2485 563; x_wconf 85' lang='lat' dir='ltr'><strong>tiarutu</strong></span> <span class='ocrx_word' id='word_1_128' title='bbox 2518 524 2670 565; x_wconf 84' lang='lat' dir='ltr'><strong>more</strong></span> <span class='ocrx_word' id='word_1_129' title='bbox 2696 525 2764 565; x_wconf 75' lang='lat' dir='ltr'><strong>es</strong></span> <span class='ocrx_word' id='word_1_130' title='bbox 2793 509 3108 567; x_wconf 80' lang='lat' dir='ltr'><strong>hominibus</strong></span> <span class='ocrx_word' id='word_1_131' title='bbox 3138 522 3267 567; x_wconf 88' lang='lat' dir='ltr'><strong>sunt</strong></span> <span class='ocrx_word' id='word_1_132' title='bbox 3290 515 3564 585; x_wconf 79' lang='lat' dir='ltr'><strong>assumpti,</strong></span> <span class='ocrx_word' id='word_1_133' title='bbox 3591 525 3638 573; x_wconf 82' lang='lat' dir='ltr'><strong>et</strong></span> <span class='ocrx_word' id='word_1_134' title='bbox 3656 520 3789 579; x_wconf 75' lang='lat' dir='ltr'><strong>iocu-</strong></span> 
     </span>
    </p>
   </div>
   <div class='ocr_carea' id='block_1_20' title="bbox 2288 602 3084 661">
    <p class='ocr_par' dir='ltr' id='par_1_20' title="bbox 2288 602 3084 661">
     <span class='ocr_line' id='line_1_20' title="bbox 2288 602 3084 661; baseline 0.003 -4"><span class='ocrx_word' id='word_1_135' title='bbox 2288 602 2411 658; x_wconf 84' lang='lat' dir='ltr'><strong>lcsti</strong></span> <span class='ocrx_word' id='word_1_136' title='bbox 2442 602 2779 661; x_wconf 83' lang='lat' dir='ltr'><strong>beatitudine</strong></span> <span class='ocrx_word' id='word_1_137' title='bbox 2807 605 3084 661; x_wconf 91' lang='lat' dir='ltr'><strong>collocati.</strong></span> 
     </span>
    </p>
   </div>
   <div class='ocr_carea' id='block_1_21' title="bbox 2320 694 3789 775">
    <p class='ocr_par' dir='ltr' id='par_1_21' title="bbox 2320 694 3789 775">
     <span class='ocr_line' id='line_1_21' title="bbox 2320 694 3789 775; baseline 0.006 -23"><span class='ocrx_word' id='word_1_138' title='bbox 2320 694 2561 766; x_wconf 66' lang='grc' dir='ltr'><strong>(γωδ.</strong></span> <span class='ocrx_word' id='word_1_139' title='bbox 2572 695 2663 767; x_wconf 82' lang='lat' dir='ltr'><strong>)Et</strong></span> <span class='ocrx_word' id='word_1_140' title='bbox 2675 697 2729 752; x_wconf 81' lang='lat' dir='ltr'><strong>in</strong></span> <span class='ocrx_word' id='word_1_141' title='bbox 2743 715 2833 753; x_wconf 82' lang='lat' dir='ltr'><strong>ore</strong></span> <span class='ocrx_word' id='word_1_142' title='bbox 2845 715 3023 755; x_wconf 66' lang='lat' dir='ltr'><strong>eorum</strong></span> <span class='ocrx_word' id='word_1_143' title='bbox 3038 716 3143 755; x_wconf 81' lang='lat' dir='ltr'><strong>non</strong></span> <span class='ocrx_word' id='word_1_144' title='bbox 3153 711 3229 755; x_wconf 82' lang='lat' dir='ltr'><strong>est</strong></span> <span class='ocrx_word' id='word_1_145' title='bbox 3247 701 3505 757; x_wconf 73' lang='lat' dir='ltr'><strong>iurantur</strong></span> <span class='ocrx_word' id='word_1_146' title='bbox 3526 708 3789 775; x_wconf 52' lang='lat' dir='ltr'><strong>manu,</strong></span> 
     </span>
    </p>
   </div>
   <div class='ocr_carea' id='block_1_22' title="bbox 2288 787 3793 871">
    <p class='ocr_par' dir='ltr' id='par_1_22' title="bbox 2288 787 3793 871">
     <span class='ocr_line' id='line_1_22' title="bbox 2288 787 3793 871; baseline 0.007 -28"><span class='ocrx_word' id='word_1_147' title='bbox 2288 787 2460 844; x_wconf 84' lang='lat' dir='ltr'><strong>Valde</strong></span> <span class='ocrx_word' id='word_1_148' title='bbox 2483 787 2705 846; x_wconf 87' lang='lat' dir='ltr'><strong>difficile</strong></span> <span class='ocrx_word' id='word_1_149' title='bbox 2725 804 2850 848; x_wconf 84' lang='lat' dir='ltr'><strong>esse</strong></span> <span class='ocrx_word' id='word_1_150' title='bbox 2874 792 3108 861; x_wconf 80' lang='lat' dir='ltr'><strong>videtur,</strong></span> <span class='ocrx_word' id='word_1_151' title='bbox 3132 794 3281 863; x_wconf 85' lang='lat' dir='ltr'><strong>quod</strong></span> <span class='ocrx_word' id='word_1_152' title='bbox 3301 792 3518 861; x_wconf 86' lang='lat' dir='ltr'><strong>dicitur;</strong></span> <span class='ocrx_word' id='word_1_153' title='bbox 3537 802 3793 871; x_wconf 67' lang='lat' dir='ltr'><strong>suntqui&quot;:</strong></span> 
     </span>
    </p>
   </div>
   <div class='ocr_carea' id='block_1_23' title="bbox 2285 881 3793 959">
    <p class='ocr_par' dir='ltr' id='par_1_23' title="bbox 2285 881 3793 959">
     <span class='ocr_line' id='line_1_23' title="bbox 2285 881 3793 959; baseline 0.012 -25"><span class='ocrx_word' id='word_1_154' title='bbox 2285 881 2533 951; x_wconf 64' lang='lat' dir='ltr'><strong>quietiam</strong></span> <span class='ocrx_word' id='word_1_155' title='bbox 2567 883 2846 940; x_wconf 81' lang='lat' dir='ltr'><strong>mendacia</strong></span> <span class='ocrx_word' id='word_1_156' title='bbox 2879 885 3039 943; x_wconf 75' lang='lat' dir='ltr'><strong>valde</strong></span> <span class='ocrx_word' id='word_1_157' title='bbox 3062 888 3275 957; x_wconf 79' lang='lat' dir='ltr'><strong>gravia,</strong></span> <span class='ocrx_word' id='word_1_158' title='bbox 3299 897 3428 943; x_wconf 77' lang='lat' dir='ltr'><strong>sunt</strong></span> <span class='ocrx_word' id='word_1_159' title='bbox 3457 888 3558 944; x_wconf 85' lang='lat' dir='ltr'><strong>alia</strong></span> <span class='ocrx_word' id='word_1_160' title='bbox 3583 906 3681 959; x_wconf 72' lang='lat' dir='ltr'><strong>qua:</strong></span> <span class='ocrx_word' id='word_1_161' title='bbox 3701 893 3793 952; x_wconf 74' lang='lat' dir='ltr'><strong>ista</strong></span> 
     </span>
    </p>
   </div>
   <div class='ocr_carea' id='block_1_24' title="bbox 2287 973 3791 1050">
    <p class='ocr_par' dir='ltr' id='par_1_24' title="bbox 2287 973 3791 1050">
     <span class='ocr_line' id='line_1_24' title="bbox 2287 973 3791 1050; baseline 0.009 -22"><span class='ocrx_word' id='word_1_162' title='bbox 2287 973 2424 1029; x_wconf 75' lang='lat' dir='ltr'><strong>levia</strong></span> <span class='ocrx_word' id='word_1_163' title='bbox 2454 983 2676 1044; x_wconf 84' lang='lat' dir='ltr'><strong>peccata</strong></span> <span class='ocrx_word' id='word_1_164' title='bbox 2698 975 3005 1046; x_wconf 71' lang='lat' dir='ltr'><strong>deputanda</strong></span> <span class='ocrx_word' id='word_1_165' title='bbox 3036 989 3165 1033; x_wconf 87' lang='lat' dir='ltr'><strong>sunt</strong></span> <span class='ocrx_word' id='word_1_166' title='bbox 3184 1020 3200 1040; x_wconf 89' lang='lat'><strong>.</strong></span> <span class='ocrx_word' id='word_1_167' title='bbox 3233 996 3263 1035; x_wconf 73' lang='grc' dir='ltr'><strong>ο</strong></span> <span class='ocrx_word' id='word_1_168' title='bbox 3295 981 3495 1050; x_wconf 78' lang='lat' dir='ltr'><strong>quibus</strong></span> <span class='ocrx_word' id='word_1_169' title='bbox 3518 986 3791 1043; x_wconf 71' lang='lat' dir='ltr'><strong>nostristen-</strong></span> 
     </span>
    </p>
   </div>
   <div class='ocr_carea' id='block_1_25' title="bbox 2288 1067 3795 1145">
    <p class='ocr_par' dir='ltr' id='par_1_25' title="bbox 2288 1067 3795 1145">
     <span class='ocr_line' id='line_1_25' title="bbox 2288 1067 3795 1145; baseline 0.009 -23"><span class='ocrx_word' id='word_1_170' title='bbox 2288 1067 2516 1138; x_wconf 86' lang='lat' dir='ltr'><strong>poribus</strong></span> <span class='ocrx_word' id='word_1_171' title='bbox 2546 1070 2736 1125; x_wconf 88' lang='lat' dir='ltr'><strong>nescio</strong></span> <span class='ocrx_word' id='word_1_172' title='bbox 2762 1069 2811 1125; x_wconf 88' lang='lat' dir='ltr'><strong>si</strong></span> <span class='ocrx_word' id='word_1_173' title='bbox 2837 1071 3035 1135; x_wconf 85' lang='lat' dir='ltr'><strong>aliquis</strong></span> <span class='ocrx_word' id='word_1_174' title='bbox 3055 1073 3206 1128; x_wconf 82' lang='lat' dir='ltr'><strong>omni</strong></span> <span class='ocrx_word' id='word_1_175' title='bbox 3238 1083 3484 1145; x_wconf 74' lang='lat' dir='ltr'><strong>tempore</strong></span> <span class='ocrx_word' id='word_1_176' title='bbox 3506 1076 3795 1139; x_wconf 65' lang='lat' dir='ltr'><strong>videturui-</strong></span> 
     </span>
    </p>
   </div>
   <div class='ocr_carea' id='block_1_26' title="bbox 2286 1161 3794 1239">
    <p class='ocr_par' dir='ltr' id='par_1_26' title="bbox 2286 1161 3794 1239">
     <span class='ocr_line' id='line_1_26' title="bbox 2286 1161 3794 1239; baseline 0.008 -24"><span class='ocrx_word' id='word_1_177' title='bbox 2286 1161 2493 1216; x_wconf 82' lang='lat' dir='ltr'><strong>stinere</strong></span> <span class='ocrx_word' id='word_1_178' title='bbox 2526 1162 2728 1231; x_wconf 78' lang='lat' dir='ltr'><strong>possit,</strong></span> <span class='ocrx_word' id='word_1_179' title='bbox 2768 1162 2873 1219; x_wconf 88' lang='lat' dir='ltr'><strong>nisi</strong></span> <span class='ocrx_word' id='word_1_180' title='bbox 2903 1162 3069 1220; x_wconf 85' lang='lat' dir='ltr'><strong>fuerit</strong></span> <span class='ocrx_word' id='word_1_181' title='bbox 3094 1163 3280 1220; x_wconf 75' lang='lat' dir='ltr'><strong>infans</strong></span> <span class='ocrx_word' id='word_1_182' title='bbox 3300 1206 3318 1233; x_wconf 91' lang='lat'><strong>,</strong></span> <span class='ocrx_word' id='word_1_183' title='bbox 3346 1167 3439 1239; x_wconf 89' lang='lat' dir='ltr'><strong>qui</strong></span> <span class='ocrx_word' id='word_1_184' title='bbox 3470 1168 3605 1235; x_wconf 86' lang='lat' dir='ltr'><strong>loqui</strong></span> <span class='ocrx_word' id='word_1_185' title='bbox 3632 1168 3794 1239; x_wconf 69' lang='lat' dir='ltr'><strong>ignorat</strong></span> 
     </span>
    </p>
   </div>
   <div class='ocr_carea' id='block_1_27' title="bbox 2288 1252 3797 1323">
    <p class='ocr_par' dir='ltr' id='par_1_27' title="bbox 2288 1252 3797 1323">
     <span class='ocr_line' id='line_1_27' title="bbox 2288 1252 3797 1323; baseline 0.008 -16"><span class='ocrx_word' id='word_1_186' title='bbox 2288 1252 2403 1309; x_wconf 84' lang='lat' dir='ltr'><strong>Non</strong></span> <span class='ocrx_word' id='word_1_187' title='bbox 2435 1255 2620 1323; x_wconf 79' lang='lat' dir='ltr'><strong>itaque</strong></span> <span class='ocrx_word' id='word_1_188' title='bbox 2646 1254 2715 1313; x_wconf 91' lang='lat' dir='ltr'><strong>de</strong></span> <span class='ocrx_word' id='word_1_189' title='bbox 2744 1255 3000 1312; x_wconf 83' lang='lat' dir='ltr'><strong>omnibus</strong></span> <span class='ocrx_word' id='word_1_190' title='bbox 3031 1257 3339 1315; x_wconf 78' lang='lat' dir='ltr'><strong>mendaciis</strong></span> <span class='ocrx_word' id='word_1_191' title='bbox 3384 1259 3494 1315; x_wconf 79' lang='lat' dir='ltr'><strong>hoc</strong></span> <span class='ocrx_word' id='word_1_192' title='bbox 3530 1261 3699 1316; x_wconf 81' lang='lat' dir='ltr'><strong>dictata</strong></span> <span class='ocrx_word' id='word_1_193' title='bbox 3720 1278 3797 1320; x_wconf 58' lang='grc' dir='ltr'><strong><em>α</em></strong></span> 
     </span>
    </p>
   </div>
   <div class='ocr_carea' id='block_1_28' title="bbox 2287 1345 3797 1424">
    <p class='ocr_par' dir='ltr' id='par_1_28' title="bbox 2287 1345 3797 1424">
     <span class='ocr_line' id='line_1_28' title="bbox 2287 1345 3797 1424; baseline 0.006 -23"><span class='ocrx_word' id='word_1_194' title='bbox 2287 1345 2417 1403; x_wconf 89' lang='lat' dir='ltr'><strong>mihi</strong></span> <span class='ocrx_word' id='word_1_195' title='bbox 2444 1346 2661 1404; x_wconf 84' lang='lat' dir='ltr'><strong>videtur</strong></span> <span class='ocrx_word' id='word_1_196' title='bbox 2681 1364 2695 1402; x_wconf 90' lang='lat'><strong>:</strong></span> <span class='ocrx_word' id='word_1_197' title='bbox 2720 1348 2816 1403; x_wconf 87' lang='lat' dir='ltr'><strong>sed</strong></span> <span class='ocrx_word' id='word_1_198' title='bbox 2840 1357 2924 1405; x_wconf 85' lang='lat' dir='ltr'><strong>est</strong></span> <span class='ocrx_word' id='word_1_199' title='bbox 2942 1349 3291 1407; x_wconf 71' lang='lat' dir='ltr'><strong>mendacium</strong></span> <span class='ocrx_word' id='word_1_200' title='bbox 3308 1352 3470 1408; x_wconf 76' lang='lat' dir='ltr'><strong>valde</strong></span> <span class='ocrx_word' id='word_1_201' title='bbox 3483 1356 3797 1424; x_wconf 72' lang='lat' dir='ltr'><strong>gravissima,</strong></span> 
     </span>
    </p>
   </div>
   <div class='ocr_carea' id='block_1_29' title="bbox 2286 1443 3797 1518">
    <p class='ocr_par' dir='ltr' id='par_1_29' title="bbox 2286 1443 3797 1518">
     <span class='ocr_line' id='line_1_29' title="bbox 2286 1443 3797 1518; baseline 0.005 -21"><span class='ocrx_word' id='word_1_202' title='bbox 2286 1457 2410 1499; x_wconf 88' lang='lat' dir='ltr'><strong>cum</strong></span> <span class='ocrx_word' id='word_1_203' title='bbox 2440 1443 2736 1499; x_wconf 83' lang='lat' dir='ltr'><strong>mentimur</strong></span> <span class='ocrx_word' id='word_1_204' title='bbox 2761 1458 2847 1509; x_wconf 89' lang='lat' dir='ltr'><strong>ea,</strong></span> <span class='ocrx_word' id='word_1_205' title='bbox 2884 1460 3007 1515; x_wconf 76' lang='lat' dir='ltr'><strong>qua:</strong></span> <span class='ocrx_word' id='word_1_206' title='bbox 3058 1445 3114 1500; x_wconf 91' lang='lat' dir='ltr'><strong>in</strong></span> <span class='ocrx_word' id='word_1_207' title='bbox 3153 1445 3492 1515; x_wconf 82' lang='lat' dir='ltr'><strong>baptismate</strong></span> <span class='ocrx_word' id='word_1_208' title='bbox 3519 1449 3797 1518; x_wconf 70' lang='lat' dir='ltr'><strong>promisimus</strong></span> 
     </span>
    </p>
   </div>
   <div class='ocr_carea' id='block_1_30' title="bbox 2290 1535 3798 1607">
    <p class='ocr_par' dir='ltr' id='par_1_30' title="bbox 2290 1535 3798 1607">
     <span class='ocr_line' id='line_1_30' title="bbox 2290 1535 3798 1607; baseline 0.003 -16"><span class='ocrx_word' id='word_1_209' title='bbox 2290 1535 2403 1592; x_wconf 89' lang='lat' dir='ltr'><strong>Hoc</strong></span> <span class='ocrx_word' id='word_1_210' title='bbox 2427 1550 2561 1607; x_wconf 87' lang='lat' dir='ltr'><strong>ergo</strong></span> <span class='ocrx_word' id='word_1_211' title='bbox 2586 1536 2929 1593; x_wconf 84' lang='lat' dir='ltr'><strong>mendacium</strong></span> <span class='ocrx_word' id='word_1_212' title='bbox 2958 1538 3012 1593; x_wconf 90' lang='lat' dir='ltr'><strong>in</strong></span> <span class='ocrx_word' id='word_1_213' title='bbox 3044 1552 3143 1594; x_wconf 89' lang='lat' dir='ltr'><strong>ore</strong></span> <span class='ocrx_word' id='word_1_214' title='bbox 3167 1548 3494 1596; x_wconf 85' lang='lat' dir='ltr'><strong>sanctorum</strong></span> <span class='ocrx_word' id='word_1_215' title='bbox 3532 1556 3627 1595; x_wconf 81' lang='lat' dir='ltr'><strong>non</strong></span> <span class='ocrx_word' id='word_1_216' title='bbox 3660 1552 3722 1597; x_wconf 78' lang='lat' dir='ltr'><strong>est</strong></span> <span class='ocrx_word' id='word_1_217' title='bbox 3748 1543 3798 1596; x_wconf 81' lang='lat' dir='ltr'><strong>ia-</strong></span> 
     </span>
    </p>
   </div>
   <div class='ocr_carea' id='block_1_31' title="bbox 2287 1628 3796 1701">
    <p class='ocr_par' dir='ltr' id='par_1_31' title="bbox 2287 1628 3796 1701">
     <span class='ocr_line' id='line_1_31' title="bbox 2287 1628 3796 1701; baseline 0.004 -19"><span class='ocrx_word' id='word_1_218' title='bbox 2287 1637 2545 1695; x_wconf 84' lang='lat' dir='ltr'><strong>ventum;</strong></span> <span class='ocrx_word' id='word_1_219' title='bbox 2576 1630 2703 1698; x_wconf 89' lang='lat' dir='ltr'><strong>quia</strong></span> <span class='ocrx_word' id='word_1_220' title='bbox 2735 1628 2841 1687; x_wconf 83' lang='lat' dir='ltr'><strong>hoc</strong></span> <span class='ocrx_word' id='word_1_221' title='bbox 2869 1629 3009 1700; x_wconf 89' lang='lat' dir='ltr'><strong>quod</strong></span> <span class='ocrx_word' id='word_1_222' title='bbox 3044 1630 3097 1685; x_wconf 92' lang='lat' dir='ltr'><strong>in</strong></span> <span class='ocrx_word' id='word_1_223' title='bbox 3126 1629 3466 1701; x_wconf 77' lang='lat' dir='ltr'><strong>baptismate</strong></span> <span class='ocrx_word' id='word_1_224' title='bbox 3498 1633 3796 1701; x_wconf 77' lang='lat' dir='ltr'><strong>promiserunt.</strong></span> 
     </span>
    </p>
   </div>
   <div class='ocr_carea' id='block_1_32' title="bbox 2286 1721 3801 1791">
    <p class='ocr_par' dir='ltr' id='par_1_32' title="bbox 2286 1721 3801 1791">
     <span class='ocr_line' id='line_1_32' title="bbox 2286 1721 3801 1791; baseline 0.005 -16"><span class='ocrx_word' id='word_1_225' title='bbox 2286 1735 2456 1791; x_wconf 87' lang='lat' dir='ltr'><strong>usque</strong></span> <span class='ocrx_word' id='word_1_226' title='bbox 2500 1721 2553 1777; x_wconf 89' lang='lat' dir='ltr'><strong>in</strong></span> <span class='ocrx_word' id='word_1_227' title='bbox 2595 1721 2758 1777; x_wconf 90' lang='lat' dir='ltr'><strong>finem</strong></span> <span class='ocrx_word' id='word_1_228' title='bbox 2790 1722 2915 1778; x_wconf 65' lang='lat' dir='ltr'><strong>vita:</strong></span> <span class='ocrx_word' id='word_1_229' title='bbox 2944 1736 3172 1780; x_wconf 80' lang='lat' dir='ltr'><strong>servare</strong></span> <span class='ocrx_word' id='word_1_230' title='bbox 3208 1722 3561 1783; x_wconf 88' lang='lat' dir='ltr'><strong>studuerunt.</strong></span> <span class='ocrx_word' id='word_1_231' title='bbox 3595 1725 3708 1781; x_wconf 78' lang='lat' dir='ltr'><strong>Etsi</strong></span> <span class='ocrx_word' id='word_1_232' title='bbox 3731 1725 3801 1783; x_wconf 74' lang='lat' dir='ltr'><strong>fte-</strong></span> 
     </span>
    </p>
   </div>
   <div class='ocr_carea' id='block_1_33' title="bbox 586 1814 3802 1890">
    <p class='ocr_par' dir='ltr' id='par_1_33' title="bbox 586 1814 3802 1890">
     <span class='ocr_line' id='line_1_33' title="bbox 586 1814 3802 1890; baseline 0.003 -24"><span class='ocrx_word' id='word_1_233' title='bbox 586 1822 753 1882; x_wconf 75' lang='lat' dir='ltr'><strong>perta:</strong></span> <span class='ocrx_word' id='word_1_234' title='bbox 784 1823 939 1879; x_wconf 86' lang='lat' dir='ltr'><strong>sunt;</strong></span> <span class='ocrx_word' id='word_1_235' title='bbox 969 1814 1091 1885; x_wconf 87' lang='lat' dir='ltr'><strong>quia</strong></span> <span class='ocrx_word' id='word_1_236' title='bbox 1116 1814 1374 1886; x_wconf 82' lang='lat' dir='ltr'><strong>quidquid</strong></span> <span class='ocrx_word' id='word_1_237' title='bbox 1406 1816 1459 1877; x_wconf 89' lang='lat' dir='ltr'><strong>in</strong></span> <span class='ocrx_word' id='word_1_238' title='bbox 1484 1818 1565 1872; x_wconf 89' lang='lat' dir='ltr'><strong>eis</strong></span> <span class='ocrx_word' id='word_1_239' title='bbox 1590 1817 1694 1873; x_wconf 83' lang='lat' dir='ltr'><strong>fuit</strong></span> <span class='ocrx_word' id='word_1_240' title='bbox 1718 1819 2183 1888; x_wconf 85' lang='lat' dir='ltr'><strong>reprobum,elta-</strong></span> <span class='ocrx_word' id='word_1_241' title='bbox 2213 1827 2261 1885; x_wconf 79' lang='grc' dir='ltr'><strong>Β</strong></span> <span class='ocrx_word' id='word_1_242' title='bbox 2288 1825 2414 1871; x_wconf 84' lang='lat' dir='ltr'><strong>runt</strong></span> <span class='ocrx_word' id='word_1_243' title='bbox 2453 1815 2624 1887; x_wconf 76' lang='lat' dir='ltr'><strong>aliqui</strong></span> <span class='ocrx_word' id='word_1_244' title='bbox 2651 1814 2745 1887; x_wconf 78' lang='lat' dir='ltr'><strong>qui</strong></span> <span class='ocrx_word' id='word_1_245' title='bbox 2772 1825 2895 1887; x_wconf 82' lang='lat' dir='ltr'><strong>post</strong></span> <span class='ocrx_word' id='word_1_246' title='bbox 2925 1816 3258 1888; x_wconf 78' lang='lat' dir='ltr'><strong>baptismum</strong></span> <span class='ocrx_word' id='word_1_247' title='bbox 3291 1818 3472 1875; x_wconf 77' lang='lat' dir='ltr'><strong>multa</strong></span> <span class='ocrx_word' id='word_1_248' title='bbox 3498 1830 3802 1890; x_wconf 69' lang='lat' dir='ltr'><strong>peccatum-</strong></span> 
     </span>
    </p>
   </div>
   <div class='ocr_carea' id='block_1_34' title="bbox 582 1907 2178 1987">
    <p class='ocr_par' dir='ltr' id='par_1_34' title="bbox 582 1907 2178 1987">
     <span class='ocr_line' id='line_1_34' title="bbox 582 1907 2178 1987; baseline 0.008 -26"><span class='ocrx_word' id='word_1_249' title='bbox 582 1907 761 1963; x_wconf 88' lang='lat' dir='ltr'><strong>ritatis</strong></span> <span class='ocrx_word' id='word_1_250' title='bbox 792 1909 1049 1969; x_wconf 82' lang='lat' dir='ltr'><strong>remediis</strong></span> <span class='ocrx_word' id='word_1_251' title='bbox 1076 1920 1161 1967; x_wconf 89' lang='lat' dir='ltr'><strong>est</strong></span> <span class='ocrx_word' id='word_1_252' title='bbox 1190 1920 1497 1982; x_wconf 88' lang='lat' dir='ltr'><strong>purgatum.</strong></span> <span class='ocrx_word' id='word_1_253' title='bbox 1531 1911 1776 1970; x_wconf 87' lang='lat' dir='ltr'><strong>Fuerunt</strong></span> <span class='ocrx_word' id='word_1_254' title='bbox 1805 1923 1859 1970; x_wconf 88' lang='lat' dir='ltr'><strong>et</strong></span> <span class='ocrx_word' id='word_1_255' title='bbox 1885 1916 2178 1987; x_wconf 84' lang='lat' dir='ltr'><strong>eonjngati,</strong></span> 
     </span>
    </p>
   </div>
   <div class='ocr_carea' id='block_1_35' title="bbox 583 2001 2186 2079">
    <p class='ocr_par' dir='ltr' id='par_1_35' title="bbox 583 2001 2186 2079">
     <span class='ocr_line' id='line_1_35' title="bbox 583 2001 2186 2079; baseline 0.008 -25"><span class='ocrx_word' id='word_1_256' title='bbox 583 2003 672 2071; x_wconf 90' lang='lat' dir='ltr'><strong>qui</strong></span> <span class='ocrx_word' id='word_1_257' title='bbox 706 2001 879 2058; x_wconf 89' lang='lat' dir='ltr'><strong>Deum</strong></span> <span class='ocrx_word' id='word_1_258' title='bbox 904 2012 1013 2061; x_wconf 87' lang='lat' dir='ltr'><strong>tota</strong></span> <span class='ocrx_word' id='word_1_259' title='bbox 1039 2003 1202 2077; x_wconf 66' lang='grc'><strong>554</strong></span> <span class='ocrx_word' id='word_1_260' title='bbox 1221 2006 1419 2061; x_wconf 89' lang='lat' dir='ltr'><strong>virtute</strong></span> <span class='ocrx_word' id='word_1_261' title='bbox 1447 2006 1782 2073; x_wconf 79' lang='lat' dir='ltr'><strong>dilexerunt,</strong></span> <span class='ocrx_word' id='word_1_262' title='bbox 1807 2016 1970 2079; x_wconf 89' lang='lat' dir='ltr'><strong>atque</strong></span> <span class='ocrx_word' id='word_1_263' title='bbox 1992 2010 2044 2065; x_wconf 91' lang='lat' dir='ltr'><strong>in</strong></span> <span class='ocrx_word' id='word_1_264' title='bbox 2073 2011 2186 2066; x_wconf 82' lang='lat' dir='ltr'><strong>vir-</strong></span> 
     </span>
    </p>
   </div>
   <div class='ocr_carea' id='block_1_36' title="bbox 540 2094 2186 2173">
    <p class='ocr_par' dir='ltr' id='par_1_36' title="bbox 540 2094 2186 2173">
     <span class='ocr_line' id='line_1_36' title="bbox 540 2094 2186 2173; baseline 0.009 -27"><span class='ocrx_word' id='word_1_265' title='bbox 540 2115 555 2132; x_wconf 84' lang='lat'><strong>-</strong></span> <span class='ocrx_word' id='word_1_266' title='bbox 584 2094 788 2150; x_wconf 90' lang='lat' dir='ltr'><strong>tutibus</strong></span> <span class='ocrx_word' id='word_1_267' title='bbox 826 2094 991 2150; x_wconf 83' lang='lat' dir='ltr'><strong>vitam</strong></span> <span class='ocrx_word' id='word_1_268' title='bbox 1017 2096 1220 2155; x_wconf 88' lang='lat' dir='ltr'><strong>ducere</strong></span> <span class='ocrx_word' id='word_1_269' title='bbox 1244 2098 1591 2155; x_wconf 87' lang='lat' dir='ltr'><strong>studuerunt.</strong></span> <span class='ocrx_word' id='word_1_270' title='bbox 1627 2100 1865 2163; x_wconf 82' lang='lat' dir='ltr'><strong>istorum</strong></span> <span class='ocrx_word' id='word_1_271' title='bbox 1885 2102 2049 2173; x_wconf 82' lang='lat' dir='ltr'><strong>igitur</strong></span> <span class='ocrx_word' id='word_1_272' title='bbox 2070 2104 2186 2161; x_wconf 85' lang='lat' dir='ltr'><strong>ani-</strong></span> 
     </span>
    </p>
   </div>
   <div class='ocr_carea' id='block_1_37' title="bbox 588 2190 2183 2267">
    <p class='ocr_par' dir='ltr' id='par_1_37' title="bbox 588 2190 2183 2267">
     <span class='ocr_line' id='line_1_37' title="bbox 588 2190 2183 2267; baseline 0.007 -23"><span class='ocrx_word' id='word_1_273' title='bbox 588 2204 688 2244; x_wconf 76' lang='lat' dir='ltr'><strong>ma:</strong></span> <span class='ocrx_word' id='word_1_274' title='bbox 720 2200 871 2247; x_wconf 88' lang='lat' dir='ltr'><strong>recte</strong></span> <span class='ocrx_word' id='word_1_275' title='bbox 900 2190 1140 2263; x_wconf 81' lang='lat' dir='ltr'><strong>virgines</strong></span> <span class='ocrx_word' id='word_1_276' title='bbox 1167 2204 1464 2260; x_wconf 89' lang='lat' dir='ltr'><strong>vocantur;</strong></span> <span class='ocrx_word' id='word_1_277' title='bbox 1495 2196 1619 2266; x_wconf 88' lang='lat' dir='ltr'><strong>quia</strong></span> <span class='ocrx_word' id='word_1_278' title='bbox 1656 2197 1703 2252; x_wconf 89' lang='lat' dir='ltr'><strong>si</strong></span> <span class='ocrx_word' id='word_1_279' title='bbox 1730 2212 1865 2267; x_wconf 89' lang='lat' dir='ltr'><strong>quas</strong></span> <span class='ocrx_word' id='word_1_280' title='bbox 1892 2197 2085 2255; x_wconf 86' lang='lat' dir='ltr'><strong>sordes</strong></span> <span class='ocrx_word' id='word_1_281' title='bbox 2115 2213 2183 2255; x_wconf 79' lang='lat' dir='ltr'><strong>ex</strong></span> 
     </span>
    </p>
   </div>
   <div class='ocr_carea' id='block_1_38' title="bbox 584 2282 2184 2361">
    <p class='ocr_par' dir='ltr' id='par_1_38' title="bbox 584 2282 2184 2361">
     <span class='ocr_line' id='line_1_38' title="bbox 584 2282 2184 2361; baseline 0.006 -22"><span class='ocrx_word' id='word_1_282' title='bbox 584 2282 975 2354; x_wconf 82' lang='lat' dir='ltr'><strong>conjunctione</strong></span> <span class='ocrx_word' id='word_1_283' title='bbox 1005 2286 1332 2347; x_wconf 82' lang='lat' dir='ltr'><strong>leminarum</strong></span> <span class='ocrx_word' id='word_1_284' title='bbox 1365 2297 1647 2345; x_wconf 76' lang='lat' dir='ltr'><strong>traxerunt</strong></span> <span class='ocrx_word' id='word_1_285' title='bbox 1676 2287 1829 2359; x_wconf 82' lang='lat' dir='ltr'><strong>(Gen.</strong></span> <span class='ocrx_word' id='word_1_286' title='bbox 1862 2306 1919 2356; x_wconf 89' lang='grc' dir='ltr'>ιι,</span> <span class='ocrx_word' id='word_1_287' title='bbox 1947 2290 2068 2361; x_wconf 64' lang='lat'><strong>34),</strong></span> <span class='ocrx_word' id='word_1_288' title='bbox 2091 2291 2184 2348; x_wconf 88' lang='lat' dir='ltr'><strong>bo-</strong></span> 
     </span>
    </p>
   </div>
   <div class='ocr_carea' id='block_1_39' title="bbox 581 2377 2184 2447">
    <p class='ocr_par' dir='ltr' id='par_1_39' title="bbox 581 2377 2184 2447">
     <span class='ocr_line' id='line_1_39' title="bbox 581 2377 2184 2447; baseline 0.004 -15"><span class='ocrx_word' id='word_1_289' title='bbox 581 2378 669 2432; x_wconf 89' lang='lat' dir='ltr'><strong>nis</strong></span> <span class='ocrx_word' id='word_1_290' title='bbox 698 2377 962 2447; x_wconf 85' lang='lat' dir='ltr'><strong>operibus</strong></span> <span class='ocrx_word' id='word_1_291' title='bbox 995 2377 1234 2435; x_wconf 90' lang='lat' dir='ltr'><strong>deletum</strong></span> <span class='ocrx_word' id='word_1_292' title='bbox 1262 2388 1366 2437; x_wconf 82' lang='lat' dir='ltr'><strong>est.</strong></span> <span class='ocrx_word' id='word_1_293' title='bbox 1400 2380 1667 2445; x_wconf 85' lang='lat' dir='ltr'><strong>Similiter</strong></span> <span class='ocrx_word' id='word_1_294' title='bbox 1698 2381 1720 2409; x_wconf 85' lang='grc'><strong><em>⁸</em></strong></span> <span class='ocrx_word' id='word_1_295' title='bbox 1752 2385 1823 2438; x_wconf 87' lang='lat' dir='ltr'><strong>dc</strong></span> <span class='ocrx_word' id='word_1_296' title='bbox 1848 2385 2066 2439; x_wconf 81' lang='lat' dir='ltr'><strong>cteteris</strong></span> <span class='ocrx_word' id='word_1_297' title='bbox 2095 2399 2184 2440; x_wconf 81' lang='lat' dir='ltr'><strong>or-</strong></span> 
     </span>
    </p>
   </div>
   <div class='ocr_carea' id='block_1_40' title="bbox 580 2468 1377 2542">
    <p class='ocr_par' dir='ltr' id='par_1_40' title="bbox 580 2468 1377 2542">
     <span class='ocr_line' id='line_1_40' title="bbox 580 2468 1377 2542; baseline 0.004 -18"><span class='ocrx_word' id='word_1_298' title='bbox 580 2468 798 2525; x_wconf 90' lang='lat' dir='ltr'><strong>dinibus</strong></span> <span class='ocrx_word' id='word_1_299' title='bbox 825 2470 1241 2542; x_wconf 82' lang='lat' dir='ltr'><strong>intelligendum</strong></span> <span class='ocrx_word' id='word_1_300' title='bbox 1272 2483 1377 2531; x_wconf 86' lang='lat' dir='ltr'><strong>est.</strong></span> 
     </span>
    </p>
   </div>
   <div class='ocr_carea' id='block_1_41' title="bbox 655 2562 2184 2639">
    <p class='ocr_par' dir='ltr' id='par_1_41' title="bbox 655 2562 2184 2639">
     <span class='ocr_line' id='line_1_41' title="bbox 655 2562 2184 2639; baseline 0.007 -23"><span class='ocrx_word' id='word_1_301' title='bbox 655 2562 952 2623; x_wconf 84' lang='lat' dir='ltr'><strong>Possumus</strong></span> <span class='ocrx_word' id='word_1_302' title='bbox 982 2565 1145 2619; x_wconf 88' lang='lat' dir='ltr'><strong>etiam</strong></span> <span class='ocrx_word' id='word_1_303' title='bbox 1177 2581 1274 2635; x_wconf 87' lang='lat' dir='ltr'><strong>per</strong></span> <span class='ocrx_word' id='word_1_304' title='bbox 1302 2566 1566 2624; x_wconf 86' lang='lat' dir='ltr'><strong>mulieres</strong></span> <span class='ocrx_word' id='word_1_305' title='bbox 1605 2582 1835 2639; x_wconf 90' lang='lat' dir='ltr'><strong>corpora</strong></span> <span class='ocrx_word' id='word_1_306' title='bbox 1873 2576 2184 2627; x_wconf 86' lang='lat' dir='ltr'><strong>sanctorum</strong></span> 
     </span>
    </p>
   </div>
   <div class='ocr_carea' id='block_1_42' title="bbox 583 2654 2187 2732">
    <p class='ocr_par' dir='ltr' id='par_1_42' title="bbox 583 2654 2187 2732">
     <span class='ocr_line' id='line_1_42' title="bbox 583 2654 2187 2732; baseline 0.007 -24"><span class='ocrx_word' id='word_1_307' title='bbox 583 2654 913 2727; x_wconf 89' lang='lat' dir='ltr'><strong>intelligere,</strong></span> <span class='ocrx_word' id='word_1_308' title='bbox 938 2671 1036 2727; x_wconf 90' lang='lat' dir='ltr'><strong>per</strong></span> <span class='ocrx_word' id='word_1_309' title='bbox 1063 2658 1206 2712; x_wconf 71' lang='lat' dir='ltr'><strong>viros</strong></span> <span class='ocrx_word' id='word_1_310' title='bbox 1230 2669 1412 2714; x_wconf 90' lang='lat' dir='ltr'><strong>autem</strong></span> <span class='ocrx_word' id='word_1_311' title='bbox 1442 2660 1690 2726; x_wconf 89' lang='lat' dir='ltr'><strong>animas;</strong></span> <span class='ocrx_word' id='word_1_312' title='bbox 1714 2661 1840 2732; x_wconf 89' lang='lat' dir='ltr'><strong>quia</strong></span> <span class='ocrx_word' id='word_1_313' title='bbox 1870 2662 2011 2719; x_wconf 84' lang='lat' dir='ltr'><strong>sicut</strong></span> <span class='ocrx_word' id='word_1_314' title='bbox 2029 2661 2111 2718; x_wconf 87' lang='lat' dir='ltr'><strong>vir</strong></span> <span class='ocrx_word' id='word_1_315' title='bbox 2129 2672 2187 2719; x_wconf 90' lang='lat' dir='ltr'><strong>et</strong></span> 
     </span>
    </p>
   </div>
   <div class='ocr_carea' id='block_1_43' title="bbox 584 2749 2184 2824">
    <p class='ocr_par' dir='ltr' id='par_1_43' title="bbox 584 2749 2184 2824">
     <span class='ocr_line' id='line_1_43' title="bbox 584 2749 2184 2824; baseline 0.006 -21"><span class='ocrx_word' id='word_1_316' title='bbox 584 2749 780 2805; x_wconf 92' lang='lat' dir='ltr'><strong>mulier</strong></span> <span class='ocrx_word' id='word_1_317' title='bbox 812 2766 917 2806; x_wconf 90' lang='lat' dir='ltr'><strong>una</strong></span> <span class='ocrx_word' id='word_1_318' title='bbox 947 2766 1079 2809; x_wconf 90' lang='lat' dir='ltr'><strong>caro</strong></span> <span class='ocrx_word' id='word_1_319' title='bbox 1108 2763 1395 2820; x_wconf 83' lang='lat' dir='ltr'><strong>vocantur,</strong></span> <span class='ocrx_word' id='word_1_320' title='bbox 1421 2755 1491 2809; x_wconf 89' lang='lat' dir='ltr'><strong>ita</strong></span> <span class='ocrx_word' id='word_1_321' title='bbox 1521 2769 1722 2824; x_wconf 87' lang='lat' dir='ltr'><strong>corpus</strong></span> <span class='ocrx_word' id='word_1_322' title='bbox 1750 2766 1807 2815; x_wconf 83' lang='lat' dir='ltr'><strong>et</strong></span> <span class='ocrx_word' id='word_1_323' title='bbox 1833 2754 2017 2811; x_wconf 78' lang='lat' dir='ltr'><strong>anima</strong></span> <span class='ocrx_word' id='word_1_324' title='bbox 2045 2772 2184 2813; x_wconf 88' lang='lat' dir='ltr'><strong>unus</strong></span> 
     </span>
    </p>
   </div>
   <div class='ocr_carea' id='block_1_44' title="bbox 584 2842 2186 2917">
    <p class='ocr_par' dir='ltr' id='par_1_44' title="bbox 584 2842 2186 2917">
     <span class='ocr_line' id='line_1_44' title="bbox 584 2842 2186 2917; baseline 0.007 -21"><span class='ocrx_word' id='word_1_325' title='bbox 584 2842 786 2897; x_wconf 84' lang='lat' dir='ltr'><strong>homo:</strong></span> <span class='ocrx_word' id='word_1_326' title='bbox 816 2852 871 2899; x_wconf 89' lang='lat' dir='ltr'><strong>et</strong></span> <span class='ocrx_word' id='word_1_327' title='bbox 897 2845 1358 2915; x_wconf 87' lang='lat' dir='ltr'><strong>quemadmodum</strong></span> <span class='ocrx_word' id='word_1_328' title='bbox 1407 2847 1608 2905; x_wconf 88' lang='lat' dir='ltr'><strong>femina</strong></span> <span class='ocrx_word' id='word_1_329' title='bbox 1646 2846 1875 2905; x_wconf 79' lang='lat' dir='ltr'><strong>inferior</strong></span> <span class='ocrx_word' id='word_1_330' title='bbox 1914 2858 2001 2911; x_wconf 84' lang='lat' dir='ltr'><strong>est</strong></span> <span class='ocrx_word' id='word_1_331' title='bbox 2028 2849 2186 2917; x_wconf 81' lang='lat' dir='ltr'><strong>viro.</strong></span> 
     </span>
    </p>
   </div>
   <div class='ocr_carea' id='block_1_45' title="bbox 583 2936 2187 3013">
    <p class='ocr_par' dir='ltr' id='par_1_45' title="bbox 583 2936 2187 3013">
     <span class='ocr_line' id='line_1_45' title="bbox 583 2936 2187 3013; baseline 0.007 -22"><span class='ocrx_word' id='word_1_332' title='bbox 583 2936 816 3008; x_wconf 86' lang='lat' dir='ltr'><strong>ideoque</strong></span> <span class='ocrx_word' id='word_1_333' title='bbox 839 2953 1067 2994; x_wconf 87' lang='lat' dir='ltr'><strong>necesse</strong></span> <span class='ocrx_word' id='word_1_334' title='bbox 1097 2948 1180 2994; x_wconf 88' lang='lat' dir='ltr'><strong>est</strong></span> <span class='ocrx_word' id='word_1_335' title='bbox 1206 2949 1263 2994; x_wconf 90' lang='lat' dir='ltr'><strong>ut</strong></span> <span class='ocrx_word' id='word_1_336' title='bbox 1290 2956 1318 2993; x_wconf 89' lang='lat' dir='ltr'><strong>a</strong></span> <span class='ocrx_word' id='word_1_337' title='bbox 1344 2940 1460 2995; x_wconf 90' lang='lat' dir='ltr'><strong>viro</strong></span> <span class='ocrx_word' id='word_1_338' title='bbox 1488 2950 1729 3011; x_wconf 84' lang='lat' dir='ltr'><strong>regatur,</strong></span> <span class='ocrx_word' id='word_1_339' title='bbox 1758 2941 1987 3013; x_wconf 82' lang='lat' dir='ltr'><strong>ejusque</strong></span> <span class='ocrx_word' id='word_1_340' title='bbox 2010 2941 2187 3001; x_wconf 51' lang='lat' dir='ltr'><strong>dumb</strong></span> 
     </span>
    </p>
   </div>
   <div class='ocr_carea' id='block_1_46' title="bbox 585 3032 2187 3105">
    <p class='ocr_par' dir='ltr' id='par_1_46' title="bbox 585 3032 2187 3105">
     <span class='ocr_line' id='line_1_46' title="bbox 585 3032 2187 3105; baseline 0.006 -18"><span class='ocrx_word' id='word_1_341' title='bbox 585 3033 865 3088; x_wconf 89' lang='lat' dir='ltr'><strong>nationem</strong></span> <span class='ocrx_word' id='word_1_342' title='bbox 908 3032 1177 3103; x_wconf 79' lang='lat' dir='ltr'><strong>perferat;</strong></span> <span class='ocrx_word' id='word_1_343' title='bbox 1230 3036 1301 3088; x_wconf 89' lang='lat' dir='ltr'><strong>ita</strong></span> <span class='ocrx_word' id='word_1_344' title='bbox 1357 3050 1561 3105; x_wconf 90' lang='lat' dir='ltr'><strong>corpus</strong></span> <span class='ocrx_word' id='word_1_345' title='bbox 1603 3036 1772 3097; x_wconf 90' lang='lat' dir='ltr'><strong>multo</strong></span> <span class='ocrx_word' id='word_1_346' title='bbox 1823 3036 2057 3095; x_wconf 84' lang='lat' dir='ltr'><strong>inferius</strong></span> <span class='ocrx_word' id='word_1_347' title='bbox 2103 3049 2187 3099; x_wconf 69' lang='lat' dir='ltr'><strong>est</strong></span> 
     </span>
    </p>
   </div>
   <div class='ocr_carea' id='block_1_47' title="bbox 586 3126 2188 3202">
    <p class='ocr_par' dir='ltr' id='par_1_47' title="bbox 586 3126 2188 3202">
     <span class='ocr_line' id='line_1_47' title="bbox 586 3126 2188 3202; baseline 0.006 -23"><span class='ocrx_word' id='word_1_348' title='bbox 586 3141 749 3193; x_wconf 88' lang='lat' dir='ltr'><strong>quam</strong></span> <span class='ocrx_word' id='word_1_349' title='bbox 776 3126 980 3189; x_wconf 85' lang='lat' dir='ltr'><strong>anima.</strong></span> <span class='ocrx_word' id='word_1_350' title='bbox 1004 3135 1059 3182; x_wconf 91' lang='lat' dir='ltr'><strong>et</strong></span> <span class='ocrx_word' id='word_1_351' title='bbox 1090 3126 1213 3182; x_wconf 83' lang='lat' dir='ltr'><strong>ideo</strong></span> <span class='ocrx_word' id='word_1_352' title='bbox 1238 3142 1467 3183; x_wconf 80' lang='lat' dir='ltr'><strong>necesse</strong></span> <span class='ocrx_word' id='word_1_353' title='bbox 1498 3137 1580 3185; x_wconf 89' lang='lat' dir='ltr'><strong>est</strong></span> <span class='ocrx_word' id='word_1_354' title='bbox 1613 3137 1671 3182; x_wconf 88' lang='lat' dir='ltr'><strong>ut</strong></span> <span class='ocrx_word' id='word_1_355' title='bbox 1696 3143 1725 3185; x_wconf 90' lang='lat' dir='ltr'><strong>a</strong></span> <span class='ocrx_word' id='word_1_356' title='bbox 1748 3130 1943 3199; x_wconf 89' lang='lat' dir='ltr'><strong>spiritu</strong></span> <span class='ocrx_word' id='word_1_357' title='bbox 1968 3138 2188 3202; x_wconf 81' lang='lat' dir='ltr'><strong>regatur</strong></span> 
     </span>
    </p>
   </div>
   <div class='ocr_carea' id='block_1_48' title="bbox 2288 1909 3801 1977">
    <p class='ocr_par' dir='ltr' id='par_1_48' title="bbox 2288 1909 3801 1977">
     <span class='ocr_line' id='line_1_48' title="bbox 2288 1909 3801 1977; baseline 0.003 -12"><span class='ocrx_word' id='word_1_358' title='bbox 2288 1909 2578 1977; x_wconf 86' lang='lat' dir='ltr'><strong>miserunt,</strong></span> <span class='ocrx_word' id='word_1_359' title='bbox 2629 1918 2811 1967; x_wconf 86' lang='lat' dir='ltr'><strong>tamen</strong></span> <span class='ocrx_word' id='word_1_360' title='bbox 2860 1911 2913 1967; x_wconf 90' lang='lat' dir='ltr'><strong>in</strong></span> <span class='ocrx_word' id='word_1_361' title='bbox 2960 1926 3057 1969; x_wconf 90' lang='lat' dir='ltr'><strong>ore</strong></span> <span class='ocrx_word' id='word_1_362' title='bbox 3107 1927 3303 1969; x_wconf 90' lang='lat' dir='ltr'><strong>eorum</strong></span> <span class='ocrx_word' id='word_1_363' title='bbox 3342 1930 3459 1969; x_wconf 86' lang='lat' dir='ltr'><strong>non</strong></span> <span class='ocrx_word' id='word_1_364' title='bbox 3500 1926 3580 1973; x_wconf 80' lang='lat' dir='ltr'><strong>est</strong></span> <span class='ocrx_word' id='word_1_365' title='bbox 3608 1916 3801 1971; x_wconf 77' lang='lat' dir='ltr'><strong>invest</strong></span> 
     </span>
    </p>
   </div>
   <div class='ocr_carea' id='block_1_49' title="bbox 2289 2001 3801 2077">
    <p class='ocr_par' dir='ltr' id='par_1_49' title="bbox 2289 2001 3801 2077">
     <span class='ocr_line' id='line_1_49' title="bbox 2289 2001 3801 2077; baseline 0.005 -22"><span class='ocrx_word' id='word_1_366' title='bbox 2289 2001 2664 2065; x_wconf 84' lang='lat' dir='ltr'><strong>mendacium;</strong></span> <span class='ocrx_word' id='word_1_367' title='bbox 2714 2004 2841 2073; x_wconf 84' lang='lat' dir='ltr'><strong>quia</strong></span> <span class='ocrx_word' id='word_1_368' title='bbox 2891 2018 2990 2073; x_wconf 90' lang='lat' dir='ltr'><strong>per</strong></span> <span class='ocrx_word' id='word_1_369' title='bbox 3039 2005 3465 2075; x_wconf 70' lang='lat' dir='ltr'><strong>panitentiam,</strong></span> <span class='ocrx_word' id='word_1_370' title='bbox 3495 2007 3801 2077; x_wconf 69' lang='lat' dir='ltr'><strong>charitatisqu</strong></span> 
     </span>
    </p>
   </div>
   <div class='ocr_carea' id='block_1_50' title="bbox 2286 2094 3801 2167">
    <p class='ocr_par' dir='ltr' id='par_1_50' title="bbox 2286 2094 3801 2167">
     <span class='ocr_line' id='line_1_50' title="bbox 2286 2094 3801 2167; baseline 0.007 -21"><span class='ocrx_word' id='word_1_371' title='bbox 2286 2108 2453 2164; x_wconf 86' lang='lat' dir='ltr'><strong>opera</strong></span> <span class='ocrx_word' id='word_1_372' title='bbox 2486 2094 2683 2153; x_wconf 88' lang='lat' dir='ltr'><strong>malum</strong></span> <span class='ocrx_word' id='word_1_373' title='bbox 2707 2094 2851 2165; x_wconf 87' lang='lat' dir='ltr'><strong>quod</strong></span> <span class='ocrx_word' id='word_1_374' title='bbox 2879 2110 3209 2167; x_wconf 83' lang='lat' dir='ltr'><strong>gesserunt,</strong></span> <span class='ocrx_word' id='word_1_375' title='bbox 3253 2108 3391 2163; x_wconf 84' lang='lat' dir='ltr'><strong>ante</strong></span> <span class='ocrx_word' id='word_1_376' title='bbox 3437 2108 3653 2156; x_wconf 84' lang='lat' dir='ltr'><strong>mortem</strong></span> <span class='ocrx_word' id='word_1_377' title='bbox 3681 2099 3801 2156; x_wconf 75' lang='lat' dir='ltr'><strong>delere</strong></span> 
     </span>
    </p>
   </div>
   <div class='ocr_carea' id='block_1_51' title="bbox 2286 2187 3803 2253">
    <p class='ocr_par' dir='ltr' id='par_1_51' title="bbox 2286 2187 3803 2253">
     <span class='ocr_line' id='line_1_51' title="bbox 2286 2187 3803 2253; baseline 0.007 -14"><span class='ocrx_word' id='word_1_378' title='bbox 2286 2187 2658 2243; x_wconf 84' lang='lat' dir='ltr'><strong>studuerunt:</strong></span> <span class='ocrx_word' id='word_1_379' title='bbox 2710 2188 2839 2243; x_wconf 78' lang='lat' dir='ltr'><strong>Situ</strong></span> <span class='ocrx_word' id='word_1_380' title='bbox 2888 2191 3098 2253; x_wconf 77' lang='lat' dir='ltr'><strong>macula</strong></span> <span class='ocrx_word' id='word_1_381' title='bbox 3141 2192 3281 2248; x_wconf 70' lang='lat' dir='ltr'><strong>cuius</strong></span> <span class='ocrx_word' id='word_1_382' title='bbox 3321 2203 3470 2249; x_wconf 72' lang='lat' dir='ltr'><strong>sunt.</strong></span> <span class='ocrx_word' id='word_1_383' title='bbox 3520 2194 3584 2250; x_wconf 86' lang='lat' dir='ltr'><strong>Et</strong></span> <span class='ocrx_word' id='word_1_384' title='bbox 3619 2194 3691 2249; x_wconf 76' lang='lat' dir='ltr'><strong>llic</strong></span> <span class='ocrx_word' id='word_1_385' title='bbox 3722 2196 3803 2249; x_wconf 66' lang='lat' dir='ltr'><strong>sntit</strong></span> 
     </span>
    </p>
   </div>
   <div class='ocr_carea' id='block_1_52' title="bbox 2286 2280 3803 2355">
    <p class='ocr_par' dir='ltr' id='par_1_52' title="bbox 2286 2280 3803 2355">
     <span class='ocr_line' id='line_1_52' title="bbox 2286 2280 3803 2355; baseline 0.008 -22"><span class='ocrx_word' id='word_1_386' title='bbox 2286 2291 2476 2350; x_wconf 87' lang='lat' dir='ltr'><strong>aperte</strong></span> <span class='ocrx_word' id='word_1_387' title='bbox 2500 2280 2862 2349; x_wconf 80' lang='lat' dir='ltr'><strong>demonStrat,</strong></span> <span class='ocrx_word' id='word_1_388' title='bbox 2894 2300 2956 2339; x_wconf 86' lang='lat' dir='ltr'><strong>ea</strong></span> <span class='ocrx_word' id='word_1_389' title='bbox 2982 2300 3103 2355; x_wconf 78' lang='lat' dir='ltr'><strong>qua:</strong></span> <span class='ocrx_word' id='word_1_390' title='bbox 3128 2288 3181 2342; x_wconf 89' lang='lat' dir='ltr'><strong>in</strong></span> <span class='ocrx_word' id='word_1_391' title='bbox 3212 2287 3315 2344; x_wconf 89' lang='lat' dir='ltr'><strong>bac</strong></span> <span class='ocrx_word' id='word_1_392' title='bbox 3338 2287 3581 2345; x_wconf 76' lang='lat' dir='ltr'><strong>lectione</strong></span> <span class='ocrx_word' id='word_1_393' title='bbox 3598 2290 3803 2345; x_wconf 53' lang='lat' dir='ltr'><strong>contines</strong></span> 
     </span>
    </p>
   </div>
   <div class='ocr_carea' id='block_1_53' title="bbox 2290 2375 3797 2449">
    <p class='ocr_par' dir='ltr' id='par_1_53' title="bbox 2290 2375 3797 2449">
     <span class='ocr_line' id='line_1_53' title="bbox 2290 2375 3797 2449; baseline 0.003 -20"><span class='ocrx_word' id='word_1_394' title='bbox 2290 2384 2399 2443; x_wconf 90' lang='lat' dir='ltr'><strong>tur,</strong></span> <span class='ocrx_word' id='word_1_395' title='bbox 2432 2390 2538 2430; x_wconf 89' lang='lat' dir='ltr'><strong>non</strong></span> <span class='ocrx_word' id='word_1_396' title='bbox 2571 2376 2639 2432; x_wconf 90' lang='lat' dir='ltr'><strong>ad</strong></span> <span class='ocrx_word' id='word_1_397' title='bbox 2669 2375 2853 2432; x_wconf 82' lang='lat' dir='ltr'><strong>ﬁdeles</strong></span> <span class='ocrx_word' id='word_1_398' title='bbox 2880 2376 2972 2449; x_wconf 89' lang='lat' dir='ltr'><strong>qui</strong></span> <span class='ocrx_word' id='word_1_399' title='bbox 2998 2377 3052 2435; x_wconf 88' lang='lat' dir='ltr'><strong>in</strong></span> <span class='ocrx_word' id='word_1_400' title='bbox 3086 2377 3185 2435; x_wconf 90' lang='lat' dir='ltr'><strong>bac</strong></span> <span class='ocrx_word' id='word_1_401' title='bbox 3208 2379 3318 2435; x_wconf 85' lang='lat' dir='ltr'><strong>vita</strong></span> <span class='ocrx_word' id='word_1_402' title='bbox 3349 2380 3625 2447; x_wconf 87' lang='lat' dir='ltr'><strong>laborant,</strong></span> <span class='ocrx_word' id='word_1_403' title='bbox 3660 2381 3731 2435; x_wconf 70' lang='lat' dir='ltr'><strong>sed</strong></span> <span class='ocrx_word' id='word_1_404' title='bbox 3757 2379 3797 2433; x_wconf 75' lang='lat' dir='ltr'><strong>tl</strong></span> 
     </span>
    </p>
   </div>
   <div class='ocr_carea' id='block_1_54' title="bbox 2286 2467 3805 2544">
    <p class='ocr_par' dir='ltr' id='par_1_54' title="bbox 2286 2467 3805 2544">
     <span class='ocr_line' id='line_1_54' title="bbox 2286 2467 3805 2544; baseline 0.003 -23"><span class='ocrx_word' id='word_1_405' title='bbox 2286 2481 2384 2525; x_wconf 85' lang='lat' dir='ltr'><strong>eos</strong></span> <span class='ocrx_word' id='word_1_406' title='bbox 2405 2467 2501 2538; x_wconf 87' lang='lat' dir='ltr'><strong>qui</strong></span> <span class='ocrx_word' id='word_1_407' title='bbox 2526 2468 2579 2525; x_wconf 88' lang='lat' dir='ltr'><strong>in</strong></span> <span class='ocrx_word' id='word_1_408' title='bbox 2600 2469 2916 2527; x_wconf 74' lang='lat' dir='ltr'><strong>etelcsubus</strong></span> <span class='ocrx_word' id='word_1_409' title='bbox 2943 2471 3168 2527; x_wconf 88' lang='lat' dir='ltr'><strong>sedibus</strong></span> <span class='ocrx_word' id='word_1_410' title='bbox 3191 2473 3573 2544; x_wconf 83' lang='lat' dir='ltr'><strong>requiescunt,</strong></span> <span class='ocrx_word' id='word_1_411' title='bbox 3595 2474 3805 2543; x_wconf 72' lang='lat' dir='ltr'><strong>pertinere.</strong></span> 
     </span>
    </p>
   </div>
   <div class='ocr_carea' id='block_1_55' title="bbox 2286 2558 3807 2636">
    <p class='ocr_par' dir='ltr' id='par_1_55' title="bbox 2286 2558 3807 2636">
     <span class='ocr_line' id='line_1_55' title="bbox 2286 2558 3807 2636; baseline 0.005 -22"><span class='ocrx_word' id='word_1_412' title='bbox 2286 2558 2421 2628; x_wconf 85' lang='lat' dir='ltr'><strong>Quis</strong></span> <span class='ocrx_word' id='word_1_413' title='bbox 2451 2560 2593 2621; x_wconf 86' lang='lat' dir='ltr'><strong>enim</strong></span> <span class='ocrx_word' id='word_1_414' title='bbox 2629 2562 2681 2619; x_wconf 91' lang='lat' dir='ltr'><strong>in</strong></span> <span class='ocrx_word' id='word_1_415' title='bbox 2713 2563 2815 2619; x_wconf 90' lang='lat' dir='ltr'><strong>hac</strong></span> <span class='ocrx_word' id='word_1_416' title='bbox 2844 2562 2949 2619; x_wconf 74' lang='lat' dir='ltr'><strong>tita</strong></span> <span class='ocrx_word' id='word_1_417' title='bbox 2984 2565 3215 2636; x_wconf 80' lang='lat' dir='ltr'><strong>positus,</strong></span> <span class='ocrx_word' id='word_1_418' title='bbox 3244 2570 3373 2623; x_wconf 85' lang='lat' dir='ltr'><strong>sine</strong></span> <span class='ocrx_word' id='word_1_419' title='bbox 3400 2566 3607 2623; x_wconf 83' lang='lat' dir='ltr'><strong>macula</strong></span> <span class='ocrx_word' id='word_1_420' title='bbox 3630 2581 3724 2622; x_wconf 82' lang='lat' dir='ltr'><strong>esse</strong></span> <span class='ocrx_word' id='word_1_421' title='bbox 3750 2579 3807 2635; x_wconf 76' lang='lat' dir='ltr'><strong>po-</strong></span> 
     </span>
    </p>
   </div>
   <div class='ocr_carea' id='block_1_56' title="bbox 2290 2654 3805 2731">
    <p class='ocr_par' dir='ltr' id='par_1_56' title="bbox 2290 2654 3805 2731">
     <span class='ocr_line' id='line_1_56' title="bbox 2290 2654 3805 2731; baseline 0.004 -24"><span class='ocrx_word' id='word_1_422' title='bbox 2290 2654 2434 2710; x_wconf 81' lang='lat' dir='ltr'><strong>test?</strong></span> <span class='ocrx_word' id='word_1_423' title='bbox 2457 2668 2580 2711; x_wconf 90' lang='lat' dir='ltr'><strong>cum</strong></span> <span class='ocrx_word' id='word_1_424' title='bbox 2606 2656 2747 2712; x_wconf 87' lang='lat' dir='ltr'><strong>idem</strong></span> <span class='ocrx_word' id='word_1_425' title='bbox 2769 2656 3009 2715; x_wconf 79' lang='lat' dir='ltr'><strong>Joannes</strong></span> <span class='ocrx_word' id='word_1_426' title='bbox 3029 2660 3209 2716; x_wconf 87' lang='lat' dir='ltr'><strong>dicat:</strong></span> <span class='ocrx_word' id='word_1_427' title='bbox 3237 2660 3303 2717; x_wconf 89' lang='lat' dir='ltr'><strong>Si</strong></span> <span class='ocrx_word' id='word_1_428' title='bbox 3330 2662 3614 2719; x_wconf 57' lang='lat' dir='ltr'><strong>dixerimus</strong></span> <span class='ocrx_word' id='word_1_429' title='bbox 3631 2661 3725 2731; x_wconf 78' lang='lat' dir='ltr'><strong>quis</strong></span> <span class='ocrx_word' id='word_1_430' title='bbox 3739 2675 3805 2728; x_wconf 73' lang='lat' dir='ltr'><strong>ptr-</strong></span> 
     </span>
    </p>
   </div>
   <div class='ocr_carea' id='block_1_57' title="bbox 2288 2750 3805 2823">
    <p class='ocr_par' dir='ltr' id='par_1_57' title="bbox 2288 2750 3805 2823">
     <span class='ocr_line' id='line_1_57' title="bbox 2288 2750 3805 2823; baseline 0.005 -22"><span class='ocrx_word' id='word_1_431' title='bbox 2288 2757 2462 2803; x_wconf 83' lang='lat' dir='ltr'><strong>catum</strong></span> <span class='ocrx_word' id='word_1_432' title='bbox 2487 2766 2591 2805; x_wconf 77' lang='lat' dir='ltr'><strong>non</strong></span> <span class='ocrx_word' id='word_1_433' title='bbox 2622 2750 2892 2817; x_wconf 70' lang='lat' dir='ltr'><strong>habemus,</strong></span> <span class='ocrx_word' id='word_1_434' title='bbox 2920 2769 3015 2808; x_wconf 89' lang='lat' dir='ltr'><strong>nos</strong></span> <span class='ocrx_word' id='word_1_435' title='bbox 3042 2755 3186 2823; x_wconf 85' lang='lat' dir='ltr'><strong>ipsos</strong></span> <span class='ocrx_word' id='word_1_436' title='bbox 3211 2754 3540 2821; x_wconf 69' lang='lat' dir='ltr'><strong>sedecim,</strong></span> <span class='ocrx_word' id='word_1_437' title='bbox 3560 2763 3605 2809; x_wconf 81' lang='lat' dir='ltr'><strong>st</strong></span> <span class='ocrx_word' id='word_1_438' title='bbox 3625 2752 3805 2809; x_wconf 67' lang='lat' dir='ltr'><strong>musti!</strong></span> 
     </span>
    </p>
   </div>
   <div class='ocr_carea' id='block_1_58' title="bbox 2288 2841 3806 2917">
    <p class='ocr_par' dir='ltr' id='par_1_58' title="bbox 2288 2841 3806 2917">
     <span class='ocr_line' id='line_1_58' title="bbox 2288 2841 3806 2917; baseline 0.006 -25"><span class='ocrx_word' id='word_1_439' title='bbox 2288 2843 2435 2901; x_wconf 82' lang='lat' dir='ltr'><strong>nobis</strong></span> <span class='ocrx_word' id='word_1_440' title='bbox 2467 2860 2569 2897; x_wconf 80' lang='lat' dir='ltr'><strong>non</strong></span> <span class='ocrx_word' id='word_1_441' title='bbox 2601 2854 2675 2898; x_wconf 82' lang='lat' dir='ltr'><strong>est</strong></span> <span class='ocrx_word' id='word_1_442' title='bbox 2705 2841 2764 2912; x_wconf 87' lang='grc' dir='ltr'>(ι</span> <span class='ocrx_word' id='word_1_443' title='bbox 2789 2842 2949 2899; x_wconf 83' lang='lat' dir='ltr'><strong>Joan.</strong></span> <span class='ocrx_word' id='word_1_444' title='bbox 2978 2860 3019 2912; x_wconf 85' lang='grc' dir='ltr'>ι,</span> <span class='ocrx_word' id='word_1_445' title='bbox 3054 2845 3146 2917; x_wconf 75' lang='lat'><strong>8}.</strong></span> <span class='ocrx_word' id='word_1_446' title='bbox 3176 2846 3395 2903; x_wconf 69' lang='lat' dir='ltr'><strong>Anima:</strong></span> <span class='ocrx_word' id='word_1_447' title='bbox 3427 2864 3556 2904; x_wconf 77' lang='lat' dir='ltr'><strong>vero</strong></span> <span class='ocrx_word' id='word_1_448' title='bbox 3580 2857 3806 2904; x_wconf 70' lang='lat' dir='ltr'><strong>satietate!</strong></span> 
     </span>
    </p>
   </div>
   <div class='ocr_carea' id='block_1_59' title="bbox 2288 2934 3807 3010">
    <p class='ocr_par' dir='ltr' id='par_1_59' title="bbox 2288 2934 3807 3010">
     <span class='ocr_line' id='line_1_59' title="bbox 2288 2934 3807 3010; baseline 0.004 -23"><span class='ocrx_word' id='word_1_449' title='bbox 2288 2934 2408 2991; x_wconf 83' lang='lat' dir='ltr'><strong>sine</strong></span> <span class='ocrx_word' id='word_1_450' title='bbox 2438 2935 2653 2993; x_wconf 90' lang='lat' dir='ltr'><strong>macula</strong></span> <span class='ocrx_word' id='word_1_451' title='bbox 2679 2947 2839 3003; x_wconf 90' lang='lat' dir='ltr'><strong>sunt;</strong></span> <span class='ocrx_word' id='word_1_452' title='bbox 2866 2939 2991 3009; x_wconf 90' lang='lat' dir='ltr'><strong>quia</strong></span> <span class='ocrx_word' id='word_1_453' title='bbox 3038 2940 3083 2995; x_wconf 92' lang='lat' dir='ltr'><strong>si</strong></span> <span class='ocrx_word' id='word_1_454' title='bbox 3128 2955 3266 3010; x_wconf 86' lang='lat' dir='ltr'><strong>quas</strong></span> <span class='ocrx_word' id='word_1_455' title='bbox 3301 2940 3503 2997; x_wconf 85' lang='lat' dir='ltr'><strong>sordes</strong></span> <span class='ocrx_word' id='word_1_456' title='bbox 3530 2956 3593 2999; x_wconf 78' lang='lat' dir='ltr'><strong>es</strong></span> <span class='ocrx_word' id='word_1_457' title='bbox 3619 2940 3807 2996; x_wconf 68' lang='lat' dir='ltr'><strong>nam</strong></span> 
     </span>
    </p>
   </div>
   <div class='ocr_carea' id='block_1_60' title="bbox 2289 3027 3899 3105">
    <p class='ocr_par' dir='ltr' id='par_1_60' title="bbox 2289 3027 3899 3105">
     <span class='ocr_line' id='line_1_60' title="bbox 2289 3027 3899 3105; baseline -0.002 -16"><span class='ocrx_word' id='word_1_458' title='bbox 2289 3027 2635 3089; x_wconf 85' lang='lat' dir='ltr'><strong>habitatione</strong></span> <span class='ocrx_word' id='word_1_459' title='bbox 2680 3038 3098 3097; x_wconf 81' lang='lat' dir='ltr'><strong>contraxerunt,</strong></span> <span class='ocrx_word' id='word_1_460' title='bbox 3149 3040 3244 3088; x_wconf 91' lang='lat' dir='ltr'><strong>aut</strong></span> <span class='ocrx_word' id='word_1_461' title='bbox 3288 3048 3390 3103; x_wconf 88' lang='lat' dir='ltr'><strong>per</strong></span> <span class='ocrx_word' id='word_1_462' title='bbox 3439 3032 3810 3105; x_wconf 74' lang='lat' dir='ltr'><strong>pteniteotiane</strong></span> <span class='ocrx_word' id='word_1_463' title='bbox 3898 3027 3899 3105; x_wconf 56' lang='grc' dir='ltr'>ξ</span> 
     </span>
    </p>
   </div>
   <div class='ocr_carea' id='block_1_61' title="bbox 2288 3123 3810 3199">
    <p class='ocr_par' dir='ltr' id='par_1_61' title="bbox 2288 3123 3810 3199">
     <span class='ocr_line' id='line_1_61' title="bbox 2288 3123 3810 3199; baseline -0.001 -21"><span class='ocrx_word' id='word_1_464' title='bbox 2288 3123 2588 3196; x_wconf 85' lang='lat' dir='ltr'><strong>lacrymas,</strong></span> <span class='ocrx_word' id='word_1_465' title='bbox 2611 3124 3010 3197; x_wconf 86' lang='lat' dir='ltr'><strong>charitatisque</strong></span> <span class='ocrx_word' id='word_1_466' title='bbox 3034 3142 3200 3197; x_wconf 88' lang='lat' dir='ltr'><strong>opera</strong></span> <span class='ocrx_word' id='word_1_467' title='bbox 3223 3168 3239 3196; x_wconf 89' lang='lat'><strong>,</strong></span> <span class='ocrx_word' id='word_1_468' title='bbox 3271 3138 3369 3184; x_wconf 85' lang='lat' dir='ltr'><strong>aut</strong></span> <span class='ocrx_word' id='word_1_469' title='bbox 3400 3145 3499 3199; x_wconf 89' lang='lat' dir='ltr'><strong>per</strong></span> <span class='ocrx_word' id='word_1_470' title='bbox 3525 3126 3733 3199; x_wconf 79' lang='lat' dir='ltr'><strong>ﬂagella,</strong></span> <span class='ocrx_word' id='word_1_471' title='bbox 3754 3133 3810 3177; x_wconf 77' lang='lat' dir='ltr'><strong>aut</strong></span> 
     </span>
    </p>
   </div>
   <div class='ocr_carea' id='block_1_62' title="bbox 585 3219 3726 3295">
    <p class='ocr_par' dir='ltr' id='par_1_62' title="bbox 585 3219 3726 3295">
     <span class='ocr_line' id='line_1_62' title="bbox 585 3219 3726 3295; baseline 0.002 -22"><span class='ocrx_word' id='word_1_472' title='bbox 585 3230 749 3290; x_wconf 90' lang='lat' dir='ltr'><strong>atque</strong></span> <span class='ocrx_word' id='word_1_473' title='bbox 780 3219 1058 3287; x_wconf 87' lang='lat' dir='ltr'><strong>demetur,</strong></span> <span class='ocrx_word' id='word_1_474' title='bbox 1087 3221 1313 3291; x_wconf 89' lang='lat' dir='ltr'><strong>ejusque</strong></span> <span class='ocrx_word' id='word_1_475' title='bbox 1342 3220 1613 3279; x_wconf 77' lang='lat' dir='ltr'><strong>desideria</strong></span> <span class='ocrx_word' id='word_1_476' title='bbox 1656 3221 1996 3294; x_wconf 82' lang='lat' dir='ltr'><strong>frangantur.</strong></span> <span class='ocrx_word' id='word_1_477' title='bbox 2029 3223 2185 3292; x_wconf 87' lang='lat' dir='ltr'><strong>Quod</strong></span> <span class='ocrx_word' id='word_1_478' title='bbox 2213 3230 2259 3293; x_wconf 62' lang='grc' dir='ltr'><strong>(ζ</strong></span> <span class='ocrx_word' id='word_1_479' title='bbox 2290 3224 2442 3275; x_wconf 82' lang='lat' dir='ltr'><strong>certe</strong></span> <span class='ocrx_word' id='word_1_480' title='bbox 2466 3229 2585 3288; x_wconf 82' lang='lat' dir='ltr'><strong>p05l</strong></span> <span class='ocrx_word' id='word_1_481' title='bbox 2612 3225 2844 3275; x_wconf 91' lang='lat' dir='ltr'><strong>mortem</strong></span> <span class='ocrx_word' id='word_1_482' title='bbox 2877 3219 3001 3289; x_wconf 88' lang='lat' dir='ltr'><strong>igne</strong></span> <span class='ocrx_word' id='word_1_483' title='bbox 3035 3220 3354 3295; x_wconf 70' lang='lat' dir='ltr'><strong>pergatorio</strong></span> <span class='ocrx_word' id='word_1_484' title='bbox 3386 3221 3583 3276; x_wconf 63' lang='lat' dir='ltr'><strong>deletae</strong></span> <span class='ocrx_word' id='word_1_485' title='bbox 3609 3228 3726 3274; x_wconf 77' lang='lat' dir='ltr'><strong>sunl-</strong></span> 
     </span>
    </p>
   </div>
   <div class='ocr_carea' id='block_1_63' title="bbox 586 3314 2185 3388">
    <p class='ocr_par' dir='ltr' id='par_1_63' title="bbox 586 3314 2185 3388">
     <span class='ocr_line' id='line_1_63' title="bbox 586 3314 2185 3388; baseline 0.005 -23"><span class='ocrx_word' id='word_1_486' title='bbox 586 3315 711 3384; x_wconf 85' lang='lat' dir='ltr'><strong>quia</strong></span> <span class='ocrx_word' id='word_1_487' title='bbox 738 3314 913 3369; x_wconf 82' lang='lat' dir='ltr'><strong>sancti</strong></span> <span class='ocrx_word' id='word_1_488' title='bbox 947 3314 1126 3369; x_wconf 79' lang='lat' dir='ltr'><strong>facere</strong></span> <span class='ocrx_word' id='word_1_489' title='bbox 1156 3314 1503 3383; x_wconf 90' lang='lat' dir='ltr'><strong>studuerunt,</strong></span> <span class='ocrx_word' id='word_1_490' title='bbox 1545 3331 1650 3371; x_wconf 91' lang='lat' dir='ltr'><strong>non</strong></span> <span class='ocrx_word' id='word_1_491' title='bbox 1679 3326 1808 3375; x_wconf 89' lang='lat' dir='ltr'><strong>sunt</strong></span> <span class='ocrx_word' id='word_1_492' title='bbox 1846 3318 2185 3388; x_wconf 81' lang='lat' dir='ltr'><strong>coinquinati</strong></span> 
     </span>
    </p>
   </div>
   <div class='ocr_carea' id='block_1_64' title="bbox 584 3407 2187 3481">
    <p class='ocr_par' dir='ltr' id='par_1_64' title="bbox 584 3407 2187 3481">
     <span class='ocr_line' id='line_1_64' title="bbox 584 3407 2187 3481; baseline 0.004 -19"><span class='ocrx_word' id='word_1_493' title='bbox 584 3423 708 3462; x_wconf 89' lang='lat' dir='ltr'><strong>cum</strong></span> <span class='ocrx_word' id='word_1_494' title='bbox 767 3407 1120 3473; x_wconf 86' lang='lat' dir='ltr'><strong>mulieribus;</strong></span> <span class='ocrx_word' id='word_1_495' title='bbox 1167 3407 1288 3478; x_wconf 85' lang='lat' dir='ltr'><strong>quia</strong></span> <span class='ocrx_word' id='word_1_496' title='bbox 1339 3423 1409 3463; x_wconf 81' lang='lat' dir='ltr'><strong>ex</strong></span> <span class='ocrx_word' id='word_1_497' title='bbox 1458 3409 1845 3479; x_wconf 85' lang='lat' dir='ltr'><strong>conjunctione</strong></span> <span class='ocrx_word' id='word_1_498' title='bbox 1890 3425 2187 3481; x_wconf 79' lang='lat' dir='ltr'><strong>corporum</strong></span> 
     </span>
    </p>
   </div>
   <div class='ocr_carea' id='block_1_65' title="bbox 588 3502 2191 3575">
    <p class='ocr_par' dir='ltr' id='par_1_65' title="bbox 588 3502 2191 3575">
     <span class='ocr_line' id='line_1_65' title="bbox 588 3502 2191 3575; baseline 0.004 -18"><span class='ocrx_word' id='word_1_499' title='bbox 588 3504 765 3558; x_wconf 78' lang='lat' dir='ltr'><strong>nullas</strong></span> <span class='ocrx_word' id='word_1_500' title='bbox 792 3502 988 3559; x_wconf 86' lang='lat' dir='ltr'><strong>sordes</strong></span> <span class='ocrx_word' id='word_1_501' title='bbox 1018 3511 1346 3569; x_wconf 75' lang='lat' dir='ltr'><strong>traxerunt,</strong></span> <span class='ocrx_word' id='word_1_502' title='bbox 1378 3519 1443 3559; x_wconf 77' lang='lat' dir='ltr'><strong>ex</strong></span> <span class='ocrx_word' id='word_1_503' title='bbox 1481 3504 1681 3575; x_wconf 88' lang='lat' dir='ltr'><strong>quibus</strong></span> <span class='ocrx_word' id='word_1_504' title='bbox 1712 3503 1882 3560; x_wconf 87' lang='lat' dir='ltr'><strong>Deum</strong></span> <span class='ocrx_word' id='word_1_505' title='bbox 1915 3504 2076 3561; x_wconf 89' lang='lat' dir='ltr'><strong>nimis</strong></span> <span class='ocrx_word' id='word_1_506' title='bbox 2107 3503 2191 3563; x_wconf 78' lang='lat' dir='ltr'><strong>ol—</strong></span> 
     </span>
    </p>
   </div>
   <div class='ocr_carea' id='block_1_66' title="bbox 587 3596 2187 3670">
    <p class='ocr_par' dir='ltr' id='par_1_66' title="bbox 587 3596 2187 3670">
     <span class='ocr_line' id='line_1_66' title="bbox 587 3596 2187 3670; baseline 0.002 -19"><span class='ocrx_word' id='word_1_507' title='bbox 587 3596 895 3653; x_wconf 79' lang='lat' dir='ltr'><strong>fenderent.</strong></span> <span class='ocrx_word' id='word_1_508' title='bbox 946 3596 996 3652; x_wconf 85' lang='lat' dir='ltr'><strong>li</strong></span> <span class='ocrx_word' id='word_1_509' title='bbox 1038 3607 1319 3665; x_wconf 79' lang='lat' dir='ltr'><strong>sequuntur</strong></span> <span class='ocrx_word' id='word_1_510' title='bbox 1364 3596 1565 3670; x_wconf 67' lang='lat' dir='ltr'><strong>Agnus:</strong></span> <span class='ocrx_word' id='word_1_511' title='bbox 1611 3612 1931 3667; x_wconf 77' lang='lat' dir='ltr'><strong>quocumque</strong></span> <span class='ocrx_word' id='word_1_512' title='bbox 1975 3598 2187 3657; x_wconf 65' lang='lat' dir='ltr'><strong>abierit.</strong></span> 
     </span>
    </p>
   </div>
   <div class='ocr_carea' id='block_1_67' title="bbox 587 3690 2190 3761">
    <p class='ocr_par' dir='ltr' id='par_1_67' title="bbox 587 3690 2190 3761">
     <span class='ocr_line' id='line_1_67' title="bbox 587 3690 2190 3761; baseline -0.001 -14"><span class='ocrx_word' id='word_1_513' title='bbox 587 3692 709 3758; x_wconf 82' lang='lat' dir='ltr'><strong>Quo</strong></span> <span class='ocrx_word' id='word_1_514' title='bbox 741 3690 908 3755; x_wconf 87' lang='lat' dir='ltr'><strong>vadit,</strong></span> <span class='ocrx_word' id='word_1_515' title='bbox 945 3691 1037 3761; x_wconf 89' lang='lat' dir='ltr'><strong>qui</strong></span> <span class='ocrx_word' id='word_1_516' title='bbox 1069 3691 1248 3745; x_wconf 84' lang='lat' dir='ltr'><strong>omnia</strong></span> <span class='ocrx_word' id='word_1_517' title='bbox 1281 3692 1493 3761; x_wconf 83' lang='lat' dir='ltr'><strong>implet,</strong></span> <span class='ocrx_word' id='word_1_518' title='bbox 1537 3699 1589 3745; x_wconf 88' lang='lat' dir='ltr'><strong>et</strong></span> <span class='ocrx_word' id='word_1_519' title='bbox 1634 3701 1779 3746; x_wconf 86' lang='lat' dir='ltr'><strong>totus</strong></span> <span class='ocrx_word' id='word_1_520' title='bbox 1826 3691 2028 3761; x_wconf 85' lang='lat' dir='ltr'><strong>ubique</strong></span> <span class='ocrx_word' id='word_1_521' title='bbox 2070 3691 2190 3748; x_wconf 75' lang='lat' dir='ltr'><strong>est?</strong></span> 
     </span>
    </p>
   </div>
   <div class='ocr_carea' id='block_1_68' title="bbox 589 3783 2186 3855">
    <p class='ocr_par' dir='ltr' id='par_1_68' title="bbox 589 3783 2186 3855">
     <span class='ocr_line' id='line_1_68' title="bbox 589 3783 2186 3855; baseline -0.001 -13"><span class='ocrx_word' id='word_1_522' title='bbox 589 3784 697 3842; x_wconf 89' lang='lat' dir='ltr'><strong>Sed</strong></span> <span class='ocrx_word' id='word_1_523' title='bbox 725 3783 1185 3855; x_wconf 87' lang='lat' dir='ltr'><strong>quemadmodum</strong></span> <span class='ocrx_word' id='word_1_524' title='bbox 1226 3785 1405 3850; x_wconf 79' lang='lat' dir='ltr'><strong>vadat,</strong></span> <span class='ocrx_word' id='word_1_525' title='bbox 1442 3785 1735 3854; x_wconf 81' lang='lat' dir='ltr'><strong>Apostolus</strong></span> <span class='ocrx_word' id='word_1_526' title='bbox 1763 3784 1924 3842; x_wconf 88' lang='lat' dir='ltr'><strong>docet</strong></span> <span class='ocrx_word' id='word_1_527' title='bbox 1954 3784 2147 3843; x_wconf 85' lang='lat' dir='ltr'><strong>dicens</strong></span> <span class='ocrx_word' id='word_1_528' title='bbox 2172 3802 2186 3841; x_wconf 85' lang='lat'><strong>:</strong></span> 
     </span>
    </p>
   </div>
   <div class='ocr_carea' id='block_1_69' title="bbox 589 3876 2189 3951">
    <p class='ocr_par' dir='ltr' id='par_1_69' title="bbox 589 3876 2189 3951">
     <span class='ocr_line' id='line_1_69' title="bbox 589 3876 2189 3951; baseline 0 -18"><span class='ocrx_word' id='word_1_529' title='bbox 589 3877 687 3933; x_wconf 79' lang='lat' dir='ltr'><strong>Cui</strong></span> <span class='ocrx_word' id='word_1_530' title='bbox 716 3882 820 3933; x_wconf 78' lang='lat' dir='ltr'><strong>uult</strong></span> <span class='ocrx_word' id='word_1_531' title='bbox 852 3880 1143 3945; x_wconf 74' lang='lat' dir='ltr'><strong>miseretur,</strong></span> <span class='ocrx_word' id='word_1_532' title='bbox 1189 3890 1234 3934; x_wconf 80' lang='lat' dir='ltr'><strong>et</strong></span> <span class='ocrx_word' id='word_1_533' title='bbox 1262 3894 1412 3945; x_wconf 82' lang='lat' dir='ltr'><strong>quem</strong></span> <span class='ocrx_word' id='word_1_534' title='bbox 1439 3879 1546 3934; x_wconf 78' lang='lat' dir='ltr'><strong>vult</strong></span> <span class='ocrx_word' id='word_1_535' title='bbox 1569 3918 1586 3945; x_wconf 88' lang='lat'><strong>,</strong></span> <span class='ocrx_word' id='word_1_536' title='bbox 1632 3878 1846 3937; x_wconf 80' lang='lat' dir='ltr'><strong>indurat</strong></span> <span class='ocrx_word' id='word_1_537' title='bbox 1877 3876 2057 3951; x_wconf 83' lang='lat' dir='ltr'><strong>(Rom.</strong></span> <span class='ocrx_word' id='word_1_538' title='bbox 2104 3895 2189 3948; x_wconf 75' lang='lat' dir='ltr'><strong>is,</strong></span> 
     </span>
    </p>
   </div>
   <div class='ocr_carea' id='block_1_70' title="bbox 592 3971 2190 4045">
    <p class='ocr_par' dir='ltr' id='par_1_70' title="bbox 592 3971 2190 4045">
     <span class='ocr_line' id='line_1_70' title="bbox 592 3971 2190 4045; baseline -0.001 -18"><span class='ocrx_word' id='word_1_539' title='bbox 592 3971 711 4045; x_wconf 81' lang='grc'><strong>18).</strong></span> <span class='ocrx_word' id='word_1_540' title='bbox 766 3972 929 4029; x_wconf 84' lang='lat' dir='ltr'><strong>Vadit</strong></span> <span class='ocrx_word' id='word_1_541' title='bbox 960 3971 1146 4043; x_wconf 86' lang='lat' dir='ltr'><strong>itaque</strong></span> <span class='ocrx_word' id='word_1_542' title='bbox 1176 3972 1323 4029; x_wconf 87' lang='lat' dir='ltr'><strong>Deus</strong></span> <span class='ocrx_word' id='word_1_543' title='bbox 1353 3971 1668 4029; x_wconf 87' lang='lat' dir='ltr'><strong>tnisereudo</strong></span> <span class='ocrx_word' id='word_1_544' title='bbox 1694 3971 2050 4042; x_wconf 86' lang='lat' dir='ltr'><strong>quibusdam,</strong></span> <span class='ocrx_word' id='word_1_545' title='bbox 2078 3981 2136 4025; x_wconf 88' lang='lat' dir='ltr'><strong>et</strong></span> <span class='ocrx_word' id='word_1_546' title='bbox 2157 3986 2190 4026; x_wconf 88' lang='lat' dir='ltr'><strong>a</strong></span> 
     </span>
    </p>
   </div>
   <div class='ocr_carea' id='block_1_71' title="bbox 588 4064 2193 4137">
    <p class='ocr_par' dir='ltr' id='par_1_71' title="bbox 588 4064 2193 4137">
     <span class='ocr_line' id='line_1_71' title="bbox 588 4064 2193 4137; baseline 0.002 -17"><span class='ocrx_word' id='word_1_547' title='bbox 588 4066 912 4137; x_wconf 87' lang='lat' dir='ltr'><strong>quibusdam</strong></span> <span class='ocrx_word' id='word_1_548' title='bbox 939 4066 1374 4123; x_wconf 89' lang='lat' dir='ltr'><strong>misericordiam</strong></span> <span class='ocrx_word' id='word_1_549' title='bbox 1406 4082 1559 4121; x_wconf 88' lang='lat' dir='ltr'><strong>suam</strong></span> <span class='ocrx_word' id='word_1_550' title='bbox 1588 4066 1915 4122; x_wconf 82' lang='lat' dir='ltr'><strong>auferendo.</strong></span> <span class='ocrx_word' id='word_1_551' title='bbox 1945 4064 2193 4136; x_wconf 78' lang='lat' dir='ltr'><strong>Sequun-</strong></span> 
     </span>
    </p>
   </div>
   <div class='ocr_carea' id='block_1_72' title="bbox 592 4159 2191 4231">
    <p class='ocr_par' dir='ltr' id='par_1_72' title="bbox 592 4159 2191 4231">
     <span class='ocr_line' id='line_1_72' title="bbox 592 4159 2191 4231; baseline 0 -17"><span class='ocrx_word' id='word_1_552' title='bbox 592 4167 680 4216; x_wconf 89' lang='lat' dir='ltr'><strong>tur</strong></span> <span class='ocrx_word' id='word_1_553' title='bbox 703 4175 832 4216; x_wconf 83' lang='lat' dir='ltr'><strong>vero</strong></span> <span class='ocrx_word' id='word_1_554' title='bbox 860 4160 1058 4226; x_wconf 87' lang='lat' dir='ltr'><strong>sancti,</strong></span> <span class='ocrx_word' id='word_1_555' title='bbox 1081 4161 1208 4231; x_wconf 87' lang='lat' dir='ltr'><strong>quia</strong></span> <span class='ocrx_word' id='word_1_556' title='bbox 1230 4161 1431 4230; x_wconf 85' lang='lat' dir='ltr'><strong>quibus</strong></span> <span class='ocrx_word' id='word_1_557' title='bbox 1459 4160 1553 4217; x_wconf 89' lang='lat' dir='ltr'><strong>ille</strong></span> <span class='ocrx_word' id='word_1_558' title='bbox 1581 4159 2014 4217; x_wconf 85' lang='lat' dir='ltr'><strong>misericordiam</strong></span> <span class='ocrx_word' id='word_1_559' title='bbox 2036 4174 2191 4221; x_wconf 87' lang='lat' dir='ltr'><strong>suam</strong></span> 
     </span>
    </p>
   </div>
   <div class='ocr_carea' id='block_1_73' title="bbox 595 4254 2196 4327">
    <p class='ocr_par' dir='ltr' id='par_1_73' title="bbox 595 4254 2196 4327">
     <span class='ocr_line' id='line_1_73' title="bbox 595 4254 2196 4327; baseline 0.001 -19"><span class='ocrx_word' id='word_1_560' title='bbox 595 4254 844 4325; x_wconf 88' lang='lat' dir='ltr'><strong>largitur,</strong></span> <span class='ocrx_word' id='word_1_561' title='bbox 875 4255 1177 4324; x_wconf 85' lang='lat' dir='ltr'><strong>largiuntur</strong></span> <span class='ocrx_word' id='word_1_562' title='bbox 1201 4264 1255 4311; x_wconf 90' lang='lat' dir='ltr'><strong>et</strong></span> <span class='ocrx_word' id='word_1_563' title='bbox 1287 4256 1394 4319; x_wconf 88' lang='lat' dir='ltr'><strong>illi;</strong></span> <span class='ocrx_word' id='word_1_564' title='bbox 1436 4266 1490 4315; x_wconf 90' lang='lat' dir='ltr'><strong>et</strong></span> <span class='ocrx_word' id='word_1_565' title='bbox 1517 4271 1547 4311; x_wconf 88' lang='lat' dir='ltr'><strong>a</strong></span> <span class='ocrx_word' id='word_1_566' title='bbox 1576 4255 1777 4327; x_wconf 86' lang='lat' dir='ltr'><strong>quibus</strong></span> <span class='ocrx_word' id='word_1_567' title='bbox 1796 4254 2034 4313; x_wconf 89' lang='lat' dir='ltr'><strong>abscidit</strong></span> <span class='ocrx_word' id='word_1_568' title='bbox 2055 4296 2069 4321; x_wconf 88' lang='lat'><strong>,</strong></span> <span class='ocrx_word' id='word_1_569' title='bbox 2100 4255 2196 4310; x_wconf 72' lang='lat' dir='ltr'><strong>alt-</strong></span> 
     </span>
    </p>
   </div>
   <div class='ocr_carea' id='block_1_74' title="bbox 595 4347 2198 4420">
    <p class='ocr_par' dir='ltr' id='par_1_74' title="bbox 595 4347 2198 4420">
     <span class='ocr_line' id='line_1_74' title="bbox 595 4347 2198 4420; baseline 0.001 -17"><span class='ocrx_word' id='word_1_570' title='bbox 595 4347 814 4404; x_wconf 89' lang='lat' dir='ltr'><strong>seidunt</strong></span> <span class='ocrx_word' id='word_1_571' title='bbox 843 4357 899 4404; x_wconf 88' lang='lat' dir='ltr'><strong>et</strong></span> <span class='ocrx_word' id='word_1_572' title='bbox 929 4348 1031 4403; x_wconf 87' lang='lat' dir='ltr'><strong>illi.</strong></span> <span class='ocrx_word' id='word_1_573' title='bbox 1065 4347 1183 4403; x_wconf 81' lang='lat' dir='ltr'><strong>Hoc</strong></span> <span class='ocrx_word' id='word_1_574' title='bbox 1221 4347 1290 4405; x_wconf 88' lang='lat' dir='ltr'><strong>de</strong></span> <span class='ocrx_word' id='word_1_575' title='bbox 1328 4349 1519 4406; x_wconf 90' lang='lat' dir='ltr'><strong>electis</strong></span> <span class='ocrx_word' id='word_1_576' title='bbox 1549 4349 1603 4406; x_wconf 90' lang='lat' dir='ltr'><strong>iu</strong></span> <span class='ocrx_word' id='word_1_577' title='bbox 1635 4358 1779 4406; x_wconf 89' lang='lat' dir='ltr'><strong>terra</strong></span> <span class='ocrx_word' id='word_1_578' title='bbox 1813 4350 2012 4420; x_wconf 81' lang='lat' dir='ltr'><strong>positis</strong></span> <span class='ocrx_word' id='word_1_579' title='bbox 2040 4349 2198 4405; x_wconf 84' lang='lat' dir='ltr'><strong>intel-</strong></span> 
     </span>
    </p>
   </div>
   <div class='ocr_carea' id='block_1_75' title="bbox 594 4441 2198 4513">
    <p class='ocr_par' dir='ltr' id='par_1_75' title="bbox 594 4441 2198 4513">
     <span class='ocr_line' id='line_1_75' title="bbox 594 4441 2198 4513; baseline 0.002 -17"><span class='ocrx_word' id='word_1_580' title='bbox 594 4441 764 4511; x_wconf 80' lang='lat' dir='ltr'><strong>ligere</strong></span> <span class='ocrx_word' id='word_1_581' title='bbox 792 4456 898 4495; x_wconf 87' lang='lat' dir='ltr'><strong>non</strong></span> <span class='ocrx_word' id='word_1_582' title='bbox 926 4456 1257 4510; x_wconf 86' lang='lat' dir='ltr'><strong>possumus;</strong></span> <span class='ocrx_word' id='word_1_583' title='bbox 1285 4456 1433 4511; x_wconf 74' lang='lat' dir='ltr'><strong>smpe</strong></span> <span class='ocrx_word' id='word_1_584' title='bbox 1460 4443 1604 4503; x_wconf 87' lang='lat' dir='ltr'><strong>enim</strong></span> <span class='ocrx_word' id='word_1_585' title='bbox 1635 4444 1967 4499; x_wconf 88' lang='lat' dir='ltr'><strong>miserentur</strong></span> <span class='ocrx_word' id='word_1_586' title='bbox 1998 4442 2198 4513; x_wconf 88' lang='lat' dir='ltr'><strong>quibus</strong></span> 
     </span>
    </p>
   </div>
   <div class='ocr_carea' id='block_1_76' title="bbox 602 4534 2196 4608">
    <p class='ocr_par' dir='ltr' id='par_1_76' title="bbox 602 4534 2196 4608">
     <span class='ocr_line' id='line_1_76' title="bbox 602 4534 2196 4608; baseline 0.004 -21"><span class='ocrx_word' id='word_1_587' title='bbox 602 4536 740 4588; x_wconf 71' lang='lat' dir='ltr'><strong>Deus</strong></span> <span class='ocrx_word' id='word_1_588' title='bbox 765 4551 871 4589; x_wconf 89' lang='lat' dir='ltr'><strong>non</strong></span> <span class='ocrx_word' id='word_1_589' title='bbox 900 4534 1214 4601; x_wconf 80' lang='lat' dir='ltr'><strong>miseretur,</strong></span> <span class='ocrx_word' id='word_1_590' title='bbox 1246 4534 1390 4592; x_wconf 88' lang='lat' dir='ltr'><strong>sicut</strong></span> <span class='ocrx_word' id='word_1_591' title='bbox 1430 4536 1649 4593; x_wconf 86' lang='lat' dir='ltr'><strong>Samuel</strong></span> <span class='ocrx_word' id='word_1_592' title='bbox 1687 4537 1777 4608; x_wconf 87' lang='lat' dir='ltr'><strong>qui</strong></span> <span class='ocrx_word' id='word_1_593' title='bbox 1810 4537 2032 4608; x_wconf 81' lang='lat' dir='ltr'><strong>lugebat</strong></span> <span class='ocrx_word' id='word_1_594' title='bbox 2066 4535 2196 4595; x_wconf 89' lang='lat' dir='ltr'><strong>Saul</strong></span> 
     </span>
    </p>
   </div>
   <div class='ocr_carea' id='block_1_77' title="bbox 2361 3308 3810 3383">
    <p class='ocr_par' dir='ltr' id='par_1_77' title="bbox 2361 3308 3810 3383">
     <span class='ocr_line' id='line_1_77' title="bbox 2361 3308 3810 3383; baseline 0 -17"><span class='ocrx_word' id='word_1_595' title='bbox 2361 3310 2479 3366; x_wconf 77' lang='lat' dir='ltr'><strong>Dixi</strong></span> <span class='ocrx_word' id='word_1_596' title='bbox 2507 3311 2653 3382; x_wconf 88' lang='lat' dir='ltr'><strong>quod</strong></span> <span class='ocrx_word' id='word_1_597' title='bbox 2678 3312 2846 3373; x_wconf 83' lang='lat' dir='ltr'><strong>sensi.</strong></span> <span class='ocrx_word' id='word_1_598' title='bbox 2872 3312 3027 3382; x_wconf 82' lang='lat' dir='ltr'><strong>Quod</strong></span> <span class='ocrx_word' id='word_1_599' title='bbox 3056 3314 3103 3367; x_wconf 88' lang='lat' dir='ltr'><strong>si</strong></span> <span class='ocrx_word' id='word_1_600' title='bbox 3125 3312 3246 3383; x_wconf 88' lang='lat' dir='ltr'><strong>quis</strong></span> <span class='ocrx_word' id='word_1_601' title='bbox 3278 3323 3494 3370; x_wconf 77' lang='lat' dir='ltr'><strong>textum</strong></span> <span class='ocrx_word' id='word_1_602' title='bbox 3526 3313 3669 3383; x_wconf 86' lang='lat' dir='ltr'><strong>hujus</strong></span> <span class='ocrx_word' id='word_1_603' title='bbox 3687 3308 3810 3366; x_wconf 68' lang='lat' dir='ltr'><strong>lentio-</strong></span> 
     </span>
    </p>
   </div>
   <div class='ocr_carea' id='block_1_78' title="bbox 2291 3403 3810 3477">
    <p class='ocr_par' dir='ltr' id='par_1_78' title="bbox 2291 3403 3810 3477">
     <span class='ocr_line' id='line_1_78' title="bbox 2291 3403 3810 3477; baseline -0.002 -18"><span class='ocrx_word' id='word_1_604' title='bbox 2291 3406 2377 3461; x_wconf 91' lang='lat' dir='ltr'><strong>nis</strong></span> <span class='ocrx_word' id='word_1_605' title='bbox 2407 3405 2474 3463; x_wconf 89' lang='lat' dir='ltr'><strong>ad</strong></span> <span class='ocrx_word' id='word_1_606' title='bbox 2504 3415 2827 3477; x_wconf 60' lang='lat' dir='ltr'><strong>prementem</strong></span> <span class='ocrx_word' id='word_1_607' title='bbox 2861 3406 3164 3461; x_wconf 85' lang='lat' dir='ltr'><strong>Ecclesiam</strong></span> <span class='ocrx_word' id='word_1_608' title='bbox 3201 3406 3511 3463; x_wconf 78' lang='lat' dir='ltr'><strong>transferre</strong></span> <span class='ocrx_word' id='word_1_609' title='bbox 3544 3403 3810 3467; x_wconf 69' lang='lat' dir='ltr'><strong>voluerit,tt</strong></span> 
     </span>
    </p>
   </div>
   <div class='ocr_carea' id='block_1_79' title="bbox 2290 3494 3811 3573">
    <p class='ocr_par' dir='ltr' id='par_1_79' title="bbox 2290 3494 3811 3573">
     <span class='ocr_line' id='line_1_79' title="bbox 2290 3494 3811 3573; baseline -0.004 -17"><span class='ocrx_word' id='word_1_610' title='bbox 2290 3518 2386 3573; x_wconf 86' lang='lat' dir='ltr'><strong>per</strong></span> <span class='ocrx_word' id='word_1_611' title='bbox 2415 3510 2635 3557; x_wconf 90' lang='lat' dir='ltr'><strong>centum</strong></span> <span class='ocrx_word' id='word_1_612' title='bbox 2663 3500 3022 3573; x_wconf 83' lang='lat' dir='ltr'><strong>quadraginta</strong></span> <span class='ocrx_word' id='word_1_613' title='bbox 3062 3510 3299 3572; x_wconf 84' lang='lat' dir='ltr'><strong>quatuor</strong></span> <span class='ocrx_word' id='word_1_614' title='bbox 3342 3502 3540 3565; x_wconf 83' lang='lat' dir='ltr'><strong>millia,</strong></span> <span class='ocrx_word' id='word_1_615' title='bbox 3568 3511 3649 3556; x_wconf 84' lang='lat' dir='ltr'><strong>aut</strong></span> <span class='ocrx_word' id='word_1_616' title='bbox 3681 3494 3811 3569; x_wconf 72' lang='lat' dir='ltr'><strong>pradi-</strong></span> 
     </span>
    </p>
   </div>
   <div class='ocr_carea' id='block_1_80' title="bbox 2290 3587 3813 3665">
    <p class='ocr_par' dir='ltr' id='par_1_80' title="bbox 2290 3587 3813 3665">
     <span class='ocr_line' id='line_1_80' title="bbox 2290 3587 3813 3665; baseline -0.007 -14"><span class='ocrx_word' id='word_1_617' title='bbox 2290 3605 2528 3659; x_wconf 86' lang='lat' dir='ltr'><strong>catores,</strong></span> <span class='ocrx_word' id='word_1_618' title='bbox 2556 3602 2650 3649; x_wconf 90' lang='lat' dir='ltr'><strong>aut</strong></span> <span class='ocrx_word' id='word_1_619' title='bbox 2685 3600 2918 3651; x_wconf 70' lang='lat' dir='ltr'><strong>caeteros</strong></span> <span class='ocrx_word' id='word_1_620' title='bbox 2954 3593 3131 3665; x_wconf 54' lang='lat' dir='ltr'><strong>justos</strong></span> <span class='ocrx_word' id='word_1_621' title='bbox 3181 3595 3233 3647; x_wconf 90' lang='lat' dir='ltr'><strong>in</strong></span> <span class='ocrx_word' id='word_1_622' title='bbox 3280 3593 3385 3651; x_wconf 82' lang='lat' dir='ltr'><strong>hac</strong></span> <span class='ocrx_word' id='word_1_623' title='bbox 3429 3593 3610 3650; x_wconf 79' lang='lat' dir='ltr'><strong>adhuc</strong></span> <span class='ocrx_word' id='word_1_624' title='bbox 3645 3592 3729 3645; x_wconf 67' lang='lat' dir='ltr'><strong>vita</strong></span> <span class='ocrx_word' id='word_1_625' title='bbox 3756 3587 3813 3641; x_wconf 69' lang='lat' dir='ltr'><strong>de</strong></span> 
     </span>
    </p>
   </div>
   <div class='ocr_carea' id='block_1_81' title="bbox 2289 3680 3812 3759">
    <p class='ocr_par' dir='ltr' id='par_1_81' title="bbox 2289 3680 3812 3759">
     <span class='ocr_line' id='line_1_81' title="bbox 2289 3680 3812 3759; baseline -0.007 -14"><span class='ocrx_word' id='word_1_626' title='bbox 2289 3698 2516 3759; x_wconf 88' lang='lat' dir='ltr'><strong>gentes;</strong></span> <span class='ocrx_word' id='word_1_627' title='bbox 2565 3703 2664 3759; x_wconf 87' lang='lat' dir='ltr'><strong>per</strong></span> <span class='ocrx_word' id='word_1_628' title='bbox 2709 3702 2909 3743; x_wconf 85' lang='lat' dir='ltr'><strong>novum</strong></span> <span class='ocrx_word' id='word_1_629' title='bbox 2942 3702 3075 3745; x_wconf 86' lang='lat' dir='ltr'><strong>vero</strong></span> <span class='ocrx_word' id='word_1_630' title='bbox 3103 3688 3384 3745; x_wconf 85' lang='lat' dir='ltr'><strong>canticum</strong></span> <span class='ocrx_word' id='word_1_631' title='bbox 3416 3686 3569 3757; x_wconf 88' lang='lat' dir='ltr'><strong>quod</strong></span> <span class='ocrx_word' id='word_1_632' title='bbox 3596 3699 3728 3741; x_wconf 82' lang='lat' dir='ltr'><strong>nemo</strong></span> <span class='ocrx_word' id='word_1_633' title='bbox 3748 3680 3812 3736; x_wconf 69' lang='lat' dir='ltr'><strong>nisi</strong></span> 
     </span>
    </p>
   </div>
   <div class='ocr_carea' id='block_1_82' title="bbox 2290 3777 3812 3851">
    <p class='ocr_par' dir='ltr' id='par_1_82' title="bbox 2290 3777 3812 3851">
     <span class='ocr_line' id='line_1_82' title="bbox 2290 3777 3812 3851; baseline -0.005 -19"><span class='ocrx_word' id='word_1_634' title='bbox 2290 3779 2394 3849; x_wconf 89' lang='lat' dir='ltr'><strong>ipsi</strong></span> <span class='ocrx_word' id='word_1_635' title='bbox 2428 3780 2529 3834; x_wconf 81' lang='lat' dir='ltr'><strong>soli</strong></span> <span class='ocrx_word' id='word_1_636' title='bbox 2578 3778 2763 3837; x_wconf 84' lang='lat' dir='ltr'><strong>dicere</strong></span> <span class='ocrx_word' id='word_1_637' title='bbox 2813 3789 3090 3849; x_wconf 90' lang='lat' dir='ltr'><strong>poterant,</strong></span> <span class='ocrx_word' id='word_1_638' title='bbox 3143 3777 3512 3851; x_wconf 81' lang='lat' dir='ltr'><strong>Evangelium</strong></span> <span class='ocrx_word' id='word_1_639' title='bbox 3550 3778 3812 3847; x_wconf 71' lang='lat' dir='ltr'><strong>designatus</strong></span> 
     </span>
    </p>
   </div>
   <div class='ocr_carea' id='block_1_83' title="bbox 2293 3871 3814 3945">
    <p class='ocr_par' dir='ltr' id='par_1_83' title="bbox 2293 3871 3814 3945">
     <span class='ocr_line' id='line_1_83' title="bbox 2293 3871 3814 3945; baseline -0.003 -17"><span class='ocrx_word' id='word_1_640' title='bbox 2293 3887 2417 3928; x_wconf 89' lang='lat' dir='ltr'><strong>esse</strong></span> <span class='ocrx_word' id='word_1_641' title='bbox 2446 3874 2723 3933; x_wconf 88' lang='lat' dir='ltr'><strong>censuerit</strong></span> <span class='ocrx_word' id='word_1_642' title='bbox 2748 3888 2762 3939; x_wconf 92' lang='lat'><strong>;</strong></span> <span class='ocrx_word' id='word_1_643' title='bbox 2799 3871 3104 3943; x_wconf 86' lang='lat' dir='ltr'><strong>perpendat</strong></span> <span class='ocrx_word' id='word_1_644' title='bbox 3124 3881 3376 3931; x_wconf 81' lang='lat' dir='ltr'><strong>sanctqu</strong></span> <span class='ocrx_word' id='word_1_645' title='bbox 3405 3872 3730 3945; x_wconf 81' lang='lat' dir='ltr'><strong>Evangelium</strong></span> <span class='ocrx_word' id='word_1_646' title='bbox 3748 3878 3814 3923; x_wconf 75' lang='lat' dir='ltr'><strong>aut</strong></span> 
     </span>
    </p>
   </div>
   <div class='ocr_carea' id='block_1_84' title="bbox 2293 3958 3816 4039">
    <p class='ocr_par' dir='ltr' id='par_1_84' title="bbox 2293 3958 3816 4039">
     <span class='ocr_line' id='line_1_84' title="bbox 2293 3958 3816 4039; baseline -0.003 -18"><span class='ocrx_word' id='word_1_647' title='bbox 2293 3966 2471 4024; x_wconf 81' lang='lat' dir='ltr'><strong>solum</strong></span> <span class='ocrx_word' id='word_1_648' title='bbox 2505 3967 2575 4025; x_wconf 89' lang='lat' dir='ltr'><strong>ab</strong></span> <span class='ocrx_word' id='word_1_649' title='bbox 2605 3966 2823 4034; x_wconf 88' lang='lat' dir='ltr'><strong>electis,</strong></span> <span class='ocrx_word' id='word_1_650' title='bbox 2852 3982 3046 4025; x_wconf 84' lang='lat' dir='ltr'><strong>verum</strong></span> <span class='ocrx_word' id='word_1_651' title='bbox 3077 3976 3135 4023; x_wconf 92' lang='lat' dir='ltr'><strong>et</strong></span> <span class='ocrx_word' id='word_1_652' title='bbox 3178 3982 3210 4022; x_wconf 88' lang='lat' dir='ltr'><strong>a</strong></span> <span class='ocrx_word' id='word_1_653' title='bbox 3240 3966 3502 4039; x_wconf 87' lang='lat' dir='ltr'><strong>reprobis</strong></span> <span class='ocrx_word' id='word_1_654' title='bbox 3527 3982 3662 4037; x_wconf 66' lang='lat' dir='ltr'><strong>sepe</strong></span> <span class='ocrx_word' id='word_1_655' title='bbox 3689 3958 3816 4035; x_wconf 73' lang='lat' dir='ltr'><strong>pradi-</strong></span> 
     </span>
    </p>
   </div>
   <div class='ocr_carea' id='block_1_85' title="bbox 2295 4056 3816 4130">
    <p class='ocr_par' dir='ltr' id='par_1_85' title="bbox 2295 4056 3816 4130">
     <span class='ocr_line' id='line_1_85' title="bbox 2295 4056 3816 4130; baseline -0.007 -15"><span class='ocrx_word' id='word_1_656' title='bbox 2295 4060 2432 4127; x_wconf 84' lang='lat' dir='ltr'><strong>cari,</strong></span> <span class='ocrx_word' id='word_1_657' title='bbox 2463 4060 2531 4121; x_wconf 86' lang='lat' dir='ltr'><strong>de</strong></span> <span class='ocrx_word' id='word_1_658' title='bbox 2561 4058 2755 4130; x_wconf 79' lang='lat' dir='ltr'><strong>quibus</strong></span> <span class='ocrx_word' id='word_1_659' title='bbox 2789 4058 3075 4115; x_wconf 88' lang='lat' dir='ltr'><strong>Dominum</strong></span> <span class='ocrx_word' id='word_1_660' title='bbox 3103 4059 3156 4113; x_wconf 89' lang='lat' dir='ltr'><strong>in</strong></span> <span class='ocrx_word' id='word_1_661' title='bbox 3187 4056 3498 4130; x_wconf 76' lang='lat' dir='ltr'><strong>Evangelia</strong></span> <span class='ocrx_word' id='word_1_662' title='bbox 3538 4056 3713 4113; x_wconf 71' lang='lat' dir='ltr'><strong>dixisse</strong></span> <span class='ocrx_word' id='word_1_663' title='bbox 3740 4064 3816 4105; x_wconf 79' lang='lat' dir='ltr'><strong>cre-</strong></span> 
     </span>
    </p>
   </div>
   <div class='ocr_carea' id='block_1_86' title="bbox 2294 4144 3901 4229">
    <p class='ocr_par' dir='ltr' id='par_1_86' title="bbox 2294 4144 3901 4229">
     <span class='ocr_line' id='line_1_86' title="bbox 2294 4144 3901 4229; baseline -0.003 -22"><span class='ocrx_word' id='word_1_664' title='bbox 2294 4154 2475 4217; x_wconf 90' lang='lat' dir='ltr'><strong>dimus</strong></span> <span class='ocrx_word' id='word_1_665' title='bbox 2495 4172 2507 4207; x_wconf 91' lang='lat'><strong>:</strong></span> <span class='ocrx_word' id='word_1_666' title='bbox 2529 4152 2689 4208; x_wconf 83' lang='lat' dir='ltr'><strong>Multi</strong></span> <span class='ocrx_word' id='word_1_667' title='bbox 2720 4151 2891 4207; x_wconf 83' lang='lat' dir='ltr'><strong>dicent</strong></span> <span class='ocrx_word' id='word_1_668' title='bbox 2918 4150 3046 4209; x_wconf 84' lang='lat' dir='ltr'><strong>nti/ti</strong></span> <span class='ocrx_word' id='word_1_669' title='bbox 3068 4151 3120 4206; x_wconf 85' lang='lat' dir='ltr'><strong>in</strong></span> <span class='ocrx_word' id='word_1_670' title='bbox 3142 4152 3237 4206; x_wconf 79' lang='lat' dir='ltr'><strong>illa</strong></span> <span class='ocrx_word' id='word_1_671' title='bbox 3262 4150 3367 4217; x_wconf 82' lang='lat' dir='ltr'><strong>die,</strong></span> <span class='ocrx_word' id='word_1_672' title='bbox 3393 4150 3631 4217; x_wconf 70' lang='lat' dir='ltr'><strong>Domine,</strong></span> <span class='ocrx_word' id='word_1_673' title='bbox 3651 4144 3817 4207; x_wconf 65' lang='lat' dir='ltr'><strong>Domist.</strong></span> 
     </span>
    </p>
   </div>
   <div class='ocr_carea' id='block_1_87' title="bbox 2298 4239 3819 4316">
    <p class='ocr_par' dir='ltr' id='par_1_87' title="bbox 2298 4239 3819 4316">
     <span class='ocr_line' id='line_1_87' title="bbox 2298 4239 3819 4316; baseline -0.007 -15"><span class='ocrx_word' id='word_1_674' title='bbox 2298 4263 2465 4301; x_wconf 86' lang='lat' dir='ltr'><strong>nonne</strong></span> <span class='ocrx_word' id='word_1_675' title='bbox 2492 4247 2545 4301; x_wconf 88' lang='lat' dir='ltr'><strong>in</strong></span> <span class='ocrx_word' id='word_1_676' title='bbox 2572 4246 2780 4301; x_wconf 84' lang='lat' dir='ltr'><strong>nomine</strong></span> <span class='ocrx_word' id='word_1_677' title='bbox 2813 4255 2899 4299; x_wconf 83' lang='lat' dir='ltr'><strong>tuo</strong></span> <span class='ocrx_word' id='word_1_678' title='bbox 2927 4245 3352 4316; x_wconf 81' lang='lat' dir='ltr'><strong>prapltetavimus</strong></span> <span class='ocrx_word' id='word_1_679' title='bbox 3372 4285 3388 4310; x_wconf 96' lang='lat'><strong>,</strong></span> <span class='ocrx_word' id='word_1_680' title='bbox 3422 4255 3469 4299; x_wconf 84' lang='lat' dir='ltr'><strong>et</strong></span> <span class='ocrx_word' id='word_1_681' title='bbox 3502 4243 3556 4298; x_wconf 81' lang='lat' dir='ltr'><strong>in</strong></span> <span class='ocrx_word' id='word_1_682' title='bbox 3585 4239 3819 4296; x_wconf 66' lang='lat' dir='ltr'><strong>aestimat</strong></span> 
     </span>
    </p>
   </div>
   <div class='ocr_carea' id='block_1_88' title="bbox 2297 4332 3818 4427">
    <p class='ocr_par' dir='ltr' id='par_1_88' title="bbox 2297 4332 3818 4427">
     <span class='ocr_line' id='line_1_88' title="bbox 2297 4332 3818 4427; baseline -0.009 -31"><span class='ocrx_word' id='word_1_683' title='bbox 2297 4341 2558 4399; x_wconf 73' lang='lat' dir='ltr'><strong>dwmonia</strong></span> <span class='ocrx_word' id='word_1_684' title='bbox 2594 4342 2763 4397; x_wconf 74' lang='lat' dir='ltr'><strong>multa</strong></span> <span class='ocrx_word' id='word_1_685' title='bbox 2802 4339 3086 4413; x_wconf 81' lang='lat' dir='ltr'><strong>ejecimits,</strong></span> <span class='ocrx_word' id='word_1_686' title='bbox 3119 4350 3164 4395; x_wconf 85' lang='lat' dir='ltr'><strong>et</strong></span> <span class='ocrx_word' id='word_1_687' title='bbox 3210 4344 3265 4401; x_wconf 77' lang='lat' dir='ltr'><strong>in</strong></span> <span class='ocrx_word' id='word_1_688' title='bbox 3310 4339 3522 4399; x_wconf 77' lang='lat' dir='ltr'><strong>nomine</strong></span> <span class='ocrx_word' id='word_1_689' title='bbox 3566 4346 3645 4390; x_wconf 80' lang='lat' dir='ltr'><strong>tuo</strong></span> <span class='ocrx_word' id='word_1_690' title='bbox 3674 4332 3818 4427; x_wconf 63' lang='lat' dir='ltr'><strong>virtues</strong></span> 
     </span>
    </p>
   </div>
   <div class='ocr_carea' id='block_1_89' title="bbox 2299 4422 3819 4508">
    <p class='ocr_par' dir='ltr' id='par_1_89' title="bbox 2299 4422 3819 4508">
     <span class='ocr_line' id='line_1_89' title="bbox 2299 4422 3819 4508; baseline -0.017 -11"><span class='ocrx_word' id='word_1_691' title='bbox 2299 4438 2490 4497; x_wconf 77' lang='lat' dir='ltr'><strong>multas</strong></span> <span class='ocrx_word' id='word_1_692' title='bbox 2520 4436 2783 4508; x_wconf 73' lang='lat' dir='ltr'><strong>fecimus?</strong></span> <span class='ocrx_word' id='word_1_693' title='bbox 2813 4433 2883 4490; x_wconf 88' lang='lat' dir='ltr'><strong>Et</strong></span> <span class='ocrx_word' id='word_1_694' title='bbox 2922 4446 3044 4493; x_wconf 83' lang='lat' dir='ltr'><strong>tunc</strong></span> <span class='ocrx_word' id='word_1_695' title='bbox 3081 4431 3367 4504; x_wconf 77' lang='lat' dir='ltr'><strong>conﬁtebor</strong></span> <span class='ocrx_word' id='word_1_696' title='bbox 3396 4432 3542 4489; x_wconf 82' lang='lat' dir='ltr'><strong>illis:</strong></span> <span class='ocrx_word' id='word_1_697' title='bbox 3587 4430 3721 4484; x_wconf 76' lang='lat' dir='ltr'><strong>Antea</strong></span> <span class='ocrx_word' id='word_1_698' title='bbox 3748 4422 3819 4474; x_wconf 72' lang='lat' dir='ltr'><strong>ditt</strong></span> 
     </span>
    </p>
   </div>
   <div class='ocr_carea' id='block_1_90' title="bbox 2299 4515 3821 4599">
    <p class='ocr_par' dir='ltr' id='par_1_90' title="bbox 2299 4515 3821 4599">
     <span class='ocr_line' id='line_1_90' title="bbox 2299 4515 3821 4599; baseline -0.011 -11"><span class='ocrx_word' id='word_1_699' title='bbox 2299 4532 2464 4599; x_wconf 81' lang='lat' dir='ltr'><strong>vobis,</strong></span> <span class='ocrx_word' id='word_1_700' title='bbox 2495 4532 2671 4587; x_wconf 78' lang='lat' dir='ltr'><strong>nescio</strong></span> <span class='ocrx_word' id='word_1_701' title='bbox 2710 4547 2822 4589; x_wconf 76' lang='lat' dir='ltr'><strong>vos.</strong></span> <span class='ocrx_word' id='word_1_702' title='bbox 2848 4528 3115 4587; x_wconf 83' lang='lat' dir='ltr'><strong>Discedite</strong></span> <span class='ocrx_word' id='word_1_703' title='bbox 3144 4548 3177 4584; x_wconf 88' lang='lat' dir='ltr'><strong>a</strong></span> <span class='ocrx_word' id='word_1_704' title='bbox 3206 4547 3308 4597; x_wconf 82' lang='lat' dir='ltr'><strong>tne,</strong></span> <span class='ocrx_word' id='word_1_705' title='bbox 3338 4544 3518 4585; x_wconf 77' lang='lat' dir='ltr'><strong>attines</strong></span> <span class='ocrx_word' id='word_1_706' title='bbox 3546 4520 3737 4598; x_wconf 74' lang='lat' dir='ltr'><strong>aperani</strong></span> <span class='ocrx_word' id='word_1_707' title='bbox 3760 4515 3821 4569; x_wconf 43' lang='lat' dir='ltr'><strong>iri.</strong></span> 
     </span>
    </p>
   </div>
   <div class='ocr_carea' id='block_1_91' title="bbox 597 4610 3901 4701">
    <p class='ocr_par' dir='ltr' id='par_1_91' title="bbox 597 4610 3901 4701">
     <span class='ocr_line' id='line_1_91' title="bbox 597 4610 3901 4701; baseline -0 -19"><span class='ocrx_word' id='word_1_708' title='bbox 597 4628 615 4701; x_wconf 93' lang='lat'><strong>(</strong></span> <span class='ocrx_word' id='word_1_709' title='bbox 634 4628 654 4683; x_wconf 90' lang='lat' dir='ltr'><strong>l</strong></span> <span class='ocrx_word' id='word_1_710' title='bbox 680 4627 810 4701; x_wconf 81' lang='lat' dir='ltr'><strong>Reg.</strong></span> <span class='ocrx_word' id='word_1_711' title='bbox 842 4645 933 4695; x_wconf 80' lang='lat' dir='ltr'><strong>xv,</strong></span> <span class='ocrx_word' id='word_1_712' title='bbox 956 4628 1088 4701; x_wconf 80' lang='lat'><strong>55),</strong></span> <span class='ocrx_word' id='word_1_713' title='bbox 1120 4645 1277 4700; x_wconf 90' lang='lat' dir='ltr'><strong>quem</strong></span> <span class='ocrx_word' id='word_1_714' title='bbox 1306 4629 1453 4685; x_wconf 80' lang='lat' dir='ltr'><strong>lleus</strong></span> <span class='ocrx_word' id='word_1_715' title='bbox 1484 4631 1791 4701; x_wconf 87' lang='lat' dir='ltr'><strong>projeeerat</strong></span> <span class='ocrx_word' id='word_1_716' title='bbox 1819 4646 1849 4689; x_wconf 88' lang='lat' dir='ltr'><strong>a</strong></span> <span class='ocrx_word' id='word_1_717' title='bbox 1881 4631 2028 4693; x_wconf 83' lang='lat' dir='ltr'><strong>facie</strong></span> <span class='ocrx_word' id='word_1_718' title='bbox 2054 4646 2192 4691; x_wconf 85' lang='lat' dir='ltr'><strong>sua:</strong></span> <span class='ocrx_word' id='word_1_719' title='bbox 2222 4636 2277 4697; x_wconf 81' lang='grc'><strong>1)</strong></span> <span class='ocrx_word' id='word_1_720' title='bbox 2299 4626 2510 4699; x_wconf 82' lang='lat' dir='ltr'><strong>quitatis</strong></span> <span class='ocrx_word' id='word_1_721' title='bbox 2541 4624 2766 4697; x_wconf 77' lang='lat' dir='ltr'><strong>(Matth.</strong></span> <span class='ocrx_word' id='word_1_722' title='bbox 2810 4639 2904 4690; x_wconf 86' lang='lat' dir='ltr'><strong>vn,</strong></span> <span class='ocrx_word' id='word_1_723' title='bbox 2947 4622 3077 4696; x_wconf 73' lang='lat'><strong>29.).</strong></span> <span class='ocrx_word' id='word_1_724' title='bbox 3131 4623 3205 4680; x_wconf 90' lang='lat' dir='ltr'><strong>De</strong></span> <span class='ocrx_word' id='word_1_725' title='bbox 3248 4622 3454 4679; x_wconf 63' lang='lat' dir='ltr'><strong>edibus</strong></span> <span class='ocrx_word' id='word_1_726' title='bbox 3496 4620 3652 4683; x_wconf 73' lang='lat' dir='ltr'><strong>etiam</strong></span> <span class='ocrx_word' id='word_1_727' title='bbox 3686 4610 3820 4669; x_wconf 56' lang='grc' dir='ltr'>Ρὲυλιε</span> 
     </span>
    </p>
   </div>
   <div class='ocr_carea' id='block_1_92' title="bbox 596 4721 2200 4795">
    <p class='ocr_par' dir='ltr' id='par_1_92' title="bbox 596 4721 2200 4795">
     <span class='ocr_line' id='line_1_92' title="bbox 596 4721 2200 4795; baseline 0.002 -17"><span class='ocrx_word' id='word_1_728' title='bbox 596 4721 861 4792; x_wconf 78' lang='lat' dir='ltr'><strong>quosdam</strong></span> <span class='ocrx_word' id='word_1_729' title='bbox 890 4723 1055 4778; x_wconf 89' lang='lat' dir='ltr'><strong>etiam</strong></span> <span class='ocrx_word' id='word_1_730' title='bbox 1085 4724 1260 4778; x_wconf 84' lang='lat' dir='ltr'><strong>sancti</strong></span> <span class='ocrx_word' id='word_1_731' title='bbox 1291 4723 1555 4780; x_wconf 83' lang='lat' dir='ltr'><strong>damnare</strong></span> <span class='ocrx_word' id='word_1_732' title='bbox 1587 4726 1794 4789; x_wconf 63' lang='lat' dir='ltr'><strong>volunt,</strong></span> <span class='ocrx_word' id='word_1_733' title='bbox 1822 4725 2026 4795; x_wconf 86' lang='lat' dir='ltr'><strong>quibus</strong></span> <span class='ocrx_word' id='word_1_734' title='bbox 2056 4725 2200 4782; x_wconf 78' lang='lat' dir='ltr'><strong>Deus</strong></span> 
     </span>
    </p>
   </div>
   <div class='ocr_carea' id='block_1_93' title="bbox 597 4815 2199 4889">
    <p class='ocr_par' dir='ltr' id='par_1_93' title="bbox 597 4815 2199 4889">
     <span class='ocr_line' id='line_1_93' title="bbox 597 4815 2199 4889; baseline 0.004 -20"><span class='ocrx_word' id='word_1_735' title='bbox 597 4816 911 4881; x_wconf 83' lang='lat' dir='ltr'><strong>miseretur,</strong></span> <span class='ocrx_word' id='word_1_736' title='bbox 942 4816 1090 4870; x_wconf 89' lang='lat' dir='ltr'><strong>sicut</strong></span> <span class='ocrx_word' id='word_1_737' title='bbox 1115 4815 1310 4884; x_wconf 76' lang='lat' dir='ltr'><strong>Jonas,</strong></span> <span class='ocrx_word' id='word_1_738' title='bbox 1341 4818 1433 4888; x_wconf 89' lang='lat' dir='ltr'><strong>qui</strong></span> <span class='ocrx_word' id='word_1_739' title='bbox 1458 4817 1714 4889; x_wconf 86' lang='lat' dir='ltr'><strong>cupiebat</strong></span> <span class='ocrx_word' id='word_1_740' title='bbox 1742 4826 1800 4872; x_wconf 91' lang='lat' dir='ltr'><strong>ut</strong></span> <span class='ocrx_word' id='word_1_741' title='bbox 1821 4817 2075 4879; x_wconf 68' lang='lat' dir='ltr'><strong>Ninivita-</strong></span> <span class='ocrx_word' id='word_1_742' title='bbox 2103 4818 2199 4875; x_wconf 79' lang='lat' dir='ltr'><strong>tle-</strong></span> 
     </span>
    </p>
   </div>
   <div class='ocr_carea' id='block_1_94' title="bbox 597 4912 2198 4984">
    <p class='ocr_par' dir='ltr' id='par_1_94' title="bbox 597 4912 2198 4984">
     <span class='ocr_line' id='line_1_94' title="bbox 597 4912 2198 4984; baseline 0.002 -17"><span class='ocrx_word' id='word_1_743' title='bbox 597 4912 863 4980; x_wconf 85' lang='lat' dir='ltr'><strong>lereutttr,</strong></span> <span class='ocrx_word' id='word_1_744' title='bbox 888 4926 1024 4984; x_wconf 87' lang='lat' dir='ltr'><strong>quos</strong></span> <span class='ocrx_word' id='word_1_745' title='bbox 1052 4912 1195 4967; x_wconf 86' lang='lat' dir='ltr'><strong>Deus</strong></span> <span class='ocrx_word' id='word_1_746' title='bbox 1219 4913 1431 4971; x_wconf 78' lang='lat' dir='ltr'><strong>salvere</strong></span> <span class='ocrx_word' id='word_1_747' title='bbox 1452 4914 1793 4970; x_wconf 85' lang='lat' dir='ltr'><strong>decreverat.</strong></span> <span class='ocrx_word' id='word_1_748' title='bbox 1823 4914 1873 4971; x_wconf 86' lang='lat' dir='ltr'><strong>li</strong></span> <span class='ocrx_word' id='word_1_749' title='bbox 1896 4917 2055 4984; x_wconf 82' lang='lat' dir='ltr'><strong>empti</strong></span> <span class='ocrx_word' id='word_1_750' title='bbox 2081 4925 2198 4973; x_wconf 75' lang='lat' dir='ltr'><strong>sunt</strong></span> 
     </span>
    </p>
   </div>
   <div class='ocr_carea' id='block_1_95' title="bbox 595 5005 2199 5079">
    <p class='ocr_par' dir='ltr' id='par_1_95' title="bbox 595 5005 2199 5079">
     <span class='ocr_line' id='line_1_95' title="bbox 595 5005 2199 5079; baseline 0.002 -18"><span class='ocrx_word' id='word_1_751' title='bbox 595 5023 659 5062; x_wconf 77' lang='lat' dir='ltr'><strong>ex</strong></span> <span class='ocrx_word' id='word_1_752' title='bbox 678 5007 917 5063; x_wconf 82' lang='lat' dir='ltr'><strong>omnibus</strong></span> <span class='ocrx_word' id='word_1_753' title='bbox 940 5007 1180 5076; x_wconf 67' lang='lat' dir='ltr'><strong>primitias</strong></span> <span class='ocrx_word' id='word_1_754' title='bbox 1199 5005 1311 5063; x_wconf 84' lang='lat' dir='ltr'><strong>Deo</strong></span> <span class='ocrx_word' id='word_1_755' title='bbox 1331 5020 1375 5063; x_wconf 82' lang='lat' dir='ltr'><strong>et</strong></span> <span class='ocrx_word' id='word_1_756' title='bbox 1395 5009 1543 5079; x_wconf 77' lang='lat' dir='ltr'><strong>Agna</strong></span> <span class='ocrx_word' id='word_1_757' title='bbox 1562 5005 1744 5079; x_wconf 75' lang='lat' dir='ltr'><strong>(lenit.</strong></span> <span class='ocrx_word' id='word_1_758' title='bbox 1769 5024 1842 5074; x_wconf 86' lang='lat' dir='ltr'><strong>tv,</strong></span> <span class='ocrx_word' id='word_1_759' title='bbox 1867 5008 1947 5079; x_wconf 76' lang='lat'><strong>5).</strong></span> <span class='ocrx_word' id='word_1_760' title='bbox 1973 5009 2031 5064; x_wconf 83' lang='lat' dir='ltr'><strong>In</strong></span> <span class='ocrx_word' id='word_1_761' title='bbox 2053 5008 2199 5079; x_wconf 80' lang='lat' dir='ltr'><strong>Lege</strong></span> 
     </span>
    </p>
   </div>
   <div class='ocr_carea' id='block_1_96' title="bbox 599 5100 2200 5171">
    <p class='ocr_par' dir='ltr' id='par_1_96' title="bbox 599 5100 2200 5171">
     <span class='ocr_line' id='line_1_96' title="bbox 599 5100 2200 5171; baseline 0.004 -16"><span class='ocrx_word' id='word_1_762' title='bbox 599 5111 932 5170; x_wconf 70' lang='lat' dir='ltr'><strong>praeceptum</strong></span> <span class='ocrx_word' id='word_1_763' title='bbox 963 5112 1046 5156; x_wconf 80' lang='lat' dir='ltr'><strong>est</strong></span> <span class='ocrx_word' id='word_1_764' title='bbox 1076 5111 1133 5155; x_wconf 87' lang='lat' dir='ltr'><strong>ut</strong></span> <span class='ocrx_word' id='word_1_765' title='bbox 1165 5100 1420 5170; x_wconf 71' lang='lat' dir='ltr'><strong>primitiae</strong></span> <span class='ocrx_word' id='word_1_766' title='bbox 1463 5100 1675 5171; x_wconf 83' lang='lat' dir='ltr'><strong>lrugum</strong></span> <span class='ocrx_word' id='word_1_767' title='bbox 1717 5100 2054 5158; x_wconf 82' lang='lat' dir='ltr'><strong>offerrentur</strong></span> <span class='ocrx_word' id='word_1_768' title='bbox 2086 5104 2200 5161; x_wconf 89' lang='lat' dir='ltr'><strong>Deo</strong></span> 
     </span>
    </p>
   </div>
   <div class='ocr_carea' id='block_1_97' title="bbox 602 5192 2199 5266">
    <p class='ocr_par' dir='ltr' id='par_1_97' title="bbox 602 5192 2199 5266">
     <span class='ocr_line' id='line_1_97' title="bbox 602 5192 2199 5266; baseline 0.004 -19"><span class='ocrx_word' id='word_1_769' title='bbox 602 5192 802 5262; x_wconf 71' lang='lat' dir='ltr'><strong>(Exod.</strong></span> <span class='ocrx_word' id='word_1_770' title='bbox 837 5210 977 5263; x_wconf 76' lang='lat' dir='ltr'><strong>uti,</strong></span> <span class='ocrx_word' id='word_1_771' title='bbox 1008 5192 1103 5266; x_wconf 66' lang='lat'><strong>29)</strong></span> <span class='ocrx_word' id='word_1_772' title='bbox 1130 5211 1142 5247; x_wconf 88' lang='lat'><strong><em>:</em></strong></span> <span class='ocrx_word' id='word_1_773' title='bbox 1172 5209 1269 5264; x_wconf 87' lang='lat' dir='ltr'><strong>per</strong></span> <span class='ocrx_word' id='word_1_774' title='bbox 1298 5194 1566 5265; x_wconf 89' lang='lat' dir='ltr'><strong>primitias</strong></span> <span class='ocrx_word' id='word_1_775' title='bbox 1605 5194 1840 5266; x_wconf 86' lang='lat' dir='ltr'><strong>frugum,</strong></span> <span class='ocrx_word' id='word_1_776' title='bbox 1865 5196 2029 5252; x_wconf 87' lang='lat' dir='ltr'><strong>electi</strong></span> <span class='ocrx_word' id='word_1_777' title='bbox 2052 5196 2199 5253; x_wconf 82' lang='lat' dir='ltr'><strong>desi-</strong></span> 
     </span>
    </p>
   </div>
   <div class='ocr_carea' id='block_1_98' title="bbox 597 5286 2200 5361">
    <p class='ocr_par' dir='ltr' id='par_1_98' title="bbox 597 5286 2200 5361">
     <span class='ocr_line' id='line_1_98' title="bbox 597 5286 2200 5361; baseline 0.004 -20"><span class='ocrx_word' id='word_1_778' title='bbox 597 5295 865 5354; x_wconf 87' lang='lat' dir='ltr'><strong>gnantur;</strong></span> <span class='ocrx_word' id='word_1_779' title='bbox 894 5301 1018 5342; x_wconf 87' lang='lat' dir='ltr'><strong>nam</strong></span> <span class='ocrx_word' id='word_1_780' title='bbox 1050 5286 1186 5341; x_wconf 86' lang='lat' dir='ltr'><strong>sicut</strong></span> <span class='ocrx_word' id='word_1_781' title='bbox 1222 5303 1287 5343; x_wconf 81' lang='lat' dir='ltr'><strong>ex</strong></span> <span class='ocrx_word' id='word_1_782' title='bbox 1319 5288 1672 5344; x_wconf 88' lang='lat' dir='ltr'><strong>multitudine</strong></span> <span class='ocrx_word' id='word_1_783' title='bbox 1714 5288 1991 5346; x_wconf 83' lang='lat' dir='ltr'><strong>fructuum</strong></span> <span class='ocrx_word' id='word_1_784' title='bbox 2020 5305 2200 5361; x_wconf 62' lang='lat' dir='ltr'><strong>parva</strong></span> 
     </span>
    </p>
   </div>
   <div class='ocr_carea' id='block_1_99' title="bbox 603 5378 2201 5455">
    <p class='ocr_par' dir='ltr' id='par_1_99' title="bbox 603 5378 2201 5455">
     <span class='ocr_line' id='line_1_99' title="bbox 603 5378 2201 5455; baseline 0.004 -22"><span class='ocrx_word' id='word_1_785' title='bbox 603 5378 860 5448; x_wconf 63' lang='lat' dir='ltr'><strong>primitiae</strong></span> <span class='ocrx_word' id='word_1_786' title='bbox 888 5380 1003 5435; x_wconf 86' lang='lat' dir='ltr'><strong>Deo</strong></span> <span class='ocrx_word' id='word_1_787' title='bbox 1028 5378 1424 5446; x_wconf 81' lang='lat' dir='ltr'><strong>offerebantur,</strong></span> <span class='ocrx_word' id='word_1_788' title='bbox 1456 5381 1531 5437; x_wconf 89' lang='lat' dir='ltr'><strong>ita</strong></span> <span class='ocrx_word' id='word_1_789' title='bbox 1556 5389 1612 5436; x_wconf 87' lang='lat' dir='ltr'><strong>et</strong></span> <span class='ocrx_word' id='word_1_790' title='bbox 1637 5396 1703 5437; x_wconf 81' lang='lat' dir='ltr'><strong>ex</strong></span> <span class='ocrx_word' id='word_1_791' title='bbox 1733 5382 2077 5439; x_wconf 84' lang='lat' dir='ltr'><strong>multitudine</strong></span> <span class='ocrx_word' id='word_1_792' title='bbox 2105 5400 2201 5455; x_wconf 87' lang='lat' dir='ltr'><strong>po—</strong></span> 
     </span>
    </p>
   </div>
   <div class='ocr_carea' id='block_1_100' title="bbox 606 5472 2202 5548">
    <p class='ocr_par' dir='ltr' id='par_1_100' title="bbox 606 5472 2202 5548">
     <span class='ocr_line' id='line_1_100' title="bbox 606 5472 2202 5548; baseline 0.008 -25"><span class='ocrx_word' id='word_1_793' title='bbox 606 5472 852 5539; x_wconf 85' lang='lat' dir='ltr'><strong>pulorum</strong></span> <span class='ocrx_word' id='word_1_794' title='bbox 887 5489 1087 5543; x_wconf 85' lang='lat' dir='ltr'><strong>parvus</strong></span> <span class='ocrx_word' id='word_1_795' title='bbox 1119 5490 1380 5531; x_wconf 89' lang='lat' dir='ltr'><strong>numerus</strong></span> <span class='ocrx_word' id='word_1_796' title='bbox 1408 5474 1711 5531; x_wconf 85' lang='lat' dir='ltr'><strong>electorum</strong></span> <span class='ocrx_word' id='word_1_797' title='bbox 1741 5475 1981 5547; x_wconf 83' lang='lat' dir='ltr'><strong>eligitur,</strong></span> <span class='ocrx_word' id='word_1_798' title='bbox 2012 5479 2100 5548; x_wconf 89' lang='lat' dir='ltr'><strong>qui</strong></span> <span class='ocrx_word' id='word_1_799' title='bbox 2132 5478 2202 5536; x_wconf 85' lang='lat' dir='ltr'><strong>ab</strong></span> 
     </span>
    </p>
   </div>
   <div class='ocr_carea' id='block_1_101' title="bbox 603 5564 2193 5637">
    <p class='ocr_par' dir='ltr' id='par_1_101' title="bbox 603 5564 2193 5637">
     <span class='ocr_line' id='line_1_101' title="bbox 603 5564 2193 5637; baseline 0.01 -23"><span class='ocrx_word' id='word_1_800' title='bbox 603 5564 809 5632; x_wconf 85' lang='lat' dir='ltr'><strong>angelis</strong></span> <span class='ocrx_word' id='word_1_801' title='bbox 830 5564 944 5618; x_wconf 86' lang='lat' dir='ltr'><strong>Deo</strong></span> <span class='ocrx_word' id='word_1_802' title='bbox 967 5564 1021 5620; x_wconf 92' lang='lat' dir='ltr'><strong>in</strong></span> <span class='ocrx_word' id='word_1_803' title='bbox 1062 5567 1268 5637; x_wconf 90' lang='lat' dir='ltr'><strong>templo</strong></span> <span class='ocrx_word' id='word_1_804' title='bbox 1286 5567 1475 5637; x_wconf 74' lang='lat' dir='ltr'><strong>gloriae</strong></span> <span class='ocrx_word' id='word_1_805' title='bbox 1499 5567 1742 5626; x_wconf 63' lang='lat' dir='ltr'><strong>calcatis</strong></span> <span class='ocrx_word' id='word_1_806' title='bbox 1762 5567 2014 5637; x_wconf 70' lang='lat' dir='ltr'><strong>offertur,</strong></span> <span class='ocrx_word' id='word_1_807' title='bbox 2045 5569 2193 5630; x_wconf 72' lang='lat' dir='ltr'><strong>sicut</strong></span> 
     </span>
    </p>
   </div>
   <div class='ocr_carea' id='block_1_102' title="bbox 608 5654 2199 5733">
    <p class='ocr_par' dir='ltr' id='par_1_102' title="bbox 608 5654 2199 5733">
     <span class='ocr_line' id='line_1_102' title="bbox 608 5654 2199 5733; baseline 0.007 -23"><span class='ocrx_word' id='word_1_808' title='bbox 608 5654 869 5721; x_wconf 87' lang='lat' dir='ltr'><strong>Dominus</strong></span> <span class='ocrx_word' id='word_1_809' title='bbox 889 5657 1020 5711; x_wconf 89' lang='lat' dir='ltr'><strong>dicit</strong></span> <span class='ocrx_word' id='word_1_810' title='bbox 1041 5658 1094 5714; x_wconf 92' lang='lat' dir='ltr'><strong>in</strong></span> <span class='ocrx_word' id='word_1_811' title='bbox 1120 5659 1453 5732; x_wconf 80' lang='lat' dir='ltr'><strong>Evangelia:</strong></span> <span class='ocrx_word' id='word_1_812' title='bbox 1496 5661 1554 5717; x_wconf 77' lang='grc' dir='ltr'><em>Μ</em></span> <span class='ocrx_word' id='word_1_813' title='bbox 1562 5662 1656 5718; x_wconf 85' lang='lat' dir='ltr'><strong>ulti</strong></span> <span class='ocrx_word' id='word_1_814' title='bbox 1681 5665 1820 5719; x_wconf 80' lang='lat' dir='ltr'><strong>enim</strong></span> <span class='ocrx_word' id='word_1_815' title='bbox 1848 5674 1969 5723; x_wconf 78' lang='lat' dir='ltr'><strong>sunt</strong></span> <span class='ocrx_word' id='word_1_816' title='bbox 1995 5665 2199 5733; x_wconf 76' lang='lat' dir='ltr'><strong>secuti,</strong></span> 
     </span>
    </p>
   </div>
   <div class='ocr_carea' id='block_1_103' title="bbox 2301 4704 3819 4792">
    <p class='ocr_par' dir='ltr' id='par_1_103' title="bbox 2301 4704 3819 4792">
     <span class='ocr_line' id='line_1_103' title="bbox 2301 4704 3819 4792; baseline -0.01 -18"><span class='ocrx_word' id='word_1_817' title='bbox 2301 4721 2583 4792; x_wconf 80' lang='lat' dir='ltr'><strong>apostolus</strong></span> <span class='ocrx_word' id='word_1_818' title='bbox 2621 4722 2886 4791; x_wconf 82' lang='lat' dir='ltr'><strong>loquitur,</strong></span> <span class='ocrx_word' id='word_1_819' title='bbox 2924 4718 3146 4774; x_wconf 87' lang='lat' dir='ltr'><strong>dicens:</strong></span> <span class='ocrx_word' id='word_1_820' title='bbox 3196 4716 3333 4777; x_wconf 83' lang='lat' dir='ltr'><strong>Sunt</strong></span> <span class='ocrx_word' id='word_1_821' title='bbox 3369 4716 3457 4788; x_wconf 84' lang='lat' dir='ltr'><strong>qui</strong></span> <span class='ocrx_word' id='word_1_822' title='bbox 3495 4730 3586 4787; x_wconf 71' lang='lat' dir='ltr'><strong>per</strong></span> <span class='ocrx_word' id='word_1_823' title='bbox 3612 4704 3819 4765; x_wconf 56' lang='lat' dir='ltr'><strong>scutalia-</strong></span> 
     </span>
    </p>
   </div>
   <div class='ocr_carea' id='block_1_104' title="bbox 2303 4807 3821 4897">
    <p class='ocr_par' dir='ltr' id='par_1_104' title="bbox 2303 4807 3821 4897">
     <span class='ocr_line' id='line_1_104' title="bbox 2303 4807 3821 4897; baseline -0.007 -30"><span class='ocrx_word' id='word_1_824' title='bbox 2303 4830 2421 4871; x_wconf 86' lang='lat' dir='ltr'><strong>nem</strong></span> <span class='ocrx_word' id='word_1_825' title='bbox 2448 4813 2712 4871; x_wconf 80' lang='lat' dir='ltr'><strong>Christum</strong></span> <span class='ocrx_word' id='word_1_826' title='bbox 2735 4812 3071 4876; x_wconf 80' lang='lat' dir='ltr'><strong>unuuutiattt,</strong></span> <span class='ocrx_word' id='word_1_827' title='bbox 3093 4828 3200 4869; x_wconf 78' lang='lat' dir='ltr'><strong>non</strong></span> <span class='ocrx_word' id='word_1_828' title='bbox 3228 4813 3456 4875; x_wconf 81' lang='lat' dir='ltr'><strong>sincere.</strong></span> <span class='ocrx_word' id='word_1_829' title='bbox 3471 4807 3821 4897; x_wconf 70' lang='lat' dir='ltr'><strong>existimant</strong></span> 
     </span>
    </p>
   </div>
   <div class='ocr_carea' id='block_1_105' title="bbox 2300 4891 3820 4979">
    <p class='ocr_par' dir='ltr' id='par_1_105' title="bbox 2300 4891 3820 4979">
     <span class='ocr_line' id='line_1_105' title="bbox 2300 4891 3820 4979; baseline -0.016 -8"><span class='ocrx_word' id='word_1_830' title='bbox 2300 4923 2600 4979; x_wconf 65' lang='lat' dir='ltr'><strong>pressura!!!</strong></span> <span class='ocrx_word' id='word_1_831' title='bbox 2642 4906 2893 4965; x_wconf 82' lang='lat' dir='ltr'><strong>suscitare</strong></span> <span class='ocrx_word' id='word_1_832' title='bbox 2933 4904 3158 4969; x_wconf 74' lang='lat' dir='ltr'><strong>vinculis</strong></span> <span class='ocrx_word' id='word_1_833' title='bbox 3191 4903 3319 4960; x_wconf 75' lang='lat' dir='ltr'><strong>uicis</strong></span> <span class='ocrx_word' id='word_1_834' title='bbox 3350 4900 3574 4974; x_wconf 78' lang='lat' dir='ltr'><strong>(Philip.</strong></span> <span class='ocrx_word' id='word_1_835' title='bbox 3604 4914 3651 4961; x_wconf 83' lang='grc' dir='ltr'>ι,</span> <span class='ocrx_word' id='word_1_836' title='bbox 3682 4891 3766 4963; x_wconf 81' lang='lat' dir='ltr'><strong>l7).</strong></span> <span class='ocrx_word' id='word_1_837' title='bbox 3787 4891 3820 4941; x_wconf 57' lang='lat' dir='ltr'><strong>Si</strong></span> 
     </span>
    </p>
   </div>
   <div class='ocr_carea' id='block_1_106' title="bbox 2303 4990 3823 5073">
    <p class='ocr_par' dir='ltr' id='par_1_106' title="bbox 2303 4990 3823 5073">
     <span class='ocr_line' id='line_1_106' title="bbox 2303 4990 3823 5073; baseline -0.01 -19"><span class='ocrx_word' id='word_1_838' title='bbox 2303 5003 2423 5073; x_wconf 84' lang='lat' dir='ltr'><strong>quis</strong></span> <span class='ocrx_word' id='word_1_839' title='bbox 2452 5011 2631 5059; x_wconf 87' lang='lat' dir='ltr'><strong>autem</strong></span> <span class='ocrx_word' id='word_1_840' title='bbox 2663 5001 2864 5056; x_wconf 80' lang='lat' dir='ltr'><strong>seriem</strong></span> <span class='ocrx_word' id='word_1_841' title='bbox 2897 4999 3149 5057; x_wconf 68' lang='lat' dir='ltr'><strong>lectiusiis</strong></span> <span class='ocrx_word' id='word_1_842' title='bbox 3174 4998 3338 5068; x_wconf 87' lang='lat' dir='ltr'><strong>hujus</strong></span> <span class='ocrx_word' id='word_1_843' title='bbox 3363 4996 3432 5052; x_wconf 89' lang='lat' dir='ltr'><strong>ad</strong></span> <span class='ocrx_word' id='word_1_844' title='bbox 3460 4990 3823 5067; x_wconf 72' lang='lat' dir='ltr'><strong>prmseutisttl-</strong></span> 
     </span>
    </p>
   </div>
   <div class='ocr_carea' id='block_1_107' title="bbox 2306 5078 3821 5176">
    <p class='ocr_par' dir='ltr' id='par_1_107' title="bbox 2306 5078 3821 5176">
     <span class='ocr_line' id='line_1_107' title="bbox 2306 5078 3821 5176; baseline -0.012 -27"><span class='ocrx_word' id='word_1_845' title='bbox 2306 5097 2453 5166; x_wconf 87' lang='lat' dir='ltr'><strong>poris</strong></span> <span class='ocrx_word' id='word_1_846' title='bbox 2487 5096 2723 5166; x_wconf 73' lang='lat' dir='ltr'><strong>tirgines</strong></span> <span class='ocrx_word' id='word_1_847' title='bbox 2766 5094 3046 5165; x_wconf 87' lang='lat' dir='ltr'><strong>pertinere</strong></span> <span class='ocrx_word' id='word_1_848' title='bbox 3087 5093 3368 5163; x_wconf 76' lang='lat' dir='ltr'><strong>sanxerit,</strong></span> <span class='ocrx_word' id='word_1_849' title='bbox 3414 5089 3479 5146; x_wconf 88' lang='lat' dir='ltr'><strong>ad</strong></span> <span class='ocrx_word' id='word_1_850' title='bbox 3512 5102 3603 5144; x_wconf 89' lang='lat' dir='ltr'><strong>eos</strong></span> <span class='ocrx_word' id='word_1_851' title='bbox 3637 5078 3821 5176; x_wconf 62' lang='lat' dir='ltr'><strong>videlie&#39;l</strong></span> 
     </span>
    </p>
   </div>
   <div class='ocr_carea' id='block_1_108' title="bbox 2305 5177 3823 5263">
    <p class='ocr_par' dir='ltr' id='par_1_108' title="bbox 2305 5177 3823 5263">
     <span class='ocr_line' id='line_1_108' title="bbox 2305 5177 3823 5263; baseline -0.013 -16"><span class='ocrx_word' id='word_1_852' title='bbox 2305 5206 2444 5263; x_wconf 88' lang='lat' dir='ltr'><strong>quos</strong></span> <span class='ocrx_word' id='word_1_853' title='bbox 2473 5205 2625 5246; x_wconf 88' lang='lat' dir='ltr'><strong>amor</strong></span> <span class='ocrx_word' id='word_1_854' title='bbox 2657 5190 2748 5246; x_wconf 84' lang='lat' dir='ltr'><strong>Dei</strong></span> <span class='ocrx_word' id='word_1_855' title='bbox 2777 5190 2844 5245; x_wconf 89' lang='lat' dir='ltr'><strong>ad</strong></span> <span class='ocrx_word' id='word_1_856' title='bbox 2886 5186 3217 5259; x_wconf 83' lang='lat' dir='ltr'><strong>integritatis</strong></span> <span class='ocrx_word' id='word_1_857' title='bbox 3247 5184 3580 5247; x_wconf 83' lang='lat' dir='ltr'><strong>custodiam,</strong></span> <span class='ocrx_word' id='word_1_858' title='bbox 3621 5177 3823 5249; x_wconf 67' lang='lat' dir='ltr'><strong>adjuncta</strong></span> 
     </span>
    </p>
   </div>
   <div class='ocr_carea' id='block_1_109' title="bbox 2307 5275 3823 5353">
    <p class='ocr_par' dir='ltr' id='par_1_109' title="bbox 2307 5275 3823 5353">
     <span class='ocr_line' id='line_1_109' title="bbox 2307 5275 3823 5353; baseline -0.013 -12"><span class='ocrx_word' id='word_1_859' title='bbox 2307 5286 2521 5343; x_wconf 67' lang='lat' dir='ltr'><strong>caeteris</strong></span> <span class='ocrx_word' id='word_1_860' title='bbox 2563 5284 2722 5343; x_wconf 88' lang='lat' dir='ltr'><strong>bonis</strong></span> <span class='ocrx_word' id='word_1_861' title='bbox 2771 5282 3070 5353; x_wconf 86' lang='lat' dir='ltr'><strong>operibus,</strong></span> <span class='ocrx_word' id='word_1_862' title='bbox 3113 5278 3363 5351; x_wconf 84' lang='lat' dir='ltr'><strong>quotidie</strong></span> <span class='ocrx_word' id='word_1_863' title='bbox 3406 5275 3657 5348; x_wconf 83' lang='lat' dir='ltr'><strong>impellit,</strong></span> <span class='ocrx_word' id='word_1_864' title='bbox 3689 5275 3823 5324; x_wconf 66' lang='lat' dir='ltr'><strong>sanum</strong></span> 
     </span>
    </p>
   </div>
   <div class='ocr_carea' id='block_1_110' title="bbox 2309 5354 3821 5449">
    <p class='ocr_par' dir='ltr' id='par_1_110' title="bbox 2309 5354 3821 5449">
     <span class='ocr_line' id='line_1_110' title="bbox 2309 5354 3821 5449; baseline -0.018 -11"><span class='ocrx_word' id='word_1_865' title='bbox 2309 5381 2438 5448; x_wconf 81' lang='lat' dir='ltr'><strong>mihi</strong></span> <span class='ocrx_word' id='word_1_866' title='bbox 2470 5381 2522 5439; x_wconf 89' lang='lat' dir='ltr'><strong>in</strong></span> <span class='ocrx_word' id='word_1_867' title='bbox 2552 5380 2656 5439; x_wconf 85' lang='lat' dir='ltr'><strong>hoc</strong></span> <span class='ocrx_word' id='word_1_868' title='bbox 2684 5378 2901 5436; x_wconf 87' lang='lat' dir='ltr'><strong>videtur</strong></span> <span class='ocrx_word' id='word_1_869' title='bbox 2926 5375 3207 5449; x_wconf 81' lang='lat' dir='ltr'><strong>possidere</strong></span> <span class='ocrx_word' id='word_1_870' title='bbox 3237 5388 3459 5429; x_wconf 90' lang='lat' dir='ltr'><strong>sensum</strong></span> <span class='ocrx_word' id='word_1_871' title='bbox 3484 5390 3497 5427; x_wconf 89' lang='lat'>:</span> <span class='ocrx_word' id='word_1_872' title='bbox 3526 5368 3618 5427; x_wconf 86' lang='lat' dir='ltr'><strong>sed</strong></span> <span class='ocrx_word' id='word_1_873' title='bbox 3645 5354 3821 5421; x_wconf 72' lang='lat' dir='ltr'><strong>animad-</strong></span> 
     </span>
    </p>
   </div>
   <div class='ocr_carea' id='block_1_111' title="bbox 2308 5458 3822 5545">
    <p class='ocr_par' dir='ltr' id='par_1_111' title="bbox 2308 5458 3822 5545">
     <span class='ocr_line' id='line_1_111' title="bbox 2308 5458 3822 5545; baseline -0.013 -11"><span class='ocrx_word' id='word_1_874' title='bbox 2308 5487 2526 5539; x_wconf 78' lang='lat' dir='ltr'><strong>vertere</strong></span> <span class='ocrx_word' id='word_1_875' title='bbox 2553 5475 2718 5532; x_wconf 85' lang='lat' dir='ltr'><strong>debet</strong></span> <span class='ocrx_word' id='word_1_876' title='bbox 2745 5491 2852 5539; x_wconf 85' lang='lat' dir='ltr'><strong>non</strong></span> <span class='ocrx_word' id='word_1_877' title='bbox 2895 5487 3058 5545; x_wconf 67' lang='lat' dir='ltr'><strong>pesse</strong></span> <span class='ocrx_word' id='word_1_878' title='bbox 3099 5470 3226 5531; x_wconf 85' lang='lat' dir='ltr'><strong>huic</strong></span> <span class='ocrx_word' id='word_1_879' title='bbox 3265 5470 3451 5527; x_wconf 86' lang='lat' dir='ltr'><strong>sensui</strong></span> <span class='ocrx_word' id='word_1_880' title='bbox 3486 5458 3822 5525; x_wconf 68' lang='lat' dir='ltr'><strong>convenire.Ill</strong></span> 
     </span>
    </p>
   </div>
   <div class='ocr_carea' id='block_1_112' title="bbox 2310 5546 3821 5641">
    <p class='ocr_par' dir='ltr' id='par_1_112' title="bbox 2310 5546 3821 5641">
     <span class='ocr_line' id='line_1_112' title="bbox 2310 5546 3821 5641; baseline -0.018 -11"><span class='ocrx_word' id='word_1_881' title='bbox 2310 5588 2405 5641; x_wconf 86' lang='lat' dir='ltr'><strong>per</strong></span> <span class='ocrx_word' id='word_1_882' title='bbox 2428 5570 2697 5627; x_wconf 82' lang='lat' dir='ltr'><strong>ranticum</strong></span> <span class='ocrx_word' id='word_1_883' title='bbox 2729 5583 2927 5624; x_wconf 74' lang='lat' dir='ltr'><strong>novum</strong></span> <span class='ocrx_word' id='word_1_884' title='bbox 2956 5567 3011 5623; x_wconf 90' lang='lat' dir='ltr'><strong>iu</strong></span> <span class='ocrx_word' id='word_1_885' title='bbox 3056 5564 3159 5620; x_wconf 78' lang='lat' dir='ltr'><strong>hoc</strong></span> <span class='ocrx_word' id='word_1_886' title='bbox 3200 5562 3325 5619; x_wconf 84' lang='lat' dir='ltr'><strong>loco</strong></span> <span class='ocrx_word' id='word_1_887' title='bbox 3358 5557 3688 5631; x_wconf 80' lang='lat' dir='ltr'><strong>Evangeliuut</strong></span> <span class='ocrx_word' id='word_1_888' title='bbox 3715 5546 3821 5604; x_wconf 77' lang='lat' dir='ltr'><strong>intel-</strong></span> 
     </span>
    </p>
   </div>
   <div class='ocr_carea' id='block_1_113' title="bbox 2308 5648 3822 5736">
    <p class='ocr_par' dir='ltr' id='par_1_113' title="bbox 2308 5648 3822 5736">
     <span class='ocr_line' id='line_1_113' title="bbox 2308 5648 3822 5736; baseline -0.014 -16"><span class='ocrx_word' id='word_1_889' title='bbox 2308 5664 2470 5736; x_wconf 81' lang='lat' dir='ltr'><strong>ligat;</strong></span> <span class='ocrx_word' id='word_1_890' title='bbox 2488 5663 2583 5720; x_wconf 90' lang='lat' dir='ltr'><strong>sed</strong></span> <span class='ocrx_word' id='word_1_891' title='bbox 2608 5661 2790 5733; x_wconf 85' lang='lat' dir='ltr'><strong>potius</strong></span> <span class='ocrx_word' id='word_1_892' title='bbox 2806 5658 3060 5731; x_wconf 84' lang='lat' dir='ltr'><strong>gaudium</strong></span> <span class='ocrx_word' id='word_1_893' title='bbox 3078 5655 3349 5729; x_wconf 85' lang='lat' dir='ltr'><strong>spiritale,</strong></span> <span class='ocrx_word' id='word_1_894' title='bbox 3364 5652 3503 5728; x_wconf 90' lang='lat' dir='ltr'><strong>quod</strong></span> <span class='ocrx_word' id='word_1_895' title='bbox 3522 5654 3598 5713; x_wconf 85' lang='lat' dir='ltr'><strong>eis</strong></span> <span class='ocrx_word' id='word_1_896' title='bbox 3617 5663 3675 5704; x_wconf 81' lang='lat' dir='ltr'><strong>es</strong></span> <span class='ocrx_word' id='word_1_897' title='bbox 3694 5648 3822 5700; x_wconf 75' lang='lat' dir='ltr'><strong>custo-</strong></span> 
     </span>
    </p>
   </div>
   <div class='ocr_carea' id='block_1_114' title="bbox 682 5862 2829 5949">
    <p class='ocr_par' dir='ltr' id='par_1_114' title="bbox 682 5862 2829 5949">
     <span class='ocr_line' id='line_1_114' title="bbox 682 5862 2829 5949; baseline 0 -28"><span class='ocrx_word' id='word_1_898' title='bbox 682 5872 707 5905; x_wconf 72' lang='grc' dir='ltr'><strong>ι</strong></span> <span class='ocrx_word' id='word_1_899' title='bbox 757 5863 974 5935; x_wconf 74' lang='lat' dir='ltr'><strong>Omnes</strong></span> <span class='ocrx_word' id='word_1_900' title='bbox 994 5862 1153 5933; x_wconf 66' lang='lat' dir='ltr'><strong>edin,</strong></span> <span class='ocrx_word' id='word_1_901' title='bbox 1191 5866 1255 5920; x_wconf 80' lang='lat' dir='ltr'><strong>de</strong></span> <span class='ocrx_word' id='word_1_902' title='bbox 1281 5869 1480 5937; x_wconf 70' lang='lat' dir='ltr'><strong>etruria</strong></span> <span class='ocrx_word' id='word_1_903' title='bbox 1508 5870 1781 5949; x_wconf 71' lang='lat' dir='ltr'><strong>sordibus;</strong></span> <span class='ocrx_word' id='word_1_904' title='bbox 1820 5881 2014 5925; x_wconf 85' lang='lat' dir='ltr'><strong>omnes</strong></span> <span class='ocrx_word' id='word_1_905' title='bbox 2041 5880 2200 5938; x_wconf 87' lang='lat' dir='ltr'><strong>tnss.,</strong></span> <span class='ocrx_word' id='word_1_906' title='bbox 2222 5869 2286 5925; x_wconf 82' lang='lat' dir='ltr'><strong>de</strong></span> <span class='ocrx_word' id='word_1_907' title='bbox 2312 5868 2515 5926; x_wconf 61' lang='lat' dir='ltr'><strong>exteris</strong></span> <span class='ocrx_word' id='word_1_908' title='bbox 2540 5864 2829 5937; x_wconf 72' lang='lat' dir='ltr'><strong>ordinilttu.</strong></span> 
     </span>
    </p>
   </div>
  </div>
