3950 6314
106 311 221 368 895

891 306 962 364 ΙΝ
1004 307 1477 370 APOCALYPSIN
1519 309 1908 370 EXPOSITIO.
1955 310 2043 370 DE
2085 311 2360 374 VISIONE
2398 312 2711 384 QUARTA.

3329 317 3433 376 $94

108 429 201 483 dia
229 425 564 500 virginitatis
585 426 870 484 accrescit.
898 425 1090 483 Nullus
1113 427 1279 498 igitur
1311 428 1587 486 canticum
1628 445 1726 486 no-
1754 431 1801 498 Α
1829 428 2032 486 Christi
2065 433 2352 501 suscipere
2381 435 2698 491 noluerunt.
2721 432 2992 491 Similiter
3015 443 3068 490 et
3100 435 3181 492 illi
3202 435 3294 506 qui
3315 450 3434 492 sus-

109 538 248 578 vum
280 523 465 584 dicere
490 529 688 594 potest,
709 519 810 577 nisi
837 520 919 576 illi
943 521 1082 588 soli;
1115 522 1240 590 quia
1267 522 1522 594 gaudium
1552 523 1726 595 virgi-

112 615 317 671 nitatis
349 613 528 673 nullus
557 611 758 670 habere
788 612 1071 682 praevalet,
1095 612 1202 672 nisi
1223 614 1325 670 soli
1348 615 1440 685 qui
1462 613 1605 674 hanc
1624 631 1729 673 cae-

111 706 257 766 teris
293 706 453 762 bonis
484 703 741 776 operibus
771 713 1091 764 exornatam
1117 706 1362 779 quotidie
1389 708 1501 766 Deo
1526 707 1728 768 oﬂerre

111 810 516 861 consuescunt.
547 800 814 860 Similiter
857 812 911 860 et
955 805 1049 876 qui
1099 805 1241 862 hanc
1281 807 1612 865 sententiam
1648 808 1729 864 eis

108 904 316 968 aptare
344 895 599 962 voluerit,
641 896 880 966 quicum
909 897 1238 968 virginitatis
1279 900 1463 970 palma
1501 900 1571 956 ad
1618 915 1730 958 (ιω.

111 989 282 1046 testia
315 1004 480 1061 regna
505 989 619 1062 jam
645 989 1021 1050 conscendere
1044 1003 1387 1062 meruerunt,
1409 1009 1439 1048 a
1463 1003 1617 1051 recto
1645 996 1730 1052 in-

112 1082 350 1138 tellectu
381 1097 487 1140 non
517 1082 821 1154 discrepat:
857 1083 954 1140 sed
987 1085 1126 1142 sciat
1156 1100 1263 1144 non
1287 1087 1583 1144 convenire
1603 1088 1730 1146 huic

111 1176 336 1244 sensui,
371 1183 430 1232 ut
479 1191 575 1248 per
616 1193 820 1236 novum
865 1178 1162 1245 canticum,
1204 1180 1426 1251 aliquod
1456 1183 1727 1242 canticum

110 1269 266 1342 quod
292 1285 449 1340 voce,
481 1271 686 1343 lingua,
716 1270 875 1328 labiis
903 1275 1163 1344 componi
1190 1283 1394 1345 potest,
1425 1277 1727 1348 intelligat:

107 1361 213 1420 sed
269 1362 454 1434 potius
488 1363 816 1436 virginitatis
874 1367 1184 1436 praemium,
1236 1367 1382 1439 quod
1424 1383 1454 1424 a
1500 1369 1732 1427 Domino

109 1454 464 1512 aiternaliter
515 1455 802 1528 percipere
849 1467 1150 1517 merentur.
1193 1460 1415 1534 Hocque
1456 1464 1728 1524 canticum

109 1547 327 1616 nullus,
368 1549 475 1606 nisi
499 1549 574 1606 illi
601 1550 702 1606 soli
727 1592 743 1618 ,
773 1551 960 1610 dicere
987 1561 1204 1625 potest;
1234 1556 1359 1626 quia
1399 1557 1731 1628 virginitatis

110 1641 408 1709 praemium
458 1641 642 1700 nullus
688 1643 957 1716 percipit,
1009 1647 1115 1704 nisi
1147 1649 1238 1719 qui
1269 1648 1411 1706 hanc
1440 1651 1494 1706 in
1524 1651 1731 1708 saeculo

109 1733 310 1806 positi,
340 1736 663 1792 intemerata
688 1746 872 1796 mente
911 1753 1010 1809 pro
1039 1739 1239 1799 Christi
1276 1757 1469 1801 amore
1508 1759 1728 1804 servare

1829 532 2098 593 ceperunt
2133 525 2355 596 quidem
2405 527 2566 584 lldem
2603 525 2842 594 Christi,
2883 527 2980 584 sed
3007 543 3128 585 eam
3175 528 3437 600 operibus

1830 614 2060 685 implere
2091 616 2426 684 noluerunt;
2457 619 2549 676 cui
2577 619 2726 676 enim
2753 620 2878 690 plus
2906 620 3288 689 committitur,
3313 621 3436 692 plus

1828 706 1899 766 ab
1924 723 1990 764 eo
2030 708 2308 782 exigetur.
2346 711 2420 765 De
2443 710 2552 767 illis
2597 719 2780 770 autem
2823 713 2916 783 qui
2941 713 3170 770 verbum
3199 713 3298 771 Dei
3326 729 3434 772 non

1828 801 2140 870 audierunt,
2170 802 2431 860 Dominus
2461 802 2596 860 dicit
2627 805 2679 860 in
2713 805 3046 876 Evangelio:
3074 807 3176 873 Qui
3198 823 3301 862 non
3327 823 3438 864 crc-

1829 895 1928 965 dit,
1951 900 2067 969 jam
2089 897 2363 971 judicatus
2390 907 2463 954 est
2487 897 2667 970 (Joan.
2701 915 2783 966 tu,
2819 901 2932 972 l8).

1901 989 2084 1062 (Vers.
2117 989 2196 1062 8.)
2226 989 2290 1045 Et
2312 993 2523 1046 adorata
2542 992 2778 1060 eum,qni
2801 994 2922 1063 fecit
2939 993 3124 1048 calum
3153 1002 3201 1048 et
3221 1002 3436 1062 terram,

1827 1096 1878 1145 et
1908 1101 2048 1140 mare
2071 1094 2119 1142 at
2145 1087 2310 1154 fontes
2350 1102 2623 1156 aquarum,
2674 1085 2726 1140 id
2774 1097 2879 1154 est,
2937 1087 3232 1157 relinquite
3287 1087 3436 1144 idola

1828 1177 2017 1243 surda,
2063 1188 2230 1246 muta,
2263 1186 2320 1236 et
2342 1193 2508 1243 caeca,
2532 1188 2587 1233 et
2609 1178 2833 1234 adorato
2854 1194 2981 1234 eum
3009 1180 3104 1250 qui
3129 1189 3328 1236 cuncta
3353 1179 3436 1237 ie-

1829 1271 1905 1326 cit
1924 1286 1988 1328 ex
2014 1269 2206 1328 nihilo.
2240 1269 2310 1326 Et
2337 1272 2473 1328 alius
2503 1272 2721 1344 angelus
2747 1284 3049 1344 prosecutus
3101 1282 3176 1329 est
3193 1315 3209 1341 ,
3237 1275 3433 1330 dicens.

1829 1364 1983 1424 Alius
2019 1363 2247 1434 angelus
2299 1364 2559 1422 doctores
2609 1366 2893 1431 Ecclesiae,
2937 1368 3026 1436 qui
3057 1366 3228 1422 ﬁnitis
3253 1382 3442 1438 perse-

1826 1456 2156 1521 cutionibus,
2193 1457 2495 1520 Ecclesium
2523 1457 2617 1514 Dei
2662 1457 3128 1529 gubernaverunt,
3164 1458 3435 1530 designat.

1829 1548 2046 1616 Cecidit,
2077 1550 2257 1608 cecidit
2288 1549 2524 1622 Babylon
2549 1567 2753 1624 magna.
2783 1551 2887 1607 Per
2909 1551 3264 1624 Babylonem,
3295 1553 3441 1608 sicut

1827 1643 2078 1712 superius
2103 1641 2366 1711 diximus,
2389 1644 2584 1702 civitas
2609 1644 2812 1700 diaboli
2838 1644 3178 1716 designatur,
3221 1659 3342 1715 quae
3369 1659 3438 1701 ex

1829 1734 2283 1810 omnibusimpiis
2312 1746 2553 1796 constat.
2572 1738 2864 1798 Ceciderat
2881 1746 3089 1803 autem,
3112 1741 3236 1808 quia
3261 1739 3440 1796 omnis

112 1828 458 1886 studuerint.
503 1829 580 1888 De
611 1830 808 1890 talibus
839 1832 1104 1906 propheta
1134 1835 1322 1892 Esaias
1352 1837 1614 1909 loquitur,
1646 1839 1729 1898 di-
1763 1828 1801 1885 Β
1831 1831 2042 1888 cultura
2076 1831 2387 1890 daemonum
2411 1848 2508 1904 per
2531 1831 2692 1890 ﬁdem
2716 1832 2918 1890 Christi
2938 1833 3120 1890 deleta
3143 1832 3341 1887 fuerat.
3370 1831 3442 1887 Et

107 1935 278 1980 cens:
326 1920 459 1979 Haec
489 1923 618 1982 dicit
653 1924 908 1982 Dominus
935 1927 1186 1984 eunuchis
1211 1945 1230 1986 :
1261 1929 1362 1996 Qui
1392 1931 1728 1988 custodierint

106 2013 333 2070 sabbata
363 2032 498 2084 mea,
530 2026 577 2074 et
605 2018 855 2089 elegerint
881 2036 996 2089 qua;
1020 2023 1182 2092 uolui,
1203 2034 1251 2080 et
1280 2025 1537 2080 tenuerint
1559 2027 1728 2098 {tedas

112 2124 314 2176 incum,
355 2109 487 2168 dabo
510 2111 583 2167 eis
609 2112 663 2169 in
691 2112 845 2171 domo
874 2131 1013 2182 mea,
1039 2124 1086 2170 et
1109 2116 1164 2170 in
1192 2117 1355 2172 muris
1376 2117 1503 2174 meis
1533 2116 1726 2188 locum,

108 2210 157 2254 et
187 2217 384 2258 nomen
410 2203 595 2258 melius
623 2219 654 2260 a
679 2203 805 2275 ﬁliis
823 2215 870 2260 et
891 2203 1122 2276 ﬁliabus,
1150 2223 1336 2263 nomen
1357 2208 1727 2278 smpiternam

112 2293 257 2349 dabo
290 2297 388 2363 eis,
423 2297 561 2367 quod
587 2313 689 2356 non
715 2297 903 2368 peribit
932 2298 1103 2370 (Esai.
1133 2315 1239 2366 Lvt,
1269 2299 1304 2354 4
1329 2308 1378 2355 et
1407 2301 1564 2372 seq.).

184 2390 382 2463 (Vers.
432 2391 514 2463 6.)
555 2391 621 2447 Et
648 2392 754 2450 uidi
794 2393 1017 2450 alterum
1061 2395 1302 2466 angelum
1342 2395 1599 2452 solantem
1639 2413 1732 2466 per

113 2486 353 2542 medium
379 2487 601 2556 cretum,
651 2487 921 2546 habentem
948 2488 1296 2561 anngelium
1337 2499 1634 2558 (sternunt;
1673 2500 1729 2546 ut

113 2577 500 2647 euangelizaret
531 2579 826 2638 sedentibus
855 2596 1012 2652 super
1036 2591 1250 2648 terram,
1281 2590 1326 2635 et
1347 2567 1505 2654 super
1525 2599 1731 2639 omnem

113 2683 325 2742 gentem
347 2715 361 2739 ,
395 2685 442 2731 et
474 2675 667 2732 tribum
685 2718 699 2742 ,
729 2685 779 2733 et
808 2676 1042 2750 linguam
1061 2719 1074 2744 ,
1100 2689 1147 2732 et
1176 2679 1449 2752 populum,
1480 2679 1732 2735 dicentem

117 2782 240 2821 voce
270 2783 490 2840 magna.
516 2766 718 2828 lterum
740 2772 993 2826 universa
1026 2771 1268 2828 breviter
1293 2771 1728 2841 comprehendit;

119 2875 246 2917 nam
301 2862 449 2924 sicut
495 2864 750 2934 superius
788 2879 912 2922 cum
947 2866 1088 2922 mala
1138 2866 1462 2923 Antichriin
1506 2881 1731 2924 narrare

116 2955 310 3020 vellet,
347 2956 416 3010 ah
441 2955 678 3012 adventu
711 2957 913 3016 Christi
947 2959 1246 3027 inchoavit,
1290 2961 1730 3031 persecutiones-

117 3063 223 3120 que
250 3064 393 3120 quas
420 3049 664 3108 Ecclesia
689 3067 718 3108 a
748 3049 970 3109 diabolo
994 3066 1150 3123 passa
1181 3062 1285 3119 cst,
1313 3053 1466 3123 prius
1501 3069 1732 3111 narrans

116 3141 183 3195 ad
209 3141 616 3200 Antichristqu
651 3145 934 3215 pervenit:
959 3145 1035 3200 ita
1060 3153 1111 3200 et
1143 3144 1232 3199 hic
1255 3144 1610 3216 diemjudicii
1638 3146 1733 3204 de-

1834 1923 1918 1983 liis
1940 1925 2206 1984 cecidisse
2229 1924 2459 1991 dicitur;
2489 1927 2618 1995 quia
2643 1941 2710 1982 ex
2730 1937 2888 1996 parte
2915 1936 3357 1998 per-secutorum,
3387 1933 3443 1981 et

1830 2033 1901 2075 ex
1931 2027 2086 2092 parte
2112 2017 2341 2076 culturae
2365 2017 2650 2074 diabolica:
2675 2018 2974 2076 ceciderat.
3001 2019 3129 2086 Qua
3151 2035 3183 2073 α
3209 2018 3328 2072 vino
3347 2017 3441 2073 ira:

1830 2125 1939 2164 suae
1967 2111 2159 2182 potavit
2206 2127 2381 2166 omnes
2432 2121 2628 2181 gentes.
2682 2109 2877 2168 Vinum
2927 2111 3024 2166 ira:
3065 2125 3284 2167 errores
3313 2117 3446 2166 sunt

1830 2201 2139 2273 gentilium,
2188 2202 2390 2274 quibus
2434 2203 2605 2260 Deum
2637 2201 2704 2260 ad
2735 2203 3073 2264 iracundiam
3103 2215 3440 2272 provocare-

1831 2303 1962 2352 runt
1994 2313 2007 2351 :
2040 2294 2136 2354 sed
2167 2311 2290 2352 cum
2323 2295 2567 2370 Babylon
2598 2295 2738 2354 nihil
2781 2297 2854 2354 sit
2879 2295 3026 2352 aliud
3054 2311 3212 2367 quam
3246 2308 3441 2352 omnes

1831 2395 2055 2459 gentes.
2083 2387 2136 2446 id
2163 2398 2268 2458 est,
2295 2403 2486 2446 omnes
2513 2389 2763 2462 reprobi,
2794 2388 3069 2460 quomodo
3099 2403 3292 2446 omnes
3317 2403 3444 2460 gen-

1835 2489 1917 2537 tes
1938 2495 1966 2538 a
1994 2481 2121 2538 vino
2145 2481 2240 2539 ira:
2269 2495 2382 2540 suae
2408 2481 2863 2552 potavit?Verum
2887 2495 3010 2538 cum
3039 2494 3180 2536 unus
3205 2480 3440 2540 alterum

1833 2575 2040 2644 docuit,
2072 2587 2125 2632 ct
2157 2575 2248 2634 ille
2277 2577 2518 2644 tertium,
2559 2584 2617 2632 et
2642 2576 2838 2634 tertius
2867 2585 3121 2646 quartum
3141 2617 3156 2642 ,
3190 2583 3244 2632 et
3276 2574 3350 2629 ita
3385 2573 3443 2632 in

1833 2682 2024 2726 omnes
2054 2668 2303 2726 homines
2331 2683 2488 2726 error
2517 2669 2819 2726 diabolicus
2853 2668 3092 2735 transiit,
3125 2667 3315 2739 utique
3338 2667 3444 2728 Btt-

1835 2765 2000 2839 bylon
2028 2779 2220 2822 omnes
2240 2775 2433 2836 gentes
2465 2764 2592 2820 vino
2622 2763 2720 2820 ira:
2746 2761 2841 2818 Dei
2869 2761 3095 2832 potavit.

1906 2860 2088 2934 (Vers.
2115 2860 2170 2929 9,
2207 2859 2322 2931 10.)
2349 2859 2411 2913 Et
2455 2859 2669 2931 angelus
2704 2857 2885 2913 tertius
2925 2866 3130 2914 secutus
3177 2865 3252 2910 est
3299 2855 3440 2922 illos,

1835 2957 2010 3014 dicens
2031 2973 2149 3012 voce
2173 2971 2375 3025 magna
2405 2970 2424 3009 :
2445 2953 2507 3010 Si
2535 2954 2652 3026 quis
2680 2953 2971 3008 adoraverit
2991 2951 3206 3006 bestiam
3237 2960 3283 3005 et
3309 2951 3447 3004 ima-

1834 3051 2004 3123 ginem
2026 3051 2161 3120 ejus,
2193 3057 2240 3103 et
2270 3047 2523 3120 acceperit
2543 3047 2892 3102 characterem
2913 3045 3023 3116 ejus
3046 3045 3100 3101 in
3125 3043 3294 3114 fronte
3321 3058 3443 3111 sua,

1835 3157 1924 3204 aut
1963 3147 2018 3201 in
2061 3162 2220 3201 manu
2262 3161 2388 3211 sua;
2413 3153 2460 3199 et
2481 3145 2562 3198 hic
2595 3143 2728 3198 bibet
2763 3142 2829 3197 de
2862 3141 2980 3196 uino
3013 3142 3106 3196 ira:
3153 3139 3274 3206 Dei,
3307 3137 3444 3209 φροά

117 3235 373 3292 scribere
404 3237 662 3306 cupiens,
693 3237 761 3292 ab
788 3237 1024 3296 adventu
1056 3235 1258 3296 Christi
1288 3238 1538 3305 inchoat,
1565 3253 1732 3311 atque
1761 3228 1804 3290 C
1839 3241 2054 3295 mixtum
2085 3248 2157 3294 est
2184 3255 2324 3292 mero
2351 3238 2404 3291 in
2431 3235 2592 3292 calice
2617 3237 2800 3309 ipsius.
2821 3233 3064 3304 Angelus
3083 3231 3276 3289 tertius
3303 3246 3446 3302 prae-

115 3328 215 3384 sub
231 3330 424 3400 specie
449 3331 608 3386 trium
629 3333 942 3402 angelorum
959 3339 983 3367 ι
1003 3342 1194 3388 cuncta
1211 3331 1373 3406 555
1389 3333 1626 3390 breviter
1646 3349 1730 3392 re-

115 3423 441 3492 plicans,ad
465 3424 608 3480 diem
628 3425 819 3494 judicii
851 3428 1117 3496 pervenit.
1148 3425 1254 3482 Istc
1276 3428 1482 3497 quippe
1504 3428 1731 3498 angelus

114 3514 402 3571 Christum
431 3527 483 3572 et
512 3517 791 3588 apostolus
819 3517 960 3590 ejus,
991 3526 1330 3590 caeterosquc
1354 3521 1557 3578 Chri-ti
1591 3537 1728 3592 prae-

114 3606 400 3664 dicatores
441 3609 730 3680 signiﬁcat.
776 3610 880 3680 Qui
917 3611 1274 3684 Evangelium
1322 3622 1583 3670 aeternum
1632 3615 1728 3671 ha-

119 3698 309 3755 buisse
352 3699 578 3767 dicitur;
623 3701 750 3771 quia
780 3703 1027 3760 doctrina
1075 3703 1355 3774 Evangelii
1403 3721 1433 3760 a
1481 3703 1729 3776 Christo,

115 3794 412 3863 apostolis,
436 3797 761 3868 exterisque
792 3796 1248 3870 prazdicatoribus
1273 3799 1396 3854 data
1427 3809 1533 3866 est,
1567 3817 1728 3872 quam

115 3889 380 3959 gentibus
429 3889 811 3960 praedicarent.
859 3890 1015 3960 Quod
1061 3892 1416 3963 Evangelium
1464 3903 1729 3954 aeternum

114 3995 237 4037 esse
266 3981 496 4047 dicitur,
524 3983 650 4054 quia
679 3985 1049 4044 aeternitatem
1092 3994 1316 4056 praesul
1355 3987 1609 4044 omnibus
1651 3987 1731 4044 fa-

115 4072 400 4131 cientibus
429 4074 585 4132 illud.
617 4076 775 4147 Quod
800 4078 966 4134 etiam
994 4093 1161 4149 super
1190 4088 1390 4136 terram
1415 4080 1729 4142 sedentibus

117 4170 481 4240 prmdicatum
541 4184 666 4226 esse
724 4169 964 4240 dicitur;
1013 4181 1204 4244 gentes
1253 4188 1486 4245 namque
1533 4176 1729 4246 quibus

116 4266 482 4336 Evangelium
509 4263 860 4337 praedicatum
883 4275 988 4331 est,
1015 4267 1148 4325 nihil
1170 4267 1315 4325 aliud
1337 4284 1498 4340 quam
1529 4279 1728 4327 terram

116 4359 466 4431 quaerebant,
499 4367 777 4431 totamque
805 4360 1052 4432 requiem
1087 4375 1240 4420 suam
1271 4364 1324 4424 in
1354 4373 1500 4424 terra
1530 4380 1729 4436 posue-

115 4465 261 4511 rant.
297 4451 441 4521 Quid
468 4461 650 4510 autem
682 4453 783 4510 iste
810 4453 1037 4527 angelus
1067 4457 1348 4528 praedicet,
1380 4459 1688 4519 audiamus.

188 4546 384 4620 (Vers.
417 4543 496 4617 7.)
528 4545 724 4602 Timete
752 4544 1056 4617 Dominum,
1090 4558 1135 4605 et
1171 4549 1291 4607 date
1336 4553 1416 4607 illi
1443 4551 1728 4622 honorent;

1835 3333 2113 3392 dicatores
2161 3343 2321 3399 sunt,
2368 3333 2461 3401 qui
2512 3330 2852 3401 temporibus
2909 3328 3231 3384 Antichristi
3279 3326 3445 3384 futuri

1835 3438 1994 3490 sunt;
2025 3427 2396 3498 praedicabunt
2418 3426 2564 3482 enim
2597 3435 2660 3481 ut
2681 3424 2859 3482 nullus
2891 3421 3291 3478 Antichristum
3315 3419 3448 3474 ado-

1837 3529 1951 3589 ret,
1988 3536 2162 3591 neque
2182 3519 2249 3580 ad
2273 3520 2395 3590 ejus
2428 3520 2718 3590 pessimam
2741 3519 3044 3578 doctrinam
3072 3531 3236 3573 aures
3262 3514 3446 3571 cordis

1835 3612 2249 3681 accommodet,
2304 3627 2482 3683 neque
2525 3627 2691 3682 opera
2739 3611 2861 3681 ejus
2891 3605 3343 3678 imiteturzquod
3397 3606 3444 3662 si

1834 3711 1958 3780 quis
1984 3709 2205 3778 fecerit,
2242 3718 2508 3778 perpetua
2547 3721 2703 3776 pana
2743 3721 2870 3761 eum
2915 3719 3040 3759 esse
3071 3699 3442 3758 damnandum

1836 3802 2202 3860 testabuntur.
2228 3801 2332 3858 Per
2349 3801 2538 3856 vinum
2566 3800 2657 3854 ira:
2680 3798 2776 3853 Dei
2794 3796 3070 3852 damnatio
3089 3794 3301 3859 ultima,
3319 3806 3444 3860 quas

1834 3900 1888 3956 in
1921 3899 2010 3955 die
2030 3897 2222 3969 judicii
2257 3897 2438 3968 impiis
2466 3895 2816 3966 irrogabitur,
2846 3892 3202 3962 designatur:
3228 3900 3442 3942 merum

1835 4000 2015 4050 autem
2037 4006 2232 4062 purum
2260 3988 2516 4047 dicimus.
2548 3987 2654 4044 Per
2677 4002 2887 4042 merum
2921 3984 3088 4054 igitur
3109 3981 3320 4053 justitia
3345 3977 3444 4034 Dei

1833 4086 2172 4156 designatur,
2201 4099 2298 4154 per
2336 4083 2563 4140 calicem
2610 4095 2743 4136 vero
2759 4077 3026 4150 judicium
3061 4075 3157 4132 Dei
3188 4074 3443 4143 accipere

1836 4194 2147 4249 possumus.
2181 4175 2378 4232 Vinum
2413 4176 2597 4247 itaque
2632 4174 2863 4230 mixtum
2893 4179 2979 4227 est
3009 4185 3167 4227 mero
3191 4169 3245 4224 in
3267 4166 3442 4224 calice

1838 4275 1967 4340 Dei;
1991 4275 2115 4345 quia
2147 4272 2425 4330 damnatio
2451 4269 2665 4337 ultima,
2697 4284 2803 4340 qua
2833 4267 2985 4338 impii
3010 4265 3440 4331 damnabuntur,

1834 4369 2010 4428 mixta
2035 4368 2141 4426 erit
2183 4381 2308 4424 cum
2337 4364 2550 4436 iustitia
2576 4363 2630 4420 in
2658 4363 2828 4420 calice
2851 4361 2970 4428 Dei,
3002 4361 3056 4417 id
3082 4373 3190 4427 est,
3222 4359 3275 4414 in
3295 4359 3441 4430 judiv-

1834 4464 1919 4521 cio
1939 4464 2030 4521 Dei
2048 4462 2196 4533 ;quia
2214 4461 2524 4533 iustissimo
2548 4457 2864 4531 Deijndicio
2885 4455 3219 4529 perficietur.
3247 4453 3442 4511 Bibent

1837 4559 2002 4630 igitur
2047 4555 2200 4626 impii
2230 4557 2416 4612 vinum
2448 4555 2542 4610 ira:
2574 4553 2701 4617 Dei,
2745 4568 2870 4608 cum
2903 4551 3012 4606 illis
3041 4551 3296 4607 dicetur:
3335 4547 3435 4616 Ite,

115 4640 240 4711 quia
269 4639 408 4694 venit
436 4637 566 4694 liora
583 4639 777 4713 judicii
807 4643 922 4715 ejus
951 4659 972 4698 :
1004 4651 1051 4698 et
1081 4643 1293 4700 adorata
1315 4661 1455 4714 eum,
1494 4648 1582 4716 qui
1609 4649 1731 4717 fecit
1757 4632 1810 4692 D
1837 4649 2117 4713 maledicti,
2147 4651 2202 4704 in
2231 4650 2401 4722 ignem
2427 4658 2698 4715 teternmn,
2717 4644 2746 4684 δ
2767 4645 2856 4716 qui
2877 4655 3201 4719 praeparatus
3221 4651 3293 4698 est
3324 4642 3439 4696 dia-

116 4733 303 4788 caelum
327 4743 375 4788 et
397 4741 585 4788 terram
606 4775 620 4801 ,
648 4749 790 4790 mare
811 4744 859 4792 et
889 4737 1052 4793 fontes
1081 4753 1350 4808 aquarum.
1384 4739 1730 4798 Convenienv

115 4835 202 4882 ter
233 4827 488 4882 timorezn
539 4824 754 4881 Domini
785 4827 964 4896 primo
1011 4830 1221 4900 posuit,
1249 4840 1300 4888 et
1346 4841 1535 4902 postea
1560 4834 1730 4892 hono-

115 4935 270 4988 rem;
310 4919 478 4976 timor
503 4920 707 4976 etenim
745 4921 959 4978 Domini
980 4921 1048 4978 ad
1076 4924 1460 4994 paenitentiam
1499 4926 1732 4996 impellit

116 5013 402 5073 hominem
434 5033 446 5068 :
473 5014 792 5085 poenitentia
836 5031 966 5074 vero
1018 5017 1087 5074 ad
1137 5018 1280 5078 bona
1319 5035 1482 5092 opera
1524 5023 1732 5094 agenda

113 5124 241 5165 eum
273 5117 555 5180 provocat.
589 5109 863 5168 llonorem
903 5111 1085 5182 itaque
1114 5112 1229 5171 Deo
1256 5112 1575 5182 deferimus,
1606 5131 1728 5172 cum

117 5201 259 5259 bona
297 5219 466 5273 Opera
491 5202 734 5275 agimus,
767 5204 910 5262 sicut
956 5204 1074 5276 ipse
1124 5207 1385 5263 Dominus
1417 5206 1550 5264 dicit
1583 5225 1595 5262 :
1637 5209 1729 5265 Vi-

117 5298 277 5352 deant
307 5314 466 5368 opera
492 5308 659 5354 vestra
676 5298 832 5364 bona,
863 5298 1212 5371 etgloriﬁcent
1240 5299 1452 5357 Patrem
1478 5315 1725 5372 uestrum,

118 5391 280 5463 quiin
303 5390 444 5446 cretis
471 5400 543 5446 est
577 5390 796 5464 (Matth.
835 5407 890 5455 v,
937 5391 1050 5463 16).
1084 5391 1228 5449 Hora
1263 5409 1396 5450 vero
1417 5395 1614 5466 judicii
1662 5414 1728 5454 ex

122 5496 253 5542 tunc
287 5486 543 5558 incuspit,
578 5501 647 5544 ex
675 5501 787 5560 quo
825 5487 1181 5560 Evangelium
1217 5489 1505 5561 prrcdicari
1541 5491 1724 5562 coepit.

121 5579 200 5635 Illi
235 5581 404 5651 igitur
431 5579 632 5636 acriter
658 5579 712 5636 in
745 5579 832 5638 die
846 5579 1041 5652 judicii
1061 5580 1477 5652 iudicabuntur,
1499 5584 1589 5656 qui
1611 5599 1733 5642 ven-

125 5674 252 5728 bum
276 5673 551 5743 Evangelii
573 5673 858 5732 audientes
877 5718 893 5743 ,
923 5675 1169 5747 illudque
1197 5687 1544 5749 spernentes,
1571 5679 1729 5738 ﬁdem

204 5829 231 5858 ο
262 5817 508 5896 itamss.
528 5834 542 5884 ;
564 5817 704 5896 _edit.
737 5829 1106 5896 vero,euncta
1126 5821 1582 5896 conprehendens.

199 5898 228 5940 δ
255 5890 531 5948 Omissum
558 5889 733 5951 fuerat
774 5892 829 5950 in
855 5892 1014 5962 cdit.,
1042 5896 1131 5970 qui
1160 5889 1480 5967 purpuratus
1517 5903 1591 5952 est
1617 5895 1729 5964 dia-

1830 4744 1965 4808 bolo,
1992 4754 2038 4799 et
2066 4742 2263 4814 angelis
2295 4744 2406 4816 ejus
2441 4739 2658 4812 (Matth.
2691 4754 2824 4806 xxv,
2852 4739 2968 4809 41).

1907 4835 2090 4908 (Vers.
2123 4833 2234 4907 11).
2291 4835 2354 4889 Et
2379 4833 2692 4890 crmiabitur
2731 4835 2850 4905 igne
2874 4845 2919 4888 et
2948 4832 3196 4897 sulphure
3219 4830 3274 4883 in
3313 4844 3441 4884 con-

1831 4941 2010 5004 spectu
2034 4931 2336 5002 angelorum
2365 4937 2685 4995 sanctorum,
2717 4939 2763 4982 et
2790 4930 2844 4983 in
2883 4935 3162 4997 conspectu
3186 4923 3321 4992 Agni
3340 4937 3360 4975 :
3389 4931 3440 4977 et

1833 5029 2005 5097 [unius
2029 5033 2397 5080 tormentorum
2426 5039 2604 5077 eorum
2627 5022 2682 5077 in
2700 5022 2894 5078 sarcula
2923 5019 3232 5074 saeculorum
3255 5029 3438 5070 ascen-

1833 5121 1939 5174 det.
1982 5117 2124 5188 lguis
2153 5118 2360 5182 exurit,
2409 5116 2640 5188 sulphur
2671 5127 2852 5170 autem
2881 5113 3110 5168 fetorem
3140 5108 3437 5181 pessimum

1831 5212 1900 5268 de
1929 5228 1989 5268 se
2013 5211 2234 5268 emittit.
2263 5211 2392 5283 Igne
2422 5222 2602 5267 autem
2642 5207 2998 5279 corporaliter
3023 5203 3437 5270 cruciabuntur,

1830 5304 1918 5375 qui
1946 5304 2126 5375 ignem
2149 5305 2404 5360 vitiorum
2439 5304 2494 5360 in
2527 5318 2589 5358 se
2609 5301 2964 5370 exstinguere
2993 5299 3284 5352 noluerunt
3315 5313 3328 5350 :
3361 5295 3438 5353 fe-

1833 5409 1951 5456 tore
1979 5397 2261 5468 snlpburis
2294 5397 2712 5468 torquebuntur,
2746 5391 2942 5463 quibus
2988 5390 3164 5446 dulcia
3213 5389 3313 5445 fuit
3356 5389 3439 5447 l'e-

1835 5503 1919 5549 tor
1967 5490 2222 5548 luxurias.
2287 5490 2350 5547 ln
2405 5496 2704 5558 conspectu
2753 5484 3078 5555 angelorum
3117 5493 3436 5540 sanctorum

1833 5587 2248 5652 crueiabuntur,
2272 5593 2328 5642 et
2365 5585 2419 5642 in
2443 5587 2742 5650 conspectu
2779 5579 2956 5651 Agni,
2997 5578 3254 5635 videlicet
3291 5587 3353 5634 nt
3382 5580 3436 5635 in

1835 5697 2023 5740 eorum
2063 5685 2363 5752 conspectu
2411 5674 2743 5743 crucientur,
2785 5674 2837 5730 in
2877 5689 3106 5746 quorum
3138 5683 3438 5745 conspectu

1819 5823 1958 5890 bolo,
1991 5832 2038 5877 et
2059 5820 2256 5898 angelis
2281 5821 2414 5892 ejus.
