3950 6314
214 6057 277 6095 ,Γ
309 6053 312 6055 λ

492 281 598 340 895
1439 279 1530 336 AD
1565 275 1796 336 OPERA
1834 275 2086 336 SANCTI
2123 273 2459 334 AMBROSII
2496 276 2868 337 APPENDIX.
3670 282 3766 338 896

492 413 601 456 non
627 398 928 455 timuerunt
953 395 1121 454 multa
1150 395 1292 453 mala
1315 403 1646 468 perpetrare.
1689 393 1804 450 Nec
1832 394 2088 450 habebunt
2115 400 2170 463 Α
2191 391 2337 459 bent,
2385 393 2572 465 falcem
2599 411 2748 450 suam
2797 396 2853 449 in
2898 403 3125 461 terram,
3152 404 3200 450 et
3230 393 3442 450 messuit
3467 403 3664 451 terram.
3706 395 3770 451 Et

490 491 720 562 requiem
748 489 834 547 tlie
858 507 920 546 ac
947 500 1114 556 nocte,
1147 490 1237 560 qui
1263 489 1611 544 adoraverunt
1637 487 1854 544 bestiam
1878 498 1926 543 et
1953 490 2089 543 ima-
2190 486 2325 540 alius
2359 489 2574 559 angelus
2601 489 2758 543 exiuit
2800 489 2866 543 de
2893 488 3106 557 templo,
3157 487 3297 556 quod
3325 496 3402 542 est
3443 489 3496 541 in
3519 491 3660 555 calo,
3687 491 3773 544 lut-

493 585 667 658 ginem
703 590 841 660 ejus,
881 596 929 641 et
956 586 1003 640 si
1035 584 1126 656 qui
1153 583 1444 655 acceperint
1479 584 1832 640 characterem
1869 584 2091 639 nominis
2194 579 2316 635 bent
2343 590 2392 635 et
2419 581 2529 652 ipse
2560 582 2745 650 falcem
2789 591 3018 636 acutam.
3050 579 3118 637 Et
3140 583 3277 636 alius
3313 583 3526 656 angelus
3554 584 3773 639 exitude

493 681 630 751 ejus.
661 677 773 734 Cur
791 692 966 748 neque
994 677 1047 733 in
1075 677 1189 744 die,
1219 691 1397 748 neque
1425 677 1478 732 in
1523 686 1684 734 nocte
1713 675 1978 748 reprobos
1998 677 2094 732 ha-
2193 673 2371 738 altari,
2397 675 2487 746 qui
2517 675 2732 730 habebat
2753 684 3058 746 potestatem
3087 690 3248 745 supra
3274 676 3468 746 ignem,
3496 683 3543 730 et
3561 677 3774 732 clamauit

494 769 628 826 bere
653 769 788 826 dicit
810 771 1079 841 requiem,
1109 785 1231 826 cum
1250 771 1408 826 electi
1430 781 1696 827 aeternum
1712 771 1856 828 diem
1879 785 2097 842 posses-
2196 780 2316 821 uoce
2340 783 2530 836 magna
2569 770 2639 822 ad
2661 785 2778 824 eum
2818 769 2911 839 qui
2959 767 3178 822 habebat
3210 768 3399 838 falcem
3441 779 3661 834 acutam,
3707 771 3778 823 di-

494 863 611 919 suri
634 863 776 930 sint;
800 862 1022 934 reprobi
1042 877 1176 920 vero
1197 873 1517 935 perpetuam
1537 864 1795 921 noctem?
1822 863 1928 920 Sed
1946 879 2098 920 more
2199 875 2318 914 cens
2346 875 2366 913 :
2390 857 2540 915 Mitte
2569 861 2757 933 falcem
2805 871 2945 916 tuam
2993 871 3226 927 acutam,
3252 871 3302 916 et
3343 860 3602 916 vindemia
3625 863 3777 920 batras

495 955 736 1013 humano
776 955 992 1012 locutus
1021 968 1126 1012 est.
2199 956 2360 1011 vineta
2387 967 2555 1025 terrae,
2584 960 2830 1030 quoniam
2864 968 3080 1014 matura:
3114 967 3235 1015 sunt
3264 974 3379 1014 uae
3406 961 3540 1032 ejus.
3573 957 3632 1012 Et
3658 961 3776 1014 Inicit

573 1049 766 1122 (Vers.
796 1051 886 1116 12,
931 1050 1046 1122 15.)
1090 1049 1219 1106 Haec
1257 1061 1331 1107 est
1368 1052 1618 1125 patientia
1654 1062 1972 1118 sanctorum,
2012 1053 2101 1124 qui
2201 1051 2416 1121 angelus
2439 1051 2674 1124 ‘falcem
2705 1069 2850 1107 suam
2880 1060 3086 1108 acutam
3119 1054 3174 1107 in
3201 1061 3427 1119 terram,
3453 1062 3500 1106 et
3519 1052 3774 1106 uindemia-

496 1144 796 1200 custodiunt
833 1143 1079 1199 mandata
1129 1143 1244 1213 Dei,
1276 1155 1324 1199 et
1351 1145 1506 1215 fidem
1531 1143 1660 1201 Jesu
1693 1162 1712 1200 :
1742 1145 1794 1201 id
1835 1154 1952 1209 est,
1980 1146 2102 1202 talis
2202 1146 2273 1200 vit
2300 1147 2500 1201 vineam
2536 1157 2685 1203 terra:
2712 1159 2759 1203 et
2786 1149 2924 1203 misit
2968 1150 3023 1204 in
3071 1149 3244 1204 lacum
3281 1149 3378 1204 ira
3405 1147 3505 1203 Dei
3537 1165 3772 1221 magna.

499 1246 588 1294 est
639 1236 905 1308 patientia
944 1247 1264 1294 sanctorum
1289 1280 1305 1304 ,
1346 1247 1402 1295 et
1439 1239 1605 1294 talem
1645 1237 1881 1295 fructum
1921 1239 2099 1307 aﬁert,
2204 1237 2396 1294 Totam
2428 1253 2567 1310 pene
2613 1242 2941 1296 sententiam
2982 1241 3166 1312 posui,
3217 1252 3273 1296 ut
3301 1241 3545 1312 undique
3572 1242 3777 1297 circum-

497 1329 680 1401 qualis
709 1331 765 1386 in
791 1331 1155 1402 sequentibus
1181 1332 1607 1388 demonstratur.
1628 1331 1698 1387 Et
1731 1332 1907 1386 audivi
1934 1348 2105 1386 uocem
2205 1343 2388 1402 specta
2438 1333 2554 1404 ejus
2595 1332 2870 1390 anfractus
2923 1335 3165 1404 apertius
3201 1332 3517 1389 videantur.
3569 1331 3780 1406 Uterque

502 1423 568 1478 de
601 1425 730 1479 cado
759 1425 1010 1479 dicentem
1043 1426 1171 1480 mihi
1194 1441 1212 1480 :
1239 1425 1444 1496 Scribe,
1499 1427 1635 1481 beati
1685 1428 1876 1482 mortui
1918 1429 2006 1498 qui
2050 1427 2106 1482 in
2207 1442 2440 1498 namque
2493 1428 2597 1484 iste
2639 1428 2862 1499 angelus
2895 1426 3172 1484 Christum
3219 1426 3494 1499 signiﬁcat
3525 1446 3538 1482 :
3566 1427 3780 1483 similiter

505 1514 729 1572 Domino
761 1519 1071 1574 moriuntur.
1097 1517 1248 1575 Talis
1277 1528 1363 1574 est
1401 1520 1565 1591 igitur
1596 1521 1852 1592 patientia
1889 1531 2110 1578 sancto-
2207 1531 2263 1578 et
2285 1521 2407 1577 dua:
2430 1519 2596 1577 l‘alces
2619 1537 2780 1577 unam
2803 1521 3260 1593 signiﬁcationem
3287 1519 3781 1591 habent;designaut

502 1627 652 1681 rum,
675 1615 769 1686 qui
800 1615 1115 1672 custodiunt
1139 1616 1394 1672 mandata
1426 1617 1558 1684 Dei,
1592 1629 1647 1674 et
1675 1617 1839 1673 ﬁdem
1866 1615 2016 1683 lcsu,
2048 1629 2108 1674 ut
2209 1617 2353 1672 enim
2387 1616 2536 1670 illum
2571 1615 2775 1688 ignem,
2805 1632 2912 1686 quo
2935 1616 3231 1671 universus
3275 1613 3514 1670 mundus
3556 1614 3780 1671 delendas

505 1707 620 1762 sint
650 1707 794 1763 beati
834 1709 890 1764 in
932 1720 1277 1782 perpetuum.
1329 1710 1437 1769 Sed
1484 1710 1614 1782 quid
1644 1721 1728 1767 est
1754 1711 1898 1783 quod
1923 1711 2103 1766 dicit:
2210 1717 2332 1773 est;
2365 1709 2490 1780 quia
2521 1709 2665 1764 sicut
2704 1708 2881 1780 primo
2912 1717 3160 1780 tempore
3213 1706 3453 1763 mundus
3501 1722 3596 1778 per
3622 1721 3782 1778 aquam

507 1796 655 1854 Beati
694 1803 904 1867 mortui,
954 1805 1042 1874 qui
1069 1805 1124 1859 in
1159 1803 1380 1860 Domino
1429 1804 1758 1859 moriuntur?
1800 1804 1931 1874 Quis
1958 1805 2104 1861 enim
2137 1815 2184 1874 Β
2213 1802 2425 1863 deletus
2453 1813 2558 1871 est,
2601 1804 2671 1859 ita
2701 1813 2756 1860 et
2779 1804 2833 1859 in
2859 1803 2967 1860 ﬁne
2997 1814 3306 1874 temporum
3338 1817 3438 1874 per
3467 1802 3638 1873 ignem
3663 1801 3781 1858 dele

508 1901 764 1950 mortuus
814 1897 953 1951 mori
999 1899 1214 1967 potest?
1262 1897 1454 1954 Nullus
1506 1900 1698 1970 procul
1749 1899 1916 1956 dnbio
1961 1915 2113 1956 mor-
2213 1898 2380 1955 bitur.
2406 1898 2513 1954 Sed
2553 1898 2904 1970 quaerendum
2938 1897 3096 1954 nobis
3121 1907 3207 1954 est
3240 1940 3256 1959 ,
3284 1912 3388 1954 cur
3412 1912 3553 1953 unus
3578 1894 3782 1952 Christus

508 1997 637 2044 tuus
686 1989 826 2045 mori
880 1999 1080 2060 potest,
1124 1991 1227 2048 nisi
1260 1992 1409 2062 prius
1458 1995 1698 2049 animam
1747 1994 2006 2065 recipiat,
2053 2005 2113 2051 ut
2213 2005 2314 2062 per
2343 1991 2480 2047 duos
2521 1992 2770 2063 angelos,
2801 2000 2857 2046 et
2885 2006 2993 2046 una
3024 1990 3414 2047 exterminatio
3436 2005 3534 2063 per
3558 1990 3680 2045 duas
3704 1990 3776 2044 lal-

510 2081 711 2138 iterum
735 2085 873 2139 mori
901 2087 1095 2155 possit.
1127 2085 1235 2143 Sed
1261 2086 1342 2142 illi
1364 2095 1494 2143 sunt
1529 2087 1698 2156 beati,
1729 2095 1787 2144 et
1813 2087 1891 2143 illi
1921 2089 1975 2143 in
2008 2087 2111 2143 Do-
2213 2096 2309 2138 ces
2335 2081 2617 2152 ﬁguretur.
2645 2082 2860 2138 Primus
2909 2084 3113 2156 quippe
3163 2082 3400 2153 angelus
3431 2097 3595 2152 super
3622 2083 3782 2138 nubem

508 2175 662 2232 mino
691 2176 1022 2246 moriuntur,
1044 2180 1137 2250 qui
1166 2181 1314 2250 prius
1338 2182 1650 2238 moriuntur
1675 2181 1898 2250 saeculo,
1925 2191 2114 2253 postea
2214 2177 2497 2232 candidam
2517 2177 2749 2246 sedisse,
2779 2189 2831 2234 et
2862 2192 3122 2234 coronam
3145 2192 3371 2234 auream
3402 2176 3650 2233 habuisse
3670 2178 3784 2232 rises

507 2285 676 2328 carne
702 2288 717 2327 :
749 2273 842 2344 qui
866 2275 1016 2345 prius
1042 2284 1283 2334 veterem
1335 2278 1634 2348 hominem,
1687 2279 1740 2336 id
1770 2289 1874 2345 est,
1921 2295 2116 2336 omnes
2215 2280 2299 2329 est
2330 2288 2343 2325 :
2368 2271 2639 2329 secundus
2657 2288 2787 2329 vero
2809 2288 2984 2344 neque
3004 2287 3265 2328 coronam
3286 2287 3513 2328 auream
3548 2270 3781 2331 habuisse.

509 2367 783 2438 nequitias
803 2378 861 2426 et
886 2370 1165 2440 spiritales
1189 2382 1240 2429 et
1282 2375 1531 2430 carnales
1558 2381 1612 2430 in
1641 2391 1701 2432 se
1738 2377 2063 2448 exstinguun

2224 2378 2394 2435 neque
2417 2379 2584 2436 super
2611 2363 2810 2420 nubem
2834 2363 3126 2420 candidam
3144 2363 3360 2420 sedisse
3384 2362 3600 2420 dicitur.
3621 2361 3679 2416 Et
3701 2363 3784 2432 pri-

508 2469 571 2516 nt
595 2463 808 2532 possint
829 2462 1016 2521 dicere
1035 2480 1162 2522 cum
1190 2467 1460 2536 Apostolo
1487 2485 1501 2523 :
1547 2467 1682 2523 Mihi
1709 2470 1933 2525 mundus
1947 2487 2068 2526 cruc

2225 2475 2339 2516 mus
2359 2474 2595 2524 messem
2630 2473 2816 2527 terrae,
2845 2459 3123 2516 secundus
3149 2473 3286 2516 vero
3316 2459 3508 2515 betros
3525 2458 3683 2513 vines
3701 2466 3785 2512 ter-

510 2554 650 2624 fictus
671 2562 765 2621 est,
785 2564 835 2610 et
854 2572 949 2630 ego
975 2559 1171 2614 mundo
1202 2557 1404 2633 (Galat.
1425 2576 1500 2628 vt,
1533 2560 1652 2634 t6).
1684 2561 1764 2618 Illi
1797 2577 2030 2634 namque
2059 2562 2113 2618 in
2217 2568 2294 2610 rm
2325 2555 2640 2627 praecidisse
2667 2555 2846 2611 dictus
2871 2564 2954 2611 est
2989 2574 3003 2608 :
3033 2553 3129 2610 sed
3164 2555 3381 2626 primus
3407 2568 3517 2625 quo
3541 2552 3653 2609 loco
3675 2566 3785 2607 mes-

512 2649 746 2706 Domiuo
769 2652 1099 2719 moriuntur,
1123 2654 1192 2710 de
1221 2655 1417 2726 quibus
1442 2657 1704 2713 Dominus
1719 2657 1916 2713 dicitin
1939 2658 2072 2714 Evat

2222 2663 2333 2705 sem
2387 2659 2550 2705 terra:
2601 2650 2867 2721 posuerit,
2902 2663 3010 2705 non
3056 2648 3304 2706 dicitur:
3341 2648 3617 2704 secundus
3641 2655 3782 2701 animi

511 2738 654 2809 gelio
687 2760 699 2794 ε
736 2740 842 2808 Qui
879 2752 1052 2799 autem
1090 2749 1492 2818 perseveraverit
1518 2766 1675 2820 usque
1723 2750 1777 2806 in
1813 2751 2004 2822 ﬁnem,
2032 2753 2066 2806 h

2223 2739 2406 2797 botros
2431 2742 2604 2799 vinea:
2657 2752 2820 2798 terrae
2863 2744 2916 2797 in
2967 2743 3146 2798 lacum
3175 2742 3278 2798 ira:
3308 2741 3410 2797 Dei
3439 2756 3680 2814 magnum
3706 2741 3783 2794 tui-

508 2834 686 2890 salrus
706 2836 800 2890 erit
828 2835 1046 2908 (Matth.
1072 2855 1230 2908 xxxv,
1259 2841 1374 2914 ιδ),
2219 2831 2357 2887 sisse
2388 2833 2571 2889 dictus
2625 2842 2729 2889 est.
2774 2833 3005 2889 Videtur
3045 2834 3232 2905 itaque
3267 2833 3405 2889 mihi
3444 2848 3542 2905 per
3591 2847 3785 2888 messem

587 2927 788 2981 Amodo
799 2931 917 3002 jam
945 2930 1072 2985 dicit
1094 2933 1330 3002 spiritus.
1372 2945 1429 2990 ut
1455 2935 1775 3004 requiescant
1800 2955 1831 2992 a
1857 2938 2119 2996 laboribus

2225 2934 2384 2983 terra:
2409 2927 2617 2984 electos
2649 2947 2664 2982 :
2698 2943 2795 2999 per
2821 2928 3012 2984 b0tros
3060 2939 3268 2995 autem,
3320 2942 3389 2984 ex
3426 2927 3620 2998 quibus
3638 2926 3785 2981 vinum

513 3019 643 3073 suis.
679 3018 916 3088 Amodo,
945 3022 998 3079 id
1023 3035 1143 3091 est,
1167 3041 1198 3080 a
1230 3036 1476 3098 tempore
1506 3030 1699 3086 mortis
1727 3045 1839 3086 sua:
1868 3035 2073 3104 requies

2227 3018 2419 3087 oritur,
2446 3019 2591 3092 quod
2621 3030 2837 3076 mentes
2851 3020 3134 3076 hominum
3163 3020 3403 3087 alienat;
3417 3019 3673 3090 reprobos
3695 3033 3787 3074 esse

510 3121 644 3167 cent
671 3116 847 3169 sancti
886 3129 916 3169 a
958 3116 1238 3174 laboribus
1265 3121 1402 3176 suis.
1434 3121 1607 3191 Opera
1635 3125 1771 3178 enim
1803 3125 2016 3180 illorum
2040 3143 2066 3181 s

2226 3113 2558 3186 designatos.
2585 3114 2692 3170 Ista
2736 3125 2820 3170 est
2849 3115 3072 3183 messis,
3101 3115 3168 3170 de
3197 3129 3304 3186 qua
3338 3114 3596 3169 Dominus
3622 3113 3731 3168 dicit
3749 3112 3786 3166 in

512 3207 896 3276 quuntnrillos.
914 3209 1200 3278 Quomodo
1230 3216 1571 3285 sequuntur?
1592 3214 1785 3272 Nonne
1808 3215 2120 3274 Cornelium
2149 3214 2196 3278 C
2228 3207 2566 3280 Evangelia:
2597 3207 2663 3262 In
2686 3217 2914 3277 tempore
2942 3209 3307 3264 messisdicam
3328 3207 3634 3263 memribns
3662 3204 3789 3261 :Col-

512 3314 683 3371 opera
711 3315 806 3357 sua
848 3316 1270 3374 praecesserant,
1301 3309 1391 3363 cui
1423 3309 1492 3365 ab
1535 3310 1728 3381 angelo
1755 3311 1958 3368 dictum
1989 3323 2120 3378 est;
2228 3302 2370 3372 “9513
2422 3301 2646 3371 Ρτίηηιηι
2699 3300 2937 3368 mania,
2965 3310 3016 3356 ει
3063 3301 3222 3386 liga“
3267 3317 3330 3356 εα
3380 3301 3728 3381 inlatam
3742 3301 3789 3352 δέ

519 3391 796 3449 Orationes
834 3405 936 3450 tute
971 3407 1020 3452 et
1058 3398 1394 3471 eleemosyna:
1434 3410 1534 3456 tua:
1560 3414 1970 3460 commemorata
2005 3416 2124 3461 sunt
2225 3391 2611 3465 εορ--Ηηιθανεηάιι
2611 3409 2628 3446 ⁸
2657 3409 2676 3448 ἔ
2707 3393 2939 3448 uilicum
2967 3409 3085 3448 ιένο
3108 3393 3381 3448 recondi“?
3408 3395 3464 3447 ίη
3497 3394 3684 3447 lima"
3699 3391 3791 3445 ἐὖ

515 3485 573 3540 in
593 3498 869 3554 conspectu
899 3488 993 3544 Dei
1021 3488 1164 3562 (Act.
1193 3508 1246 3560 x,
1279 3491 1374 3565 i)?
1403 3493 1512 3552 Sed
1535 3497 1680 3567 sequi
1725 3513 1827 3569 pro
1873 3500 2070 3554 comita

2227 3483 2446 3558 (Matth.
2468 3501 2584 3554 xm,
2615 3485 2730 3558 50).
2763 3485 2867 3556 Qui
2889 3486 3035 3542 enim
3067 3486 3179 3542 illic
3208 3501 3308 3557 per
3337 3487 3607 3553 triticum,
3633 3485 3720 3556 ipsi
3753 3485 3787 3538 in

517 3580 731 3650 poenit:
803 3598 929 3639 nam
994 3592 1052 3640 et
1103 3589 1381 3644 exercitus
1437 3591 1528 3661 qui
1570 3607 1757 3662 regem
1806 3594 2122 3661 comitatur,
2228 3579 2484 3636 1³0010ου
2514 3596 2611 3651 Per
2651 3597 2886 3638 messem
2936 3582 3319 3653 ἀθεῖεηθηιυτ-
3362 3583 3428 3638 El
3465 3583 3556 3653 (Ιιιί
3587 3581 3688 3637 ίιιῖε
3720 3595 3792 3651 W

517 3687 643 3728 eum
669 3675 819 3746 sequi
849 3676 1084 3746 dicitur;
1128 3694 1252 3735 cum
1283 3681 1377 3738 alii
1406 3683 1742 3753 praecedant,
1774 3684 1865 3740 alii
1892 3699 2129 3756 sequan-
2227 3672 2462 3742 zizania,
2497 3675 2602 3746 ipsi
2634 3674 2687 3730 in
2713 3677 2816 3732 hoc
2845 3675 2966 3732 loco
2992 3676 3299 3746 perbolros
3320 3676 3501 3732 vineae
3531 3686 3678 3731 terra:
3698 3673 3795 3744 ﬁer

519 3774 630 3832 tur,
653 3767 743 3823 alii
766 3768 834 3823 ad
855 3769 1166 3838 dexteram,
1197 3773 1318 3829 sive
1340 3775 1618 3832 sinistram
1643 3776 1920 3833 incedant.
1949 3776 2127 3848 Opera
2225 3775 2423 3822 1'30""
2451 3784 2466 3822 ε
2497 3778 2554 3822 ει
2593 3768 2721 3838 quia
2749 3767 3004 3824 Christus
3046 3767 3215 3825 aliter
3248 3770 3543 3840 δρυπεωι
3566 3769 3737 3839 lusus:
3758 3775 3797 3823 εί

520 3860 691 3932 igitur
717 3871 1027 3919 sanctorum
1073 3876 1376 3937 sequuntur
1399 3867 1558 3935 illos;
1607 3870 1734 3940 quia
1758 3885 1972 3927 merces
1999 3886 2130 3942 ope-
2228 3859 2393 3916 aliter
2415 3860 2656 3930 iniustis,
2688 3875 2798 3916 ιιοιι
2827 3861 3281 3918 inconvenienter
3311 3878 3414 3932 per
3455 3863 3593 3917 duos
3619 3861 3798 3932 angelos

521 3971 642 4013 rum
673 3956 890 4013 illorum
918 3959 1214 4016 comitatur
1236 3961 1362 4019 illos
1384 3963 1436 4018 in
1456 3973 1805 4035 perpetuum.
1832 3965 2081 4022 Possumt

2234 3955 2515 4026 ﬁguratur.
2547 3955 2688 4010 Justi
2728 3971 2966 4025 namque
2998 3956 3052 4012 in
3099 3956 3294 4012 eadem
3321 3955 3576 4012 claritate
3605 3970 3715 4011 eum
3737 3955 3794 4007 ri-

523 4060 582 4106 et
611 4051 717 4106 hoc
741 4049 814 4107 de
835 4051 942 4107 illis
966 4054 1288 4124 spiritaliter
1317 4057 1648 4130 intelligere,
1670 4061 1764 4131 qui
1790 4062 2083 4132 temporibt

2237 4047 2476 4116 debunt,
2509 4049 2785 4120 quomodo
2829 4049 2899 4103 ab
2921 4048 3135 4120 angelis
3166 4058 3222 4104 et
3246 4050 3457 4105 sanctis
3487 4047 3797 4121 spiritibusin

524 4141 847 4198 Antichristi
886 4157 984 4214 pro
1023 4147 1244 4202 nomine
1286 4149 1499 4205 Domini
1540 4152 1716 4207 nostri
1758 4151 1888 4208 Jesu
1925 4153 2130 4210 Christi
2230 4143 2446 4200 C(Blesti
2471 4143 2813 4200 beatitudine
2844 4143 3122 4208 cernilur;
3156 4144 3311 4214 impii
3338 4154 3527 4201 autem
3553 4143 3606 4199 in
3633 4156 3800 4212 ωενι-

527 4233 889 4290 interﬁciendi
928 4246 1090 4304 sunt;
1113 4238 1257 4296 beati
1281 4242 1480 4313 quippe
1511 4255 1672 4299 erunt
1696 4243 1810 4314 illi,
1857 4246 1996 4302 etin
2024 4247 2131 4303 Do-
2231 4238 2318 4295 cie
2333 4254 2458 4294 eum
2491 4239 2776 4308 videbunt.
2807 4255 2914 4312 qua
2937 4240 3007 4294 ab
3033 4237 3348 4294 hominibus
3379 4240 3434 4294 in
3466 4249 3611 4295 terra
3638 4237 3803 4310 positus

526 4326 680 4380 mino
717 4327 1044 4395 morientur,
1084 4331 1179 4401 qui
1217 4347 1317 4401 pro
1355 4332 1463 4389 ﬁde
1499 4334 1716 4391 Domini
1755 4337 1931 4394 nostri
1971 4337 2086 4411 554

2241 4332 2554 4401 videbatur;
2587 4334 2820 4390 Tolletur
2862 4335 3057 4405 quippe
3086 4333 3300 4403 impius,
3335 4349 3404 4388 ne
3429 4333 3598 4387 rideat
3623 4331 3801 4404 gloria-

525 4415 657 4474 Jesu
681 4418 887 4475 Christi
909 4422 1234 4478 morientur.
1266 4423 1422 4481 Nunc
1448 4427 1577 4498 quia
1613 4442 1828 4499 pinnam
1874 4430 2091 4487 illorum
2115 4473 2131 4499 ,
2236 4425 2336 4482 Dei
2356 4426 2510 4498 (Esai
2536 4426 2710 4501 xxvn).
2746 4428 2985 4484 Blandus
3016 4429 3202 4499 itaque
3238 4427 3438 4500 iustis,
3473 4427 3722 4484 terribilis
3737 4439 3806 4495 ap-

527 4513 620 4583 qui
654 4513 708 4568 in
737 4513 1136 4573 Antichristum
1167 4518 1429 4576 credituri
1468 4530 1618 4589 sunt,
1661 4525 1929 4592 narravit,
1964 4525 2138 4581 beali-
2235 4520 2454 4594 parebit
2494 4521 2753 4594 iniustis;
2786 4521 2934 4578 unde
2964 4531 3020 4578 et
3052 4522 3263 4593 primus
3298 4535 3467 4593 super
3498 4522 3687 4578 nubem
3709 4534 3805 4575 can-

529 4605 882 4679 tudinemque
915 4610 1150 4678 illorum,
1177 4613 1270 4682 qui
1294 4615 1346 4670 in
1376 4614 1484 4672 ﬁde
1509 4614 1712 4674 Christi
1740 4632 2132 4689 perseverave-
2160 4608 2215 4669 D
2237 4615 2422 4672 didam
2455 4614 2694 4682 sedisse,
2726 4625 2782 4673 et
2811 4630 3073 4672 coronam
3104 4630 3328 4671 auream
3367 4615 3630 4672 habuisse
3672 4615 3719 4669 in
3740 4627 3805 4668 ca.

530 4704 643 4758 rint
671 4719 840 4776 usque
887 4706 946 4762 in
987 4707 1174 4776 ﬁnem,
1198 4709 1441 4768 breviter
1466 4713 1912 4784 comprehendit;
1942 4730 2139 4773 conse-
2240 4710 2355 4781 pile
2371 4709 2727 4766 describitur.
2748 4709 2856 4765 Per
2872 4709 3072 4766 nubem
3089 4724 3328 4780 namque
3343 4707 3632 4764 candidam
3653 4720 3806 4777 corpus

524 4811 704 4869 quens
727 4807 814 4853 est
833 4798 1254 4872 utdiemjudicii
1279 4804 1576 4870 describat.
1599 4808 1653 4864 iu
1671 4821 1781 4880 quo
1807 4807 1923 4865 haec
1943 4816 2139 4866 cuncta
2240 4803 2362 4873 ejus
2401 4804 2814 4859 immaculatum
2853 4802 3178 4874 designatur
3217 4819 3230 4856 :
3277 4817 3379 4873 per
3424 4817 3679 4857 coronam
3712 4814 3807 4856 vero

531 4891 977 4962 complebantur.
2241 4913 2465 4954 auream
2494 4897 2790 4953 multitudo
2827 4897 3150 4968 angelorum
3180 4907 3349 4967 atque
3383 4906 3723 4960 sanctorum,
3744 4893 3808 4963 qui

607 4986 789 5056 (Vers.
823 4987 1038 5060 ill-l9.)
1081 4987 1153 5045 Et
1177 4991 1306 5056 vidi,
1337 5002 1384 5047 et
1410 5009 1524 5048 ecce
1543 4994 1730 5050 nubem
1759 4995 2060 5061 candidam,
2093 5007 2141 5050 et
2243 5007 2369 5049 eum
2401 4992 2468 5047 ad
2485 4991 2758 5062 judicium
2779 4991 3099 5047 venientem
3129 4989 3566 5056 comitabuntur,
3596 4987 3808 5059 exprim-

533 5096 691 5152 super
727 5084 914 5138 nubem
963 5082 1221 5139 sedentem
1246 5069 1636 5141 similem‘Filio
1669 5088 1915 5154 hominis,
1942 5087 2139 5142 habea-
2244 5096 2354 5144 tur.
2383 5087 2652 5142 Similiter
2680 5096 2736 5144 et
2780 5102 2887 5142 una
2937 5086 3328 5143 exterminatio
3373 5101 3478 5158 per
3521 5086 3654 5142 duas
3681 5084 3810 5141 falces

535 5181 637 5227 tem
673 5175 728 5228 in
752 5176 924 5246 capite
949 5193 1044 5231 suo
1068 5191 1317 5231 coronam
1337 5193 1570 5246 auream,
1599 5189 1648 5234 et
1672 5179 1726 5233 in
1747 5196 1905 5234 manu
1931 5196 2027 5234 sua
2043 5179 2144 5250 fal-
2250 5181 2602 5252 designatur;
2625 5180 2750 5252 quia
2780 5180 2946 5236 aliter
2973 5179 3488 5236 exterminahuntur
3511 5179 3669 5249 justi,
3691 5177 3810 5232 aliter

537 5284 646 5322 cem
671 5279 895 5325 acutam.
931 5270 997 5326 Et
1019 5271 1152 5327 alter
1175 5272 1396 5347 angelus
1422 5272 1545 5328 exiit
1571 5273 1636 5328 de
1664 5275 1873 5346 templo,
1908 5274 2143 5328 clamans
2249 5274 2440 5344 injuin
2469 5290 2483 5327 :
2512 5273 2784 5344 iustorum
2812 5273 3201 5329 exterminatio
3234 5272 3545 5344 redemptio
3569 5273 3729 5342 potius
3747 5266 3809 5321 εἰὶ-
3909 5297 3911 5322 ε

539 5377 662 5417 uoce
690 5381 879 5436 magna
909 5366 978 5420 ad
1008 5369 1267 5423 sedentem
1305 5385 1465 5441 super
1509 5368 1715 5435 nubem,
1748 5369 1924 5424 dicens
1953 5386 1973 5424 :
1995 5368 2146 5424 Mitte
2250 5369 2426 5426 cenda
2473 5377 2580 5435 est,
2615 5369 2756 5424 sicut
2801 5369 3068 5424 Dominus
3098 5367 3230 5423 dicit
3261 5385 3275 5422 :
3309 5367 3593 5435 Respicite,
3622 5375 3667 5419 et
3691 5363 3808 5418 lerat:
3909 5393 3911 5441 Ι

545 5457 731 5526 falcem
757 5467 921 5525 tuam,
950 5470 998 5515 et
1025 5472 1185 5530 mete;
1211 5465 1335 5533 quia
1354 5465 1491 5519 venit
1515 5465 1646 5519 hora
1667 5473 1722 5519 ut
1749 5473 1994 5530 metatur,
2017 5479 2146 5535 quo—
2251 5467 2424 5538 capita
2462 5475 2663 5533 vestra;
2693 5466 2939 5536 quoniam
2967 5464 3351 5537 appropinquat
3383 5463 3663 5533 redemptio
3683 5469 3808 5512 restra

545 5550 687 5604 niam
716 5553 859 5607 aruit
883 5555 1060 5610 messis
1084 5567 1254 5612 terrte.
1287 5557 1354 5613 Et
1370 5559 1519 5630 misit
1532 5559 1623 5631 qui
1645 5559 1854 5615 sedebat
1873 5574 2028 5630 super
2046 5575 2146 5613 nu-
2251 5557 2408 5632 (Luc.
2441 5573 2555 5624 χιι,
2599 5556 2714 5630 28).
2748 5557 3075 5628 Redemptio
3099 5556 3224 5628 jure
3271 5567 3524 5622 vocatur,
3564 5570 3628 5610 eo
3652 5549 3805 5623 quod:

627 5705 655 5734 ι
682 5693 830 5776 Edit.
874 5697 1009 5763 Gil.,
1039 5702 1226 5768 falcem
1260 5720 1409 5758 suam
1432 5715 1641 5760 acutam
1679 5720 1834 5776 super
1863 5714 2085 5768 terram,
2107 5712 2158 5758 et
2264 5711 2415 5758 terra:
2451 5712 2501 5757 et
2553 5703 2710 5776 misit_
2728 5701 2786 5758 in
2824 5701 2996 5756 lacum
3041 5699 3138 5754 ἕνα
3171 5696 3266 5776 Dei
3309 5711 3599 5776 magnumr
3633 5689 3808 5776 Uterqttt

556 5767 770 5845 _nt_essuit
821 5777 1012 5823 terram
1039 5763 1060 5824 Ξ
1097 5782 1307 5845 uterque
1335 5791 1580 5845 namque,
1613 5786 1721 5840 etc.
1742 5763 1912 5844 'qu.
1940 5763 2153 5843 autem,
2265 5790 2502 5840 namque,
2551 5784 2658 5831 etc.
2688 5774 2888 5831 Locum
2927 5787 3079 5837 vero,
3106 5779 3166 5826 ut
3195 5771 3250 5826 ill
3281 5763 3418 5824 mss:
3449 5766 3668 5822 habetur
3687 5763 3805 5832 repo-

539 5833 734 5902 Ialcem
762 5847 912 5894 suam
948 5849 1154 5897 acutam
1181 5833 1236 5897 in
1266 5833 1480 5913 terram;
1522 5833 1924 5902 et'rindemiubit
1951 5833 2152 5900 vineam'
2249 5833 2477 5900 sultnits.
