3950 6314
89 288 173 346 897

801 283 869 342 ΙΝ
916 282 1393 345 APOCALYPSIN
1434 283 1822 344 EXPOSITIO.
1867 284 1954 341 DE
1997 284 2271 345 VISIONE
2311 287 2621 357 QUARTA.

3268 287 3377 348 898

90 407 228 461 malis
258 403 653 475 temporalibus
680 403 899 470 liberet,
923 413 980 461 et
999 404 1065 460 ad
1092 404 1291 477 gaudia
1314 415 1519 462 aeterna
1544 421 1668 476 per-
1691 407 1745 467 Α
1845 402 2003 476 557
2028 401 2096 456 Et
2130 404 2255 458 exiit
2283 407 2494 478 sanguis
2520 410 2584 461 de
2600 406 2717 461 lacn
2740 420 2897 476 usque
2923 406 2992 460 ad
3022 405 3196 475 frenos
3217 423 3378 474 equo-

92 502 251 556 tlucat.
271 500 351 555 Im
360 500 563 568 piorum
579 508 755 555 autem
769 500 1155 555 exterminatio
1166 508 1223 556 et
1239 500 1324 556 hic
1342 501 1525 571 gravis
1537 502 1664 567 erit,

91 602 138 649 et
150 603 258 662 post
275 601 503 648 mortem
526 593 765 663 gravior;
785 593 1066 649 damnatio
1082 594 1230 650 enim
1246 594 1532 667 luctusque
1546 610 1671 667 per-

95 693 269 755 petuus
309 684 366 741 in
398 685 476 740 eis
502 685 867 754 permanebit.
897 684 1043 741 Justi
1072 686 1141 743 de
1167 701 1265 758 spe
1295 688 1669 745 retributionis

92 788 294 835 aeterna:
309 786 540 834 mortem
563 778 744 834 laetam
765 777 1079 849 excipient:
1105 780 1259 851 impii
1283 796 1417 837 vero
1437 780 1505 837 de
1520 780 1673 837 dam-

93 872 294 929 natione
309 879 569 943 perpetna
596 871 796 939 timidi,
814 872 1133 930 tristissima
1147 883 1326 931 morte
1337 874 1667 946 plectentur.

151 968 295 1025 Alter
325 967 557 1038 angelus
606 968 702 1039 qui
730 967 901 1024 exivit
935 968 1003 1025 de
1053 970 1282 1041 templo,
1325 979 1384 1027 et
1418 970 1677 1027 clamavit

92 1075 209 1116 voce
232 1074 424 1131 magna
474 1060 543 1115 ad
583 1076 709 1116 eum
747 1061 838 1132 qui
874 1062 1104 1119 sedebat
1132 1078 1300 1133 super
1330 1063 1555 1131 nubem,
1584 1064 1671 1120 di-

89 1169 207 1211 cens
233 1171 248 1212 :
281 1152 430 1209 Mitte
456 1153 647 1302 ῳ
674 1164 835 1225 tuam,
862 1167 911 1212 et
934 1167 1098 1224 mete;
1126 1154 1337 1214 electos
1366 1158 1462 1230 qui
1486 1158 1542 1214 in
1570 1157 1675 1214 hac

91 1256 220 1302 terra
261 1245 516 1302 laborant
587 1247 835 1302 esiunat.
867 1264 966 1302 ner
999 1249 1260 1302 temnlum
1299 1262 1485 1302 autem
1530 1250 1675 1302 unde

91 1256 220 1303 terra
261 1245 516 1302 laborant
539 1245 835 1319 disignat,
866 1264 966 1319 per
999 1249 1260 1320 templum
1299 1262 1485 1307 autem
1530 1250 1677 1309 unde

85 1340 275 1396 exiisse
295 1339 449 1394 visus
475 1346 583 1406 est,
613 1339 857 1396 Ecclesia
888 1340 1231 1413 designatur.
1249 1341 1518 1399 Clamavit
1547 1358 1678 1415 ergo

85 1431 145 1487 ad
161 1446 277 1487 eum
308 1431 401 1502 qui
430 1430 659 1487 sedebat
688 1446 857 1503 super
880 1433 1104 1500 nuhem,
1129 1444 1187 1490 ut
1218 1436 1461 1493 mitteret
1479 1435 1676 1493 falcem

84 1541 225 1580 suam
250 1526 302 1581 in
322 1534 549 1593 terram,
575 1533 633 1581 et
659 1536 927 1597 meteret;
950 1528 1076 1599 quia
1105 1530 1281 1585 sancti
1300 1530 1400 1585 viri
1428 1530 1677 1587 videntes

86 1621 329 1678 mundum
358 1621 410 1677 in
449 1622 693 1695 maligno
718 1624 981 1695 positum,
1009 1624 1241 1695 ejusque
1266 1625 1521 1682 miserias
1550 1626 1680 1683 hor-

84 1726 278 1783 rentes,
311 1716 680 1787 deprecantur
712 1716 963 1787 quotidie
988 1726 1046 1772 ut
1081 1733 1309 1789 regnum
1340 1718 1440 1776 Dei
1470 1718 1676 1787 veniat,

1770 512 1883 549 rum
1916 511 2007 563 per
2039 495 2207 549 stadia
2254 498 2396 553 mille
2421 509 2679 553 sexcenta.
2713 498 2818 555 Per
2856 501 3184 571 sanguinem
3217 515 3376 570 poena

1768 587 2061 656 impiorum
2083 586 2304 660 dcsigna
2316 596 2402 644 tur
2427 606 2440 642 :
2466 606 2566 659 per
2581 591 2817 661 spatium
2833 606 2968 648 vero
2990 593 3141 649 mille
3152 607 3379 649 sexcen-

1771 689 1949 736 torum
1977 680 2304 747 stadiorum,
2337 682 2484 752 quod
2510 685 2734 755 sanguis
2753 684 2824 742 de
2850 684 2972 742 lacu
2996 687 3191 746 exiens
3214 701 3381 744 occu-

1771 773 1942 844 pavit,
1997 772 2118 830 falsi
2161 773 2452 831 christiani
2509 776 2867 849 designantur
2906 794 2921 833 :
2962 778 3059 851 qui
3112 793 3380 835 numerus

1769 865 2017 935 quamvis
2051 881 2080 919 a
2121 867 2474 938 quaternario
2523 883 2758 926 numero
2796 870 3099 940 derivetur,
3137 872 3377 929 circum-

1770 972 1983 1029 quaque
2011 967 2192 1015 tamen
2220 958 2248 998 b
2279 961 2536 1018 eumdem
2573 979 2864 1021 numerum
2899 981 3130 1023 servans
3169 966 3381 1037 spargi-

1773 1062 1882 1120 tur,
1908 1054 2153 1127 ﬁnesque
2182 1055 2302 1126 ejus
2334 1057 2559 1114 minime
2580 1060 2867 1116 transiliit.
2894 1061 3228 1119 Similiteret
3256 1062 3377 1118 falsi

1772 1145 2059 1202 christiani
2083 1146 2245 1204 ﬁdem
2266 1146 2503 1218 Christi,
2528 1166 2651 1222 qua:
2673 1152 2728 1208 in
2759 1163 2991 1225 quatuor
3019 1154 3174 1211 libris
3203 1154 3383 1212 Evan-

1773 1243 1902 1316 gelii
1924 1246 2209 1312 consistit,
2244 1246 2298 1301 in
2314 1246 2646 1317 baptismate
2672 1250 2981 1321 suscipiunt
3010 1269 3022 1305 :
3049 1251 3146 1308 sed
3175 1261 3382 1308 arctam

1774 1343 1833 1393 et
1850 1346 2136 1408 angustam
2163 1338 2308 1394 viam
2333 1379 2350 1405 ,
2377 1354 2501 1408 qua:
2540 1339 2682 1395 intra
2735 1342 3017 1413 angustias
3042 1343 3384 1415 quaternarii

1776 1432 1989 1487 numeri
2021 1431 2390 1499 concluditur,
2425 1432 2829 1505 relinquentes,
2860 1452 2985 1507 quae
3008 1438 3163 1495 ducit
3203 1439 3269 1497 ad
3300 1440 3384 1495 vi-

1780 1532 1920 1591 tam;
1951 1525 2233 1596 perlatam
2256 1536 2309 1582 et
2340 1527 2640 1598 spatiosam
2669 1527 2831 1599 huius
2856 1532 3041 1586 saeculi
3075 1532 3241 1598 viam,
3265 1548 3387 1604 qua:

1778 1617 1928 1674 ducit
1956 1620 2023 1674 ad
2055 1630 2312 1686 mortem,
2343 1618 2865 1693 incedunt'(Mattlt.
2892 1638 3013 1692 xnt,
3048 1624 3128 1696 5).
3160 1624 3389 1681 Verum-

1780 1719 1961 1770 tamen
2000 1730 2031 1771 a
2071 1718 2425 1788 quaternario
2466 1734 2697 1776 numero
2738 1735 2846 1777 non
2906 1722 3208 1791 recedunt,
3263 1725 3389 1796 quia

85 1810 134 1865 in
156 1825 260 1881 quo
279 1811 346 1863 ab
369 1809 908 1882 omnibusangustiis
931 1810 1175 1879 liberati,
1200 1828 1430 1884 corpora
1454 1814 1675 1884 propria
1707 1807 1754 1868 B
1781 1808 2031 1876 quamvis
2068 1822 2235 1878 Opera
2274 1808 2701 1869 Christianitatis
2739 1828 2845 1870 non
2886 1813 3149 1881 habeant,
3189 1831 3391 1874 nomen

84 1904 371 1973 recipient,
403 1913 459 1958 et
490 1903 544 1958 in
582 1912 854 1959 aeternum
898 1918 1020 1961 cum
1048 1904 1279 1960 Domino
1307 1905 1675 1961 exsultabunt.

88 1995 323 2053 Ariditas
349 2011 482 2053 vero
512 1996 711 2053 messis
740 1998 1115 2053 maturitatem
1145 1997 1266 2067 ejus
1296 1998 1531 2064 indicat;
1552 2014 1678 2055 nam

85 2090 217 2144 sicut
251 2087 451 2145 messis
487 2089 692 2147 crescit
722 2104 896 2163 usque
925 2091 995 2145 ad
1027 2092 1423 2159 maturitatem,
1462 2092 1681 2163 quando

84 2185 228 2240 arida
256 2184 493 2241 efﬁcitur
522 2202 535 2239 :
570 2186 645 2240 ita
674 2194 730 2241 et
777 2199 1048 2241 numerus
1082 2185 1387 2242 electorum
1412 2200 1586 2257 usque
1612 2186 1681 2242 ad

87 2277 243 2335 finem
273 2278 463 2334 mundi
492 2289 732 2344 crescet,
765 2294 1075 2351 eorumque
1095 2280 1387 2337 maturitas
1407 2289 1535 2337 tunc
1562 2295 1682 2352 per-

86 2370 310 2439 ﬁcietur,
341 2386 467 2428 cum
488 2386 683 2427 eorum
724 2370 892 2428 fuerit
928 2387 1191 2429 numerus
1230 2375 1557 2445 completus.
1598 2374 1686 2433 Si-

88 2463 278 2519 militer
303 2472 359 2520 et
386 2473 614 2534 quartus
651 2465 883 2535 angelus
921 2466 1013 2534 qui
1067 2465 1205 2522 exiit
1249 2467 1318 2523 de
1365 2467 1556 2534 altari,
1588 2468 1684 2540 qui

87 2558 315 2614 habebat
347 2566 676 2628 potestatem
707 2572 874 2630 super
895 2561 1103 2631 ignem,
1133 2561 1382 2618 eamdem
1410 2562 1686 2634 signiﬁca-

88 2654 286 2711 tionem
329 2654 540 2721 habet,
597 2670 761 2727 quam
810 2665 868 2712 et
903 2657 1202 2725 secundus,
1246 2658 1339 2729 qui
1386 2658 1456 2716 de
1486 2660 1686 2731 templo

86 2749 280 2804 exiisse
301 2748 457 2805 visus
498 2756 615 2815 est;
648 2748 927 2821 significat
965 2766 1202 2823 namque
1237 2751 1444 2808 electos
1486 2752 1544 2809 in
1584 2753 1687 2810 hac

88 2844 189 2898 vita
209 2843 553 2900 laborantes.
599 2842 796 2900 Altare
824 2850 1010 2900 autem
1038 2844 1342 2901 Ecclesiam
1379 2846 1685 2918 signiﬁcat,

86 2938 219 2993 sicut
242 2947 297 2995 et
326 2938 595 3008 templum
625 2955 640 2993 :
672 2953 774 3010 per
804 2938 985 3010 ignem
1014 2953 1146 2995 vero
1186 2940 1517 2997 cbaritatem
1563 2956 1691 3011 pos-

87 3045 272 3088 sumus
297 3031 639 3104 intelligere,
669 3046 835 3103 quam
866 3032 919 3087 in
952 3031 1214 3088 cordibus
1239 3043 1556 3089 sanctorum
1580 3034 1693 3104 spi-

1782 1907 1963 1955 tamen
1992 1898 2408 1958 christianitatis
2438 1919 2546 1959 non
2582 1905 2862 1961 amittunt.
2895 1906 3137 1980 Sanguis
3164 1924 3297 1982 ergo
3320 1910 3393 1968 de

1781 1992 1903 2047 lacu
1929 1993 2133 2063 exivit,
2159 2004 2217 2051 et
2241 1996 2392 2052 mille
2412 2008 2672 2054 sexcenta
2699 1999 2875 2057 stadia
2916 2004 3237 2073 occupavit;
3265 2004 3395 2076 quia

1781 2101 1845 2142 ea
1873 2101 2031 2157 poena
2045 2104 2168 2160 qua:
2188 2088 2466 2148 daemones
2492 2104 2549 2149 et
2569 2107 2763 2151 omnes
2789 2095 3111 2154 incredulos
3130 2097 3395 2155 absorbe-

1783 2180 1891 2247 bit,
1921 2183 2085 2238 etiam
2118 2184 2285 2240 falsos
2310 2184 2663 2257 christianos,
2695 2189 2787 2260 qui
2816 2190 2981 2246 ﬁdem
3006 2191 3107 2247 visi
3138 2200 3269 2248 sunt
3297 2191 3394 2249 ha-

1783 2271 1998 2340 buisse,
2027 2275 2125 2332 sed
2160 2291 2329 2347 opera
2375 2278 2502 2336 ﬁdei
2534 2295 2642 2337 non
2674 2280 3012 2352 habuerunt,
3051 2284 3394 2356 illaqueabit:

1785 2366 1889 2425 Per
1910 2383 2079 2440 equos
2110 2387 2245 2428 vero
2274 2372 2393 2428 falsi
2426 2383 2680 2445 pastores
2709 2374 2977 2433 Ecclesia:
3003 2376 3393 2450 designantur,

1785 2462 1876 2531 qui
1929 2461 2165 2519 ofﬁcium
2208 2464 2493 2538 regiminis
2524 2481 2631 2523 non
2667 2482 2765 2537 pro
2791 2483 2981 2525 amore
3010 2470 3139 2538 Dei,
3168 2471 3266 2528 sed
3295 2487 3397 2542 pro

1786 2569 1974 2612 amore
1998 2557 2185 2613 saeculi
2214 2560 2521 2630 suscipiunt
2548 2577 2563 2615 :
2589 2576 2686 2632 per
2714 2561 2899 2619 frenos
2928 2564 3131 2635 quibus
3151 2565 3277 2637 equi
3304 2582 3396 2623 rc-

1785 2662 2008 2720 guntur,
2060 2666 2248 2709 eorum
2300 2653 2429 2710 falsa
2480 2656 2730 2713 doctrina
2778 2657 3123 2730 designatur.
3181 2661 3398 2719 Habent

1786 2744 2005 2815 quidem
2029 2747 2149 2803 falsi
2182 2757 2435 2819 pastores
2456 2750 2763 2807 doctrinam
2791 2752 2848 2809 in
2876 2769 2997 2821 ore,
3026 2771 3096 2813 ne
3117 2757 3188 2813 ah
3216 2757 3398 2816 officio

1788 2834 2037 2895 funditus
2063 2838 2234 2896 alieni
2265 2841 2555 2899 videantur
2588 2861 2599 2897 :
2631 2844 2733 2902 sed
2772 2845 3170 2916 pharisasorum
3209 2866 3401 2908 exem-

1790 2930 1939 3001 plum
1967 2941 2285 3003 sequentes,
2311 2933 2500 2991 dicunt
2520 2944 2577 2992 et
2602 2952 2711 2993 non
2738 2937 2962 2995 faciunt.
2998 2940 3068 2996 Et
3091 2941 3216 3013 quia
3248 2943 3398 3001 aliud

1790 3038 1898 3079 non
1929 3035 2163 3094 possunt
2190 3025 2415 3095 docere,
2446 3028 2546 3083 nisi
2585 3029 2729 3100 quod
2750 3029 3102 3102 Evangelium
3132 3034 3398 3107 loquitur,

87 3122 332 3180 ritalibus
382 3124 645 3181 fomentis
691 3124 934 3195 Spiritus
962 3135 1186 3181 sanctus
1240 3127 1471 3182 enutrit.
1512 3127 1688 3197 Super

1795 3124 1848 3171 et
1869 3114 1923 3171 in
1955 3117 2349 3187 praedicatione
2366 3134 2467 3174 sua
2488 3123 2820 3178 annuntiant
2853 3125 3240 3194 peccatoribus
3264 3143 3402 3199 quas

88 3217 229 3275 hunc
253 3221 441 3291 ignem
473 3219 648 3275 sancti
674 3219 879 3276 habere
905 3228 1233 3288 potestatem
1262 3221 1384 3276 ideo
1407 3221 1683 3289 dicuntur,
1712 3202 1758 3266 C
1793 3222 1979 3277 1³08³³³8
1995 3210 2287 3279 Ρδιίθηιιιΐν
2313 3210 2419 3266 ηίεί
2443 3215 2815 3285 corrigantur;
2849 3231 3021 3288 usque
3046 3216 3114 3273 ad
3136 3232 3401 3291 equorum

85 3312 204 3383 quia
235 3322 291 3369 et
316 3312 424 3385 ipsi
459 3312 748 3383 possident
786 3312 1138 3380 charitatem,
1168 3325 1221 3369 et
1252 3316 1601 3385 possidentur
1621 3316 1691 3373 ab

86 3418 165 3459 ea.
197 3404 307 3461 Iste
337 3420 479 3476 ergo
509 3405 738 3477 angelus
764 3404 1022 3461 clamavit
1067 3406 1134 3461 ad
1169 3409 1389 3462 tertium
1434 3409 1689 3480 angelum

85 3495 385 3554 secundam
415 3498 613 3555 falcem
644 3508 951 3569 gerentem,
980 3515 1141 3571 quem
1175 3500 1453 3557 Christum
1482 3503 1692 3573 signiti-

85 3604 240 3646 casse
267 3591 537 3656 diximus,
570 3605 630 3647 ut
673 3590 1044 3648 vindemiarct
1087 3592 1277 3648 botros
1302 3593 1477 3649 vineae
1508 3603 1691 3663 terrae,

84 3699 180 3756 per
198 3701 339 3757 quos
369 3686 524 3757 impii
549 3685 945 3758 designantur;
968 3687 1098 3759 quia
1124 3687 1225 3743 viri
1252 3688 1428 3744 sancti
1446 3688 1696 3745 videntes

83 3781 329 3852 quotidie
369 3796 549 3855 genus
603 3783 906 3837 humanum
950 3797 981 3837 a
1011 3781 1355 3838 daemonibus
1378 3782 1581 3853 decipi,
1615 3782 1699 3837 vi-

83 3872 274 3932 dentes
295 3875 470 3931 etiam
495 3874 695 3944 impios
723 3873 945 3942 florere,
969 3875 1342 3947 mundumque
1380 3890 1600 3947 semper
1628 3874 1697 3931 ad

83 3965 363 4023 deteriora
398 3966 608 4034 delabi,
641 3976 801 4023 orant
830 3978 889 4023 ut
912 3968 1032 4025 dies
1056 3967 1250 4039 judicii
1278 3968 1485 4035 veniat,
1517 3969 1570 4024 in
1590 3984 1700 4040 quo

83 4068 139 4115 et
169 4060 416 4132 nequitia
448 4058 762 4116 daemonum
791 4076 915 4117 cum
957 4062 1093 4133 ipsis
1130 4060 1448 4117 auctoribus
1477 4072 1699 4131 pereat,

83 4162 137 4207 et
181 4153 369 4209 omnis
418 4152 802 4224 praevaricatio
852 4169 977 4211 cum
1019 4154 1153 4224 ipsis
1190 4154 1703 4225 prtevaricatoribus

83 4246 322 4319 accipiat
341 4245 540 4312 ﬁnem,
563 4255 620 4302 et
640 4246 949 4302 adducatur
966 4246 1178 4318 justitia
1201 4246 1556 4319 sempiterna,
1580 4264 1701 4319 qua:

83 4338 237 4394 nullo
280 4339 398 4396 fine
450 4339 857 4395 terminabitur.
889 4339 1060 4397 Vinea
1102 4341 1306 4413 quippe
1338 4341 1599 4398 mundum
1629 4343 1705 4398 si-

80 4430 330 4503 gniﬁcat,
360 4446 494 4503 quae
520 4444 739 4488 omnem
764 4431 1058 4502 impiorum
1083 4433 1492 4491 multitudinem
1516 4436 1705 4508 genuit

80 4538 135 4582 ct
162 4527 403 4585 nutrivit
438 4544 453 4582 :
490 4525 642 4583 lacus
673 4542 826 4596 vero,
876 4543 1036 4600 quem
1086 4528 1361 4586 infernum
1404 4545 1698 4599 vocamus,

1792 3299 1977 3356 frenos
2005 3302 2225 3373 sanguis
2252 3307 2521 3373 pervenit,
2557 3306 2680 3375 quia
2712 3320 2904 3377 poenas
2932 3323 3072 3380 quas
3094 3313 3405 3382 peccatori-

1794 3390 1894 3448 bus
1919 3392 2108 3449 minati
2134 3404 2281 3463 sunt,
2301 3396 2404 3452 nisi
2423 3397 2862 3469 corrigerentur,
2878 3401 2978 3472 ipsi
3006 3402 3133 3474 quia
3150 3402 3283 3461 vitia
3304 3420 3403 3464 sua

1794 3482 2052 3542 deserere
2075 3488 2392 3555 noluerunt,
2424 3490 2799 3559 experientur.

1867 3578 2095 3634 CAPUT
2126 3578 2243 3635 XV.
2272 3612 2344 3620 —
2375 3579 2557 3653 (Vers.
2586 3583 2663 3655 1.)
2706 3583 2777 3638 Et
2803 3584 2913 3640 vidi
2950 3587 3096 3641 aliud
3119 3588 3325 3660 signum
3350 3590 3407 3646 in

1797 3670 1923 3725 caelo
1983 3687 2233 3743 magnum
2283 3684 2332 3728 et
2388 3675 2645 3744 mirabile,
2685 3678 2897 3749 angelos
2935 3690 3127 3750 septem
3165 3678 3407 3738 habentes

1797 3774 1986 3833 septem
2008 3766 2187 3837 plagas
2207 3768 2546 3835 novissimae;
2568 3771 2813 3839 quoniam
2837 3771 2893 3826 in
2916 3772 3026 3828 illis
3051 3784 3409 3829 consummata

1799 3866 1873 3911 est
1901 3858 1981 3911 ira
2001 3857 2120 3913 Dei.
2150 3859 2300 3918 Sicut
2325 3861 2582 3934 superius
2610 3872 2904 3935 antequam
2933 3866 3002 3922 ad
3035 3868 3405 3927 narrationem

1799 3960 2012 4023 septem
2059 3956 2377 4026 angelorum
2425 3958 2572 4018 tubis
2605 3959 2924 4017 canentium
2954 3963 3189 4032 veniret,
3218 3981 3409 4024 eorum

1799 4047 2137 4105 mentionem
2176 4050 2358 4108 facere
2383 4053 2624 4124 studuit;
2667 4056 2739 4111 ita
2780 4065 2838 4112 et
2879 4056 2966 4113 hic
3004 4068 3299 4131 antequam
3340 4063 3409 4119 ad

1800 4155 2013 4216 septem
2056 4146 2375 4216 angelorum
2426 4148 2636 4219 phialas
2676 4150 2995 4208 habentium
3037 4155 3410 4215 narrationem

1801 4239 2017 4303 veniat,
2070 4254 2262 4297 eorum
2310 4243 2648 4299 mentionem
2702 4243 2866 4315 facit,
2899 4246 3188 4304 ntindicet
3215 4264 3413 4323 magna

1803 4333 2056 4405 mysteria
2095 4333 2150 4389 in
2198 4348 2390 4390 eorum
2439 4335 2650 4393 visione
2677 4338 2972 4396 contineri.
3012 4340 3119 4397 Sed
3164 4341 3234 4400 de
3264 4343 3329 4400 iis
3357 4345 3410 4401 in

1804 4427 2157 4499 sequentibus
2181 4427 2329 4500 quod
2358 4430 2627 4487 Dominus
2654 4431 2895 4500 dederit,
2927 4434 3197 4492 dicemus.

1878 4521 2058 4592 (Vers.
2081 4522 2139 4589 9,
2170 4521 2251 4593 5.)
2276 4522 2347 4577 Et
2368 4524 2474 4579 nidi
2499 4534 2759 4595 tamquam
2778 4542 2927 4583 mare
2951 4528 3170 4584 vitreum
3199 4531 3415 4588 mixtum

78 4620 204 4679 ideo
231 4621 395 4680 lacus
428 4621 531 4677 ira:
560 4619 660 4678 Dei
692 4598 914 4691 dicitur,
959 4622 1082 4693 quia
1134 4622 1374 4679 vindicta
1401 4623 1499 4679 ira:
1530 4624 1623 4680 Dei
1650 4624 1704 4680 in
1731 4598 1786 4660 D
1808 4614 1915 4689 59’15
1935 4656 1950 4685 s
1999 4625 2043 4672 ει
2069 4633 2152 4672 εοδ
2177 4619 2266 4689 qui
2294 4618 2522 4674 υίσεηιηι
2553 4619 2785 4688 bestiam,
2817 4631 2868 4678 et
2899 4623 3175 4698 imaginem
3198 4631 3334 4702 ejus,
3367 4638 3418 4683 et

78 4732 144 4773 eo
166 4715 679 4773 consummabitur.

150 4809 344 4882 (νει-ε.
367 4809 500 4881 20.)
530 4806 599 4864 Et
615 4810 842 4865 calcatus
862 4819 936 4865 est
961 4811 1105 4866 lacus
1133 4820 1283 4867 extra
1311 4812 1706 4869 civitatem.Per

78 4905 483 4975 calcationemi
525 4902 928 4961 demersionem
979 4905 1276 4977 impiorum
1338 4906 1394 4962 in
1431 4907 1702 4963 infernum

78 5012 378 5068 possumus
412 4996 733 5068 intelligere
763 5016 775 5051 :
802 5013 899 5068 per
923 4996 1211 5055 civitatem
1248 5008 1430 5055 autem
1460 4999 1705 5056 caelestis

79 5091 438 5149 Hierusalem
464 5088 793 5161 designatur
816 5108 831 5147 :
865 5106 987 5163 quae
1005 5106 1072 5147 ex
1094 5094 1351 5149 omnibus
1373 5094 1562 5151 electis
1577 5108 1707 5150 cou—

78 5192 205 5244 stat.
260 5186 441 5242 Extra
504 5183 648 5240 hanc
678 5200 810 5257 ergo
850 5186 1132 5243 civitatem
1172 5188 1325 5245 lacus
1371 5188 1703 5255 calcabitur;

77 5280 203 5351 quia
229 5296 262 5337 a
287 5276 592 5336 consortio
618 5277 891 5348 justorum
919 5279 1073 5351 impii
1105 5279 1531 5353 separabuntur,
1564 5289 1623 5338 et
1649 5280 1705 5337 in

78 5371 365 5428 infernum
396 5367 797 5438 detrudentur,
826 5371 971 5428 sicut
1000 5372 1268 5428 Dominus
1289 5372 1425 5429 dicit
1452 5374 1507 5429 in
1530 5373 1707 5429 Evan—

79 5467 225 5539 gelio
255 5486 269 5521 :
301 5477 331 5506 ιι
355 5462 604 5521 Exibunt
620 5464 793 5536 angeli
814 5475 893 5532 ,et
910 5465 1224 5536 separabunt
1250 5468 1417 5521 malos
1446 5467 1510 5521 de
1540 5466 1706 5523 medio

72 5562 385 5635 justorum,
424 5565 479 5613 et
510 5554 715 5611 mittent
753 5555 874 5613 illos
922 5558 974 5612 in
1015 5559 1279 5613 caminum
1327 5558 1483 5631 ignis.
1512 5556 1596 5613 lbi
1615 5559 1714 5614 erit

80 5655 239 5725 ﬂetus
264 5662 319 5709 et
347 5649 563 5708 stridor
588 5647 815 5704 dentiant
837 5650 1054 5724 (Matth.
1083 5666 1177 5721 vtt,
1213 5650 1323 5724 14).

83 5868 121 5926 d
157 5788 663 5921 etpesiderabatur
684 5788 739 5845 in
763 5787 921 5860 edit.,
943 5798 994 5848 et
1010 5791 1215 5863 mittent
1241 5790 1431 5849 illos...
1451 5798 1499 5847 et
1517 5788 1709 5847 stridor

124 5882 184 5923 en
209 5881 341 5919 tum.

124 5881 341 5923 erutum.

1812 4724 2083 4764 numerum
2119 4709 2343 4764 nominis
2381 4714 2516 4783 ejus,
2575 4720 2767 4768 stantes
2803 4730 2960 4787 super
2997 4733 3140 4775 mare
3176 4719 3410 4789 vitreum,

1812 4800 2052 4857 habentes
2086 4802 2315 4857 citharas
2365 4799 2487 4870 Dei,
2539 4812 2587 4858 et
2615 4814 2884 4863 cantantes
2934 4810 3187 4865 canticum
3242 4811 3417 4883 Moysi

1811 4898 1942 4952 servi
1970 4896 2091 4963 Dei,
2123 4907 2169 4952 et
2208 4898 2474 4953 canticum
2518 4897 2656 4972 Αρηὶ
2691 4902 2938 4961 dicentes.
2975 4904 3118 4974 Quid
3146 4906 3418 4977 signiﬁcet

1811 5006 1963 5047 mare
1992 4991 2253 5060 vitreum,
2294 4993 2550 5063 superius
2574 4994 2629 5050 in
2661 4994 2874 5054 visione
2918 4998 3156 5055 secunda
3183 4999 3419 5057 diximus

1814 5086 1921 5158 (Ad
1947 5104 2057 5159 cap.
2078 5085 2135 5158 4)
2172 5102 2187 5141 :
2214 5088 2311 5144 sed
2341 5088 2457 5145 illic
2480 5099 2759 5163 tamquam
2788 5093 3105 5166 crystallum
3131 5109 3257 5151 esse
3279 5094 3419 5153 dici-

1815 5190 1923 5247 tur,
1962 5179 2051 5236 hic
2068 5190 2249 5238 autem
2277 5182 2506 5240 mixtum
2530 5184 2657 5254 igne
2685 5203 2699 5242 :
2730 5195 2788 5243 et
2820 5186 2946 5258 quia
2975 5186 3266 5258 crystallus
3300 5188 3420 5245 exi-

1813 5274 1939 5331 mia:
1963 5275 2227 5333 claritatis
2248 5287 2349 5346 est,
2381 5279 2675 5352 ignemque
2700 5279 2770 5336 de
2790 5293 2851 5336 se
2872 5295 2994 5335 cum
3016 5280 3257 5337 calorem
3284 5284 3421 5341 solis

1813 5372 2108 5445 acceperit,
2149 5371 2295 5429 solet
2341 5375 2627 5442 emittere,
2677 5372 2924 5430 eamdem
2963 5374 3418 5445 signiﬁcationem

1812 5461 1978 5520 habet
2026 5462 2138 5520 illic
2179 5463 2499 5536 crystallus,
2550 5478 2711 5533 quam
2757 5464 2842 5520 hic
2889 5463 3059 5536 ignis;
3111 5467 3424 5539 signiﬁcant

1811 5572 2049 5628 namque
2105 5556 2411 5628 spiritalem
2463 5554 2906 5626 intelligentiam,
2942 5573 3066 5629 quas
3110 5559 3164 5615 in
3220 5561 3423 5621 divinis

1810 5648 2115 5722 Scripturis
2144 5649 2441 5706 invenitur.
2459 5647 2608 5705 Mare
2634 5647 2801 5720 igitur
2829 5648 3061 5708 vitreum
3086 5654 3317 5712 mixtum
3338 5665 3424 5714 est

1890 5787 1917 5827 δ
1945 5787 2149 5845 Omnes
2177 5785 2338 5873 edit.,
2369 5787 2608 5843 eumdem
2634 5802 2911 5873 numerum
2938 5806 3188 5867 spargens
3212 5795 3422 5872 spargi.

1822 5870 1940 5927 tur;
1968 5875 2155 5917 omnes
2190 5870 2422 5930 mss.,...
2455 5875 2668 5916 δενυαηε
2690 5870 2976 5935 εραναὶιατ.

3196 6010 3392 6047 ,ΑρκΑ

3454 6078 3492 6091 -Λ
