3950 6314
535 281 642 340 899

1433 278 1529 335 an
1565 273 1803 336 orans
1843 273 2091 334 SANCTI
2133 270 2454 336 AIIBROSII
2496 272 2860 338 serenant.
3719 279 3796 349 ίθθ

532 400 672 474 igni;
701 402 830 473 quia
857 401 1039 457 divina
1070 400 1347 471 Scriptura
1388 398 1557 455 mixta
1579 406 1666 454 est
1693 395 2034 470 spiritalibus
2062 397 2144 451 in-
2170 410 2220 471 Α
2248 397 2393 469 quod
2422 399 2639 455 Domini
2667 401 2843 472 gratia
2873 400 3061 474 largiri
3091 399 3314 472 dignata
3336 411 3440 469 est,
3465 403 3686 461 diximus
3720 406 3800 479 (Ad

531 496 864 552 tellectibus.
893 494 1069 566 Super
1122 509 1271 550 mare
1302 494 1484 564 itaque
1517 492 1752 547 vitreum
1779 491 1846 555 ii,
1883 490 1974 562 qui
2005 490 2136 545 bes-

530 591 659 645 tiam
691 591 964 654 vicerunt,
993 598 1141 645 stare
1191 587 1292 644 visi
1333 596 1486 652 sunt;
1542 586 1670 657 quia
1702 585 1880 640 sancti
1917 584 2014 640 Dei
2046 583 2136 654 qui

528 692 721 738 contra
760 680 1154 738 Antichristum
1210 679 1503 753 pugnaturi
1551 688 1710 747 sunt,
1744 680 1799 734 in
1851 678 2138 749 praeceptis

527 775 835 832 divinarum
878 774 1285 846 Scripturarum
1329 788 1558 845 gressus
1597 773 1853 843 ligent,‘l
1881 772 2140 841 nullaque

528 869 860 939 irnpulsione
897 875 1184 924 ventorum
1222 882 1252 922 a
1294 880 1390 922 sua
1443 863 1553 922 me
1606 865 1820 920 moveri
1863 872 2138 934 poterunt.

525 960 633 1018 Per
651 962 899 1017 citharas
923 975 1057 1017 vero
1085 975 1223 1032 quas
1249 960 1550 1026 habebant,
1583 957 1935 1016 niortiiicatiu
1957 959 2138 1012 carnis

525 1053 888 1126 designatur:
931 1056 1205 1110 canticum
1253 1061 1438 1109 autem
1493 1053 1690 1126 Moysi,
1742 1059 1905 1107 vetus
1943 1050 2138 1106 Testa.

524 1156 771 1202 mentum
805 1161 820 1200 :
851 1146 1124 1201 canticum
1164 1146 1302 1216 Agni
1335 1158 1536 1200 novum
1567 1144 1930 1199 demonstrat.
1956 1141 2140 1197 Cauti-

523 1251 649 1294 cum
675 1252 806 1309 ergo
832 1236 1004 1310 Moysi
1024 1249 1080 1294 et
1107 1237 1383 1294 canticum
1405 1236 1547 1308 Agni
1579 1235 1908 1302 cantabant;
1940 1233 2069 1306 quia
2087 1244 2143 1290 et

521 1339 682 1388 vetus
727 1337 783 1387 et
831 1345 1031 1386 novum
1069 1330 1480 1386 Testamentum
1527 1329 1703 1384 sancti
1735 1328 2134 1400 praedicabunt.

521 1425 681 1494 Quod
705 1428 977 1482 canticum
1006 1426 1168 1497 quale
1205 1426 1300 1492 sit,
1329 1425 1636 1480 audiamus.

601 1516 788 1588 (Vers.
818 1515 938 1587 id.)
975 1516 1175 1588 Magna
1200 1526 1246 1572 at
1275 1516 1538 1572 mirabilia
1579 1533 1738 1588 opera
1769 1527 1878 1584 tua,
1915 1515 2143 1572 Domine

527 1605 670 1664 Deus
713 1609 1039 1680 mnnipotene
1073 1626 1086 1662 κ
1110 1610 1276 1681 instat
1301 1619 1350 1664 et
1381 1624 1514 1664 uersa
1537 1611 1633 1664 vita
1668 1619 1799 1675 tua,
1837 1609 1952 1664 Res
1979 1623 2142 1664 sacu-

527 1703 722 1758 lorum.
756 1701 884 1771 Quis
925 1719 1029 1758 non
1076 1703 1272 1758 timebit
1298 1713 1369 1768 te,
1405 1699 1658 1772 Domine,
1707 1713 1756 1758 et
1783 1703 2143 1775 magniﬁcabit

2241 509 2358 564 cap.
2391 492 2469 566 8).
2501 493 2634 550 Nam
2663 496 2809 552 sicut
2836 495 2948 552 illic
2977 501 3190 567 septem
3218 497 3399 569 angeli
3426 497 3526 554 visi
3554 513 3687 568 sunt,
3710 506 3804 572 qui-

2241 585 2344 642 bus
2363 585 2504 642 datm
2524 597 2654 643 sunt
2679 595 2891 660 septem
2914 590 3088 657 tuba;
3119 591 3194 646 ita
3213 599 3264 647 et
3297 588 3386 647 hic
3415 604 3614 664 septem
3635 600 3804 668 angelis

2241 689 2450 750 septem
2481 679 2677 750 phiala:
2705 681 2850 738 data:
2894 680 3068 740 luisse
3096 695 3478 740 memorantur
3506 703 3518 740 :
3546 695 3603 743 et
3625 688 3803 748 siculis

2239 784 2401 827 cantu
2439 773 2585 830 tubae
2611 775 2768 846 primi
2799 776 2980 847 angeli
3015 776 3233 848 grando
3277 790 3473 849 magna
3502 787 3688 838 terram
3714 797 3805 855 per.

2241 866 2440 934 euasit;
2472 869 2545 923 ita
2571 880 2627 924 et
2672 871 2725 925 in
2752 868 3024 927 elusione
3048 867 3250 943 phiala:
3275 871 3438 943 primi
3468 871 3638 946 angeli
3663 875 3802 934 homi-

2243 975 2362 1028 nes,
2391 963 2484 1032 qui
2511 977 2609 1034 per
2635 972 2839 1019 terrain
2870 979 3018 1036 saepe
3043 965 3430 1038 designantur,
3457 969 3698 1038 pessimis
3718 972 3808 1025 rei.

2243 1054 2469 1111 naribus
2517 1057 2763 1127 percussi
2811 1069 2936 1114 esse
2980 1057 3237 1115 dicuntur
3264 1073 3280 1114 :
3312 1059 3479 1134 558
3507 1072 3558 1118 et
3585 1065 3806 1138 quemad-

2242 1146 2464 1202 modum
2500 1148 2554 1204 in
2600 1159 2768 1205 cantu
2811 1150 2958 1207 iulia:
3014 1151 3247 1208 secundi
3299 1153 3485 1224 angeli
3525 1157 3675 1210 tertia
3713 1171 3807 1223 pars

2242 1242 2412 1297 maris
2436 1243 2490 1298 in
2513 1245 2834 1314 sanguinem
2866 1257 3023 1302 versa
3052 1253 3160 1314 est,
3187 1243 3449 1304 similiter
3470 1257 3526 1305 et
3547 1249 3604 1304 in
3631 1250 3809 1308 allusio-

2241 1350 2312 1392 ne
2342 1337 2542 1408 phialas
2579 1339 2805 1396 secundi
2851 1341 3032 1411 angeli
3061 1348 3232 1397 totum
3261 1355 3415 1398 mare
3458 1343 3510 1398 in
3539 1345 3807 1416 sanguine

2241 1445 2458 1489 versum
2506 1435 2676 1490 fuisse
2709 1445 2731 1473 ο
2761 1435 3114 1492 describitur.
3170 1433 3444 1494 Eumdem
3501 1445 3710 1495 sensum
3747 1451 3811 1495 se

2240 1534 2552 1596 quunturet
2577 1527 2762 1583 caeteri
2795 1542 2809 1580 ε
2840 1528 2935 1583 sed
2966 1527 3202 1599 qualiter
3225 1528 3314 1585 isti
3332 1541 3458 1586 cum
3481 1531 3811 1601 superioribus

2239 1619 2611 1683 concordent.
2645 1621 2700 1676 in
2749 1622 3104 1693 sequentibus
3129 1623 3405 1680 dicemus.
3437 1623 3690 1681 Eamdetn
3709 1642 3810 1698 ergo

2240 1713 2698 1784 signiﬁcationem
2740 1714 2945 1772 habent
2971 1716 3097 1784 isti,
3122 1731 3284 1787 quam
3307 1726 3365 1772 ct
3393 1715 3475 1773 illi
3500 1734 3515 1785 ;
3544 1718 3810 1791 signiﬁcant

529 1812 716 1853 nomen
745 1797 930 1852 tuum?
953 1797 1094 1866 Quia
1121 1809 1175 1853 tu
1215 1799 1359 1854 solus
1389 1799 1506 1866 pius
1553 1815 1640 1866 es;
1687 1800 1932 1868 quoniam
1959 1815 2138 1854 omnes
2170 1811 2216 1874 Β
2243 1810 2442 1879 quippe
2466 1810 2882 1880 prmdicatores,
2924 1811 3015 1882 qui
3045 1810 3269 1867 fuerat
3314 1811 3385 1868 ιιι)
3412 1812 3595 1882 initio,
3622 1820 3672 1870 et
3688 1824 3812 1870 erant

529 1902 708 1964 gentes
740 1894 959 1960 venient,
988 1903 1036 1948 et
1068 1893 1358 1949 adorabunt
1374 1895 1428 1948 in
1448 1904 1724 1964 conspectu
1743 1904 1856 1960 tuo,
1885 1894 2132 1963 quoniam

521 1985 731 2059 judicia
775 1995 862 2040 tua
901 1985 1176 2057 manifesta
1203 1996 1342 2041 sunt.
1367 1984 1680 2042 Concordat
1712 1985 1817 2042 hoc
1855 1986 2134 2041 canticum

528 2097 650 2138 cum
679 2083 850 2140 veteri
882 2089 938 2138 et
987 2097 1129 2138 novo
1160 2081 1552 2148 Testamento;
1610 2097 1736 2138 nam
1776 2091 1990 2153 septem
2037 2083 2132 2136 be-

527 2176 870 2234 nedictiones
901 2178 974 2233 ibi
1005 2179 1382 2246 inveniuntur,
1431 2193 1554 2248 quin
1599 2187 1810 2250 septem
1852 2177 2133 2248 partibus,

526 2269 596 2326 de
623 2271 825 2341 quibus
854 2269 1112 2342 superius
1150 2271 1391 2326 diximus
1415 2271 1522 2344 (Ad
1547 2288 1664 2342 cap.
1699 2271 1734 2326 5
1759 2279 1810 2325 et
1841 2271 1925 2342 7),
1966 2284 2134 2341 coep-

525 2363 632 2418 tari
666 2373 914 2431 possunt.
960 2363 1138 2419 Prima
1185 2365 1386 2436 quippe
1439 2364 1754 2420 benedictio
1781 2374 1906 2419 est:
1941 2363 2139 2436 lingua

524 2465 576 2511 et
618 2457 878 2510 mirabilia
937 2471 1096 2529 Opera
1135 2465 1256 2524 tua,
1314 2455 1538 2513 Domine
1577 2454 1720 2512 Deus
1776 2458 2136 2529 omnipotens;

524 2563 648 2620 quas
703 2549 880 2620 primo
913 2550 1148 2622 tempori
1177 2549 1474 2606 convenire
1521 2557 1735 2620 potest,
1783 2549 1839 2603 in
1875 2565 1986 2620 quo
2025 2546 2140 2605 fac-

522 2651 639 2700 tum
670 2653 752 2700 est
779 2645 982 2702 coelum
1021 2655 1078 2702 et
1120 2653 1303 2713 terra,
1343 2657 1644 2715 omnesque
1670 2655 1970 2712 creaturis,
2015 2659 2138 2716 quin

525 2737 682 2794 valde
711 2747 841 2793 sunt
881 2738 1186 2796 mirabilia.
1238 2737 1498 2796 Secunda
1538 2746 1624 2794 est
1667 2751 1683 2790 :
1723 2737 1892 2793 Iuste
1918 2748 1968 2792 et
2007 2751 2141 2794 uera

526 2833 623 2888 vita
646 2841 770 2900 tuae,
806 2833 920 2889 Rea
948 2833 1292 2900 seculorum;
1322 2849 1444 2905 qua
1488 2833 1740 2905 congruit
1772 2834 1914 2904 parti
1942 2848 2140 2890 secun-

525 2926 632 2992 dae,
656 2927 709 2982 in
748 2942 855 2997 qua
895 2942 1092 2983 omnes
1113 2935 1386 2983 creatura:
1410 2942 1533 2997 quae
1579 2924 1860 2981 habebant
1886 2925 2139 2996 spiritum

526 3020 678 3085 vitae,
725 3019 1033 3090 justissima
1087 3020 1183 3075 Dci
1231 3019 1442 3090 judicio
1485 3019 1644 3090 aquis
1705 3018 1897 3074 diluvii
1943 3018 2140 3074 deiettn

527 3111 880 3168 sunt.'l‘ertia
927 3120 1012 3167 est
1041 3110 1208 3180 :Qais
1263 3127 1366 3165 non
1397 3111 1594 3164 timebit
1620 3119 1688 3176 te,
1721 3108 1978 3165 Domine?
2019 3123 2140 3182 qum

2237 1915 2410 1973 usque
2437 1903 2506 1958 ad
2553 1903 2742 1960 linem.
2783 1904 2894 1960 Sed
2941 1903 3066 1961 ideo
3106 1905 3191 1962 bis
3214 1914 3523 1977 ponuntur,
3565 1907 3684 1978 quia
3704 1909 3812 1964 sicut

2234 1995 2492 2065 superius
2535 1995 3067 2064 demonstravimus,
3118 2011 3182 2054 ea
3215 2007 3340 2071 qua:
3379 1998 3484 2056 sub
3525 2009 3679 2057 cantu
3705 2003 3812 2058 tubar-

2240 2091 2401 2161 primi
2457 2091 2662 2163 angeli,
2704 2092 2959 2160 secundi,
3001 2093 3191 2160 tertii,
3248 2103 3420 2165 atque
3473 2097 3650 2168 quarti
3695 2106 3810 2168 gesta

2238 2177 2407 2240 fuisse
2457 2185 2574 2241 visa
2615 2195 2767 2252 sunt,
2823 2187 2890 2240 ad
2940 2186 3153 2243 electos
3199 2188 3505 2259 pertinent.
3533 2185 3696 2245 Porro
3720 2205 3810 2258 qua

2239 2278 2341 2334 sub
2373 2286 2536 2334 cantu
2588 2281 2733 2336 tuba
2761 2279 2978 2352 quinti,
3013 2279 3173 2349 sexti,
3206 2291 3376 2352 atque
3421 2283 3638 2353 septimi
3669 2283 3810 2356 angeli

2238 2371 2380 2426 facta
2409 2371 2578 2427 fuisse
2616 2373 2952 2440 releruntur,
2972 2373 3170 2444 quibus
3199 2384 3255 2430 et
3285 2373 3388 2430 tria
3414 2386 3495 2431 rm
3510 2377 3808 2448 Coniungun-

2243 2472 2350 2530 tur,
2382 2466 2435 2520 in
2461 2467 2660 2538 quibus
2691 2468 3107 2538 persecutiones
3133 2467 3403 2526 Ecclesizc
3425 2513 3439 2534 ,
3482 2481 3615 2542 quas
3647 2473 3708 2526 ab
3727 2473 3812 2528 ιη»

2241 2559 2429 2615 retieis
2443 2567 2502 2615 et
2521 2575 2550 2614 a
2571 2561 2799 2632 paganis
2819 2575 2980 2632 passa
2998 2571 3099 2624 est,
3126 2563 3272 2619 etab
3297 2561 3635 2620 Antichristo
3654 2565 3701 2620 in
3725 2565 3809 2622 line

2243 2651 2434 2707 mundi
2464 2665 2689 2723 passura
2733 2661 2856 2719 est,
2895 2653 3312 2724 describuntur,
3355 2675 3419 2712 cx
3454 2668 3554 2714 una
3597 2671 3735 2729 parte
3756 2659 3809 2715 ad

2242 2745 2534 2816 mprobos,
2559 2757 2637 2802 ex
2663 2745 2836 2802 altera
2868 2746 2936 2803 ad
2967 2747 3178 2804 electos
3203 2748 3518 2819 pertinent;
3547 2753 3666 2822 quia
3689 2753 3808 2822 impii

2243 2851 2309 2895 es
2329 2840 2480 2894 nian
2499 2839 2646 2910 quod
2675 2839 2778 2910 piis
2803 2840 3083 2912 ingerunt,
3111 2853 3330 2913 pinnam
3354 2855 3659 2915 perpetuam
3678 2843 3810 2914 :jasti

2244 2947 2376 2986 vero
2405 2947 2470 2987 ex
2501 2931 2648 2989 male
2673 2933 2816 3005 quod
2859 2932 3164 3003 perferunt,
3195 2935 3433 3006 gloriam
3457 2937 3808 3008 sempiterni

2242 3024 2348 3081 sibi
2369 3026 2681 3096 acquirunt.
2705 3025 2902 3081 Omnia
2932 3028 3264 3099 itaqueqtma
3287 3028 3393 3084 sub
3407 3028 3663 3086 eilusinne
3685 3029 3808 3102 plna.

2245 3117 2430 3199 larum.
2453 3126 2666 3190 septem
2695 3120 3012 3188 angelorum
3041 3117 3458 3190 describuntur,
3490 3121 3554 3179 ad
3586 3125 3810 3196 reprobus

530 3205 703 3262 tertiae
751 3205 925 3276 parti,
980 3204 1048 3260 iis
1102 3202 1361 3259 videlicet
1409 3201 1610 3273 quibus
1666 3202 1780 3256 Lex
1833 3201 1960 3257 data
2020 3211 2136 3269 est,
2165 3195 2212 3268 C
2245 3195 2549 3283 pertinent;
2581 3212 2805 3270 undeet
2833 3215 2999 3285 primi
3025 3215 3192 3284 tubis,
3213 3217 3420 3288 quibus
3446 3195 3806 3276 exercitnsliri

525 3300 800 3371 congruit,
829 3298 922 3370 qui
953 3299 1154 3354 timore
1177 3297 1362 3367 potius
1392 3311 1553 3368 quam
1587 3311 1775 3352 amore
1799 3296 1962 3368 Legis
1983 3309 2138 3352 men-

526 3391 651 3448 data
681 3391 1035 3449 exercebant.
1068 3389 1274 3458 Quarta
1299 3397 1390 3445 est
1417 3406 1430 3442 :
1457 3388 1528 3442 Et
1561 3389 1913 3461 magniﬁcam
1949 3403 2134 3444 nomen

527 3497 706 3553 tuum;
752 3500 912 3558 quam
960 3483 1242 3557 prophetis
1285 3485 1589 3540 convenire
1641 3483 1992 3539 manifestum
2023 3492 2132 3551 est,

523 3581 615 3653 qui
644 3595 847 3638 nomen
875 3579 971 3635 Dei
993 3586 1051 3635 et
1079 3578 1569 3649 praedicationibus
1595 3586 1652 3631 et
1673 3577 1898 3648 scriptis
1929 3577 2137 3649 magni-

526 3675 847 3732 iiCavcrunt.
904 3671 1106 3739 Quinta
1163 3682 1287 3729 est:
1327 3671 1466 3740 Quia
1507 3680 1563 3725 tu
1610 3669 1758 3724 solus
1787 3671 1905 3742 pius
1947 3685 2037 3736 es;
2077 3671 2130 3725 in

522 3771 712 3841 quinta
743 3774 899 3840 parte
927 3767 1226 3822 adventum
1256 3764 1460 3820 Christi
1489 3763 1792 3834 posuimus,
1827 3764 1879 3817 in
1899 3777 2006 3834 qua
2027 3763 2135 3820 Do-

524 3865 704 3921 minus
753 3873 961 3932 noster,
987 3862 1083 3934 qui
1115 3863 1268 3918 solus
1313 3862 1432 3932 pius
1459 3869 1574 3929 est,
1605 3870 1663 3916 et
1689 3860 1855 3916 homo
1883 3860 1998 3916 fieri
2031 3875 2132 3932 pro

521 3959 696 4016 salute
727 3957 943 4030 generis
981 3956 1204 4012 humani
1227 3997 1242 4023 ,
1273 3963 1330 4011 et
1357 3958 1466 4026 pati
1495 3967 1553 4011 et
1583 3953 1718 4009 mori
1743 3954 2001 4026 dignatus
2022 3961 2126 4010 est.

525 4053 690 4110 Sexta
717 4063 840 4109 est:
876 4051 1137 4120 Quoniam
1167 4067 1342 4105 omnes
1381 4060 1556 4122 gentes
1593 4051 1814 4119 venient,
1863 4059 1911 4105 et
1939 4054 2134 4105 adora-

523 4151 649 4206 bunt
676 4151 730 4206 in
758 4159 1033 4221 conspectu
1055 4157 1182 4215 tuo;
1211 4146 1564 4203 manifestum
1591 4157 1676 4202 est
1707 4157 1828 4218 post
1857 4147 2134 4204 ascensio.

524 4261 650 4302 nem
670 4244 886 4301 Domini
916 4257 1109 4299 omnes
1132 4254 1329 4313 gentes
1354 4242 1421 4297 ad
1449 4241 1610 4298 ﬁdem
1644 4242 1862 4298 venisse
1891 4241 2128 4311 Christi,

523 4353 659 4409 quas
687 4337 742 4392 in
771 4347 929 4394 sexto
956 4337 1076 4392 loco
1107 4337 1408 4406 posuimus.
1435 4335 1681 4407 Septima
1708 4344 1794 4390 est
1823 4353 1836 4389 :
1870 4334 2129 4402 Quoniam

514 4432 724 4504 judicia
746 4442 835 4487 ista
857 4433 1132 4504 mortifesta
1149 4439 1302 4498 sunt;
1327 4444 1492 4503 quam
1520 4428 1586 4486 ad
1614 4429 1758 4486 diem
1776 4430 1972 4500 iudicii
1997 4444 2129 4502 per.

2235 3306 2303 3361 ad
2345 3321 2580 3378 pugnam
2633 3307 3060 3378 provocabatur,
3115 3310 3386 3368 cecinisse
3433 3311 3808 3370 dicunturzse

2233 3411 2466 3473 quentes
2497 3409 2681 3457 autem
2712 3401 2926 3473 phialas
2973 3404 3168 3475 plenas
3201 3406 3505 3465 iracundiis
3535 3404 3632 3466 Del
3670 3421 3808 3482 super

2235 3495 2434 3566 impios
2460 3494 2723 3552 ell‘udisse
2746 3495 3086 3554 referuntur.

2307 3597 2492 3668 (Vcrs.
2519 3595 2600 3670 5.)
2635 3596 2764 3653 Post
2813 3597 2922 3654 Iure
2954 3599 3085 3668 aldi,
3109 3609 3159 3656 et
3180 3612 3294 3656 ecce
3340 3611 3579 3673 aperiam
3619 3615 3687 3661 est
3705 3613 3804 3661 tal-

2233 3693 2376 3763 plum
2397 3693 2721 3748 tabernaculi
2745 3695 3023 3750 testimonii
3049 3696 3103 3750 in
3126 3697 3274 3753 creto.
3289 3696 3348 3753 ln
3367 3699 3555 3756 Exodo
3577 3701 3803 3774 scriptum

2232 3788 2486 3860 estquod
2527 3787 2721 3844 iecerit
2767 3787 2982 3862 Moyses
3031 3790 3445 3848 tabernaculum
3487 3793 3540 3849 in
3573 3795 3802 3852 deserto:

2233 3887 2421 3951 postea
2451 3895 2584 3936 vero
2611 3891 2641 3936 a
2669 3880 2966 3937 Salomone
2991 3882 3103 3956 jam
3131 3885 3342 3956 populo
3380 3887 3431 3942 in
3469 3896 3608 3943 terra
3644 3895 3805 3960 repro-

2233 3973 2513 4029 missionis
2558 3973 2826 4047 degentc,
2877 3975 3145 4048 templum
3211 3978 3538 4036 :rdiﬂcatum
3581 3991 3681 4038 est.
3720 3977 3805 4038 Per

2231 4068 2509 4124 desertum
2527 4068 2693 4140 igitur
2709 4069 2811 4124 hoc
2833 4069 3096 4126 sacculum
3117 4087 3130 4123 :
3149 4081 3248 4142 per
3260 4071 3672 4130 tabernaculum
3683 4072 3802 4143 quod

2230 4161 2298 4218 de
2327 4161 2448 4218 loco
2477 4162 2544 4218 ad
2573 4162 2753 4218 locum
2788 4165 3134 4233 transfertur,
3167 4176 3411 4236 praesens
3458 4165 3694 4224 Ecclesia
3721 4169 3801 4223 de-

2230 4255 2498 4325 signatur,
2534 4271 2654 4326 quae
2695 4254 2765 4311 de
2806 4253 3029 4313 deserto
3060 4256 3222 4329 huius
3266 4261 3456 4316 saeculi
3499 4260 3728 4331 quotidie
3747 4259 3801 4316 ad

2229 4348 2507 4404 ctelestem
2558 4348 2954 4406 beatitudinem
3008 4351 3233 4420 tranSit,
3284 4353 3570 4426 pergitque
3605 4348 3668 4411 de
3711 4351 3799 4410 rir-

2231 4449 2344 4497 tnte
2371 4442 2427 4497 in
2457 4442 2749 4512 virtutem,
2799 4450 2859 4498 ut
2901 4442 3087 4500 videat
3121 4443 3296 4501 Deum
3337 4446 3568 4503 deorum
3610 4448 3662 4504 in
3691 4445 3801 4505 Sion

524 4527 704 4582 tinere
730 4524 1079 4581 manifestum
1098 4537 1202 4592 est,
1225 4527 1282 4580 in
1303 4540 1414 4596 quo
1434 4523 1640 4595 judicia
1661 4517 1758 4578 Dei
1772 4523 1916 4594 justa
1933 4530 2125 4580 etvera
2151 4609 2172 4615 Α
2231 4535 2407 4607 (pani,
2435 4545 2676 4603 ιχιχηι,
2701 4535 2783 4608 8),
2808 4535 2965 4595 unde
2992 4545 3046 4596 εἰ
3063 4540 3292 4596 cor-[lum
3323 4539 3676 4608 tabernaculi,
3703 4558 3802 4615 qua

522 4635 646 4678 esse
700 4618 1288 4718 mattiiestabuntur._~k
1335 4618 1496 4718 cuius
1546 4617 1733 4718 iudicii
1765 4617 2122 4718 ὐιξῐιηοιὶοιξθ
2145 4609 2202 4676 Β
2223 4630 2458 4687 diversis
2483 4629 2765 4688 coloribus
2783 4627 3013 4704 depictas
3039 4637 3226 4702 erant,
3252 4633 3491 4705 pellibus
3509 4609 3801 4718 tegebantur

521 4729 622 4774 nos
676 4711 1057 4770 misericordia
1087 4722 1145 4768 et
1183 4713 1365 4783 pietas
1407 4711 1622 4768 Domini
1656 4721 1717 4767 et
1750 4711 2123 4782 redemptoris

519 4810 694 4866 nostri
720 4808 848 4866 Jesu
874 4807 1074 4864 Christi
1098 4806 1336 4863 liberare
1357 4803 1385 4844 δ
1407 4806 1685 4877 dignetur,
1729 4797 1829 4877 qui
1863 4819 1988 4861 cum
2017 4803 2121 4860 Pa-

519 4916 602 4964 tre
628 4917 682 4963 et
707 4905 914 4978 Spiritu
947 4911 1136 4960 sancto
1177 4902 1316 4957 vivit
1343 4909 1400 4958 et
1421 4911 1616 4974 regnat
1641 4902 1781 4956 Deus
1809 4913 1908 4973 per
1935 4900 2120 4957 omnia

515 5000 718 5057 saecula
747 4997 1100 5062 sucularum,
1132 5010 1318 5051 amen.

885 5090 990 5152 DE
1034 5087 1364 5152 ViSlONE
1403 5087 1734 5162 QUINTA.

589 5197 738 5255 Visie
755 5196 968 5269 quinta,
984 5193 1053 5249 ad
1078 5193 1237 5264 cuius
1255 5201 1452 5248 sensus
1471 5190 1850 5259 elucidandos,
1888 5190 2117 5249 Domino

510 5293 753 5365 iuvante,
782 5288 1163 5362 pervenimus,
1195 5299 1263 5343 ex
1289 5284 1526 5340 maxime
1555 5293 1712 5357 parte
1733 5284 1936 5342 visioni
1956 5295 2118 5358 Supe-

513 5389 641 5447 rie'ri
661 5386 982 5452 concordat,
1031 5384 1100 5440 de
1147 5382 1304 5454 cuius
1335 5381 1706 5454 intelligentia
1731 5395 1904 5455 usque
1947 5382 2116 5442 modo

515 5650 536 5698 ι
587 5581 614 5612 ει
653 5569 825 5641 Edit.-,
860 5568 1430 5642 imusqueimpulsim
1453 5572 2110 5640 uitiorum;ms's....oen-

537 5660 706 5698 orum.

537 5660 706 5706 orum.

2223 4735 2276 4782 et
2298 4725 2527 4794 ciliciis;
2574 4737 2636 4783 ut
2663 4727 3112 4785 demonstrarent
3139 4725 3618 4796 mortiﬁcationem
3645 4731 3802 4788 camis

2221 4827 2387 4892 atque
2423 4819 2790 4878 humilitatem
2841 4817 3148 4879 custodiam
3205 4833 3331 4882 esse
3377 4823 3655 4882 virtutum.
3683 4824 3798 4894 Quid

2221 4923 2402 4971 autem
2429 4925 2530 4987 per
2556 4922 2756 4971 terram
2785 4913 3238 4988 repromissionis
3259 4961 3272 4985 ,
3316 4919 3422 4982 nisi
3453 4915 3690 4978 ccclesiis
3725 4925 3800 4989 pa-

2219 5009 2322 5066 tria
2353 5008 2693 5082 designatur,
2724 5019 2885 5082 quam
2931 5012 3253 5083 repromisit
3280 5007 3430 5070 Deus
3474 5011 3798 5087 diligentibus

2219 5105 2315 5160 se?
2337 5103 2406 5161 Et
2441 5101 2570 5176 quid
2591 5115 2688 5176 per
2714 5106 3004 5178 templum,
3033 5105 3180 5178 quod
3208 5123 3276 5163 ex
3305 5105 3532 5180 optimis
3555 5101 3799 5180 lapidibus

2219 5199 2547 5257 aedificatum
2575 5199 2701 5270 fuit,
2723 5199 3010 5269 ﬁguratur,
3051 5201 3156 5259 nisi
3181 5197 3432 5261 ccclesiis
3459 5205 3794 5270 Hierusalem,

2218 5303 2340 5365 qute
2361 5305 2430 5349 ex
2457 5293 2601 5349 vivis
2631 5293 2909 5365 lapidibus
2938 5291 3183 5365 quatidie
3210 5295 3519 5354 mdiiiCalur
3539 5294 3736 5371 (Iacob.
3761 5310 3796 5361 ι,

2221 5387 2350 5451 ﬂ)?
2378 5383 2405 5426 δ
2441 5385 2598 5458 Quod
2640 5403 2772 5462 ergo
2805 5388 2939 5446 dicit
2965 5407 2978 5444 :
3006 5389 3257 5463 Apertum
3284 5404 3360 5448 est
3391 5390 3632 5468 templum
3651 5391 3796 5447 talitr-

2214 5574 2465 5641 dicemus,
2493 5571 2729 5628 eumdem
2751 5581 2960 5628 sensum
2991 5575 3248 5637 secuturi.

2284 5643 2310 5682 ιι
2343 5645 2546 5718 omnes
2568 5642 2899 5718 editr,_Quid
2931 5645 3095 5717 igitur
3122 5648 3274 5714 dicit,
3312 5651 3560 5718 apes-inm
3585 5656 3657 5704 εει
3680 5657 3792 5700 tein-

584 5714 613 5755 h
643 5701 830 5773 Codex
859 5701 1042 5784 Gem.,
1071 5715 1326 5787 dignetur,
1358 5717 1443 5772 cui
1465 5726 1540 5773 est
1568 5717 1731 5774 honor
1754 5724 1800 5773 et
1827 5715 1996 5786 gloria
2021 5731 2110 5787 per
2214 5717 2361 5789 piunt
2389 5714 2640 5772 Ecclesiw
2666 5731 2684 5771 :
2712 5701 3004 5789 'Tewmplun'i,
3037 5701 3290 5780 eloti-Sed
3317 5701 3457 5778 mss.
3478 5701 3695 5777 hiatum
3722 5732 3794 5773 re-

517 5801 710 5916 “iiii
735 5797 895 5926 ἓξέά
916 5854 1224 5930 odium,
1245 5857 1576 5919 describitur.
1593 5859 1704 5919 Sed
1714 5855 1936 5931 qualiter
1949 5857 2105 5915 isti...

2213 5788 2475 5859 seruiunt,
2499 5789 2638 5845 utin
2659 5788 2948 5846 contem.
