3950 6314
606 270 714 328 905

1559 268 1653 326 AD
1689 266 1917 327 OPERA
1959 267 2208 329 SANCTI
2234 268 2570 332 ‘AMBROSII
2611 272 2977 335 APPENDIX.

3712 296 3777 356 Sili

603 392 713 438 tem
744 382 920 454 plagae
945 388 1153 453 septem
1190 380 1505 453 angelorum
1536 384 1941 455 compleantur.
1974 386 2053 442 De
2079 400 2197 456 sep-
2230 388 2281 447 A
2307 399 2533 455 cantur,
2562 391 2861 450 mendaciis
2895 401 2953 450 et
3002 393 3262 465 perjuriis
3304 402 3461 468 atque
3483 400 3779 469 ﬂammantibus

602 484 709 532 tem
740 474 915 545 plagis
935 473 1188 545 superius
1214 472 1453 529 diximus
1478 491 1493 529 :
1525 474 1711 531 ultima
1736 490 1868 531 vero
1899 477 2054 549 plaga
2078 479 2206 544 erit,

598 582 722 623 cum
747 566 1118 623 Antichristus
1146 566 1260 623 suis
1290 566 1567 624 erroribus
1596 584 1769 641 genus
1798 569 2096 627 humanum
2126 571 2208 625 in-

602 660 769 717 ﬁciet.
816 660 1011 716 Finitis
1034 670 1217 717 autem
1248 670 1459 732 septem
1493 660 1689 733 plagis,
1725 678 1825 733 pro
1853 664 2052 735 quibus
2078 680 2206 721 exa-

600 754 872 809 minandis
900 753 1021 810 dies
1051 752 1245 824 judicii
1278 754 1406 823 ﬁet,
1452 755 1629 811 sancti
1673 770 1905 828 corpora
1938 773 2035 813 sua
2065 757 2207 814 reci-

596 849 769 918 pient,
801 856 969 919 atque
996 846 1051 903 in
1085 847 1289 918 templo
1314 847 1511 918 patria:
1531 847 1775 905 caelestis
1805 849 1925 906 sine
1947 848 2056 905 line
2080 864 2203 906 cum

593 940 826 998 Domino
866 940 1205 998 habitabant.
1240 941 1319 997 De
1358 940 1462 999 hac
1508 942 1845 1000 habitatione
1886 943 2018 999 dicit
2051 944 2206 1000 Psal-

596 1036 756 1091 ntista
787 1052 802 1090 :
840 1034 988 1090 Beati
1027 1035 1117 1106 qui
1154 1034 1388 1089 habitant
1424 1035 1479 1090 in
1524 1034 1677 1090 domo
1717 1045 1827 1104 tua,
1871 1035 2121 1105 Domine;
2150 1038 2204 1091 in

592 1128 785 1184 saecula
813 1128 1125 1184 saeculorum
1152 1126 1440 1182 laudabunt
1468 1136 1516 1181 te
1544 1126 1719 1199 (Psal.
1752 1144 1990 1192 Lxxxnt,
2025 1130 2103 1200 5).

662 1219 893 1278 CAPUT
916 1220 1321 1293 XVI.—-—(Vers.
1356 1219 1437 1293 1.)
1468 1219 1538 1275 Et
1560 1222 1735 1277 audivi
1765 1238 1939 1278 vocem
1960 1238 2202 1294 magnam

590 1313 1168 1387 detemplo,'dicentem
1206 1314 1405 1388 angelis
1431 1323 1667 1387 septem:
1705 1314 1822 1384 Ite,
1864 1325 1913 1370 et
1952 1315 2202 1383 eﬁundite

587 1416 785 1479 septem
806 1406 1016 1479 phialas
1053 1406 1341 1462 iracundite
1365 1404 1463 1462 Dei
1490 1408 1544 1461 in
1576 1417 1786 1463 terram.
1817 1407 1937 1465 Vox
1967 1410 2035 1465 de
2066 1419 2201 1465 tem-

588 1501 683 1572 plo
714 1518 823 1558 vox
855 1501 1071 1558 Domini
1097 1511 1185 1559 est
1227 1501 1599 1573 praecipientis
1631 1502 2112 1574 praedicatoribus,
2143 1512 2202 1559 ut

588 1595 818 1651 verbum
849 1594 949 1652 Dei
993 1610 1103 1651 non
1144 1594 1319 1650 solum
1353 1594 1548 1651 electis
1570 1636 1586 1660 ,
1618 1594 1715 1651 sed
1744 1596 1907 1651 etiam
1950 1594 2202 1667 reprobis

586 1686 947 1755 annuutient;
970 1698 1237 1760 quatenus
1262 1687 1503 1745 habeant
1529 1688 1619 1743 isti
1649 1688 1794 1745 unde
1828 1689 2198 1759 corrigantur,

2312 488 2750 545 contentionibus
2776 490 3067 547 falsitatem
3099 506 3251 547 suam
3276 493 3548 554 defendere
3570 516 3780 566 conantur:

2308 578 2545 653 dumque
2577 582 2768 638 timent
2806 582 2951 640 vinci
2980 582 3051 639 ab
3078 584 3387 643 hominibus
3409 631 3423 654 ,
3463 605 3489 643 a
3522 591 3692 651 diabolo
3712 600 3783 656 tit-

2308 682 2525 729 cuntur.
2563 674 2774 732 Caztera
2804 692 2937 749 ergo
2978 676 3104 733 vitia
3138 678 3521 737 medicamento
3554 690 3783 755 ptenitent‘za

2309 774 2570 822 sanantur
2599 785 2614 823 :
2645 768 2787 824 istud
2814 779 2996 825 autem
3029 770 3206 826 solum
3232 780 3346 840 est,
3372 775 3505 845 quod
3530 792 3555 831 a
3581 794 3628 835 se
3650 780 3783 839 hocst-

2308 858 2462 916 lubre
2490 860 2943 917 medicamentum
2982 862 3251 929 excludit;
3285 880 3353 921 ne
3393 867 3581 925 scilicet
3616 887 3687 942 per
3706 892 3783 931 con.

2306 953 2596 1009 fessionem
2639 965 2697 1012 et
2740 956 3116 1026 paenitentiam
3163 957 3295 1013 victi
3342 974 3459 1015 esse
3493 961 3783 1025 videantur.Et

2305 1047 2428 1119 quia
2456 1050 2658 1105 malum
2679 1065 2835 1105 suum
2860 1061 2917 1106 ut
2945 1051 3143 1107 vicisse
3166 1052 3468 1119 videantur,
3490 1056 3783 1124 laudantem

2305 1140 2488 1212 pietur
2505 1142 2557 1196 in
2577 1140 2688 1197 illis
2705 1142 2839 1199 illud
2863 1143 3245 1214 pr0pheticum
3267 1162 3281 1199 :
3305 1144 3490 1216 Va'qui
3511 1149 3649 1205 dicitis
3664 1155 3784 1209 malae

2305 1232 2516 1301 bonum,
2542 1242 2592 1288 et
2616 1234 2805 1289 bonum
2834 1236 3031 1291 malum
3047 1254 3068 1303 ;
3094 1248 3342 1309 ponentes
3376 1239 3592 1297 tenebras
3614 1243 3784 1312 lucen,ct

2306 1328 2474 1383 lucem
2525 1330 2763 1384 tenebras
2802 1329 2907 1402 (Is.
2966 1347 3019 1399 v,
3074 1331 3207 1403 20)!
3259 1333 3456 1389 Fertur
3499 1338 3597 1392 avis
3625 1343 3782 1410 quaedam

2304 1436 2447 1488 esse,
2475 1438 2596 1492 qua:
2623 1433 2935 1494 serpentem
2966 1425 3133 1481 vincit
3150 1434 3208 1481 et
3229 1427 3485 1493 comedit,
3505 1430 3587 1485 sed
3614 1443 3700 1499 post
3713 1451 3785 1503 pta.

2307 1513 2473 1569 lulum
2502 1529 2712 1571 veneno
2743 1516 2889 1571 illius
2917 1517 3205 1587 perimitur
3237 1539 3250 1572 :
3285 1520 3530 1577 similiter
3555 1532 3601 1579 et
3624 1526 3690 1580 isti
3709 1543 3786 1596 gen.

2304 1606 2435 1662 dent
2455 1622 2517 1664 se
2544 1608 2739 1663 vicisse
2763 1610 3067 1679 proximos,
3102 1611 3199 1667 sed
3229 1612 3354 1669 talis
3384 1615 3589 1671 victoria
3622 1619 3786 1675 interier-

2306 1702 2407 1756 trix
2457 1711 2542 1758 est
2580 1704 2886 1759 animarum
2933 1705 3170 1761 illorum.
3215 1707 3545 1781 Quicumque
3578 1728 3680 1784 ergo
3708 1716 3786 1770 tals

585 1792 643 1839 ct
684 1782 764 1838 illi
806 1782 950 1839 unde
995 1782 1238 1839 deterius
1281 1782 1636 1839 damnentur.
1669 1782 1773 1838 Per
1816 1791 2017 1839 terram
2063 1797 2195 1839 vero
2224 1787 2274 1848 B
2300 1804 2447 1860 sunt,
2498 1795 2871 1853 characterem
2920 1807 3143 1869 portant
3184 1799 3415 1857 diaboli.
3462 1803 3555 1858 Per
3596 1782 3785 1877 imaginem

586 1884 906 1948 peccatores
931 1876 1309 1949 designantur.
1340 1876 1736 1934 Praedicatores
1765 1877 1950 1949 itaque
1980 1877 2196 1948 phialas

584 1985 713 2027 suas
732 1986 895 2044 super
918 1979 1120 2027 terram
1138 1970 1447 2040 eﬂundunt,
1470 1986 1594 2028 cum
1620 1970 1850 2029 verbum
1880 1971 1974 2027 Dei
2006 1986 2195 2042 pecca-

586 2063 798 2121 toribus
822 2065 1172 2121 annuntiant.

654 2156 836 2229 (Vera.
868 2156 951 2225 2.)
983 2158 1052 2213 Et
1080 2159 1207 2212 abiit
1234 2158 1463 2231 primus,
1494 2167 1540 2214 et
1568 2157 1754 2226 e/I'udit
1783 2158 2018 2229 phialam
2046 2172 2194 2212 suam

578 2253 635 2307 in
664 2262 879 2320 terram,
904 2262 953 2308 et
977 2256 1177 2325 factum
1202 2262 1277 2309 est
1303 2254 1492 2309 uulnus
1520 2269 1717 2308 stevum
1743 2269 1804 2307 ac
1833 2251 2114 2323 pessimum
2138 2252 2193 2306 in

580 2345 894 2414 hominibus,
908 2347 1000 2417 qui
1012 2346 1268 2402 habebant
1288 2347 1643 2402 characterem
1660 2346 1856 2412 (testim,
1873 2355 1922 2400 et
1942 2346 1995 2399 in
2008 2345 2083 2400 eis
2102 2344 2192 2416 qui

577 2439 923 2496 adoratterunt
948 2441 1229 2514 imaginem
1256 2444 1391 2515 ejus.
1415 2441 1634 2496 Primus
1660 2440 1902 2511 Angelus
1926 2439 2192 2509 praedica-

576 2539 725 2590 tores
750 2533 843 2605 qui
871 2545 1001 2592 ante
1030 2533 1232 2607 Legem
1263 2534 1506 2600 fuerunt,
1537 2534 1792 2604 designat
1817 2550 1831 2588 :
1859 2533 2002 2588 sicut
2021 2541 2078 2587 et
2098 2530 2190 2587 ille

569 2629 665 2700 qui
693 2629 747 2684 in
789 2629 1121 2700 praecedenti
1163 2630 1377 2686 visione
1403 2628 1533 2684 tuba
1567 2627 1779 2698 primus
1805 2625 2075 2682 cecinisse
2108 2624 2188 2680 vi-

568 2738 663 2779 sus
690 2730 777 2779 est
794 2722 897 2796 (Att
926 2741 1046 2797 cap.
1076 2723 1156 2797 8).
1182 2723 1292 2781 Sed
1315 2723 1393 2779 illi
1419 2738 1515 2794 per
1542 2723 1758 2778 tertiam
1790 2728 2000 2793 partem
2024 2728 2187 2777 terra

569 2834 693 2889 qua:
714 2820 998 2875 combusta
1024 2828 1141 2887 est,
1161 2818 1318 2875 electi
1339 2816 1734 2889 designantur:
1760 2816 1850 2873 hic
1878 2828 2063 2871 autem
2088 2829 2186 2886 per

569 2926 671 2968 eos
699 2912 791 2983 qui
815 2914 1013 2969 vulnus
1044 2927 1251 2969 saevum
1280 2926 1347 2968 ac
1380 2912 1676 2982 pessimum
1708 2910 1859 2980 passi
1901 2916 2061 2976 sunt,
2092 2924 2181 2964 re-

569 3004 749 3075 probi.
774 3005 979 3062 Ell‘udit
1000 3006 1167 3078 igitur
1186 3006 1412 3077 angelus
1433 3005 1673 3077 phialam
1693 3018 1848 3059 suam
1872 3005 1926 3058 in
1947 3011 2178 3059 terram:

2298 1901 2428 1942 vero
2443 1887 2630 1944 bestiae
2644 1889 2773 1944 vitia
2801 1904 3093 1968 possumus
3121 1891 3465 1964 intelligere;
3488 1894 3514 1923 ³
3526 1911 3585 1952 eo
3603 1899 3706 1968 quod
3722 1901 3786 1970 ipse

2297 1981 2369 2037 sit
2398 1990 2586 2039 auctor
2606 1983 2845 2039 omnium
2870 1985 3159 2042 malorum.
3186 1986 3487 2059 Imaginem
3509 1990 3658 2061 itaque
3675 1993 3786 2048 bestia

2296 2075 2508 2143 adorat,
2533 2077 2865 2149 quicumque
2894 2079 3042 2134 vitiis
3072 2082 3275 2149 servit;
3311 2098 3437 2138 nam
3466 2094 3517 2140 et
3540 2085 3695 2142 Paulus
3711 2089 3787 2143 dicit

2294 2169 2439 2239 quod
2484 2182 2677 2226 venter
2721 2171 2864 2227 Deus
2913 2182 3061 2228 esset
3106 2174 3377 2232 falsorum
3426 2178 3783 2247 prtcditatorum;

2298 2259 2566 2329 Quorum,
2598 2263 2807 2333 inquit,
2841 2262 2982 2321 Deus
3025 2275 3199 2322 uenter
3245 2278 3358 2335 est,
3391 2279 3437 2323 et
3492 2270 3634 2342 gloria
3656 2273 3693 2325 in
3717 2289 3787 2325 cat-

2292 2355 2498 2424 fusione
2520 2357 2755 2427 ipsorum
2777 2360 2901 2430 :qui
2922 2369 3127 2416 terrena
3155 2364 3379 2434 sapiunt
3401 2363 3614 2436 (Philip.
3641 2382 3697 2432 ιιι,
3712 2368 3782 2423 l9‘t.

2292 2447 2553 2506 Similiter
2592 2460 2646 2507 et
2686 2452 2973 2508 avaritiam
3020 2455 3349 2512 servitutem
3384 2459 3582 2515 vocavit
3607 2460 3784 2517 idolorum

2295 2538 2519 2611 (Coloss.
2554 2558 2635 2609 ιιι,
2668 2542 2747 2615 5).

2362 2636 2526 2709 560
2553 2635 2736 2709 (Vera.
2763 2638 2844 2710 5.)
2874 2638 2941 2695 Et
2970 2644 3229 2697 secundus
3254 2642 3450 2711 eﬂ'udit
3486 2646 3677 2716 phialam
3696 2664 3783 2701 suae

2287 2731 2341 2785 in
2359 2747 2520 2796 mare,
2539 2742 2589 2789 et
2610 2734 2780 2803 factus
2800 2746 2877 2791 est
2897 2740 3112 2811 sanguis
3134 2750 3405 2811 tamquam
3427 2746 3615 2809 mortui,
3630 2754 3667 2800 et
3682 2746 3783 2799 omnis

2286 2827 2463 2882 anima
2478 2828 2648 2885 vivens
2667 2840 2874 2886 mortua
2903 2845 2978 2887 est
3001 2836 3055 2889 in
3079 2838 3231 2892 mari.
3248 2836 3366 2895 Iste
3392 2841 3600 2911 angelus
3616 2841 3783 2897 doctores

2286 2919 2445 2991 Legis
2467 2921 2753 2993 significat,
2777 2926 2919 2982 sicut
2941 2936 2996 2983 et
3013 2928 3109 2984 ille
3131 2930 3223 2999 qui
3246 2930 3303 2985 in
3330 2932 3636 3003 praecedenti
3653 2935 3783 2988 visione

2282 3014 2557 3070 secundus
2585 3017 2711 3073 tuba
2738 3019 3007 3076 cecinisse
3046 3021 3196 3077 visus
3232 3032 3323 3079 est
3356 3024 3513 3096 (Sup.
3542 3025 3782 3098 ad;cap.8);

567 3096 697 3167 quia
720 3096 895 3152 sancti
919 3096 1024 3152 viri
1045 3098 1137 3168 qui
1164 3106 1290 3153 ante
1313 3097 1510 3169 Legem
1529 3094 2181 3163 fuerunt,admonitionis
2216 3180 2246 3185 _
2282 3104 2379 3161 sed
2404 3105 2477 3161 ibi
2504 3108 2659 3163 lenia
2700 3125 2827 3180 pars
2870 3111 3038 3167 maris
3069 3113 3123 3167 in
3154 3094 3483 3185 sanguihen,
3524 3094 3783 3173 ver-saltung

568 3188 737 3246 verba
766 3189 949 3260 impiis
991 3189 1415 3260 impenderunt,
1444 3197 1503 3245 ut
1538 3202 1636 3245 eos
1664 3187 2047 3258 corrigerent:
2077 3186 2172 3241 sed
2202 3180 2247 3244 C
2278 3197 2493 3266 dicitur,
2524 3216 2621 3271 ρει-
2649 3218 2769 3273 ηυδε
2807 3204 3015 3261 electos
3055 3180 3380 3278 43513,,ng
3410 3210 3567 3269 fuisse
3590 3212 3783 3267 diximus;

566 3281 771 3337 vulnus
801 3296 1006 3338 saevum
1032 3297 1098 3338 ac
1139 3280 1516 3352 pessimum_in
1555 3295 1651 3337 eos
1679 3279 1885 3337 factum
1910 3285 2024 3345 est;
2048 3280 2174 3349 quia

563 3389 633 3432 ex
659 3375 1049 3447 praedicatione
1088 3384 1406 3432 sanctorum
1436 3375 1745 3432 deteriores
1775 3372 1954 3429 eﬂ‘ecti
1977 3414 1991 3439 ,
2023 3388 2177 3428 man-

566 3469 694 3526 data
722 3469 818 3528 Dei
846 3480 1330 3542 contempserunt;
1362 3471 1561 3527 vulnus
1592 3485 1829 3542 namque
1860 3484 2068 3525 saevum
2111 3484 2176 3526 ac

560 3567 857 3635 pessimum
880 3573 968 3622 est
990 3574 1339 3636 contemptus
1365 3564 1746 3621 mandatorum
1774 3563 1890 3619 Dei.
1908 3562 2109 3619 Verum
2124 3562 2173 3618 si

560 3657 759 3714 vulnus
789 3673 994 3714 saevum
1022 3673 1088 3715 ac
1130 3656 1426 3728 pessimum
1460 3655 1843 3712 tantummodo
1873 3654 1941 3710 ad
1974 3670 2169 3726 repro-

556 3752 659 3809 bos
689 3752 1033 3824 pertinet,-.et
1062 3751 1145 3807 illi
1172 3749 1547 3807 tantummodo
1576 3749 1682 3806 hoc
1709 3748 1856 3821 passi
1887 3757 2044 3817 sunt,
2077 3749 2168 3820 qui

554 3846 930 3903 characterem
952 3845 1145 3902 bestiae
1166 3845 1499 3911 habuerunt,
1524 3844 1881 3915 quaerendum
1904 3843 2062 3898 nobis
2081 3851 2169 3899 est

555 3939 686 4010 quid
711 3940 784 3996 sit
809 3940 1099 3997 character
1137 3940 1351 3996 bestiae.
1382 3937 1539 4009 Quod
1568 3940 1613 3996 si
1646 3954 1745 4010 per
1785 3939 2164 3997 characterem

552 4030 742 4089 bestiae
788 4033 1101 4104 superbiam
1146 4030 1486 4089 voluerimus
1530 4031 1872 4102 intelligere,
1909 4047 1976 4088 eo
2018 4030 2163 4102 quod

556 4134 780 4197 propter
810 4126 963 4181 illam
993 4124 1248 4181 diabolus
1276 4125 1345 4182 de
1374 4124 1517 4181 caelo
1546 4122 1837 4191 ceciderit,
1869 4123 2163 4180 advertere

553 4217 820 4275 debemus
852 4218 1055 4274 multos
1097 4217 1304 4275 electos
1334 4219 1605 4290 superbiae
1638 4218 1838 4274 vulnus
1869 4218 2158 4286 habuisse,

551 4311 649 4368 sed
676 4312 1075 4369 medicamento
1101 4310 1423 4369 humilitatis
1443 4321 1664 4369 sanatos
1690 4327 1832 4369 esse.
1858 4312 1957 4368 Est
1976 4322 2157 4369 autem

550 4405 701 4462 aliud
730 4406 922 4462 vitium
952 4404 1275 4478 pessimum,
1306 4405 1452 4477 quod
1482 4405 1949 4463 medicamentum
1976 4406 2157 4477 poeni-

553 4499 740 4557 tentiae
761 4517 790 4555 a
814 4516 876 4558 se
902 4515 1123 4572 semper
1152 4500 1421 4567 excludit;
1462 4501 1667 4558 scimus
1695 4499 1843 4557 enim
1873 4499 2153 4556 diabolum

2277 3290 2366 3346 hic
2391 3301 2573 3348 autem
2601 3304 2772 3351 totum
2802 3312 2953 3354 mare
2976 3298 3029 3353 in
3053 3302 3379 3371 sanguinem
3413 3319 3610 3361 versum
3633 3307 3783 3361 esselc-

2272 3384 2421 3453 gitur
2458 3386 2629 3459 (Gen.
2658 3404 2740 3456 ιι,
2774 3390 2867 3461 5).
2896 3391 3149 3448 Vindicta
3192 3394 3562 3454 criminalium
3600 3399 3781 3455 scelerum

2272 3479 2571 3535 secundum
2612 3479 2813 3553 Legem
2845 3492 2965 3539 erat
3007 3484 3294 3557 sanguinis
3347 3489 3557 3545 effusio.
3592 3491 3783 3547 Permare

2271 3568 2438 3641 igitur
2483 3573 2936 3643 praevaricatores
2986 3577 3148 3650 Legis
3199 3578 3582 3653 designantur;
3614 3581 3718 3654 quod
3753 3584 3782 3636 in

2270 3665 2591 3735 sanguinem
2638 3683 2855 3725 versum
2898 3679 3015 3739 est,
3045 3673 3167 3744 quia
3219 3674 3516 3732 vindictam
3562 3686 3781 3747 perpetuam

2271 3769 2371 3825 pro
2398 3767 2713 3830 contemptu
2756 3762 3139 3819 mandatorum
3182 3765 3279 3822 Dei
3312 3778 3639 3841 receperunt.
3661 3768 3781 3825 Omnis

2267 3865 2399 3907 vero
2428 3851 2611 3909 anima
2640 3855 2829 3912 vivens
2866 3867 3083 3913 mortua
3112 3869 3197 3914 est
3231 3861 3286 3915 in
3343 3864 3513 3927 mari;
3554 3864 3657 3933 quia
3682 3860 3781 3915 multi

2266 3960 2333 4000 ex
2365 3947 2431 4001 iis
2458 3948 2549 4018 qui
2576 3947 2631 4003 in
2664 3949 2803 4004 mari
2832 3960 3012 4017 erant,
3047 3950 3101 4006 id
3128 3961 3235 4020 cst,
3259 3968 3329 4010 ex
3361 3970 3582 4012 numero
3606 3954 3782 4027 reprobo

2262 4055 2407 4105 rum,
2441 4041 2530 4109 qui
2563 4056 2667 4110 per
2688 4056 2841 4099 mare
2871 4042 3249 4115 designantur,
3282 4056 3338 4103 et
3376 4049 3469 4119 qui
3493 4059 3607 4104 ante
3630 4062 3781 4118 percep

2264 4132 2469 4189 tionem
2500 4132 2663 4204 Legis
2697 4135 2833 4203 vivi,
2870 4136 2924 4191 id
2964 4146 3071 4202 est,
3097 4137 3235 4209 justi
3264 4140 3607 4209 videbantur,
3632 4149 3780 4208 accepta

2260 4223 2428 4297 Lege,
2463 4227 2611 4298 quod
2635 4227 2827 4298 injusti
2857 4228 3088 4298 fuerint,
3120 4247 3187 4287 ex
3220 4236 3657 4303 praevaricatione
3678 4232 3781 4301 Legis

2260 4319 2675 4389 comprobatum
2709 4330 2816 4377 est.
2848 4321 2990 4379 Sunt
3020 4323 3184 4380 etiam
3215 4326 3384 4383 modo
3411 4329 3563 4383 multi
3584 4328 3629 4383 in
3654 4326 3781 4382 Eccle-

2258 4413 2337 4468 sia
2362 4454 2377 4481 ,
2408 4413 2500 4485 qui
2548 4421 2841 4486 antequam
2888 4416 2956 4472 ad
2998 4417 3239 4475 honores
3282 4421 3686 4488 ecclesiasucos,
3711 4419 3781 4473 sire

2258 4510 2553 4567 saeculares
2577 4511 2977 4580 conscendant,
3001 4515 3177 4570 sancti
3207 4524 3263 4571 et
3285 4516 3425 4586 justi
3454 4517 3677 4574 videntur
3695 4534 3705 4569 :
3726 4528 3782 4568 ve-

546 4609 673 4651 esse
712 4595 1129 4653 irrcvocabilem
1150 4638 1167 4663 ,
1202 4604 1260 4652 ut
1287 4594 1436 4651 nullo
1464 4594 1631 4652 modo
1672 4595 1742 4651 ab
1782 4594 2157 4666 iniquitatibus
2181 4578 2235 4638 Ῑ)
2263 4617 2383 4657 rum
2411 4603 2651 4673 acceptis
2677 4578 3007 4671 honoribus,
3034 4604 3164 4662 dum
3196 4578 3408 4665 donum
3438 4610 3531 4666 Dei
3564 4611 3613 4665 in
3641 4608 3781 4663 malum

543 4690 662 4746 suis
682 4689 886 4762 corrigi
917 4691 1111 4761 possit.
1141 4690 1331 4762 Itaque
1361 4689 1454 4760 qui
1494 4689 1869 4747 irrevocabilis
1892 4698 1974 4745 est
1994 4730 2011 4757 ,
2041 4704 2157 4747 me-

542 4784 913 4841 dicamentum
942 4784 1278 4855 poenitentiae
1304 4801 1414 4841 non
1441 4785 1688 4856 requirit,
1722 4785 1860 4841 sicut
1887 4792 1945 4841 et
1969 4785 2156 4841 diabo-

540 4875 627 4933 lus
641 4877 711 4933 ab
740 4878 845 4933 hoc
876 4876 1277 4934 medicamento
1305 4878 1517 4935 alienus
1542 4878 1748 4934 existit.
1774 4878 1918 4950 Ergo
1942 4878 2034 4949 qui
2056 4894 2155 4949 per

543 4969 848 5028 doctrinam
879 4979 1195 5028 sanctorum
1215 4971 1439 5027 Patrum
1466 4986 1495 5024 a
1525 4970 1823 5027 sceleribus
1848 4971 1962 5026 suis
1990 4986 2151 5027 revo-

539 5067 657 5126 cari
690 5082 796 5124 non
826 5074 1144 5138 potuerunt,
1177 5065 1559 5121 characterem
1584 5064 1793 5120 diaboli
1820 5065 2148 5136 habuerunt,

539 5160 634 5228 qui
661 5156 1052 5230 incorrigibilis
1077 5165 1133 5212 et
1159 5156 1512 5228 impaenitens
1536 5167 1870 5226 perseverat.
1890 5157 1999 5214 Sed
2024 5160 2149 5230 quia

545 5252 648 5310 hoc
674 5252 830 5321 vitio,
869 5261 1060 5307 nostro
1089 5258 1371 5322 tempore,
1415 5249 1574 5305 multi
1605 5250 1892 5318 laborant,
1925 5267 2151 5310 necesse

542 5358 627 5403 est
651 5355 711 5402 ut
739 5346 809 5402 de
830 5345 1202 5416 magnitudine
1225 5344 1348 5417 ejus
1370 5345 1549 5416 aliqua
1570 5344 1841 5413 dicamus;
1872 5363 1999 5404 nam
2028 5358 2156 5405 sunt

543 5438 791 5495 nonnulli
812 5437 884 5492 ita
912 5437 1332 5506 irrevocabiles,
1364 5448 1425 5495 ut
1454 5438 1703 5509 quamvis
1729 5439 1903 5496 sciant
1929 5457 2149 5512 pravam

539 5547 668 5589 esse
694 5531 1049 5588 assertionem
1091 5548 1246 5589 suam
1266 5574 1284 5601 ,
1316 5532 1469 5590 nullo
1512 5533 1672 5589 modo
1698 5534 1769 5590 ab
1798 5550 1862 5592 ea
1902 5539 2152 5594 revocari

544 5623 787 5698 possint,
820 5622 1077 5680 timentes
1102 5626 1249 5681 vlnci
1277 5626 1347 5682 ab
1371 5625 1720 5695 hominibus;
1746 5637 1804 5685 et
1828 5644 1896 5686 ne
1926 5633 2151 5688 convin-

618 5748 658 5845 ἶ
686 5752 963 5845 Είῇιοέμςο,
983 5762 1120 5845 quod
1145 5763 1290 5845 ipsa,
1318 5764 1374 5845 id
1397 5774 1505 5837 est,
1536 5766 1773 5824 diabolus
1815 5769 1885 5823 sit
1922 5780 2139 5841 auctor;

549 5837 707 5896 tnss.,
739 5842 797 5883 eo
825 5827 963 5900 quod
991 5829 1102 5901 ipse
1127 5827 1195 5888 sit
1216 5827 1417 5891 auctor.

2261 4703 2623 4764 pervertunt,
2649 4696 2795 4767 quod
2819 4696 3022 4754 mortui
3045 4710 3102 4754 et
3129 4714 3237 4756 non
3269 4701 3379 4757 vivi
3412 4704 3635 4770 fuerint,
3660 4700 3781 4758 omni-

2259 4785 2363 4842 bus
2392 4795 2561 4856 patet.

2333 4881 2513 4953 (Vers.
2538 4880 2621 4954 4.)
2651 4883 2717 4938 Et
2739 4886 2923 4942 tertius
2943 4885 3129 4954 emittit
3150 4887 3388 4960 phialam
3412 4907 3559 4947 suam
3576 4908 3702 4967 super
3720 4890 3782 4959 ﬂi-

2258 4975 2401 5029 mina
2419 5016 2436 5042 ,
2470 4984 2519 5031 et
2546 4992 2702 5049 super
2732 4980 2901 5050 fontes
2926 4996 3180 5051 aquarum
3198 5024 3213 5049 ,
3247 4993 3298 5039 et
3321 4984 3498 5053 factus
3518 4994 3588 5041 est
3616 4984 3777 5054 mugiit-

2257 5070 2366 5127 lste
2396 5073 2623 5141 angelus
2664 5074 2963 5146 prophetas
3002 5078 3285 5151 designat,
3330 5097 3431 5152 per
3474 5082 3777 5137 nominavero

2257 5163 2544 5235 fontesque
2574 5180 2841 5236 aquarum
2869 5168 3159 5227 duodecim
3191 5172 3365 5228 tribus
3397 5190 3521 5230 cum
3550 5173 3645 5229 suis
3669 5170 3776 5225 lami-

2256 5256 2345 5313 liis
2375 5258 2763 5331 designantur;
2792 5278 2917 5318 nam
2951 5273 3006 5320 et
3031 5265 3084 5318 in
3126 5267 3461 5336 praecedenti
3509 5268 3690 5323 visione
3716 5276 3776 5333 per

2254 5354 2475 5409 tertium
2504 5355 2760 5426 angelum
2790 5358 2919 5412 tuba
2944 5368 3235 5416 canentem
3275 5363 3571 5433 prophetas
3607 5361 3776 5417 diximus

2254 5444 2424 5503 fuisse
2448 5446 2787 5518 designatos.
2816 5447 2845 5487 δ
2875 5448 2987 5506 Sed
3020 5451 3094 5507 ibi
3124 5455 3279 5509 tertia
3303 5471 3432 5526 pars
3462 5456 3706 5512 ﬂuminum
3726 5461 3775 5503 al-

2252 5556 2359 5611 que
2402 5540 2638 5597 fontium
2683 5557 2844 5600 versa
2874 5559 2999 5602 esse
3042 5546 3243 5619 legitur
3267 5549 3320 5604 in
3346 5549 3691 5623 absynthium,
3713 5560 3775 5618 per

2253 5649 2416 5705 quam
2440 5649 2538 5691 eos
2567 5635 2661 5706 qui
2686 5650 2787 5708 per
2816 5637 3124 5697 doctrinam
3169 5642 3552 5715 prophetarum
3580 5640 3775 5699 amaritu-

2278 5848 2289 5859 _
2320 5774 2347 5814 ι)
2386 5775 2590 5859 Omn_es
2619 5778 2778 5859 edit,
2808 5779 2917 5838 Sed
2944 5783 3014 5839 ibi
3036 5801 3157 5856 pars
3182 5786 3459 5857 ﬂuminum
3481 5803 3502 5844 :
3528 5800 3683 5845 mss...
3708 5791 3776 5835 trt-

2250 5851 2325 5903 tia
2348 5864 2471 5920 pars
2497 5851 2788 5921 ﬂuminum.
