3950 6314
126 294 227 352 905

122 413 300 469 dinem
322 412 656 483 poenitentiae
681 429 1116 491 assumpserunt,
1133 436 1296 496 atque
1314 446 1414 507 per
1438 445 1558 487 eam
1589 433 1724 488 salvi

121 521 240 562 esse
271 518 621 576 meruerunt,
650 510 889 570 diximus
915 514 1083 574 fuisse
1115 521 1474 594 designatos:
1507 527 1596 583 hic
1623 543 1720 584 au-

119 609 222 656 tem
255 602 306 654 in
329 602 594 660 eﬁ‘usione
621 605 820 675 phiala:
842 611 986 666 tertii
1006 615 1184 684 angeli
1208 615 1430 673 ﬁumina
1457 629 1514 675 et
1535 622 1717 681 fontes

114 694 167 750 in
184 698 498 766 sanguinem
524 713 785 756 conversa
806 701 1265 778 fuisseleguntnr.
1294 715 1532 785 Angelus
1554 717 1716 787 igitur

114 789 347 860 phialam
371 806 523 847 suam
553 807 720 864 super
747 794 972 854 ﬁumina
1001 811 1055 857 et
1083 804 1260 861 fontes
1288 822 1565 877 aquarum‘
1583 811 1715 866 eﬁ'u-

113 881 212 947 dit,
245 883 466 954 quando
499 886 781 957 prophette
811 895 989 948 sancti
1037 894 1207 967 impio
1233 900 1441 970 populo
1487 903 1711 960 verbum

114 977 208 1032 Dci
241 980 710 1038 annuntiaverunt
750 1002 765 1036 :
811 985 907 1042 sed
939 987 1018 1042 illi
1051 1005 1117 1045 ex
1151 993 1546 1062 prazdicatione
1583 1013 1714 1055 sau-

109 1079 317 1126 clorum
347 1075 523 1130 multo
541 1075 850 1135 deteriores
881 1079 1086 1151 effecti,
1119 1100 1226 1141 non
1249 1089 1430 1143 solum
1457 1093 1713 1149 mandata

110 1163 200 1220 Dei
233 1174 720 1238 contempserunt,
745 1173 841 1228 sed
863 1183 918 1230 et
947 1175 1096 1247 ipsos
1124 1180 1278 1236 verbi
1306 1182 1403 1238 Dei
1429 1185 1711 1244 ministros

105 1259 441 1315 occiderunt.
475 1262 534 1318 In
561 1266 886 1336 sanguinem
915 1285 1046 1326 vero
1073 1274 1219 1328 versi
1252 1287 1414 1344 sunt;
1446 1280 1571 1349 quia
1605 1282 1709 1352 ipsi

103 1351 438 1422 sibimetpsis
467 1367 700 1412 mortem
729 1371 1050 1432 perpetuam
1080 1365 1405 1425 intulerunt.

175 1446 356 1514 (Vers.
381 1448 436 1516 5,
461 1447 545 1522 6.)
562 1449 629 1504 Et
654 1453 832 1508 audivi
856 1456 882 1483 “
905 1459 1149 1529 angelum
1165 1474 1408 1530 quartum
1423 1464 1703 1521 dicentem:

102 1535 284 1593 Justus
312 1556 364 1595 es
383 1582 397 1607 ,
428 1541 516 1612 qui
545 1559 598 1598 es
617 1584 632 1608 ,
663 1553 711 1598 et
737 1547 828 1614 qui
855 1564 969 1603 eras
996 1561 1210 1608 sanctus
1231 1594 1244 1619 ,
1277 1556 1399 1623 quia
1426 1557 1534 1612 luec
1562 1559 1709 1627 iudi-

100 1632 257 1697 casti;
284 1633 408 1702 quia
437 1636 741 1707 sanguinem
769 1651 1070 1696 sanctorum
1096 1657 1144 1699 et
1177 1648 1554 1716 prophetarum
1573 1650 1706 1718 eﬂ'u-

102 1723 327 1790 derunt,
371 1733 418 1780 et
444 1727 752 1798 sanguinem
794 1732 866 1786 eis
896 1733 1084 1789 dedisti
1123 1735 1294 1794 bibere
1320 1782 1334 1806 ,
1379 1742 1520 1810 quod
1560 1743 1706 1815 digni

97 1824 235 1869 sunt.
265 1815 559 1874 Possumus
585 1835 686 1890 per
707 1825 962 1895 angelum
989 1840 1240 1897 quartum
1270 1835 1522 1904 angelum
1554 1836 1703 1892 illius
1732 1856 1782 1917 Β

98 1909 282 1979 populi
315 1910 646 1984 intelligere,
670 1916 762 1986 qui
790 1917 985 1975 videns
1009 1922 1158 1991 justo
1183 1925 1278 1981 Dei
1301 1927 1511 1996 judicio
1532 1945 1707 2001 popu-

97 2003 204 2058 lum
236 2002 478 2074 iniquum
503 2021 628 2064 esse
661 2008 1002 2082 damnatum,
1048 2016 1237 2074 laudat
1262 2022 1590 2078 sententiam
1615 2023 1706 2094 ju-

97 2095 396 2152 stissimam
457 2099 552 2155 Dei
602 2103 1019 2174 omnipotentis.
1086 2108 1157 2162 Et
1208 2111 1334 2180 quia
1384 2116 1705 2184 sanguinem

97 2198 415 2246 sanctorum
465 2200 522 2247 et
573 2195 968 2266 prOphetarum
1026 2199 1328 2271 fuderunt,
1384 2208 1704 2278 sanguinem

95 2281 386 2350 biberunt;
431 2286 556 2357 quia
584 2303 682 2358 pro
727 2301 906 2349 morte
947 2297 1268 2365 temporali,
1329 2314 1494 2368 quam
1533 2301 1704 2372 justis

94 2375 441 2443 intulerunt,
474 2391 708 2438 mortem
741 2394 1060 2458 perpetuam
1089 2403 1440 2462 receperunt.

165 2469 351 2540 (Vers.
385 2471 465 2544 7.)
495 2471 520 2510 ι)
551 2472 617 2528 Et
643 2476 821 2531 audivi
849 2480 1003 2534 etiam
1031 2482 1200 2538 altare
1225 2484 1401 2541 dicens
1423 2502 1443 2541 :
1481 2486 1705 2546 Domine

96 2560 234 2617 Deus
264 2565 616 2636 omnipotens,
642 2583 765 2624 uera
789 2581 837 2625 et
853 2573 1004 2641 justa
1020 2575 1232 2647 judicia
1262 2586 1369 2632 tua.
1405 2579 1705 2640 Possumus

94 2671 189 2726 pcr
209 2658 385 2714 altare
413 2670 634 2718 sanctos
663 2664 814 2722 viros
843 2667 936 2736 qui
964 2684 1031 2724 eo
1061 2678 1309 2743 tempore
1341 2672 1586 2745 fuerunt,
1622 2679 1708 2734 in-

96 2751 379 2823 telligere;
409 2754 503 2824 qui
547 2754 916 2814 laudaverunt
945 2759 1152 2830 justum
1176 2763 1442 2834 judicium
1472 2769 1603 2838 Dei,
1637 2785 1705 2828 eo

93 2843 236 2911 quod
264 2843 438 2915 impio
481 2848 687 2918 populo
725 2848 1090 2919 justissimam
1119 2854 1525 2916 damnationem
1557 2863 1704 2919 intu-

95 2935 238 3004 lerit,
273 2937 422 2993 sicut
450 2938 678 3010 legimus
711 2943 997 3002 Danielem
1030 2958 1086 3005 et
1119 2960 1230 3006 tres
1257 2967 1456 3022 pueros
1484 2954 1700 3013 fecisse.

164 3029 356 3099 (Vers.
385 3032 442 3099 8,
471 3032 553 3104 9.)
583 3033 651 3090 Et
677 3048 891 3108 quartus
919 3041 1148 3112 phialam
1176 3062 1323 3101 suam
1347 3046 1532 3115 e/Tudit
1551 3051 1604 3106 in
1627 3068 1706 3107 so-

94 3124 275 3192 lem,et
304 3127 487 3182 datum
507 3138 581 3184 est
601 3130 685 3185 illi
704 3126 834 3188 astu
858 3145 880 3174 ο
905 3135 1118 3206 afﬁcere
1143 3139 1398 3210 homines,
1416 3154 1466 3199 et
1487 3146 1618 3217 igni.
1635 3145 1705 3201 Et

93 3229 441 3275 testuaverunt
467 3221 703 3280 homines
731 3235 861 3282 testu
890 3239 1110 3303 magno,
1140 3243 1188 3286 et
1218 3233 1702 3306 blasphemauerunt
1729 3255 1776 3322 ο

92 3327 278 3367 nomen
309 3313 408 3369 Dei
431 3313 666 3372 habentis
689 3329 990 3390 potestatem
1012 3340 1170 3395 super
1198 3327 1292 3382 has
1315 3329 1518 3402 plagas;
1541 3349 1706 3404 neque

92 3416 302 3475 egerunt
333 3409 723 3480 paenitentiam,
763 3423 819 3468 ut
839 3415 1040 3470 darent
1073 3403 1153 3472 illi
1190 3420 1434 3493 gloriam.
1465 3423 1704 3493 Quartus

91 3501 323 3572 angelus
342 3500 619 3560 Christum
647 3514 704 3562 et
729 3510 1013 3578 apostolos
1034 3511 1176 3582 ejus,
1195 3525 1536 3588 caeterosque
1561 3534 1702 3590 pra:-

91 3592 374 3652 dicatores
402 3597 696 3668 signiﬁcat,
721 3609 781 3656 ut
799 3612 1054 3672 quartum
1076 3606 1328 3674 angelum
1353 3607 1408 3664 in
1431 3611 1702 3681 superiori

89 3690 305 3748 visione
335 3692 679 3768 significasse
716 3695 955 3752 diximus
986 3715 998 3752 :
1031 3699 1128 3754 sed
1159 3700 1232 3756 ibi
1267 3717 1364 3772 per
1393 3705 1567 3761 solem
1607 3721 1704 3777 po-

89 3784 253 3854 pulus
279 3784 628 3854 Judaaorum,
662 3803 761 3858 per
790 3790 1010 3846 tertiam
1053 3803 1260 3862 partem
1294 3796 1426 3852 solis
1463 3807 1518 3854 et
1557 3798 1701 3856 lunas

89 3887 253 3950 atque
284 3880 574 3936 stellarum
617 3881 812 3940 ﬁdeles
849 3886 942 3956 qui
976 3901 1049 3943 ex
1082 3887 1176 3943 illo
1215 3890 1419 3961 populo
1461 3893 1512 3948 in
1539 3894 1702 3951 Chri-

88 3979 234 4027 stum
253 3972 636 4041 crediderunt,
654 3974 1031 4047 designantur.
1047 3979 1288 4046 Quartus
1301 3981 1464 4054 igitur
1477 3986 1704 4057 angelus

90 4067 336 4136 phialam
357 4085 510 4126 suam
537 4071 589 4126 in
613 4071 785 4130 solem
812 4074 1003 4130 eﬁ'udit
1021 4092 1035 4142 ;
1055 4078 1182 4148 quia
1205 4076 1459 4135 Christus
1480 4089 1536 4135 et
1571 4096 1703 4152 apo-

91 4165 222 4220 stoli
243 4165 392 4237 ejus,
407 4167 551 4237 quod
569 4167 908 4239 impiiJudaai
931 4185 960 4226 a
979 4171 1242 4229 Romanis
1255 4174 1698 4245 delendiessent,

88 4257 303 4327 apertis
335 4259 564 4316 vocibus
591 4259 984 4331 praedixerunt.
1008 4262 1142 4319 Nam
1166 4265 1306 4321 sicut
1328 4266 1558 4337 quilibet
1586 4283 1701 4324 ser-

88 4363 190 4404 vus
222 4350 426 4422 accipit
462 4366 492 4406 a
526 4352 764 4408 Domino
812 4368 913 4410 suo
953 4355 1192 4426 gladium
1214 4401 1227 4423 ,
1259 4375 1364 4415 non
1397 4360 1541 4417 unde
1580 4360 1702 4432 ipse

80 4441 394 4515 juguletur,
429 4443 527 4501 sed
573 4445 716 4502 unde
764 4461 920 4503 reum
957 4445 1208 4521 jugulet:
1244 4450 1316 4507 ita
1368 4461 1424 4509 et
1470 4453 1701 4509 Romani

85 4535 419 4593 eﬁ‘usionem
449 4537 668 4610 phialae,
704 4538 758 4595 in
785 4555 891 4611 qua
919 4541 1001 4597 ira
1029 4542 1126 4598 Dei
1155 4546 1559 4609 continebatur.
1591 4561 1700 4603 non

873 301 942 358 IN
979 303 1462 369 APOCALYPSIN
1504 311 1890 376 EXPOSITIO.
1935 317 2025 378 DE
2066 322 2338 387 VISIONE
2377 331 2660 401 QUINTA.

3319 351 3426 409 906

1751 442 1801 502 Α
1831 449 1860 490 a
1890 452 1987 493 sua
2017 448 2158 497 terra
2188 447 2509 506 cvellerent.
2543 452 2611 507 Et
2645 465 2991 515 wstuaverunt
3021 462 3256 520 homines
3296 479 3430 524 aestu

1821 547 2030 602 magno.
2063 535 2236 604 Quam
2265 556 2494 612 magnus
2524 544 2690 602 fuerit
2718 550 2810 606 ille
2835 562 3021 618 ωεωε,
3049 571 3158 626 quo
3189 558 3421 616 Romani

1817 621 2040 680 Judmos
2057 628 2393 700 afﬂixerunt,
2419 638 2510 706 qui
2533 640 2648 694 vult
2673 642 2836 711 scire,
2860 621 3158 718 Josephum
3183 652 3348 723 legat,
3367 666 3424 711 et

1817 714 2064 776 inveniet
2089 724 2290 780 nullam
2320 740 2538 798 gentem
2571 734 2624 789 in
2648 739 2903 796 omnibus
2931 745 3112 813 regnis
3146 758 3417 806 terrarum

1816 812 2054 868 atrocius
2080 817 2310 885 periisse
2338 821 2438 892 (De
2467 825 2600 880 bello
2622 828 2894 906 Iudaico).
2931 835 3419 912 Etblasphemave-

1816 912 1937 958 runt
1969 923 2154 963 nomen
2179 908 2278 966 Dei
2307 913 2539 973 habentis
2572 932 2874 991 potestatem
2901 946 3058 1000 super
3085 908 3178 989 has
3209 939 3416 1010 plagas.

1817 995 1948 1053 Tam
1977 1000 2136 1071 impia
2167 1003 2268 1060 fuit
2306 1022 2443 1078 gens
2481 1011 2827 1087 Iudaeorum,
2856 1032 2912 1077 ut
2954 1040 3074 1081 cum
3119 1031 3327 1088 scirent
3354 1051 3417 1092 se

1815 1105 1916 1160 pro
1935 1093 2235 1153 sceleribus
2263 1101 2377 1156 suis
2409 1104 2649 1162 inaudita
2674 1113 2815 1166 mala
2844 1119 3078 1186 perpeti,
3105 1138 3210 1178 non
3239 1126 3414 1182 solum

1815 1200 1846 1239 a
1892 1187 2246 1260 blasphemiis
2289 1197 2489 1255 Christi
2539 1219 2645 1259 non
2693 1212 3059 1278 cessaverint,
3105 1217 3202 1271 sed
3245 1220 3412 1275 etiam

1814 1280 1985 1336 multo
2015 1283 2319 1344 deteriores
2362 1292 2730 1364 blasphemias
2770 1302 2822 1356 in
2869 1306 2983 1360 suis
3023 1308 3417 1370 afflictionibus

1812 1384 2000 1430 contra
2029 1377 2199 1435 Deum
2237 1390 2599 1443 evomuerint.
2638 1389 2792 1448 Unde
2828 1405 2883 1450 et
2911 1401 3152 1469 sequitur
3185 1426 3198 1460 :
3235 1405 3415 1478 Neque

1811 1480 2021 1536 egerunt
2066 1475 2446 1548 paenitentiam,
2489 1493 2543 1537 ut
2582 1484 2766 1541 darent
2810 1489 2893 1544 illi
2930 1493 3186 1565 gloriam;
3219 1475 3416 1559 darent

1810 1573 2046 1632 namque
2075 1565 2186 1622 Deo
2211 1569 2440 1638 gloriam
2463 1616 2476 1639 ,
2509 1576 2554 1630 si
2583 1593 2647 1632 ex
2677 1580 2787 1635 suis
2823 1581 3204 1653 iniquitatibus
3237 1597 3414 1660 poeni-

1812 1655 2037 1712 tentiam
2079 1671 2302 1730 agentes
2345 1670 2396 1721 in
2443 1667 2718 1730 Christum
2764 1677 3156 1750 credidissent,
3184 1655 3414 1761 ejusque

1809 1750 2061 1807 mandata
2089 1759 2478 1818 custodissent.

1883 1845 2062 1916 (Vers.
2092 1851 2179 1917 10,
2207 1853 2320 1925 ll.)
2353 1855 2423 1911 Et
2452 1861 2658 1927 quintus
2680 1863 2862 1931 e/fudit
2892 1870 3126 1938 phialam
3155 1892 3304 1931 suam
3324 1895 3416 1934 su-

1810 1955 1900 2009 per
1925 1943 2098 1997 sedem
2123 1945 2326 2015 bestiw,
2359 1961 2410 2004 et
2449 1953 2647 2022 factum
2671 1970 2748 2014 est
2786 1977 2999 2034 regnum
3035 1970 3149 2039 ejus
3184 1973 3415 2028 tenebro-

1808 2045 1923 2084 sum
1946 2049 1966 2086 :
1985 2044 2035 2087 et
2055 2041 2614 2102 commanducarerunt
2635 2050 2839 2122 linguas
2863 2072 2985 2111 suas
3007 2076 3114 2127 pra:
3136 2062 3335 2130 dolore,
3363 2076 3414 2121 et

1809 2121 2286 2195 blasphemaverunt
2310 2134 2476 2191 Deum
2495 2143 2608 2196 coeli
2631 2121 2739 2213 pra:
2760 2121 3026 2207 doloribus
3048 2165 3094 2207 et
3115 2121 3412 2215 uulneribus

1806 2219 1951 2285 suis;
1991 2232 2039 2276 et
2077 2241 2180 2280 non
2224 2243 2434 2300 egerunt
2485 2238 2837 2304 paenitentiam
2885 2262 2950 2300 ea:
2993 2250 3236 2315 operibus
3275 2256 3405 2311 suis.

1807 2308 2043 2378 Quintus
2071 2319 2296 2388 angelus
2332 2323 2666 2384 orthodoxos
2707 2343 2888 2400 patres
2931 2338 3020 2406 qui
3069 2352 3256 2397 contra
3301 2345 3413 2401 hac-

1807 2405 2008 2462 reticos
2047 2408 2477 2485 dimicaverunt,
2511 2421 2814 2492 signiﬁcat,
2847 2405 3303 2500 quemadmodum
3355 2451 3410 2496 ct

1806 2493 1956 2551 illum
1985 2497 2221 2558 diximus
2261 2506 2632 2582 signiﬁcasse,
2666 2518 2759 2587 qui
2790 2519 2842 2574 in
2885 2526 3158 2593 superiori
3194 2531 3410 2590 visione

1806 2588 2026 2657 quintus
2056 2594 2180 2650 tuba
2209 2599 2408 2656 cecinit
2437 2603 2597 2676 (ευρ.
2631 2623 2748 2681 cap.
2783 2611 2864 2682 9).
2902 2588 2968 2670 Et
2994 2619 3139 2676 sicut
3165 2621 3278 2679 illic
3308 2588 3409 2695 per

1805 2682 2042 2746 locustas
2084 2689 2322 2752 haeretici
2364 2698 2634 2772 designati
2683 2718 2841 2777 sunt,
2869 2713 2938 2769 ita
2964 2726 3034 2772 et
3077 2718 3165 2776 hic
3193 2737 3291 2792 per
3311 2682 3414 2783 Isc-

1805 2776 1927 2833 dem
1984 2778 2173 2839 bestiae
2231 2787 2472 2848 lueretici
2525 2776 2885 2869 designantur
2929 2823 2944 2860 :
2997 2776 3408 2874 bestia-autem

1804 2869 2080 2969 diabolum
2128 2879 2416 2949 signiﬁcat.
2455 2886 2587 2945 Jure
2633 2891 2799 2963 igitur
2829 2898 3071 2960 haeretici
3115 2869 3405 2969 sedeshe:

1807 2965 2234 3061 sliat-dicuntur;
2268 2977 2394 3046 quia
2427 2979 2479 3034 in
2526 2997 2714 3041 eorum
2741 2991 3000 3050 cordibus
3039 2975 3292 3058 diabolus
3325 3008 3406 3061 in-

1805 3046 2042 3108 habitat.
2070 3055 2302 3125 Quintus
2329 3062 2495 3134 igitur
2524 3073 2752 3142 angelus
2794 3046 3414 3161 phialam

1804 3143 1993 3200 sedem
2042 3148 2230 3206 bestia:
2271 3154 2497 3224 eﬁ'udit;
2541 3164 2668 3233 quia
2715 3171 2891 3226 sancti
2918 3174 3018 3230 viri
3049 3193 3268 3239 errores
3296 3143 3407 3241 hrrn-

1805 3237 2096 3295 reticorum
2124 3242 2473 3316 detegentes,
2507 3270 2628 3323 quae
2660 3272 2821 3328 paena
2845 3264 2959 3321 illis
2998 3267 3261 3343 instaret,
3289 3293 3409 3332 ma-

1806 3328 2065 3390 nifestare
2085 3337 2435 3398 studuerunt.
2462 3344 2689 3404 Factum
2722 3362 2808 3409 est
2833 3371 2963 3414 vero
2983 3361 3142 3436 561
3178 3328 3407 3440 regni—nn

1805 3423 1923 3494 ejus
1955 3429 2333 3501 tenebrosum;
2364 3439 2492 3507 quia
2523 3441 2632 3496 illis
2661 3446 2856 3516 quibus
2899 3423 3145 3511 daturin?)
3192 3423 3414 3520 haereti-

1805 3533 1991 3576 corum
2013 3522 2216 3595 fulgida
2235 3529 2645 3606 videbatur,per
2659 3539 3295 3612 doctrinam'sanctorum
3315 3559 3410 3612 Pa-

1807 3618 1972 3681 trum,
1996 3617 2144 3686 quod
2164 3620 2360 3676 misera
2384 3634 2440 3680 et
2465 3629 2760 3687 tenebrosa
2782 3647 2950 3702 esset,
2969 3640 3409 3707 demonstratum

1806 3712 1911 3761 est.
1939 3703 2512 3772 Commanducauerunt
2531 3720 2740 3793 linguas
2760 3743 2882 3782 suas
2908 3748 3018 3811 ρνςε
3041 3735 3259 3796 dolore:
3281 3703 3408 3812 quia

1804 3796 2000 3869 singuli
2042 3803 2378 3873 singulorum
2421 3825 2639 3869 errores
2670 3805 3180 3895 reprehendebant;
3210 3829 3236 3869 ἀ
3280 3796 3405 3892 nam

1804 3903 1981 3961 neque
2009 3895 2170 3951 Arius
2198 3897 2524 3959 Eunomium
2555 3918 2806 3979 secutus,
2833 3914 2917 3970 vel
2949 3916 3247 3980 Sabellium
3266 3967 3282 3994 ,
3318 3931 3409 3986 vel

1805 3998 2133 4056 quemquam
2167 3989 2414 4059 illorum;
2452 4010 2627 4068 neque
2658 4000 2734 4056 illi
2766 4003 2918 4061 illum
2947 4025 2960 4062 :
2989 4011 3084 4066 sed
3112 3989 3406 4088 unusquis-

1805 4091 1910 4148 que
1933 4077 2186 4138 hasresim
2213 4088 2630 4156 suam_stahilire
2660 4093 2871 4164 volens,
2902 4109 3223 4163 cancrorum
3253 4077 3407 4168 erro-

1805 4184 1893 4225 res
1922 4174 2375 4243 reprehendebat.
2400 4181 2502 4248 Qui
2530 4185 2691 4242 etiam
2716 4187 2886 4247 Deum
2910 4169 3022 4265 pra:
3045 4197 3326 4263 doloribus
3352 4221 3410 4266 et

1807 4263 2122 4324 vulneribus
2175 4271 2288 4328 suis
2335 4274 2746 4347 blasphemasse
2797 4263 3088 4361 dicuntur;
3143 4263 3409 4362 dolebant

1803 4358 2006 4431 quippe
2036 4361 2314 4435 haeretici,
2347 4383 2415 4425 eo
2443 4372 2590 4442 quod
2629 4390 2662 4430 a
2698 4377 2983 4440 catholicis
3021 4386 3154 4446 viris
3187 4409 3407 4468 semper

1804 4454 2258 4515 convincerentur
2293 4479 2306 4515 ζ
2349 4463 2578 4522 vulnera
2608 4483 2741 4527 vero
2783 4486 2971 4532 eorum
3003 4491 3159 4538 erant
3187 4454 3408 4548 CH'O}CS

1803 4545 2166 4618 singulorum.
2226 4552 2683 4626 Blasphemabant
2746 4578 2878 4621 vero
2929 4567 3175 4631 haeretici
3230 4545 3400 4639 Deum

84 4629 154 4684 ad
202 4631 312 4687 hoc
342 4642 734 4702 susceperunt,
763 4642 826 4688 ut
849 4634 954 4705 ipsi
998 4635 1053 4691 in
1088 4650 1151 4692 ea
1182 4638 1458 4708 perirent,
1503 4639 1599 4695 sed
1630 4639 1697 4696 ad
1725 4653 1780 4715 D
1805 4653 1917 4708 prae
1943 4640 2226 4701 doloribus
2253 4646 2400 4713 suis;
2425 4649 2552 4718 quia
2581 4662 2786 4721 quanto
2815 4661 3046 4730 amplius
3066 4680 3096 4721 a
3119 4669 3417 4732 catholicis

83 4725 482 4781 vindicandum
513 4727 715 4783 Christi
743 4730 1064 4801 sanguinem
1107 4731 1162 4786 in
1201 4731 1420 4788 Judaeos
1447 4731 1696 4790 effunde-

81 4827 243 4884 rent;
277 4819 424 4874 unde
450 4827 508 4876 ct
527 4820 779 4891 sequitur
803 4839 816 4876 :
844 4821 983 4890 Quia
1013 4823 1192 4877 datum
1214 4833 1286 4878 est
1315 4825 1391 4879 illi
1419 4835 1550 4880 aestu
1578 4826 1697 4898 afﬁ~

79 4927 200 4966 cere
246 4911 482 4966 homines
514 4924 561 4968 et
602 4914 728 4984 igni.
762 4914 1060 4973 Possumus
1091 4933 1187 4986 per
1227 4927 1420 4974 aestum
1459 4919 1698 4975 obsidio-

80 5020 247 5072 nem,
285 5021 382 5077 per
426 5007 604 5078 ignem
635 5017 816 5065 autem
861 5009 1058 5066 famem
1101 5021 1156 5068 et
1194 5013 1465 5084 gladium,
1495 5016 1698 5086 quibus

77 5098 264 5155 ειυάωί
297 5114 438 5170 pene
452 5117 641 5157 omnes
660 5105 966 5174 consumpti
991 5113 1140 5171 sunt,
1158 5105 1482 5176 intelligere.
1499 5107 1692 5163 Datum

79 5203 166 5250 est
192 5208 336 5265 ergo
362 5195 466 5250 soli
499 5194 724 5252 afﬁcere
753 5195 1001 5254 homines
1022 5206 1158 5252 aestu
1189 5209 1244 5254 et
1272 5199 1414 5269 igni;
1437 5199 1562 5270 quia
1586 5199 1696 5254 Ro-

78 5286 268 5342 manis
301 5284 490 5342 datum
521 5296 607 5343 est
637 5303 667 5343 a
707 5288 849 5356 Deo,
894 5297 952 5344 ut
993 5289 1188 5360 impios
1216 5290 1434 5347 Iudaeos
1465 5292 1695 5350 diversis

79 5379 498 5437 calamitatibus
518 5379 774 5452 afﬂictos,
793 5381 1060 5453 quosdam
1077 5383 1411 5454 occiderent,
1430 5385 1690 5456 quosdam

156 5587 402 5660 α-ῐῖοηι.
436 5587 591 5660 edit_.,
635 5589 878 5660 angelum
910 5605 1162 5660 aquarum
1187 5589 1440 5645 dicentem
1465 5606 1485 5645 :
1515 5588 1702 5646 Justus

78 5677 160 5726 es,
187 5656 489 5713 Domine...
521 5656 808 5747 Posuimus
835 5677 934 5747 per.
947 5656 1190 5747 angelum
1218 5678 1490 5747 aquarum,
1518 5673 1627 5747 etc.

155 5730 186 5769 ι’
229 5730 445 5800 Omnes
471 5731 633 5800 edit.,
661 5731 730 5786 Et
757 5730 934 5786 audivi
957 5749 1125 5788 vocem
1150 5733 1214 5788 de
1235 5730 1392 5789 altari
1414 5735 1666 5790 dicentem
1684 5750 1703 5789 :

91 5801 300 5870 Etiam,
330 5798 551 5857 Domine
563 5818 602 5891 ,ί
617 5798 817 5859 omnes
843 5819 984 5891 mss;
1009 5814 1070 5859 ut
1095 5807 1149 5859 in
1178 5817 1460 5891 cgntextu.
1614 5879 1626 5891 .

172 5886 195 5913 ε
217 5873 304 5929 Ita
337 5887 494 5940 mss.;
516 5873 651 5931 edit.
678 5883 856 5931 autem
880 5873 1008 5932 Gill.
1034 5891 1134 5947 pro
1163 5878 1362 5948 allicere
1385 5878 1440 5935 in
1459 5879 1704 5951 margine

549 5970 824 6033 PATROL.
871 5970 1074 6032 XVII.

1799 4731 1932 4789 viris
1960 4738 2382 4809 superabantur,
2412 4750 2563 4798 tanto
2601 4747 2896 4816 ampliores
2935 4753 3307 4830 blasphemias
3331 4768 3402 4824 ad

1798 4839 1896 4882 eos
1934 4827 2299 4886 revincendos
2351 4833 2707 4893 inveniebant
2748 4858 2760 4892 :
2805 4827 3159 4916 impellebant
3202 4856 3402 4914 nihilo-

1799 4917 1978 4976 minus
2007 4937 2101 4978 eos
2132 4924 2197 4979 ad
2221 4925 2391 4982 Deum
2414 4927 2901 5000 blasphemaudum
2931 4947 3133 5013 proprii
3155 4962 3396 5021 errores,

1799 5027 1936 5083 quos
1968 5015 2383 5083 proﬁtebantur.
2408 5020 2507 5090 Qui
2537 5025 2703 5080 etiam
2730 5028 2851 5085 sine
2882 5033 3200 5100 paenitentia
3229 5015 3398 5099 fuisse

1798 5107 2078 5176 dicuntur;
2107 5111 2193 5168 vix
2210 5113 2354 5168 enim
2376 5115 2610 5187 aliquem
2635 5135 2703 5176 ex
2731 5123 3106 5184 inventoribus
3127 5131 3394 5192 luerosum

1799 5201 2073 5273 invenies,
2105 5207 2194 5277 qui
2243 5209 2619 5278 paenitentiam
2650 5219 2822 5287 egerit
2851 5233 2917 5274 ex
2949 5221 3061 5278 suis
3091 5228 3395 5289 erroribus.

1870 5296 2062 5368 (Vers.
2098 5299 2228 5371 12.)
2260 5301 2328 5356 Et
2355 5315 2530 5361 sextus
2571 5306 2760 5374 e/fudit
2783 5311 3016 5383 phialam
3056 5333 3202 5374 suam
3241 5339 3398 5396 super

1798 5389 1992 5460 ﬂumen
2015 5408 2260 5465 magnum
2288 5394 2617 5470 Euphraten,
2641 5410 2691 5456 et
2725 5403 2932 5459 siccavit
2957 5422 3145 5479 aquam
3172 5389 3325 5487 ejus;
3345 5431 3400 5477 ut

1808 5595 2016 5691 posuit,
2049 5597 2321 5691 afﬂigere,
2351 5601 2494 5684 quod
2523 5601 2681 5691 Rom.
2724 5607 2779 5691 ip
2821 5617 3027 5691 textum
3056 5617 3308 5691 admisit,
3341 5643 3407 5686 ac

1806 5675 2073 5756 praeterea
2097 5678 2289 5736 totum,
2323 5673 2416 5743 qui
2445 5675 2710 5744 sequitur,
2741 5677 3039 5752 Scriptura:
3067 5673 3399 5756 versiculum

1806 5749 2098 5793 ειεεετινη.

1877 5805 1904 5845 d
2118 5813 2531 5903 nequeArius...
2560 5834 2760 5879 errores
2784 5829 3150 5903 reprehendat,
3173 5852 3241 5894 ex
3269 5855 3403 5898 mss.

1806 5879 2058 5938 omnibus
2089 5883 2396 5941 restitutum
2428 5897 2531 5945 est.

2927 5998 3008 6060 29
