  <div class='ocr_page' id='page_1' title='image "/cluster/home/n/w/nwhite01/storage/ocr_20150623/17/hvd.32044015471329/459.png"; bbox 0 0 3950 6314; ppageno 0'>
   <div class='ocr_carea' id='block_1_1' title="bbox 539 341 646 400">
    <p class='ocr_par' dir='ltr' id='par_1_1' title="bbox 539 341 646 400">
     <span class='ocr_line' id='line_1_1' title="bbox 539 341 646 400; baseline -0.028 0"><span class='ocrx_word' id='word_1_1' title='bbox 539 341 646 400; x_wconf 73' lang='lat'><strong>907</strong></span> 
     </span>
    </p>
   </div>
   <div class='ocr_carea' id='block_1_2' title="bbox 1491 319 3783 384">
    <p class='ocr_par' dir='ltr' id='par_1_2' title="bbox 1491 319 3783 384">
     <span class='ocr_line' id='line_1_2' title="bbox 1491 319 3783 384; baseline 0 -1"><span class='ocrx_word' id='word_1_2' title='bbox 1491 321 1584 383; x_wconf 80' lang='lat' dir='ltr'><strong>AD</strong></span> <span class='ocrx_word' id='word_1_3' title='bbox 1619 321 1854 382; x_wconf 73' lang='lat' dir='ltr'><strong>OPERA</strong></span> <span class='ocrx_word' id='word_1_4' title='bbox 1894 319 2137 381; x_wconf 82' lang='lat' dir='ltr'><strong>SANCTI</strong></span> <span class='ocrx_word' id='word_1_5' title='bbox 2180 323 2505 384; x_wconf 80' lang='lat' dir='ltr'><strong>AMBiiOSll</strong></span> <span class='ocrx_word' id='word_1_6' title='bbox 2535 321 2900 384; x_wconf 78' lang='lat' dir='ltr'><strong>APPENDIX.</strong></span> <span class='ocrx_word' id='word_1_7' title='bbox 3708 323 3783 383; x_wconf 71' lang='lat'><strong>908</strong></span> 
     </span>
    </p>
   </div>
   <div class='ocr_carea' id='block_1_3' title="bbox 533 425 3782 531">
    <p class='ocr_par' dir='ltr' id='par_1_3' title="bbox 533 425 3782 531">
     <span class='ocr_line' id='line_1_3' title="bbox 533 425 3782 531; baseline -0.007 -19"><span class='ocrx_word' id='word_1_8' title='bbox 533 462 922 531; x_wconf 61' lang='lat' dir='ltr'><strong>praeparantur</strong></span> <span class='ocrx_word' id='word_1_9' title='bbox 947 452 1028 508; x_wconf 76' lang='lat' dir='ltr'><strong>sia</strong></span> <span class='ocrx_word' id='word_1_10' title='bbox 1053 449 1258 522; x_wconf 75' lang='lat' dir='ltr'><strong>regibus</strong></span> <span class='ocrx_word' id='word_1_11' title='bbox 1282 444 1345 499; x_wconf 82' lang='lat' dir='ltr'><strong>ab</strong></span> <span class='ocrx_word' id='word_1_12' title='bbox 1376 450 1494 499; x_wconf 84' lang='lat' dir='ltr'><strong>ortu</strong></span> <span class='ocrx_word' id='word_1_13' title='bbox 1520 441 1666 497; x_wconf 77' lang='lat' dir='ltr'><strong>solis.</strong></span> <span class='ocrx_word' id='word_1_14' title='bbox 1695 442 1895 497; x_wconf 82' lang='lat' dir='ltr'><strong>Sextus</strong></span> <span class='ocrx_word' id='word_1_15' title='bbox 1917 439 2022 494; x_wconf 88' lang='lat' dir='ltr'><strong>iste</strong></span> <span class='ocrx_word' id='word_1_16' title='bbox 2043 451 2136 493; x_wconf 88' lang='lat' dir='ltr'><strong>an-</strong></span> <span class='ocrx_word' id='word_1_17' title='bbox 2166 443 2218 504; x_wconf 79' lang='grc' dir='ltr'><strong>Α</strong></span> <span class='ocrx_word' id='word_1_18' title='bbox 2241 455 2496 497; x_wconf 85' lang='lat' dir='ltr'><strong>ranarum</strong></span> <span class='ocrx_word' id='word_1_19' title='bbox 2544 454 2648 496; x_wconf 81' lang='lat' dir='ltr'><strong>vox</strong></span> <span class='ocrx_word' id='word_1_20' title='bbox 2696 425 2856 496; x_wconf 82' lang='lat' dir='ltr'><strong>rauca</strong></span> <span class='ocrx_word' id='word_1_21' title='bbox 2905 447 2958 494; x_wconf 88' lang='lat' dir='ltr'><strong>et</strong></span> <span class='ocrx_word' id='word_1_22' title='bbox 3005 437 3180 508; x_wconf 99' lang='lat' dir='ltr'><strong>turpis</strong></span> <span class='ocrx_word' id='word_1_23' title='bbox 3231 433 3596 506; x_wconf 90' lang='lat' dir='ltr'><strong>impiissimam</strong></span> <span class='ocrx_word' id='word_1_24' title='bbox 3637 450 3782 491; x_wconf 66' lang='lat' dir='ltr'><strong>eorum</strong></span> 
     </span>
    </p>
   </div>
   <div class='ocr_carea' id='block_1_4' title="bbox 531 529 2142 624">
    <p class='ocr_par' dir='ltr' id='par_1_4' title="bbox 531 529 2142 624">
     <span class='ocr_line' id='line_1_4' title="bbox 531 529 2142 624; baseline -0.015 -15"><span class='ocrx_word' id='word_1_25' title='bbox 531 529 689 624; x_wconf 82' lang='lat' dir='ltr'><strong>gelus</strong></span> <span class='ocrx_word' id='word_1_26' title='bbox 713 543 961 605; x_wconf 77' lang='lat' dir='ltr'><strong>eamdem</strong></span> <span class='ocrx_word' id='word_1_27' title='bbox 985 539 1440 615; x_wconf 84' lang='lat' dir='ltr'><strong>signiﬁcationem</strong></span> <span class='ocrx_word' id='word_1_28' title='bbox 1463 534 1651 600; x_wconf 87' lang='lat' dir='ltr'><strong>habet,</strong></span> <span class='ocrx_word' id='word_1_29' title='bbox 1675 547 1838 604; x_wconf 81' lang='lat' dir='ltr'><strong>quam</strong></span> <span class='ocrx_word' id='word_1_30' title='bbox 1858 541 1912 586; x_wconf 89' lang='lat' dir='ltr'><strong>et</strong></span> <span class='ocrx_word' id='word_1_31' title='bbox 1935 531 2028 587; x_wconf 90' lang='lat' dir='ltr'><strong>ille</strong></span> <span class='ocrx_word' id='word_1_32' title='bbox 2051 529 2142 601; x_wconf 89' lang='lat' dir='ltr'><strong>qui</strong></span> 
     </span>
    </p>
   </div>
   <div class='ocr_carea' id='block_1_5' title="bbox 532 625 2142 702">
    <p class='ocr_par' dir='ltr' id='par_1_5' title="bbox 532 625 2142 702">
     <span class='ocr_line' id='line_1_5' title="bbox 532 625 2142 702; baseline -0.016 0"><span class='ocrx_word' id='word_1_33' title='bbox 532 655 688 702; x_wconf 79' lang='lat' dir='ltr'><strong>sexta</strong></span> <span class='ocrx_word' id='word_1_34' title='bbox 716 643 840 700; x_wconf 87' lang='lat' dir='ltr'><strong>tuba</strong></span> <span class='ocrx_word' id='word_1_35' title='bbox 871 637 1138 696; x_wconf 86' lang='lat' dir='ltr'><strong>cecinisse</strong></span> <span class='ocrx_word' id='word_1_36' title='bbox 1166 633 1316 690; x_wconf 79' lang='lat' dir='ltr'><strong>visus</strong></span> <span class='ocrx_word' id='word_1_37' title='bbox 1357 638 1474 696; x_wconf 87' lang='lat' dir='ltr'><strong>est;</strong></span> <span class='ocrx_word' id='word_1_38' title='bbox 1506 626 1782 700; x_wconf 82' lang='lat' dir='ltr'><strong>signiﬁcat</strong></span> <span class='ocrx_word' id='word_1_39' title='bbox 1809 625 1953 682; x_wconf 91' lang='lat' dir='ltr'><strong>enim</strong></span> <span class='ocrx_word' id='word_1_40' title='bbox 1997 636 2142 678; x_wconf 87' lang='lat' dir='ltr'><strong>mar-</strong></span> 
     </span>
    </p>
   </div>
   <div class='ocr_carea' id='block_1_6' title="bbox 536 719 2140 810">
    <p class='ocr_par' dir='ltr' id='par_1_6' title="bbox 536 719 2140 810">
     <span class='ocr_line' id='line_1_6' title="bbox 536 719 2140 810; baseline -0.014 -17"><span class='ocrx_word' id='word_1_41' title='bbox 536 745 691 810; x_wconf 79' lang='lat' dir='ltr'><strong>tyres</strong></span> <span class='ocrx_word' id='word_1_42' title='bbox 719 741 977 789; x_wconf 86' lang='lat' dir='ltr'><strong>sanctos:</strong></span> <span class='ocrx_word' id='word_1_43' title='bbox 1011 738 1067 785; x_wconf 92' lang='lat' dir='ltr'><strong>et</strong></span> <span class='ocrx_word' id='word_1_44' title='bbox 1095 728 1186 795; x_wconf 86' lang='lat' dir='ltr'><strong>qui</strong></span> <span class='ocrx_word' id='word_1_45' title='bbox 1213 722 1574 796; x_wconf 70' lang='lat' dir='ltr'><strong>designantur</strong></span> <span class='ocrx_word' id='word_1_46' title='bbox 1603 720 1717 776; x_wconf 89' lang='lat' dir='ltr'><strong>illic</strong></span> <span class='ocrx_word' id='word_1_47' title='bbox 1754 732 1854 789; x_wconf 87' lang='lat' dir='ltr'><strong>per</strong></span> <span class='ocrx_word' id='word_1_48' title='bbox 1892 719 2101 788; x_wconf 89' lang='lat' dir='ltr'><strong>equites</strong></span> <span class='ocrx_word' id='word_1_49' title='bbox 2123 756 2140 784; x_wconf 91' lang='lat'><strong>,</strong></span> 
     </span>
    </p>
   </div>
   <div class='ocr_carea' id='block_1_7' title="bbox 537 810 2146 902">
    <p class='ocr_par' dir='ltr' id='par_1_7' title="bbox 537 810 2146 902">
     <span class='ocr_line' id='line_1_7' title="bbox 537 810 2146 902; baseline -0.013 -16"><span class='ocrx_word' id='word_1_50' title='bbox 537 846 570 886; x_wconf 86' lang='lat' dir='ltr'><strong>a</strong></span> <span class='ocrx_word' id='word_1_51' title='bbox 597 829 791 902; x_wconf 80' lang='lat' dir='ltr'><strong>quibus</strong></span> <span class='ocrx_word' id='word_1_52' title='bbox 819 828 981 882; x_wconf 87' lang='lat' dir='ltr'><strong>tertia</strong></span> <span class='ocrx_word' id='word_1_53' title='bbox 1021 837 1145 893; x_wconf 86' lang='lat' dir='ltr'><strong>pars</strong></span> <span class='ocrx_word' id='word_1_54' title='bbox 1177 819 1460 874; x_wconf 75' lang='lat' dir='ltr'><strong>hominum</strong></span> <span class='ocrx_word' id='word_1_55' title='bbox 1501 814 1681 872; x_wconf 85' lang='lat' dir='ltr'><strong>occisa</strong></span> <span class='ocrx_word' id='word_1_56' title='bbox 1729 811 1900 868; x_wconf 74' lang='lat' dir='ltr'><strong>fuisse</strong></span> <span class='ocrx_word' id='word_1_57' title='bbox 1940 810 2146 867; x_wconf 88' lang='lat' dir='ltr'><strong>descri-</strong></span> 
     </span>
    </p>
   </div>
   <div class='ocr_carea' id='block_1_8' title="bbox 535 903 2143 994">
    <p class='ocr_par' dir='ltr' id='par_1_8' title="bbox 535 903 2143 994">
     <span class='ocr_line' id='line_1_8' title="bbox 535 903 2143 994; baseline -0.015 -12"><span class='ocrx_word' id='word_1_58' title='bbox 535 925 708 994; x_wconf 72' lang='lat' dir='ltr'><strong>bitur,</strong></span> <span class='ocrx_word' id='word_1_59' title='bbox 739 922 841 994; x_wconf 88' lang='lat' dir='ltr'><strong>ipsi</strong></span> <span class='ocrx_word' id='word_1_60' title='bbox 871 919 1006 976; x_wconf 88' lang='lat' dir='ltr'><strong>etin</strong></span> <span class='ocrx_word' id='word_1_61' title='bbox 1049 918 1152 973; x_wconf 86' lang='lat' dir='ltr'><strong>hoc</strong></span> <span class='ocrx_word' id='word_1_62' title='bbox 1193 915 1314 969; x_wconf 88' lang='lat' dir='ltr'><strong>loco</strong></span> <span class='ocrx_word' id='word_1_63' title='bbox 1341 925 1441 984; x_wconf 90' lang='lat' dir='ltr'><strong>per</strong></span> <span class='ocrx_word' id='word_1_64' title='bbox 1483 909 1684 965; x_wconf 86' lang='lat' dir='ltr'><strong>ﬁumen</strong></span> <span class='ocrx_word' id='word_1_65' title='bbox 1731 915 1991 978; x_wconf 81' lang='lat' dir='ltr'><strong>magnum</strong></span> <span class='ocrx_word' id='word_1_66' title='bbox 2032 903 2143 960; x_wconf 80' lang='lat' dir='ltr'><strong>Eu-</strong></span> 
     </span>
    </p>
   </div>
   <div class='ocr_carea' id='block_1_9' title="bbox 536 995 2150 1090">
    <p class='ocr_par' dir='ltr' id='par_1_9' title="bbox 536 995 2150 1090">
     <span class='ocr_line' id='line_1_9' title="bbox 536 995 2150 1090; baseline -0.014 -16"><span class='ocrx_word' id='word_1_67' title='bbox 536 1017 788 1090; x_wconf 80' lang='lat' dir='ltr'><strong>phraten,</strong></span> <span class='ocrx_word' id='word_1_68' title='bbox 818 1019 1205 1085; x_wconf 88' lang='lat' dir='ltr'><strong>persecutores</strong></span> <span class='ocrx_word' id='word_1_69' title='bbox 1231 1005 1486 1062; x_wconf 78' lang='lat' dir='ltr'><strong>videlicet</strong></span> <span class='ocrx_word' id='word_1_70' title='bbox 1512 1000 1775 1058; x_wconf 82' lang='lat' dir='ltr'><strong>Ecclest</strong></span> <span class='ocrx_word' id='word_1_71' title='bbox 1801 999 1922 1054; x_wconf 89' lang='lat' dir='ltr'><strong>Dei.</strong></span> <span class='ocrx_word' id='word_1_72' title='bbox 1947 995 2150 1053; x_wconf 79' lang='lat' dir='ltr'><strong>Eﬁ&#39;udlt</strong></span> 
     </span>
    </p>
   </div>
   <div class='ocr_carea' id='block_1_10' title="bbox 539 1092 2144 1185">
    <p class='ocr_par' dir='ltr' id='par_1_10' title="bbox 539 1092 2144 1185">
     <span class='ocr_line' id='line_1_10' title="bbox 539 1092 2144 1185; baseline -0.016 -15"><span class='ocrx_word' id='word_1_73' title='bbox 539 1127 674 1185; x_wconf 74' lang='lat' dir='ltr'><strong>ergo</strong></span> <span class='ocrx_word' id='word_1_74' title='bbox 694 1109 917 1182; x_wconf 88' lang='lat' dir='ltr'><strong>angelus</strong></span> <span class='ocrx_word' id='word_1_75' title='bbox 932 1105 1168 1179; x_wconf 78' lang='lat' dir='ltr'><strong>phialam</strong></span> <span class='ocrx_word' id='word_1_76' title='bbox 1198 1115 1355 1157; x_wconf 87' lang='lat' dir='ltr'><strong>suam</strong></span> <span class='ocrx_word' id='word_1_77' title='bbox 1383 1111 1545 1170; x_wconf 88' lang='lat' dir='ltr'><strong>super</strong></span> <span class='ocrx_word' id='word_1_78' title='bbox 1563 1097 1766 1152; x_wconf 83' lang='lat' dir='ltr'><strong>ﬁumen</strong></span> <span class='ocrx_word' id='word_1_79' title='bbox 1792 1092 2144 1164; x_wconf 84' lang='lat' dir='ltr'><strong>Euphraten;</strong></span> 
     </span>
    </p>
   </div>
   <div class='ocr_carea' id='block_1_11' title="bbox 536 1186 2148 1281">
    <p class='ocr_par' dir='ltr' id='par_1_11' title="bbox 536 1186 2148 1281">
     <span class='ocr_line' id='line_1_11' title="bbox 536 1186 2148 1281; baseline -0.015 -16"><span class='ocrx_word' id='word_1_80' title='bbox 536 1209 663 1281; x_wconf 88' lang='lat' dir='ltr'><strong>quia</strong></span> <span class='ocrx_word' id='word_1_81' title='bbox 686 1219 808 1279; x_wconf 65' lang='lat' dir='ltr'><strong>qua:</strong></span> <span class='ocrx_word' id='word_1_82' title='bbox 839 1200 1122 1260; x_wconf 88' lang='lat' dir='ltr'><strong>damnatio</strong></span> <span class='ocrx_word' id='word_1_83' title='bbox 1155 1195 1597 1270; x_wconf 84' lang='lat' dir='ltr'><strong>persecutoribus</strong></span> <span class='ocrx_word' id='word_1_84' title='bbox 1631 1189 1893 1246; x_wconf 68' lang='lat' dir='ltr'><strong>Ecclesia:</strong></span> <span class='ocrx_word' id='word_1_85' title='bbox 1919 1186 2148 1242; x_wconf 87' lang='lat' dir='ltr'><strong>instaret</strong></span> 
     </span>
    </p>
   </div>
   <div class='ocr_carea' id='block_1_12' title="bbox 541 1284 2150 1375">
    <p class='ocr_par' dir='ltr' id='par_1_12' title="bbox 541 1284 2150 1375">
     <span class='ocr_line' id='line_1_12' title="bbox 541 1284 2150 1375; baseline -0.015 -16"><span class='ocrx_word' id='word_1_86' title='bbox 541 1302 673 1375; x_wconf 86' lang='lat' dir='ltr'><strong>ipsis</strong></span> <span class='ocrx_word' id='word_1_87' title='bbox 715 1295 1157 1372; x_wconf 86' lang='lat' dir='ltr'><strong>persecutoribus</strong></span> <span class='ocrx_word' id='word_1_88' title='bbox 1206 1292 1324 1348; x_wconf 86' lang='lat' dir='ltr'><strong>sine</strong></span> <span class='ocrx_word' id='word_1_89' title='bbox 1371 1289 1549 1358; x_wconf 86' lang='lat' dir='ltr'><strong>aliqua</strong></span> <span class='ocrx_word' id='word_1_90' title='bbox 1601 1284 1966 1357; x_wconf 83' lang='lat' dir='ltr'><strong>trepidatione</strong></span> <span class='ocrx_word' id='word_1_91' title='bbox 2011 1295 2150 1352; x_wconf 74' lang='lat' dir='ltr'><strong>pra:-</strong></span> 
     </span>
    </p>
   </div>
   <div class='ocr_carea' id='block_1_13' title="bbox 538 1376 2146 1460">
    <p class='ocr_par' dir='ltr' id='par_1_13' title="bbox 538 1376 2146 1460">
     <span class='ocr_line' id='line_1_13' title="bbox 538 1376 2146 1460; baseline -0.016 -7"><span class='ocrx_word' id='word_1_92' title='bbox 538 1395 820 1454; x_wconf 76' lang='lat' dir='ltr'><strong>dixerunt.</strong></span> <span class='ocrx_word' id='word_1_93' title='bbox 837 1392 945 1448; x_wconf 85' lang='lat' dir='ltr'><strong>Per</strong></span> <span class='ocrx_word' id='word_1_94' title='bbox 959 1403 1153 1460; x_wconf 87' lang='lat' dir='ltr'><strong>aquam</strong></span> <span class='ocrx_word' id='word_1_95' title='bbox 1176 1399 1307 1442; x_wconf 90' lang='lat' dir='ltr'><strong>vero</strong></span> <span class='ocrx_word' id='word_1_96' title='bbox 1325 1385 1440 1453; x_wconf 86' lang='lat' dir='ltr'><strong>ipsa</strong></span> <span class='ocrx_word' id='word_1_97' title='bbox 1464 1379 1774 1454; x_wconf 89' lang='lat' dir='ltr'><strong>persecutio</strong></span> <span class='ocrx_word' id='word_1_98' title='bbox 1795 1376 2111 1447; x_wconf 77' lang='lat' dir='ltr'><strong>designatur</strong></span> <span class='ocrx_word' id='word_1_99' title='bbox 2133 1389 2146 1428; x_wconf 93' lang='lat'>:</span> 
     </span>
    </p>
   </div>
   <div class='ocr_carea' id='block_1_14' title="bbox 536 1468 2147 1555">
    <p class='ocr_par' dir='ltr' id='par_1_14' title="bbox 536 1468 2147 1555">
     <span class='ocr_line' id='line_1_14' title="bbox 536 1468 2147 1555; baseline -0.016 -9"><span class='ocrx_word' id='word_1_100' title='bbox 536 1487 767 1546; x_wconf 77' lang='lat' dir='ltr'><strong>siccavit</strong></span> <span class='ocrx_word' id='word_1_101' title='bbox 795 1493 977 1542; x_wconf 90' lang='lat' dir='ltr'><strong>autem</strong></span> <span class='ocrx_word' id='word_1_102' title='bbox 1006 1496 1200 1555; x_wconf 88' lang='lat' dir='ltr'><strong>aquam</strong></span> <span class='ocrx_word' id='word_1_103' title='bbox 1230 1479 1383 1550; x_wconf 83' lang='lat' dir='ltr'><strong>ejus;</strong></span> <span class='ocrx_word' id='word_1_104' title='bbox 1407 1478 1532 1548; x_wconf 83' lang='lat' dir='ltr'><strong>quia</strong></span> <span class='ocrx_word' id='word_1_105' title='bbox 1561 1473 1764 1530; x_wconf 85' lang='lat' dir='ltr'><strong>tamdiu</strong></span> <span class='ocrx_word' id='word_1_106' title='bbox 1795 1472 1850 1527; x_wconf 90' lang='lat' dir='ltr'><strong>in</strong></span> <span class='ocrx_word' id='word_1_107' title='bbox 1881 1468 2147 1541; x_wconf 71' lang='lat' dir='ltr'><strong>praedica-</strong></span> 
     </span>
    </p>
   </div>
   <div class='ocr_carea' id='block_1_15' title="bbox 547 1567 2154 1642">
    <p class='ocr_par' dir='ltr' id='par_1_15' title="bbox 547 1567 2154 1642">
     <span class='ocr_line' id='line_1_15' title="bbox 547 1567 2154 1642; baseline -0.014 -4"><span class='ocrx_word' id='word_1_108' title='bbox 547 1579 698 1638; x_wconf 82' lang='lat' dir='ltr'><strong>tione</strong></span> <span class='ocrx_word' id='word_1_109' title='bbox 727 1578 880 1636; x_wconf 88' lang='lat' dir='ltr'><strong>verbi</strong></span> <span class='ocrx_word' id='word_1_110' title='bbox 911 1576 1006 1633; x_wconf 87' lang='lat' dir='ltr'><strong>Dei</strong></span> <span class='ocrx_word' id='word_1_111' title='bbox 1035 1571 1213 1630; x_wconf 87' lang='lat' dir='ltr'><strong>sancti</strong></span> <span class='ocrx_word' id='word_1_112' title='bbox 1240 1579 1512 1642; x_wconf 82' lang='lat' dir='ltr'><strong>martyres</strong></span> <span class='ocrx_word' id='word_1_113' title='bbox 1541 1567 1928 1639; x_wconf 88' lang='lat' dir='ltr'><strong>perstiterunt,</strong></span> <span class='ocrx_word' id='word_1_114' title='bbox 1957 1574 2154 1632; x_wconf 85' lang='lat' dir='ltr'><strong>usque-</strong></span> 
     </span>
    </p>
   </div>
   <div class='ocr_carea' id='block_1_16' title="bbox 543 1655 2151 1740">
    <p class='ocr_par' dir='ltr' id='par_1_16' title="bbox 543 1655 2151 1740">
     <span class='ocr_line' id='line_1_16' title="bbox 543 1655 2151 1740; baseline -0.015 -9"><span class='ocrx_word' id='word_1_115' title='bbox 543 1673 680 1732; x_wconf 75' lang='lat' dir='ltr'><strong>dum</strong></span> <span class='ocrx_word' id='word_1_116' title='bbox 700 1670 881 1728; x_wconf 88' lang='lat' dir='ltr'><strong>omnis</strong></span> <span class='ocrx_word' id='word_1_117' title='bbox 908 1666 1215 1740; x_wconf 87' lang='lat' dir='ltr'><strong>persecutio</strong></span> <span class='ocrx_word' id='word_1_118' title='bbox 1239 1665 1403 1719; x_wconf 75' lang='lat' dir='ltr'><strong>[litem</strong></span> <span class='ocrx_word' id='word_1_119' title='bbox 1433 1655 2062 1731; x_wconf 84' lang='lat' dir='ltr'><strong>acciperet,quihusdam</strong></span> <span class='ocrx_word' id='word_1_120' title='bbox 2086 1668 2151 1709; x_wconf 82' lang='lat' dir='ltr'><strong>ex</strong></span> 
     </span>
    </p>
   </div>
   <div class='ocr_carea' id='block_1_17' title="bbox 545 1747 2150 1839">
    <p class='ocr_par' dir='ltr' id='par_1_17' title="bbox 545 1747 2150 1839">
     <span class='ocr_line' id='line_1_17' title="bbox 545 1747 2150 1839; baseline -0.014 -15"><span class='ocrx_word' id='word_1_121' title='bbox 545 1763 993 1839; x_wconf 87' lang='lat' dir='ltr'><strong>persecutoribus</strong></span> <span class='ocrx_word' id='word_1_122' title='bbox 1041 1761 1094 1815; x_wconf 92' lang='lat' dir='ltr'><strong>in</strong></span> <span class='ocrx_word' id='word_1_123' title='bbox 1149 1758 1421 1814; x_wconf 80' lang='lat' dir='ltr'><strong>infernum</strong></span> <span class='ocrx_word' id='word_1_124' title='bbox 1471 1753 1770 1818; x_wconf 86' lang='lat' dir='ltr'><strong>demersis,</strong></span> <span class='ocrx_word' id='word_1_125' title='bbox 1824 1747 2150 1820; x_wconf 82' lang='lat' dir='ltr'><strong>quibusdam</strong></span> 
     </span>
    </p>
   </div>
   <div class='ocr_carea' id='block_1_18' title="bbox 2245 524 3785 605">
    <p class='ocr_par' dir='ltr' id='par_1_18' title="bbox 2245 524 3785 605">
     <span class='ocr_line' id='line_1_18' title="bbox 2245 524 3785 605; baseline -0.004 -15"><span class='ocrx_word' id='word_1_126' title='bbox 2245 533 2686 605; x_wconf 58' lang='lat' dir='ltr'><strong>praedicationem</strong></span> <span class='ocrx_word' id='word_1_127' title='bbox 2707 528 3058 599; x_wconf 88' lang='lat' dir='ltr'><strong>blasphemiis</strong></span> <span class='ocrx_word' id='word_1_128' title='bbox 3090 529 3310 601; x_wconf 90' lang='lat' dir='ltr'><strong>plenam</strong></span> <span class='ocrx_word' id='word_1_129' title='bbox 3341 527 3598 600; x_wconf 80' lang='lat' dir='ltr'><strong>designat.</strong></span> <span class='ocrx_word' id='word_1_130' title='bbox 3621 524 3677 581; x_wconf 81' lang='lat' dir='ltr'><strong>Et</strong></span> <span class='ocrx_word' id='word_1_131' title='bbox 3698 548 3785 600; x_wconf 82' lang='lat' dir='ltr'><strong>pro-</strong></span> 
     </span>
    </p>
   </div>
   <div class='ocr_carea' id='block_1_19' title="bbox 2243 619 3788 698">
    <p class='ocr_par' dir='ltr' id='par_1_19' title="bbox 2243 619 3788 698">
     <span class='ocr_line' id='line_1_19' title="bbox 2243 619 3788 698; baseline -0.005 -16"><span class='ocrx_word' id='word_1_132' title='bbox 2243 627 2420 683; x_wconf 72' lang='lat' dir='ltr'><strong>tedent</strong></span> <span class='ocrx_word' id='word_1_133' title='bbox 2444 627 2512 681; x_wconf 87' lang='lat' dir='ltr'><strong>ad</strong></span> <span class='ocrx_word' id='word_1_134' title='bbox 2540 641 2680 698; x_wconf 80' lang='lat' dir='ltr'><strong>reges</strong></span> <span class='ocrx_word' id='word_1_135' title='bbox 2704 626 2857 680; x_wconf 80' lang='lat' dir='ltr'><strong>torius</strong></span> <span class='ocrx_word' id='word_1_136' title='bbox 2882 633 3035 680; x_wconf 64' lang='lat' dir='ltr'><strong>terra?</strong></span> <span class='ocrx_word' id='word_1_137' title='bbox 3053 622 3368 695; x_wconf 79' lang='lat' dir='ltr'><strong>congregare</strong></span> <span class='ocrx_word' id='word_1_138' title='bbox 3389 619 3503 675; x_wconf 82' lang='lat' dir='ltr'><strong>illos</strong></span> <span class='ocrx_word' id='word_1_139' title='bbox 3526 621 3578 674; x_wconf 80' lang='lat' dir='ltr'><strong>in</strong></span> <span class='ocrx_word' id='word_1_140' title='bbox 3598 621 3788 690; x_wconf 68' lang='lat' dir='ltr'><strong>pristina</strong></span> 
     </span>
    </p>
   </div>
   <div class='ocr_carea' id='block_1_20' title="bbox 2245 709 3788 792">
    <p class='ocr_par' dir='ltr' id='par_1_20' title="bbox 2245 709 3788 792">
     <span class='ocr_line' id='line_1_20' title="bbox 2245 709 3788 792; baseline -0.001 -18"><span class='ocrx_word' id='word_1_141' title='bbox 2245 721 2313 774; x_wconf 83' lang='lat' dir='ltr'><strong>ad</strong></span> <span class='ocrx_word' id='word_1_142' title='bbox 2333 720 2470 774; x_wconf 83' lang='lat' dir='ltr'><strong>diem</strong></span> <span class='ocrx_word' id='word_1_143' title='bbox 2494 733 2736 792; x_wconf 81' lang='lat' dir='ltr'><strong>magnum</strong></span> <span class='ocrx_word' id='word_1_144' title='bbox 2759 719 3078 790; x_wconf 86' lang='lat' dir='ltr'><strong>omnipotens</strong></span> <span class='ocrx_word' id='word_1_145' title='bbox 3101 709 3223 771; x_wconf 90' lang='lat' dir='ltr'><strong>Dei.</strong></span> <span class='ocrx_word' id='word_1_146' title='bbox 3245 715 3349 771; x_wconf 80' lang='lat' dir='ltr'><strong>Per</strong></span> <span class='ocrx_word' id='word_1_147' title='bbox 3374 729 3528 785; x_wconf 85' lang='lat' dir='ltr'><strong>reges</strong></span> <span class='ocrx_word' id='word_1_148' title='bbox 3551 723 3696 771; x_wconf 76' lang='lat' dir='ltr'><strong>terra:</strong></span> <span class='ocrx_word' id='word_1_149' title='bbox 3713 732 3788 772; x_wconf 78' lang='lat' dir='ltr'><strong>non</strong></span> 
     </span>
    </p>
   </div>
   <div class='ocr_carea' id='block_1_21' title="bbox 2247 811 3789 889">
    <p class='ocr_par' dir='ltr' id='par_1_21' title="bbox 2247 811 3789 889">
     <span class='ocr_line' id='line_1_21' title="bbox 2247 811 3789 889; baseline -0.004 -16"><span class='ocrx_word' id='word_1_150' title='bbox 2247 817 2423 874; x_wconf 89' lang='lat' dir='ltr'><strong>solum</strong></span> <span class='ocrx_word' id='word_1_151' title='bbox 2456 831 2636 889; x_wconf 84' lang='lat' dir='ltr'><strong>reges,</strong></span> <span class='ocrx_word' id='word_1_152' title='bbox 2668 814 2764 872; x_wconf 90' lang='lat' dir='ltr'><strong>sed</strong></span> <span class='ocrx_word' id='word_1_153' title='bbox 2807 824 2863 871; x_wconf 89' lang='lat' dir='ltr'><strong>et</strong></span> <span class='ocrx_word' id='word_1_154' title='bbox 2896 813 3078 886; x_wconf 87' lang='lat' dir='ltr'><strong>populi</strong></span> <span class='ocrx_word' id='word_1_155' title='bbox 3107 811 3500 883; x_wconf 78' lang='lat' dir='ltr'><strong>designantur:</strong></span> <span class='ocrx_word' id='word_1_156' title='bbox 3542 828 3789 884; x_wconf 72' lang='lat' dir='ltr'><strong>congrega-</strong></span> 
     </span>
    </p>
   </div>
   <div class='ocr_carea' id='block_1_22' title="bbox 2246 905 3790 981">
    <p class='ocr_par' dir='ltr' id='par_1_22' title="bbox 2246 905 3790 981">
     <span class='ocr_line' id='line_1_22' title="bbox 2246 905 3790 981; baseline -0.005 -13"><span class='ocrx_word' id='word_1_157' title='bbox 2246 909 2382 968; x_wconf 88' lang='lat' dir='ltr'><strong>bunt</strong></span> <span class='ocrx_word' id='word_1_158' title='bbox 2403 920 2583 968; x_wconf 87' lang='lat' dir='ltr'><strong>autem</strong></span> <span class='ocrx_word' id='word_1_159' title='bbox 2623 909 2742 966; x_wconf 85' lang='lat' dir='ltr'><strong>illos</strong></span> <span class='ocrx_word' id='word_1_160' title='bbox 2773 907 3028 981; x_wconf 87' lang='lat' dir='ltr'><strong>discipuli</strong></span> <span class='ocrx_word' id='word_1_161' title='bbox 3061 905 3387 963; x_wconf 80' lang='lat' dir='ltr'><strong>Antichristi</strong></span> <span class='ocrx_word' id='word_1_162' title='bbox 3419 905 3470 960; x_wconf 92' lang='lat' dir='ltr'><strong>in</strong></span> <span class='ocrx_word' id='word_1_163' title='bbox 3499 905 3723 978; x_wconf 70' lang='lat' dir='ltr'><strong>prndium</strong></span> <span class='ocrx_word' id='word_1_164' title='bbox 3745 905 3790 962; x_wconf 82' lang='lat' dir='ltr'><strong>ad</strong></span> 
     </span>
    </p>
   </div>
   <div class='ocr_carea' id='block_1_23' title="bbox 2249 999 3793 1078">
    <p class='ocr_par' dir='ltr' id='par_1_23' title="bbox 2249 999 3793 1078">
     <span class='ocr_line' id='line_1_23' title="bbox 2249 999 3793 1078; baseline -0.005 -15"><span class='ocrx_word' id='word_1_165' title='bbox 2249 1006 2394 1063; x_wconf 91' lang='lat' dir='ltr'><strong>diem</strong></span> <span class='ocrx_word' id='word_1_166' title='bbox 2426 1019 2680 1078; x_wconf 87' lang='lat' dir='ltr'><strong>magnum</strong></span> <span class='ocrx_word' id='word_1_167' title='bbox 2713 1003 3105 1075; x_wconf 88' lang='lat' dir='ltr'><strong>omnipotentis</strong></span> <span class='ocrx_word' id='word_1_168' title='bbox 3135 1002 3253 1068; x_wconf 88' lang='lat' dir='ltr'><strong>Dei,</strong></span> <span class='ocrx_word' id='word_1_169' title='bbox 3289 1018 3399 1058; x_wconf 90' lang='lat' dir='ltr'><strong>non</strong></span> <span class='ocrx_word' id='word_1_170' title='bbox 3432 999 3571 1074; x_wconf 90' lang='lat' dir='ltr'><strong>quod</strong></span> <span class='ocrx_word' id='word_1_171' title='bbox 3602 1013 3621 1040; x_wconf 75' lang='grc' dir='ltr'><em>ε</em></span> <span class='ocrx_word' id='word_1_172' title='bbox 3651 1011 3793 1057; x_wconf 72' lang='lat' dir='ltr'><strong>contra</strong></span> 
     </span>
    </p>
   </div>
   <div class='ocr_carea' id='block_1_24' title="bbox 2253 1095 3795 1173">
    <p class='ocr_par' dir='ltr' id='par_1_24' title="bbox 2253 1095 3795 1173">
     <span class='ocr_line' id='line_1_24' title="bbox 2253 1095 3795 1173; baseline -0.003 -17"><span class='ocrx_word' id='word_1_173' title='bbox 2253 1099 2418 1156; x_wconf 84' lang='lat' dir='ltr'><strong>Deum</strong></span> <span class='ocrx_word' id='word_1_174' title='bbox 2448 1114 2688 1173; x_wconf 85' lang='lat' dir='ltr'><strong>pugnare</strong></span> <span class='ocrx_word' id='word_1_175' title='bbox 2717 1097 2953 1154; x_wconf 86' lang='lat' dir='ltr'><strong>audeant</strong></span> <span class='ocrx_word' id='word_1_176' title='bbox 2979 1097 3034 1154; x_wconf 86' lang='lat' dir='ltr'><strong>in</strong></span> <span class='ocrx_word' id='word_1_177' title='bbox 3061 1097 3150 1153; x_wconf 90' lang='lat' dir='ltr'><strong>die</strong></span> <span class='ocrx_word' id='word_1_178' title='bbox 3173 1095 3389 1167; x_wconf 89' lang='lat' dir='ltr'><strong>judicii,</strong></span> <span class='ocrx_word' id='word_1_179' title='bbox 3425 1111 3452 1150; x_wconf 88' lang='lat' dir='ltr'><strong>a</strong></span> <span class='ocrx_word' id='word_1_180' title='bbox 3479 1111 3582 1168; x_wconf 87' lang='lat' dir='ltr'><strong>quo</strong></span> <span class='ocrx_word' id='word_1_181' title='bbox 3613 1105 3702 1151; x_wconf 84' lang='lat' dir='ltr'><strong>iam</strong></span> <span class='ocrx_word' id='word_1_182' title='bbox 3721 1103 3795 1152; x_wconf 70' lang='lat' dir='ltr'><strong>trr-</strong></span> 
     </span>
    </p>
   </div>
   <div class='ocr_carea' id='block_1_25' title="bbox 2250 1189 3797 1265">
    <p class='ocr_par' dir='ltr' id='par_1_25' title="bbox 2250 1189 3797 1265">
     <span class='ocr_line' id='line_1_25' title="bbox 2250 1189 3797 1265; baseline -0.004 -15"><span class='ocrx_word' id='word_1_183' title='bbox 2250 1193 2484 1250; x_wconf 89' lang='lat' dir='ltr'><strong>ribiliter</strong></span> <span class='ocrx_word' id='word_1_184' title='bbox 2510 1192 2896 1265; x_wconf 89' lang='lat' dir='ltr'><strong>judicabuntur</strong></span> <span class='ocrx_word' id='word_1_185' title='bbox 2920 1211 2932 1246; x_wconf 90' lang='lat'><strong>:</strong></span> <span class='ocrx_word' id='word_1_186' title='bbox 2958 1189 3052 1248; x_wconf 92' lang='lat' dir='ltr'><strong>sed</strong></span> <span class='ocrx_word' id='word_1_187' title='bbox 3074 1189 3486 1262; x_wconf 78' lang='lat' dir='ltr'><strong>congregabunt</strong></span> <span class='ocrx_word' id='word_1_188' title='bbox 3515 1206 3606 1246; x_wconf 82' lang='lat' dir='ltr'><strong>eos</strong></span> <span class='ocrx_word' id='word_1_189' title='bbox 3633 1189 3676 1245; x_wconf 89' lang='lat' dir='ltr'><strong>in</strong></span> <span class='ocrx_word' id='word_1_190' title='bbox 3700 1209 3797 1260; x_wconf 72' lang='lat' dir='ltr'><strong>prr-</strong></span> 
     </span>
    </p>
   </div>
   <div class='ocr_carea' id='block_1_26' title="bbox 2250 1283 3795 1358">
    <p class='ocr_par' dir='ltr' id='par_1_26' title="bbox 2250 1283 3795 1358">
     <span class='ocr_line' id='line_1_26' title="bbox 2250 1283 3795 1358; baseline -0.003 -16"><span class='ocrx_word' id='word_1_191' title='bbox 2250 1286 2381 1343; x_wconf 92' lang='lat' dir='ltr'><strong>lium</strong></span> <span class='ocrx_word' id='word_1_192' title='bbox 2413 1286 2478 1342; x_wconf 90' lang='lat' dir='ltr'><strong>ad</strong></span> <span class='ocrx_word' id='word_1_193' title='bbox 2513 1283 2944 1358; x_wconf 86' lang='lat' dir='ltr'><strong>persequendam</strong></span> <span class='ocrx_word' id='word_1_194' title='bbox 2991 1283 3328 1350; x_wconf 76' lang='lat' dir='ltr'><strong>Ecclesium;</strong></span> <span class='ocrx_word' id='word_1_195' title='bbox 3361 1295 3420 1338; x_wconf 89' lang='lat' dir='ltr'><strong>ut</strong></span> <span class='ocrx_word' id='word_1_196' title='bbox 3453 1283 3504 1338; x_wconf 90' lang='lat' dir='ltr'><strong>in</strong></span> <span class='ocrx_word' id='word_1_197' title='bbox 3538 1283 3626 1339; x_wconf 89' lang='lat' dir='ltr'><strong>die</strong></span> <span class='ocrx_word' id='word_1_198' title='bbox 3650 1299 3795 1354; x_wconf 78' lang='lat' dir='ltr'><strong>magno</strong></span> 
     </span>
    </p>
   </div>
   <div class='ocr_carea' id='block_1_27' title="bbox 2255 1380 3795 1454">
    <p class='ocr_par' dir='ltr' id='par_1_27' title="bbox 2255 1380 3795 1454">
     <span class='ocr_line' id='line_1_27' title="bbox 2255 1380 3795 1454; baseline -0.003 -15"><span class='ocrx_word' id='word_1_199' title='bbox 2255 1384 2346 1439; x_wconf 90' lang='lat' dir='ltr'><strong>Dei</strong></span> <span class='ocrx_word' id='word_1_200' title='bbox 2376 1383 2764 1453; x_wconf 84' lang='lat' dir='ltr'><strong>omnipotentis</strong></span> <span class='ocrx_word' id='word_1_201' title='bbox 2789 1390 3048 1454; x_wconf 87' lang='lat' dir='ltr'><strong>perpetua</strong></span> <span class='ocrx_word' id='word_1_202' title='bbox 3079 1395 3239 1451; x_wconf 71' lang='lat' dir='ltr'><strong>pmna</strong></span> <span class='ocrx_word' id='word_1_203' title='bbox 3264 1380 3617 1437; x_wconf 84' lang='lat' dir='ltr'><strong>damnentur.</strong></span> <span class='ocrx_word' id='word_1_204' title='bbox 3639 1380 3694 1435; x_wconf 85' lang='lat' dir='ltr'><strong>Et</strong></span> <span class='ocrx_word' id='word_1_205' title='bbox 3715 1385 3795 1450; x_wconf 70' lang='lat' dir='ltr'><strong>quia</strong></span> 
     </span>
    </p>
   </div>
   <div class='ocr_carea' id='block_1_28' title="bbox 2255 1473 3796 1548">
    <p class='ocr_par' dir='ltr' id='par_1_28' title="bbox 2255 1473 3796 1548">
     <span class='ocr_line' id='line_1_28' title="bbox 2255 1473 3796 1548; baseline -0.001 -15"><span class='ocrx_word' id='word_1_206' title='bbox 2255 1477 2406 1534; x_wconf 88' lang='lat' dir='ltr'><strong>ﬁnita</strong></span> <span class='ocrx_word' id='word_1_207' title='bbox 2435 1477 2818 1548; x_wconf 89' lang='lat' dir='ltr'><strong>persecutione</strong></span> <span class='ocrx_word' id='word_1_208' title='bbox 2847 1475 3190 1544; x_wconf 81' lang='lat' dir='ltr'><strong>Antichristi,</strong></span> <span class='ocrx_word' id='word_1_209' title='bbox 3219 1473 3482 1532; x_wconf 88' lang='lat' dir='ltr'><strong>Dominus</strong></span> <span class='ocrx_word' id='word_1_210' title='bbox 3506 1473 3572 1532; x_wconf 87' lang='lat' dir='ltr'><strong>ad</strong></span> <span class='ocrx_word' id='word_1_211' title='bbox 3591 1474 3796 1548; x_wconf 72' lang='lat' dir='ltr'><strong>judicium</strong></span> 
     </span>
    </p>
   </div>
   <div class='ocr_carea' id='block_1_29' title="bbox 2255 1567 3064 1646">
    <p class='ocr_par' dir='ltr' id='par_1_29' title="bbox 2255 1567 3064 1646">
     <span class='ocr_line' id='line_1_29' title="bbox 2255 1567 3064 1646; baseline -0.001 -20"><span class='ocrx_word' id='word_1_212' title='bbox 2255 1572 2309 1628; x_wconf 91' lang='lat' dir='ltr'><strong>in</strong></span> <span class='ocrx_word' id='word_1_213' title='bbox 2341 1572 2592 1646; x_wconf 85' lang='lat' dir='ltr'><strong>proximo</strong></span> <span class='ocrx_word' id='word_1_214' title='bbox 2619 1573 2820 1642; x_wconf 84' lang='lat' dir='ltr'><strong>veniet,</strong></span> <span class='ocrx_word' id='word_1_215' title='bbox 2852 1567 3064 1628; x_wconf 85' lang='lat' dir='ltr'><strong>subdit:</strong></span> 
     </span>
    </p>
   </div>
   <div class='ocr_carea' id='block_1_30' title="bbox 2327 1661 3801 1739">
    <p class='ocr_par' dir='ltr' id='par_1_30' title="bbox 2327 1661 3801 1739">
     <span class='ocr_line' id='line_1_30' title="bbox 2327 1661 3801 1739; baseline 0.001 -20"><span class='ocrx_word' id='word_1_216' title='bbox 2327 1665 2506 1738; x_wconf 86' lang='lat' dir='ltr'><strong>(Vers.</strong></span> <span class='ocrx_word' id='word_1_217' title='bbox 2541 1664 2651 1736; x_wconf 76' lang='lat' dir='ltr'><strong>ib.)</strong></span> <span class='ocrx_word' id='word_1_218' title='bbox 2673 1661 2737 1721; x_wconf 88' lang='lat' dir='ltr'><strong>Et</strong></span> <span class='ocrx_word' id='word_1_219' title='bbox 2757 1682 2871 1722; x_wconf 86' lang='lat' dir='ltr'><strong>ecce</strong></span> <span class='ocrx_word' id='word_1_220' title='bbox 2889 1666 3033 1720; x_wconf 86' lang='lat' dir='ltr'><strong>venio</strong></span> <span class='ocrx_word' id='word_1_221' title='bbox 3056 1664 3186 1720; x_wconf 84' lang='lat' dir='ltr'><strong>sicut</strong></span> <span class='ocrx_word' id='word_1_222' title='bbox 3201 1670 3309 1739; x_wconf 72' lang='lat' dir='ltr'><strong>fur.</strong></span> <span class='ocrx_word' id='word_1_223' title='bbox 3344 1663 3468 1721; x_wconf 89' lang='lat' dir='ltr'><strong>Dies</strong></span> <span class='ocrx_word' id='word_1_224' title='bbox 3490 1664 3708 1728; x_wconf 88' lang='lat' dir='ltr'><strong>Domini,</strong></span> <span class='ocrx_word' id='word_1_225' title='bbox 3731 1665 3801 1721; x_wconf 78' lang='lat' dir='ltr'><strong>sic-</strong></span> 
     </span>
    </p>
   </div>
   <div class='ocr_carea' id='block_1_31' title="bbox 2257 1756 3801 1830">
    <p class='ocr_par' dir='ltr' id='par_1_31' title="bbox 2257 1756 3801 1830">
     <span class='ocr_line' id='line_1_31' title="bbox 2257 1756 3801 1830; baseline -0.002 -16"><span class='ocrx_word' id='word_1_226' title='bbox 2257 1767 2314 1814; x_wconf 93' lang='lat' dir='ltr'><strong>ut</strong></span> <span class='ocrx_word' id='word_1_227' title='bbox 2355 1758 2484 1814; x_wconf 88' lang='lat' dir='ltr'><strong>dicit</strong></span> <span class='ocrx_word' id='word_1_228' title='bbox 2525 1757 2838 1830; x_wconf 83' lang='lat' dir='ltr'><strong>Apostolus,</strong></span> <span class='ocrx_word' id='word_1_229' title='bbox 2885 1758 3027 1814; x_wconf 89' lang='lat' dir='ltr'><strong>sicut</strong></span> <span class='ocrx_word' id='word_1_230' title='bbox 3075 1756 3181 1826; x_wconf 78' lang='lat' dir='ltr'><strong>fur,</strong></span> <span class='ocrx_word' id='word_1_231' title='bbox 3218 1758 3291 1812; x_wconf 93' lang='lat' dir='ltr'><strong>ita</strong></span> <span class='ocrx_word' id='word_1_232' title='bbox 3343 1759 3395 1812; x_wconf 92' lang='lat' dir='ltr'><strong>in</strong></span> <span class='ocrx_word' id='word_1_233' title='bbox 3443 1767 3603 1814; x_wconf 91' lang='lat' dir='ltr'><strong>nocte</strong></span> <span class='ocrx_word' id='word_1_234' title='bbox 3640 1758 3801 1821; x_wconf 75' lang='lat' dir='ltr'><strong>veniet;</strong></span> 
     </span>
    </p>
   </div>
   <div class='ocr_carea' id='block_1_32' title="bbox 549 1843 2161 1922">
    <p class='ocr_par' dir='ltr' id='par_1_32' title="bbox 549 1844 2154 1922">
     <span class='ocr_line' id='line_1_32' title="bbox 549 1844 2154 1922; baseline -0.013 -6"><span class='ocrx_word' id='word_1_235' title='bbox 549 1859 675 1918; x_wconf 78' lang='lat' dir='ltr'><strong>ﬁdei</strong></span> <span class='ocrx_word' id='word_1_236' title='bbox 705 1858 1016 1915; x_wconf 78' lang='lat' dir='ltr'><strong>christiana:</strong></span> <span class='ocrx_word' id='word_1_237' title='bbox 1041 1851 1367 1922; x_wconf 85' lang='lat' dir='ltr'><strong>semetipsos</strong></span> <span class='ocrx_word' id='word_1_238' title='bbox 1399 1844 1837 1919; x_wconf 72' lang='lat' dir='ltr'><strong>subiicientibus.</strong></span> <span class='ocrx_word' id='word_1_239' title='bbox 1866 1844 1972 1899; x_wconf 89' lang='lat' dir='ltr'><strong>Per</strong></span> <span class='ocrx_word' id='word_1_240' title='bbox 1998 1855 2154 1912; x_wconf 84' lang='lat' dir='ltr'><strong>reges</strong></span> 
     </span>
    </p>
   </div>
   <div class='ocr_carea' id='block_1_33' title="bbox 2266 1843 3804 1922">
    <p class='ocr_par' dir='ltr' id='par_1_33' title="bbox 2266 1849 3804 1922">
     <span class='ocr_line' id='line_1_33' title="bbox 2266 1849 3804 1922; baseline -0.001 -15"><span class='ocrx_word' id='word_1_241' title='bbox 2266 1865 2380 1908; x_wconf 75' lang='lat' dir='ltr'><strong>rum</strong></span> <span class='ocrx_word' id='word_1_242' title='bbox 2412 1853 2558 1909; x_wconf 83' lang='lat' dir='ltr'><strong>enim</strong></span> <span class='ocrx_word' id='word_1_243' title='bbox 2589 1851 2830 1908; x_wconf 77' lang='lat' dir='ltr'><strong>dixerint</strong></span> <span class='ocrx_word' id='word_1_244' title='bbox 2859 1871 2871 1906; x_wconf 87' lang='lat'>:</span> <span class='ocrx_word' id='word_1_245' title='bbox 2907 1851 3015 1908; x_wconf 81' lang='lat' dir='ltr'><strong>Pax</strong></span> <span class='ocrx_word' id='word_1_246' title='bbox 3045 1861 3099 1908; x_wconf 91' lang='lat' dir='ltr'><strong>et</strong></span> <span class='ocrx_word' id='word_1_247' title='bbox 3126 1849 3425 1922; x_wconf 82' lang='lat' dir='ltr'><strong>securitas,</strong></span> <span class='ocrx_word' id='word_1_248' title='bbox 3462 1863 3593 1908; x_wconf 86' lang='lat' dir='ltr'><strong>tunc</strong></span> <span class='ocrx_word' id='word_1_249' title='bbox 3622 1853 3804 1922; x_wconf 76' lang='lat' dir='ltr'><strong>repenti-</strong></span> 
     </span>
    </p>
   </div>
   <div class='ocr_carea' id='block_1_34' title="bbox 547 1935 2157 2019">
    <p class='ocr_par' dir='ltr' id='par_1_34' title="bbox 547 1935 2157 2019">
     <span class='ocr_line' id='line_1_34' title="bbox 547 1935 2157 2019; baseline -0.015 -8"><span class='ocrx_word' id='word_1_250' title='bbox 547 1951 956 2011; x_wconf 80' lang='lat' dir='ltr'><strong>muititudinem</strong></span> <span class='ocrx_word' id='word_1_251' title='bbox 1002 1948 1277 2019; x_wconf 83' lang='lat' dir='ltr'><strong>gentium,</strong></span> <span class='ocrx_word' id='word_1_252' title='bbox 1310 1959 1431 2015; x_wconf 61' lang='lat' dir='ltr'><strong>quae</strong></span> <span class='ocrx_word' id='word_1_253' title='bbox 1474 1941 1543 1996; x_wconf 89' lang='lat' dir='ltr'><strong>ad</strong></span> <span class='ocrx_word' id='word_1_254' title='bbox 1585 1940 1745 1995; x_wconf 84' lang='lat' dir='ltr'><strong>ﬁdem</strong></span> <span class='ocrx_word' id='word_1_255' title='bbox 1787 1935 1993 1993; x_wconf 85' lang='lat' dir='ltr'><strong>Christi</strong></span> <span class='ocrx_word' id='word_1_256' title='bbox 2021 1947 2157 1990; x_wconf 81' lang='lat' dir='ltr'><strong>con-</strong></span> 
     </span>
    </p>
   </div>
   <div class='ocr_carea' id='block_1_35' title="bbox 542 2027 2154 2115">
    <p class='ocr_par' dir='ltr' id='par_1_35' title="bbox 542 2027 2154 2115">
     <span class='ocr_line' id='line_1_35' title="bbox 542 2027 2154 2115; baseline -0.016 -9"><span class='ocrx_word' id='word_1_257' title='bbox 542 2048 723 2115; x_wconf 77' lang='lat' dir='ltr'><strong>Duxit,</strong></span> <span class='ocrx_word' id='word_1_258' title='bbox 742 2057 1029 2114; x_wconf 79' lang='lat' dir='ltr'><strong>possumus</strong></span> <span class='ocrx_word' id='word_1_259' title='bbox 1048 2039 1372 2110; x_wconf 70' lang='lat' dir='ltr'><strong>intelligere.</strong></span> <span class='ocrx_word' id='word_1_260' title='bbox 1395 2035 1487 2090; x_wconf 82' lang='lat' dir='ltr'><strong>Via</strong></span> <span class='ocrx_word' id='word_1_261' title='bbox 1505 2035 1687 2104; x_wconf 84' lang='lat' dir='ltr'><strong>itaque</strong></span> <span class='ocrx_word' id='word_1_262' title='bbox 1707 2030 1930 2101; x_wconf 84' lang='lat' dir='ltr'><strong>regibus</strong></span> <span class='ocrx_word' id='word_1_263' title='bbox 1954 2027 2154 2083; x_wconf 84' lang='lat' dir='ltr'><strong>siccata</strong></span> 
     </span>
    </p>
   </div>
   <div class='ocr_carea' id='block_1_36' title="bbox 547 2121 2156 2216">
    <p class='ocr_par' dir='ltr' id='par_1_36' title="bbox 547 2121 2156 2216">
     <span class='ocr_line' id='line_1_36' title="bbox 547 2121 2156 2216; baseline -0.016 -15"><span class='ocrx_word' id='word_1_264' title='bbox 547 2158 693 2216; x_wconf 88' lang='lat' dir='ltr'><strong>aqua</strong></span> <span class='ocrx_word' id='word_1_265' title='bbox 721 2147 1023 2213; x_wconf 67' lang='lat' dir='ltr'><strong>prcparata</strong></span> <span class='ocrx_word' id='word_1_266' title='bbox 1052 2145 1167 2200; x_wconf 85' lang='lat' dir='ltr'><strong>est;</strong></span> <span class='ocrx_word' id='word_1_267' title='bbox 1196 2134 1322 2206; x_wconf 89' lang='lat' dir='ltr'><strong>quia</strong></span> <span class='ocrx_word' id='word_1_268' title='bbox 1355 2131 1522 2187; x_wconf 89' lang='lat' dir='ltr'><strong>ﬁnitis</strong></span> <span class='ocrx_word' id='word_1_269' title='bbox 1549 2124 2024 2200; x_wconf 85' lang='lat' dir='ltr'><strong>persecutionibus</strong></span> <span class='ocrx_word' id='word_1_270' title='bbox 2042 2164 2055 2188; x_wconf 92' lang='lat'><strong>,</strong></span> <span class='ocrx_word' id='word_1_271' title='bbox 2084 2121 2156 2177; x_wconf 90' lang='lat' dir='ltr'><strong>ll-</strong></span> 
     </span>
    </p>
   </div>
   <div class='ocr_carea' id='block_1_37' title="bbox 545 2214 2155 2294">
    <p class='ocr_par' dir='ltr' id='par_1_37' title="bbox 545 2214 2155 2294">
     <span class='ocr_line' id='line_1_37' title="bbox 545 2214 2155 2294; baseline -0.016 0"><span class='ocrx_word' id='word_1_272' title='bbox 545 2214 680 2294; x_wconf 73' lang='lat' dir='ltr'><strong>bera</strong></span> <span class='ocrx_word' id='word_1_273' title='bbox 730 2232 962 2290; x_wconf 77' lang='lat' dir='ltr'><strong>facultas</strong></span> <span class='ocrx_word' id='word_1_274' title='bbox 1003 2229 1132 2285; x_wconf 82' lang='lat' dir='ltr'><strong>data</strong></span> <span class='ocrx_word' id='word_1_275' title='bbox 1179 2237 1262 2281; x_wconf 87' lang='lat' dir='ltr'><strong>est</strong></span> <span class='ocrx_word' id='word_1_276' title='bbox 1298 2223 1551 2280; x_wconf 85' lang='lat' dir='ltr'><strong>omnibus</strong></span> <span class='ocrx_word' id='word_1_277' title='bbox 1594 2219 1850 2292; x_wconf 77' lang='lat' dir='ltr'><strong>gentibus</strong></span> <span class='ocrx_word' id='word_1_278' title='bbox 1881 2216 1947 2272; x_wconf 83' lang='lat' dir='ltr'><strong>ad</strong></span> <span class='ocrx_word' id='word_1_279' title='bbox 1995 2214 2155 2270; x_wconf 81' lang='lat' dir='ltr'><strong>ﬁdem</strong></span> 
     </span>
    </p>
   </div>
   <div class='ocr_carea' id='block_1_38' title="bbox 545 2313 2158 2394">
    <p class='ocr_par' dir='ltr' id='par_1_38' title="bbox 545 2313 2158 2394">
     <span class='ocr_line' id='line_1_38' title="bbox 545 2313 2158 2394; baseline -0.015 -5"><span class='ocrx_word' id='word_1_280' title='bbox 545 2331 752 2389; x_wconf 79' lang='lat' dir='ltr'><strong>Christi</strong></span> <span class='ocrx_word' id='word_1_281' title='bbox 789 2326 1066 2384; x_wconf 73' lang='lat' dir='ltr'><strong>veniendi.</strong></span> <span class='ocrx_word' id='word_1_282' title='bbox 1092 2324 1198 2382; x_wconf 89' lang='lat' dir='ltr'><strong>Sed</strong></span> <span class='ocrx_word' id='word_1_283' title='bbox 1230 2320 1504 2394; x_wconf 85' lang='lat' dir='ltr'><strong>quomodo</strong></span> <span class='ocrx_word' id='word_1_284' title='bbox 1531 2319 1600 2374; x_wconf 87' lang='lat' dir='ltr'><strong>ab</strong></span> <span class='ocrx_word' id='word_1_285' title='bbox 1631 2325 1752 2372; x_wconf 89' lang='lat' dir='ltr'><strong>ortu</strong></span> <span class='ocrx_word' id='word_1_286' title='bbox 1784 2313 1916 2370; x_wconf 89' lang='lat' dir='ltr'><strong>solis</strong></span> <span class='ocrx_word' id='word_1_287' title='bbox 1944 2313 2158 2368; x_wconf 81' lang='lat' dir='ltr'><strong>venisse</strong></span> 
     </span>
    </p>
   </div>
   <div class='ocr_carea' id='block_1_39' title="bbox 548 2406 2156 2488">
    <p class='ocr_par' dir='ltr' id='par_1_39' title="bbox 548 2406 2156 2488">
     <span class='ocr_line' id='line_1_39' title="bbox 548 2406 2156 2488; baseline -0.015 -6"><span class='ocrx_word' id='word_1_288' title='bbox 548 2426 826 2488; x_wconf 84' lang='lat' dir='ltr'><strong>dicuntur,</strong></span> <span class='ocrx_word' id='word_1_289' title='bbox 858 2421 912 2476; x_wconf 90' lang='lat' dir='ltr'><strong>id</strong></span> <span class='ocrx_word' id='word_1_290' title='bbox 939 2429 1046 2486; x_wconf 86' lang='lat' dir='ltr'><strong>est,</strong></span> <span class='ocrx_word' id='word_1_291' title='bbox 1064 2433 1093 2472; x_wconf 90' lang='lat' dir='ltr'><strong>a</strong></span> <span class='ocrx_word' id='word_1_292' title='bbox 1114 2416 1357 2481; x_wconf 86' lang='lat' dir='ltr'><strong>Christo,</strong></span> <span class='ocrx_word' id='word_1_293' title='bbox 1380 2414 1470 2485; x_wconf 90' lang='lat' dir='ltr'><strong>qui</strong></span> <span class='ocrx_word' id='word_1_294' title='bbox 1494 2425 1590 2484; x_wconf 87' lang='lat' dir='ltr'><strong>per</strong></span> <span class='ocrx_word' id='word_1_295' title='bbox 1621 2409 1793 2466; x_wconf 88' lang='lat' dir='ltr'><strong>solem</strong></span> <span class='ocrx_word' id='word_1_296' title='bbox 1816 2406 2156 2476; x_wconf 79' lang='lat' dir='ltr'><strong>designatur;</strong></span> 
     </span>
    </p>
   </div>
   <div class='ocr_carea' id='block_1_40' title="bbox 545 2500 2158 2577">
    <p class='ocr_par' dir='ltr' id='par_1_40' title="bbox 545 2500 2158 2577">
     <span class='ocr_line' id='line_1_40' title="bbox 545 2500 2158 2577; baseline -0.014 -2"><span class='ocrx_word' id='word_1_297' title='bbox 545 2531 675 2575; x_wconf 86' lang='lat' dir='ltr'><strong>cum</strong></span> <span class='ocrx_word' id='word_1_298' title='bbox 707 2529 818 2570; x_wconf 92' lang='lat' dir='ltr'><strong>non</strong></span> <span class='ocrx_word' id='word_1_299' title='bbox 856 2528 885 2567; x_wconf 92' lang='lat' dir='ltr'><strong>a</strong></span> <span class='ocrx_word' id='word_1_300' title='bbox 913 2511 1156 2577; x_wconf 87' lang='lat' dir='ltr'><strong>Christo,</strong></span> <span class='ocrx_word' id='word_1_301' title='bbox 1186 2508 1280 2565; x_wconf 86' lang='lat' dir='ltr'><strong>sed</strong></span> <span class='ocrx_word' id='word_1_302' title='bbox 1323 2506 1393 2562; x_wconf 85' lang='lat' dir='ltr'><strong>ad</strong></span> <span class='ocrx_word' id='word_1_303' title='bbox 1421 2505 1730 2570; x_wconf 80' lang='lat' dir='ltr'><strong>Christum,</strong></span> <span class='ocrx_word' id='word_1_304' title='bbox 1764 2500 2039 2557; x_wconf 77' lang='lat' dir='ltr'><strong>diabolum</strong></span> <span class='ocrx_word' id='word_1_305' title='bbox 2075 2512 2158 2553; x_wconf 91' lang='lat' dir='ltr'><strong>re-</strong></span> 
     </span>
    </p>
   </div>
   <div class='ocr_carea' id='block_1_41' title="bbox 550 2586 2157 2680">
    <p class='ocr_par' dir='ltr' id='par_1_41' title="bbox 550 2586 2157 2680">
     <span class='ocr_line' id='line_1_41' title="bbox 550 2586 2157 2680; baseline -0.013 -14"><span class='ocrx_word' id='word_1_306' title='bbox 550 2608 893 2680; x_wconf 83' lang='lat' dir='ltr'><strong>linquentes,</strong></span> <span class='ocrx_word' id='word_1_307' title='bbox 925 2586 1214 2661; x_wconf 80' lang='lat' dir='ltr'><strong>venerint?</strong></span> <span class='ocrx_word' id='word_1_308' title='bbox 1240 2601 1354 2658; x_wconf 80' lang='lat' dir='ltr'><strong>Nisi</strong></span> <span class='ocrx_word' id='word_1_309' title='bbox 1387 2599 1528 2654; x_wconf 81' lang='lat' dir='ltr'><strong>torte</strong></span> <span class='ocrx_word' id='word_1_310' title='bbox 1559 2611 1658 2669; x_wconf 87' lang='lat' dir='ltr'><strong>per</strong></span> <span class='ocrx_word' id='word_1_311' title='bbox 1680 2595 1851 2652; x_wconf 89' lang='lat' dir='ltr'><strong>solem</strong></span> <span class='ocrx_word' id='word_1_312' title='bbox 1881 2592 2157 2649; x_wconf 82' lang='lat' dir='ltr'><strong>diabolum</strong></span> 
     </span>
    </p>
   </div>
   <div class='ocr_carea' id='block_1_42' title="bbox 549 2683 2158 2773">
    <p class='ocr_par' dir='ltr' id='par_1_42' title="bbox 549 2683 2158 2773">
     <span class='ocr_line' id='line_1_42' title="bbox 549 2683 2158 2773; baseline -0.014 -14"><span class='ocrx_word' id='word_1_313' title='bbox 549 2702 920 2773; x_wconf 70' lang='lat' dir='ltr'><strong>intelligamus</strong></span> <span class='ocrx_word' id='word_1_314' title='bbox 941 2739 956 2764; x_wconf 94' lang='lat'><strong>,</strong></span> <span class='ocrx_word' id='word_1_315' title='bbox 982 2705 1040 2753; x_wconf 92' lang='lat' dir='ltr'><strong>ut</strong></span> <span class='ocrx_word' id='word_1_316' title='bbox 1067 2697 1136 2752; x_wconf 88' lang='lat' dir='ltr'><strong>ab</strong></span> <span class='ocrx_word' id='word_1_317' title='bbox 1166 2695 1284 2767; x_wconf 89' lang='lat' dir='ltr'><strong>ipso</strong></span> <span class='ocrx_word' id='word_1_318' title='bbox 1313 2693 1379 2748; x_wconf 87' lang='lat' dir='ltr'><strong>ad</strong></span> <span class='ocrx_word' id='word_1_319' title='bbox 1419 2690 1700 2748; x_wconf 84' lang='lat' dir='ltr'><strong>Christum</strong></span> <span class='ocrx_word' id='word_1_320' title='bbox 1729 2687 1982 2743; x_wconf 64' lang='lat' dir='ltr'><strong>uenerint</strong></span> <span class='ocrx_word' id='word_1_321' title='bbox 2008 2702 2020 2738; x_wconf 89' lang='lat'><strong>:</strong></span> <span class='ocrx_word' id='word_1_322' title='bbox 2064 2683 2158 2738; x_wconf 90' lang='lat' dir='ltr'><strong>sed</strong></span> 
     </span>
    </p>
   </div>
   <div class='ocr_carea' id='block_1_43' title="bbox 550 2782 2162 2864">
    <p class='ocr_par' dir='ltr' id='par_1_43' title="bbox 550 2782 2162 2864">
     <span class='ocr_line' id='line_1_43' title="bbox 550 2782 2162 2864; baseline -0.015 -10"><span class='ocrx_word' id='word_1_323' title='bbox 550 2796 749 2856; x_wconf 87' lang='lat' dir='ltr'><strong>melius</strong></span> <span class='ocrx_word' id='word_1_324' title='bbox 778 2805 860 2851; x_wconf 83' lang='lat' dir='ltr'><strong>est</strong></span> <span class='ocrx_word' id='word_1_325' title='bbox 888 2801 948 2849; x_wconf 89' lang='lat' dir='ltr'><strong>ut</strong></span> <span class='ocrx_word' id='word_1_326' title='bbox 973 2807 1072 2864; x_wconf 89' lang='lat' dir='ltr'><strong>per</strong></span> <span class='ocrx_word' id='word_1_327' title='bbox 1096 2790 1265 2846; x_wconf 88' lang='lat' dir='ltr'><strong>solem</strong></span> <span class='ocrx_word' id='word_1_328' title='bbox 1297 2784 1571 2843; x_wconf 86' lang='lat' dir='ltr'><strong>Christum</strong></span> <span class='ocrx_word' id='word_1_329' title='bbox 1603 2782 1999 2852; x_wconf 76' lang='lat' dir='ltr'><strong>intelligamus,</strong></span> <span class='ocrx_word' id='word_1_330' title='bbox 2033 2791 2162 2848; x_wconf 81' lang='lat' dir='ltr'><strong>pro-</strong></span> 
     </span>
    </p>
   </div>
   <div class='ocr_carea' id='block_1_44' title="bbox 551 2874 2160 2963">
    <p class='ocr_par' dir='ltr' id='par_1_44' title="bbox 551 2874 2160 2963">
     <span class='ocr_line' id='line_1_44' title="bbox 551 2874 2160 2963; baseline -0.016 -14"><span class='ocrx_word' id='word_1_331' title='bbox 551 2900 672 2963; x_wconf 84' lang='lat' dir='ltr'><strong>pter</strong></span> <span class='ocrx_word' id='word_1_332' title='bbox 718 2887 848 2946; x_wconf 87' lang='lat' dir='ltr'><strong>illud</strong></span> <span class='ocrx_word' id='word_1_333' title='bbox 879 2885 1259 2958; x_wconf 82' lang='lat' dir='ltr'><strong>prepheticum</strong></span> <span class='ocrx_word' id='word_1_334' title='bbox 1297 2900 1309 2936; x_wconf 92' lang='lat'><strong>:</strong></span> <span class='ocrx_word' id='word_1_335' title='bbox 1349 2880 1509 2936; x_wconf 72' lang='lat' dir='ltr'><strong>Vobis</strong></span> <span class='ocrx_word' id='word_1_336' title='bbox 1549 2886 1722 2932; x_wconf 78' lang='lat' dir='ltr'><strong>autem</strong></span> <span class='ocrx_word' id='word_1_337' title='bbox 1745 2874 2040 2930; x_wconf 78' lang='lat' dir='ltr'><strong>timentibus</strong></span> <span class='ocrx_word' id='word_1_338' title='bbox 2068 2889 2160 2925; x_wconf 85' lang='lat' dir='ltr'><strong>no-</strong></span> 
     </span>
    </p>
   </div>
   <div class='ocr_carea' id='block_1_45' title="bbox 553 2967 2161 3049">
    <p class='ocr_par' dir='ltr' id='par_1_45' title="bbox 553 2967 2161 3049">
     <span class='ocr_line' id='line_1_45' title="bbox 553 2967 2161 3049; baseline -0.012 -9"><span class='ocrx_word' id='word_1_339' title='bbox 553 3001 672 3041; x_wconf 71' lang='lat' dir='ltr'><strong>men</strong></span> <span class='ocrx_word' id='word_1_340' title='bbox 713 2997 883 3038; x_wconf 70' lang='lat' dir='ltr'><strong>meum</strong></span> <span class='ocrx_word' id='word_1_341' title='bbox 909 2980 1103 3035; x_wconf 77' lang='lat' dir='ltr'><strong>orietur</strong></span> <span class='ocrx_word' id='word_1_342' title='bbox 1131 2979 1210 3033; x_wconf 82' lang='lat' dir='ltr'><strong>soi</strong></span> <span class='ocrx_word' id='word_1_343' title='bbox 1239 2975 1496 3049; x_wconf 75' lang='lat' dir='ltr'><strong>justitite,</strong></span> <span class='ocrx_word' id='word_1_344' title='bbox 1532 2982 1557 3012; x_wconf 73' lang='grc' dir='ltr'>α</span> <span class='ocrx_word' id='word_1_345' title='bbox 1591 2982 1636 3028; x_wconf 88' lang='lat' dir='ltr'><strong>et</strong></span> <span class='ocrx_word' id='word_1_346' title='bbox 1667 2970 1865 3025; x_wconf 71' lang='lat' dir='ltr'><strong>smaitas</strong></span> <span class='ocrx_word' id='word_1_347' title='bbox 1899 2968 1953 3022; x_wconf 83' lang='lat' dir='ltr'><strong>in</strong></span> <span class='ocrx_word' id='word_1_348' title='bbox 1979 2967 2161 3038; x_wconf 80' lang='lat' dir='ltr'><strong>pennis</strong></span> 
     </span>
    </p>
   </div>
   <div class='ocr_carea' id='block_1_46' title="bbox 552 3061 2160 3155">
    <p class='ocr_par' dir='ltr' id='par_1_46' title="bbox 552 3061 2160 3155">
     <span class='ocr_line' id='line_1_46' title="bbox 552 3061 2160 3155; baseline -0.014 -18"><span class='ocrx_word' id='word_1_349' title='bbox 552 3083 669 3149; x_wconf 78' lang='lat' dir='ltr'><strong>eius</strong></span> <span class='ocrx_word' id='word_1_350' title='bbox 699 3079 937 3155; x_wconf 72' lang='lat' dir='ltr'><strong>(Maiae.</strong></span> <span class='ocrx_word' id='word_1_351' title='bbox 982 3090 1056 3138; x_wconf 84' lang='lat' dir='ltr'><strong>tv,</strong></span> <span class='ocrx_word' id='word_1_352' title='bbox 1100 3071 1196 3144; x_wconf 69' lang='grc' dir='ltr'><strong>ε).</strong></span> <span class='ocrx_word' id='word_1_353' title='bbox 1243 3069 1323 3125; x_wconf 80' lang='lat' dir='ltr'><strong>Ab</strong></span> <span class='ocrx_word' id='word_1_354' title='bbox 1368 3078 1492 3124; x_wconf 90' lang='lat' dir='ltr'><strong>ortu</strong></span> <span class='ocrx_word' id='word_1_355' title='bbox 1523 3081 1655 3138; x_wconf 83' lang='lat' dir='ltr'><strong>ergo</strong></span> <span class='ocrx_word' id='word_1_356' title='bbox 1699 3065 1860 3131; x_wconf 89' lang='lat' dir='ltr'><strong>solis,</strong></span> <span class='ocrx_word' id='word_1_357' title='bbox 1891 3061 1942 3117; x_wconf 93' lang='lat' dir='ltr'><strong>id</strong></span> <span class='ocrx_word' id='word_1_358' title='bbox 1987 3071 2094 3126; x_wconf 75' lang='lat' dir='ltr'><strong>est,</strong></span> <span class='ocrx_word' id='word_1_359' title='bbox 2129 3073 2160 3115; x_wconf 92' lang='lat' dir='ltr'><strong>a</strong></span> 
     </span>
    </p>
   </div>
   <div class='ocr_carea' id='block_1_47' title="bbox 554 3154 2160 3240">
    <p class='ocr_par' dir='ltr' id='par_1_47' title="bbox 554 3154 2160 3240">
     <span class='ocr_line' id='line_1_47' title="bbox 554 3154 2160 3240; baseline -0.014 -8"><span class='ocrx_word' id='word_1_360' title='bbox 554 3175 776 3233; x_wconf 85' lang='lat' dir='ltr'><strong>Christo</strong></span> <span class='ocrx_word' id='word_1_361' title='bbox 795 3172 1043 3235; x_wconf 87' lang='lat' dir='ltr'><strong>veniunt,</strong></span> <span class='ocrx_word' id='word_1_362' title='bbox 1068 3167 1193 3240; x_wconf 88' lang='lat' dir='ltr'><strong>quia</strong></span> <span class='ocrx_word' id='word_1_363' title='bbox 1221 3167 1340 3236; x_wconf 90' lang='lat' dir='ltr'><strong>ipso</strong></span> <span class='ocrx_word' id='word_1_364' title='bbox 1362 3163 1662 3234; x_wconf 88' lang='lat' dir='ltr'><strong>inspirante</strong></span> <span class='ocrx_word' id='word_1_365' title='bbox 1676 3170 1726 3215; x_wconf 89' lang='lat' dir='ltr'><strong>et</strong></span> <span class='ocrx_word' id='word_1_366' title='bbox 1750 3157 2066 3229; x_wconf 86' lang='lat' dir='ltr'><strong>impellente</strong></span> <span class='ocrx_word' id='word_1_367' title='bbox 2093 3154 2160 3210; x_wconf 90' lang='lat' dir='ltr'><strong>ad</strong></span> 
     </span>
    </p>
   </div>
   <div class='ocr_carea' id='block_1_48' title="bbox 2262 1941 3804 2018">
    <p class='ocr_par' dir='ltr' id='par_1_48' title="bbox 2262 1941 3804 2018">
     <span class='ocr_line' id='line_1_48' title="bbox 2262 1941 3804 2018; baseline -0.001 -18"><span class='ocrx_word' id='word_1_368' title='bbox 2262 1962 2361 2002; x_wconf 90' lang='lat' dir='ltr'><strong>nus</strong></span> <span class='ocrx_word' id='word_1_369' title='bbox 2391 1947 2469 2002; x_wconf 86' lang='lat' dir='ltr'><strong>eis</strong></span> <span class='ocrx_word' id='word_1_370' title='bbox 2496 1947 2843 2018; x_wconf 88' lang='lat' dir='ltr'><strong>superveniet</strong></span> <span class='ocrx_word' id='word_1_371' title='bbox 2887 1945 3159 2001; x_wconf 80' lang='lat' dir='ltr'><strong>interitus.</strong></span> <span class='ocrx_word' id='word_1_372' title='bbox 3205 1941 3398 2002; x_wconf 82' lang='lat' dir='ltr'><strong>Beatus</strong></span> <span class='ocrx_word' id='word_1_373' title='bbox 3442 1946 3534 2018; x_wconf 84' lang='lat' dir='ltr'><strong>qui</strong></span> <span class='ocrx_word' id='word_1_374' title='bbox 3574 1947 3804 2017; x_wconf 76' lang='lat' dir='ltr'><strong>vigilst,et</strong></span> 
     </span>
    </p>
   </div>
   <div class='ocr_carea' id='block_1_49' title="bbox 2259 2038 3805 2104">
    <p class='ocr_par' dir='ltr' id='par_1_49' title="bbox 2259 2038 3805 2104">
     <span class='ocr_line' id='line_1_49' title="bbox 2259 2038 3805 2104; baseline -0.004 -10"><span class='ocrx_word' id='word_1_375' title='bbox 2259 2040 2483 2095; x_wconf 80' lang='lat' dir='ltr'><strong>custodit</strong></span> <span class='ocrx_word' id='word_1_376' title='bbox 2513 2041 2810 2095; x_wconf 80' lang='lat' dir='ltr'><strong>uestimenta</strong></span> <span class='ocrx_word' id='word_1_377' title='bbox 2843 2056 2972 2104; x_wconf 86' lang='lat' dir='ltr'><strong>sua;</strong></span> <span class='ocrx_word' id='word_1_378' title='bbox 3001 2056 3062 2094; x_wconf 81' lang='lat' dir='ltr'><strong>ne</strong></span> <span class='ocrx_word' id='word_1_379' title='bbox 3092 2038 3261 2094; x_wconf 86' lang='lat' dir='ltr'><strong>nudus</strong></span> <span class='ocrx_word' id='word_1_380' title='bbox 3289 2039 3513 2094; x_wconf 76' lang='lat' dir='ltr'><strong>ambulet</strong></span> <span class='ocrx_word' id='word_1_381' title='bbox 3538 2083 3550 2103; x_wconf 84' lang='lat'><strong>,</strong></span> <span class='ocrx_word' id='word_1_382' title='bbox 3579 2047 3625 2093; x_wconf 89' lang='lat' dir='ltr'><strong>et</strong></span> <span class='ocrx_word' id='word_1_383' title='bbox 3652 2038 3805 2093; x_wconf 68' lang='lat' dir='ltr'><strong>rideant</strong></span> 
     </span>
    </p>
   </div>
   <div class='ocr_carea' id='block_1_50' title="bbox 2259 2129 3805 2204">
    <p class='ocr_par' dir='ltr' id='par_1_50' title="bbox 2259 2129 3805 2204">
     <span class='ocr_line' id='line_1_50' title="bbox 2259 2129 3805 2204; baseline -0.003 -17"><span class='ocrx_word' id='word_1_384' title='bbox 2259 2133 2632 2203; x_wconf 81' lang='lat' dir='ltr'><strong>turpitudinem</strong></span> <span class='ocrx_word' id='word_1_385' title='bbox 2662 2133 2776 2204; x_wconf 84' lang='lat' dir='ltr'><strong>ejus</strong></span> <span class='ocrx_word' id='word_1_386' title='bbox 2804 2129 2846 2202; x_wconf 85' lang='grc'><strong>(1</strong></span> <span class='ocrx_word' id='word_1_387' title='bbox 2873 2129 3059 2186; x_wconf 82' lang='lat' dir='ltr'><strong>Thess.</strong></span> <span class='ocrx_word' id='word_1_388' title='bbox 3094 2148 3144 2198; x_wconf 89' lang='lat' dir='ltr'><strong>v,</strong></span> <span class='ocrx_word' id='word_1_389' title='bbox 3175 2130 3234 2199; x_wconf 75' lang='lat'><strong>2,</strong></span> <span class='ocrx_word' id='word_1_390' title='bbox 3262 2131 3345 2200; x_wconf 83' lang='grc'><strong>5).</strong></span> <span class='ocrx_word' id='word_1_391' title='bbox 3375 2129 3538 2202; x_wconf 84' lang='lat' dir='ltr'><strong>lmpii</strong></span> <span class='ocrx_word' id='word_1_392' title='bbox 3568 2130 3652 2200; x_wconf 87' lang='lat' dir='ltr'><strong>qui</strong></span> <span class='ocrx_word' id='word_1_393' title='bbox 3679 2131 3722 2184; x_wconf 87' lang='lat' dir='ltr'><strong>in</strong></span> <span class='ocrx_word' id='word_1_394' title='bbox 3741 2144 3805 2182; x_wconf 79' lang='lat' dir='ltr'><strong>to-</strong></span> 
     </span>
    </p>
   </div>
   <div class='ocr_carea' id='block_1_51' title="bbox 2259 2221 3807 2297">
    <p class='ocr_par' dir='ltr' id='par_1_51' title="bbox 2259 2221 3807 2297">
     <span class='ocr_line' id='line_1_51' title="bbox 2259 2221 3807 2297; baseline -0.001 -18"><span class='ocrx_word' id='word_1_395' title='bbox 2259 2224 2556 2297; x_wconf 88' lang='lat' dir='ltr'><strong>luptatibus</strong></span> <span class='ocrx_word' id='word_1_396' title='bbox 2597 2239 2709 2280; x_wconf 73' lang='lat' dir='ltr'><strong>sua:</strong></span> <span class='ocrx_word' id='word_1_397' title='bbox 2748 2225 2930 2281; x_wconf 87' lang='lat' dir='ltr'><strong>carnis</strong></span> <span class='ocrx_word' id='word_1_398' title='bbox 2960 2223 3124 2280; x_wconf 88' lang='lat' dir='ltr'><strong>veluti</strong></span> <span class='ocrx_word' id='word_1_399' title='bbox 3160 2225 3210 2279; x_wconf 91' lang='lat' dir='ltr'><strong>in</strong></span> <span class='ocrx_word' id='word_1_400' title='bbox 3253 2223 3491 2296; x_wconf 85' lang='lat' dir='ltr'><strong>quadam</strong></span> <span class='ocrx_word' id='word_1_401' title='bbox 3528 2222 3732 2279; x_wconf 85' lang='lat' dir='ltr'><strong>mollitie</strong></span> <span class='ocrx_word' id='word_1_402' title='bbox 3757 2221 3807 2278; x_wconf 72' lang='lat' dir='ltr'><strong>ie-</strong></span> 
     </span>
    </p>
   </div>
   <div class='ocr_carea' id='block_1_52' title="bbox 2260 2315 3807 2389">
    <p class='ocr_par' dir='ltr' id='par_1_52' title="bbox 2260 2315 3807 2389">
     <span class='ocr_line' id='line_1_52' title="bbox 2260 2315 3807 2389; baseline -0.001 -16"><span class='ocrx_word' id='word_1_403' title='bbox 2260 2319 2388 2373; x_wconf 91' lang='lat' dir='ltr'><strong>ctuli</strong></span> <span class='ocrx_word' id='word_1_404' title='bbox 2417 2316 2794 2387; x_wconf 89' lang='lat' dir='ltr'><strong>requiescunt,</strong></span> <span class='ocrx_word' id='word_1_405' title='bbox 2819 2329 2874 2373; x_wconf 90' lang='lat' dir='ltr'><strong>et</strong></span> <span class='ocrx_word' id='word_1_406' title='bbox 2905 2317 2993 2389; x_wconf 89' lang='lat' dir='ltr'><strong>qui</strong></span> <span class='ocrx_word' id='word_1_407' title='bbox 3022 2315 3215 2373; x_wconf 90' lang='lat' dir='ltr'><strong>nolunt</strong></span> <span class='ocrx_word' id='word_1_408' title='bbox 3240 2316 3552 2386; x_wconf 75' lang='lat' dir='ltr'><strong>praevidere</strong></span> <span class='ocrx_word' id='word_1_409' title='bbox 3581 2316 3702 2372; x_wconf 84' lang='lat' dir='ltr'><strong>mala</strong></span> <span class='ocrx_word' id='word_1_410' title='bbox 3725 2331 3807 2388; x_wconf 63' lang='lat' dir='ltr'><strong>quis</strong></span> 
     </span>
    </p>
   </div>
   <div class='ocr_carea' id='block_1_53' title="bbox 2261 2407 3909 2480">
    <p class='ocr_par' dir='ltr' id='par_1_53' title="bbox 2261 2407 3909 2480">
     <span class='ocr_line' id='line_1_53' title="bbox 2261 2407 3909 2480; baseline -0.002 -15"><span class='ocrx_word' id='word_1_411' title='bbox 2261 2419 2700 2480; x_wconf 86' lang='lat' dir='ltr'><strong>sequuntur,uon</strong></span> <span class='ocrx_word' id='word_1_412' title='bbox 2716 2408 3167 2466; x_wconf 88' lang='lat' dir='ltr'><strong>lnconvenienter</strong></span> <span class='ocrx_word' id='word_1_413' title='bbox 3181 2409 3422 2464; x_wconf 82' lang='lat' dir='ltr'><strong>dormire</strong></span> <span class='ocrx_word' id='word_1_414' title='bbox 3438 2409 3696 2466; x_wconf 88' lang='lat' dir='ltr'><strong>dicuntur.</strong></span> <span class='ocrx_word' id='word_1_415' title='bbox 3709 2409 3810 2478; x_wconf 72' lang='lat' dir='ltr'><strong>Quas</strong></span> <span class='ocrx_word' id='word_1_416' title='bbox 3908 2407 3909 2480; x_wconf 33' lang='grc' dir='ltr'>ἢ</span> 
     </span>
    </p>
   </div>
   <div class='ocr_carea' id='block_1_54' title="bbox 2262 2501 3810 2578">
    <p class='ocr_par' dir='ltr' id='par_1_54' title="bbox 2262 2501 3810 2578">
     <span class='ocr_line' id='line_1_54' title="bbox 2262 2501 3810 2578; baseline 0.001 -20"><span class='ocrx_word' id='word_1_417' title='bbox 2262 2503 2560 2573; x_wconf 81' lang='lat' dir='ltr'><strong>Aposmius</strong></span> <span class='ocrx_word' id='word_1_418' title='bbox 2577 2501 2831 2559; x_wconf 86' lang='lat' dir='ltr'><strong>admonet</strong></span> <span class='ocrx_word' id='word_1_419' title='bbox 2864 2503 3048 2560; x_wconf 85' lang='lat' dir='ltr'><strong>dicens</strong></span> <span class='ocrx_word' id='word_1_420' title='bbox 3080 2521 3092 2558; x_wconf 91' lang='lat'><strong>:</strong></span> <span class='ocrx_word' id='word_1_421' title='bbox 3124 2501 3319 2578; x_wconf 80' lang='lat' dir='ltr'><strong>Surge,</strong></span> <span class='ocrx_word' id='word_1_422' title='bbox 3344 2505 3434 2574; x_wconf 84' lang='lat' dir='ltr'><strong>qui</strong></span> <span class='ocrx_word' id='word_1_423' title='bbox 3464 2505 3670 2569; x_wconf 81' lang='lat' dir='ltr'><strong>dormis,</strong></span> <span class='ocrx_word' id='word_1_424' title='bbox 3695 2514 3810 2559; x_wconf 77' lang='lat' dir='ltr'><strong>etes-</strong></span> 
     </span>
    </p>
   </div>
   <div class='ocr_carea' id='block_1_55' title="bbox 2261 2598 3809 2672">
    <p class='ocr_par' dir='ltr' id='par_1_55' title="bbox 2261 2598 3809 2672">
     <span class='ocr_line' id='line_1_55' title="bbox 2261 2598 3809 2672; baseline -0.002 -17"><span class='ocrx_word' id='word_1_425' title='bbox 2261 2617 2413 2672; x_wconf 87' lang='lat' dir='ltr'><strong>surge</strong></span> <span class='ocrx_word' id='word_1_426' title='bbox 2444 2617 2474 2654; x_wconf 88' lang='lat' dir='ltr'><strong>a</strong></span> <span class='ocrx_word' id='word_1_427' title='bbox 2505 2601 2742 2666; x_wconf 86' lang='lat' dir='ltr'><strong>mortuis,</strong></span> <span class='ocrx_word' id='word_1_428' title='bbox 2775 2611 2820 2654; x_wconf 88' lang='lat' dir='ltr'><strong>et</strong></span> <span class='ocrx_word' id='word_1_429' title='bbox 2842 2599 3156 2655; x_wconf 82' lang='lat' dir='ltr'><strong>illuminabit</strong></span> <span class='ocrx_word' id='word_1_430' title='bbox 3176 2610 3225 2654; x_wconf 85' lang='lat' dir='ltr'><strong>te</strong></span> <span class='ocrx_word' id='word_1_431' title='bbox 3252 2599 3491 2658; x_wconf 69' lang='lat' dir='ltr'><strong>tiltristus</strong></span> <span class='ocrx_word' id='word_1_432' title='bbox 3522 2599 3679 2671; x_wconf 75' lang='lat' dir='ltr'><strong>(Eph.</strong></span> <span class='ocrx_word' id='word_1_433' title='bbox 3700 2598 3809 2666; x_wconf 82' lang='lat' dir='ltr'><strong>v,l).</strong></span> 
     </span>
    </p>
   </div>
   <div class='ocr_carea' id='block_1_56' title="bbox 2261 2691 3808 2765">
    <p class='ocr_par' dir='ltr' id='par_1_56' title="bbox 2261 2691 3808 2765">
     <span class='ocr_line' id='line_1_56' title="bbox 2261 2691 3808 2765; baseline -0.002 -16"><span class='ocrx_word' id='word_1_434' title='bbox 2261 2691 2400 2749; x_wconf 74' lang='lat' dir='ltr'><strong>Iusti</strong></span> <span class='ocrx_word' id='word_1_435' title='bbox 2431 2708 2558 2748; x_wconf 78' lang='lat' dir='ltr'><strong>vero</strong></span> <span class='ocrx_word' id='word_1_436' title='bbox 2589 2693 2676 2762; x_wconf 92' lang='lat' dir='ltr'><strong>qui</strong></span> <span class='ocrx_word' id='word_1_437' title='bbox 2710 2693 2853 2748; x_wconf 90' lang='lat' dir='ltr'><strong>mala</strong></span> <span class='ocrx_word' id='word_1_438' title='bbox 2894 2709 3015 2765; x_wconf 79' lang='lat' dir='ltr'><strong>qua:</strong></span> <span class='ocrx_word' id='word_1_439' title='bbox 3059 2705 3389 2764; x_wconf 90' lang='lat' dir='ltr'><strong>sequuntur,</strong></span> <span class='ocrx_word' id='word_1_440' title='bbox 3422 2693 3710 2764; x_wconf 68' lang='lat' dir='ltr'><strong>pravidere</strong></span> <span class='ocrx_word' id='word_1_441' title='bbox 3731 2701 3808 2747; x_wconf 53' lang='lat' dir='ltr'><strong>stuc</strong></span> 
     </span>
    </p>
   </div>
   <div class='ocr_carea' id='block_1_57' title="bbox 2263 2781 3809 2864">
    <p class='ocr_par' dir='ltr' id='par_1_57' title="bbox 2263 2781 3809 2864">
     <span class='ocr_line' id='line_1_57' title="bbox 2263 2781 3809 2864; baseline -0.005 -23"><span class='ocrx_word' id='word_1_442' title='bbox 2263 2781 2412 2851; x_wconf 89' lang='lat' dir='ltr'><strong>dent,</strong></span> <span class='ocrx_word' id='word_1_443' title='bbox 2447 2785 2532 2855; x_wconf 90' lang='lat' dir='ltr'><strong>qui</strong></span> <span class='ocrx_word' id='word_1_444' title='bbox 2563 2785 2871 2864; x_wconf 75' lang='lat' dir='ltr'><strong>voluptates</strong></span> <span class='ocrx_word' id='word_1_445' title='bbox 2901 2781 3148 2840; x_wconf 90' lang='lat' dir='ltr'><strong>carnales</strong></span> <span class='ocrx_word' id='word_1_446' title='bbox 3177 2784 3229 2839; x_wconf 90' lang='lat' dir='ltr'><strong>in</strong></span> <span class='ocrx_word' id='word_1_447' title='bbox 3260 2801 3324 2841; x_wconf 89' lang='lat' dir='ltr'><strong>se</strong></span> <span class='ocrx_word' id='word_1_448' title='bbox 3363 2785 3729 2855; x_wconf 73' lang='lat' dir='ltr'><strong>exstinguunt,</strong></span> <span class='ocrx_word' id='word_1_449' title='bbox 3750 2783 3809 2851; x_wconf 79' lang='lat' dir='ltr'><strong>qui</strong></span> 
     </span>
    </p>
   </div>
   <div class='ocr_carea' id='block_1_58' title="bbox 2262 2877 3808 2945">
    <p class='ocr_par' dir='ltr' id='par_1_58' title="bbox 2262 2877 3808 2945">
     <span class='ocr_line' id='line_1_58' title="bbox 2262 2877 3808 2945; baseline -0.001 -13"><span class='ocrx_word' id='word_1_450' title='bbox 2262 2879 2428 2935; x_wconf 89' lang='lat' dir='ltr'><strong>armis</strong></span> <span class='ocrx_word' id='word_1_451' title='bbox 2445 2881 2702 2934; x_wconf 87' lang='lat' dir='ltr'><strong>virtutum</strong></span> <span class='ocrx_word' id='word_1_452' title='bbox 2727 2894 2785 2934; x_wconf 89' lang='lat' dir='ltr'><strong>se</strong></span> <span class='ocrx_word' id='word_1_453' title='bbox 2808 2878 3093 2945; x_wconf 89' lang='lat' dir='ltr'><strong>muniunt;</strong></span> <span class='ocrx_word' id='word_1_454' title='bbox 3128 2887 3185 2933; x_wconf 89' lang='lat' dir='ltr'><strong>ut</strong></span> <span class='ocrx_word' id='word_1_455' title='bbox 3219 2889 3410 2935; x_wconf 88' lang='lat' dir='ltr'><strong>contra</strong></span> <span class='ocrx_word' id='word_1_456' title='bbox 3441 2877 3681 2936; x_wconf 80' lang='lat' dir='ltr'><strong>visibiles</strong></span> <span class='ocrx_word' id='word_1_457' title='bbox 3705 2877 3808 2932; x_wconf 81' lang='lat' dir='ltr'><strong>cliu-</strong></span> 
     </span>
    </p>
   </div>
   <div class='ocr_carea' id='block_1_59' title="bbox 2263 2967 3812 3034">
    <p class='ocr_par' dir='ltr' id='par_1_59' title="bbox 2263 2967 3812 3034">
     <span class='ocr_line' id='line_1_59' title="bbox 2263 2967 3812 3034; baseline -0.003 -7"><span class='ocrx_word' id='word_1_458' title='bbox 2263 2969 2505 3029; x_wconf 78' lang='lat' dir='ltr'><strong>visibiles</strong></span> <span class='ocrx_word' id='word_1_459' title='bbox 2533 2969 2720 3034; x_wconf 86' lang='lat' dir='ltr'><strong>hostes</strong></span> <span class='ocrx_word' id='word_1_460' title='bbox 2764 2971 3140 3028; x_wconf 87' lang='lat' dir='ltr'><strong>indesinenter</strong></span> <span class='ocrx_word' id='word_1_461' title='bbox 3179 2967 3444 3028; x_wconf 84' lang='lat' dir='ltr'><strong>dimicare</strong></span> <span class='ocrx_word' id='word_1_462' title='bbox 3478 2972 3812 3034; x_wconf 70' lang='lat' dir='ltr'><strong>valeant.nan</strong></span> 
     </span>
    </p>
   </div>
   <div class='ocr_carea' id='block_1_60' title="bbox 2265 3063 3810 3138">
    <p class='ocr_par' dir='ltr' id='par_1_60' title="bbox 2265 3063 3810 3138">
     <span class='ocr_line' id='line_1_60' title="bbox 2265 3063 3810 3138; baseline -0.002 -20"><span class='ocrx_word' id='word_1_463' title='bbox 2265 3065 2563 3135; x_wconf 83' lang='lat' dir='ltr'><strong>incongrue</strong></span> <span class='ocrx_word' id='word_1_464' title='bbox 2612 3065 2837 3136; x_wconf 71' lang='lat' dir='ltr'><strong>vigilare</strong></span> <span class='ocrx_word' id='word_1_465' title='bbox 2891 3064 3180 3132; x_wconf 88' lang='lat' dir='ltr'><strong>dicuntur,</strong></span> <span class='ocrx_word' id='word_1_466' title='bbox 3243 3065 3476 3138; x_wconf 87' lang='lat' dir='ltr'><strong>ideoque</strong></span> <span class='ocrx_word' id='word_1_467' title='bbox 3533 3063 3666 3122; x_wconf 85' lang='lat' dir='ltr'><strong>beati</strong></span> <span class='ocrx_word' id='word_1_468' title='bbox 3711 3073 3810 3119; x_wconf 79' lang='lat' dir='ltr'><strong>sunt.</strong></span> 
     </span>
    </p>
   </div>
   <div class='ocr_carea' id='block_1_61' title="bbox 2267 3155 3812 3225">
    <p class='ocr_par' dir='ltr' id='par_1_61' title="bbox 2267 3155 3812 3225">
     <span class='ocr_line' id='line_1_61' title="bbox 2267 3155 3812 3225; baseline -0.002 -15"><span class='ocrx_word' id='word_1_469' title='bbox 2267 3155 2600 3213; x_wconf 75' lang='lat' dir='ltr'><strong>Vestimenta</strong></span> <span class='ocrx_word' id='word_1_470' title='bbox 2627 3161 2809 3213; x_wconf 89' lang='lat' dir='ltr'><strong>autem</strong></span> <span class='ocrx_word' id='word_1_471' title='bbox 2843 3167 3155 3212; x_wconf 85' lang='lat' dir='ltr'><strong>nostrarum</strong></span> <span class='ocrx_word' id='word_1_472' title='bbox 3200 3159 3511 3212; x_wconf 81' lang='lat' dir='ltr'><strong>animarum</strong></span> <span class='ocrx_word' id='word_1_473' title='bbox 3556 3165 3672 3212; x_wconf 88' lang='lat' dir='ltr'><strong>sunt</strong></span> <span class='ocrx_word' id='word_1_474' title='bbox 3696 3169 3812 3225; x_wconf 74' lang='lat' dir='ltr'><strong>aper:</strong></span> 
     </span>
    </p>
   </div>
   <div class='ocr_carea' id='block_1_62' title="bbox 554 3237 3813 3335">
    <p class='ocr_par' dir='ltr' id='par_1_62' title="bbox 554 3237 3813 3335">
     <span class='ocr_line' id='line_1_62' title="bbox 554 3237 3813 3335; baseline -0.007 -8"><span class='ocrx_word' id='word_1_475' title='bbox 554 3285 683 3328; x_wconf 87' lang='lat' dir='ltr'><strong>eum</strong></span> <span class='ocrx_word' id='word_1_476' title='bbox 711 3267 960 3331; x_wconf 87' lang='lat' dir='ltr'><strong>veniunt;</strong></span> <span class='ocrx_word' id='word_1_477' title='bbox 995 3237 1164 3335; x_wconf 81' lang='lat' dir='ltr'><strong>ipsius</strong></span> <span class='ocrx_word' id='word_1_478' title='bbox 1195 3268 1278 3317; x_wconf 83' lang='lat' dir='ltr'><strong>est</strong></span> <span class='ocrx_word' id='word_1_479' title='bbox 1304 3260 1507 3315; x_wconf 88' lang='lat' dir='ltr'><strong>donum</strong></span> <span class='ocrx_word' id='word_1_480' title='bbox 1541 3267 1598 3314; x_wconf 88' lang='lat' dir='ltr'><strong>et</strong></span> <span class='ocrx_word' id='word_1_481' title='bbox 1626 3257 1764 3312; x_wconf 81' lang='lat' dir='ltr'><strong>velle</strong></span> <span class='ocrx_word' id='word_1_482' title='bbox 1791 3261 1845 3311; x_wconf 90' lang='lat' dir='ltr'><strong>et</strong></span> <span class='ocrx_word' id='word_1_483' title='bbox 1878 3253 2162 3325; x_wconf 80' lang='lat' dir='ltr'><strong>perﬁcere,</strong></span> <span class='ocrx_word' id='word_1_484' title='bbox 2192 3237 2236 3300; x_wconf 67' lang='grc' dir='ltr'><strong>(ἶ</strong></span> <span class='ocrx_word' id='word_1_485' title='bbox 2268 3251 2406 3308; x_wconf 82' lang='lat' dir='ltr'><strong>bona</strong></span> <span class='ocrx_word' id='word_1_486' title='bbox 2443 3271 2455 3306; x_wconf 87' lang='lat'>:</span> <span class='ocrx_word' id='word_1_487' title='bbox 2506 3251 2749 3307; x_wconf 80' lang='lat' dir='ltr'><strong>custodia</strong></span> <span class='ocrx_word' id='word_1_488' title='bbox 2782 3251 3013 3308; x_wconf 87' lang='lat' dir='ltr'><strong>vestium</strong></span> <span class='ocrx_word' id='word_1_489' title='bbox 3057 3251 3308 3308; x_wconf 90' lang='lat' dir='ltr'><strong>custodia</strong></span> <span class='ocrx_word' id='word_1_490' title='bbox 3360 3264 3448 3307; x_wconf 88' lang='lat' dir='ltr'><strong>est</strong></span> <span class='ocrx_word' id='word_1_491' title='bbox 3494 3251 3813 3308; x_wconf 76' lang='lat' dir='ltr'><strong>mandatorum</strong></span> 
     </span>
    </p>
   </div>
   <div class='ocr_carea' id='block_1_63' title="bbox 558 3347 2165 3436">
    <p class='ocr_par' dir='ltr' id='par_1_63' title="bbox 558 3347 2165 3436">
     <span class='ocr_line' id='line_1_63' title="bbox 558 3347 2165 3436; baseline -0.012 -17"><span class='ocrx_word' id='word_1_492' title='bbox 558 3379 682 3436; x_wconf 64' lang='lat' dir='ltr'><strong>(lum</strong></span> <span class='ocrx_word' id='word_1_493' title='bbox 711 3361 852 3418; x_wconf 85' lang='lat' dir='ltr'><strong>bona</strong></span> <span class='ocrx_word' id='word_1_494' title='bbox 881 3367 1002 3415; x_wconf 81' lang='lat' dir='ltr'><strong>sunt</strong></span> <span class='ocrx_word' id='word_1_495' title='bbox 1027 3400 1042 3425; x_wconf 88' lang='lat'><strong>,</strong></span> <span class='ocrx_word' id='word_1_496' title='bbox 1080 3356 1220 3412; x_wconf 87' lang='lat' dir='ltr'><strong>sicut</strong></span> <span class='ocrx_word' id='word_1_497' title='bbox 1253 3356 1369 3425; x_wconf 89' lang='lat' dir='ltr'><strong>ipse</strong></span> <span class='ocrx_word' id='word_1_498' title='bbox 1397 3352 1530 3408; x_wconf 87' lang='lat' dir='ltr'><strong>dixit</strong></span> <span class='ocrx_word' id='word_1_499' title='bbox 1556 3367 1568 3404; x_wconf 94' lang='lat'><strong>:</strong></span> <span class='ocrx_word' id='word_1_500' title='bbox 1604 3351 1732 3406; x_wconf 86' lang='lat' dir='ltr'><strong>Siue</strong></span> <span class='ocrx_word' id='word_1_501' title='bbox 1757 3363 1837 3402; x_wconf 82' lang='lat' dir='ltr'><strong>me</strong></span> <span class='ocrx_word' id='word_1_502' title='bbox 1866 3347 1998 3402; x_wconf 74' lang='lat' dir='ltr'><strong>nihil</strong></span> <span class='ocrx_word' id='word_1_503' title='bbox 2021 3355 2165 3416; x_wconf 77' lang='lat' dir='ltr'><strong>pote-</strong></span> 
     </span>
    </p>
   </div>
   <div class='ocr_carea' id='block_1_64' title="bbox 555 3439 2169 3532">
    <p class='ocr_par' dir='ltr' id='par_1_64' title="bbox 555 3439 2169 3532">
     <span class='ocr_line' id='line_1_64' title="bbox 555 3439 2169 3532; baseline -0.013 -18"><span class='ocrx_word' id='word_1_504' title='bbox 555 3460 651 3515; x_wconf 82' lang='lat' dir='ltr'><strong>stis</strong></span> <span class='ocrx_word' id='word_1_505' title='bbox 679 3461 849 3532; x_wconf 75' lang='lat' dir='ltr'><strong>facere</strong></span> <span class='ocrx_word' id='word_1_506' title='bbox 889 3452 1084 3529; x_wconf 79' lang='lat' dir='ltr'><strong>(Joan.</strong></span> <span class='ocrx_word' id='word_1_507' title='bbox 1119 3465 1207 3517; x_wconf 78' lang='lat' dir='ltr'><strong>xv,</strong></span> <span class='ocrx_word' id='word_1_508' title='bbox 1242 3449 1336 3519; x_wconf 80' lang='lat'><strong>5).</strong></span> <span class='ocrx_word' id='word_1_509' title='bbox 1387 3447 1433 3502; x_wconf 85' lang='lat' dir='ltr'><strong>A</strong></span> <span class='ocrx_word' id='word_1_510' title='bbox 1460 3445 1682 3502; x_wconf 76' lang='lat' dir='ltr'><strong>Christo</strong></span> <span class='ocrx_word' id='word_1_511' title='bbox 1712 3442 1896 3514; x_wconf 87' lang='lat' dir='ltr'><strong>itaque</strong></span> <span class='ocrx_word' id='word_1_512' title='bbox 1942 3439 2169 3495; x_wconf 88' lang='lat' dir='ltr'><strong>veniunt</strong></span> 
     </span>
    </p>
   </div>
   <div class='ocr_carea' id='block_1_65' title="bbox 555 3533 2166 3622">
    <p class='ocr_par' dir='ltr' id='par_1_65' title="bbox 555 3533 2166 3622">
     <span class='ocr_line' id='line_1_65' title="bbox 555 3533 2166 3622; baseline -0.013 -15"><span class='ocrx_word' id='word_1_513' title='bbox 555 3533 884 3622; x_wconf 80' lang='lat' dir='ltr'><strong>quicumque</strong></span> <span class='ocrx_word' id='word_1_514' title='bbox 907 3545 972 3600; x_wconf 84' lang='lat' dir='ltr'><strong>ad</strong></span> <span class='ocrx_word' id='word_1_515' title='bbox 993 3543 1269 3600; x_wconf 85' lang='lat' dir='ltr'><strong>Christum</strong></span> <span class='ocrx_word' id='word_1_516' title='bbox 1296 3540 1550 3605; x_wconf 86' lang='lat' dir='ltr'><strong>veniunt;</strong></span> <span class='ocrx_word' id='word_1_517' title='bbox 1575 3537 1704 3610; x_wconf 89' lang='lat' dir='ltr'><strong>quia</strong></span> <span class='ocrx_word' id='word_1_518' title='bbox 1735 3535 1851 3605; x_wconf 88' lang='lat' dir='ltr'><strong>ipse</strong></span> <span class='ocrx_word' id='word_1_519' title='bbox 1870 3533 1962 3588; x_wconf 55' lang='lat' dir='ltr'><strong>dit</strong></span> <span class='ocrx_word' id='word_1_520' title='bbox 1990 3539 2046 3588; x_wconf 89' lang='lat' dir='ltr'><strong>ut</strong></span> <span class='ocrx_word' id='word_1_521' title='bbox 2074 3545 2166 3587; x_wconf 87' lang='lat' dir='ltr'><strong>ve-</strong></span> 
     </span>
    </p>
   </div>
   <div class='ocr_carea' id='block_1_66' title="bbox 559 3637 1552 3714">
    <p class='ocr_par' dir='ltr' id='par_1_66' title="bbox 559 3637 1552 3714">
     <span class='ocr_line' id='line_1_66' title="bbox 559 3637 1552 3714; baseline -0.014 -11"><span class='ocrx_word' id='word_1_522' title='bbox 559 3648 734 3712; x_wconf 79' lang='lat' dir='ltr'><strong>niant,</strong></span> <span class='ocrx_word' id='word_1_523' title='bbox 769 3653 823 3701; x_wconf 89' lang='lat' dir='ltr'><strong>et</strong></span> <span class='ocrx_word' id='word_1_524' title='bbox 853 3645 969 3714; x_wconf 90' lang='lat' dir='ltr'><strong>ipsc</strong></span> <span class='ocrx_word' id='word_1_525' title='bbox 990 3641 1221 3710; x_wconf 89' lang='lat' dir='ltr'><strong>suscipit</strong></span> <span class='ocrx_word' id='word_1_526' title='bbox 1245 3637 1552 3694; x_wconf 86' lang='lat' dir='ltr'><strong>venientes.</strong></span> 
     </span>
    </p>
   </div>
   <div class='ocr_carea' id='block_1_67' title="bbox 632 3725 2171 3811">
    <p class='ocr_par' dir='ltr' id='par_1_67' title="bbox 632 3725 2171 3811">
     <span class='ocr_line' id='line_1_67' title="bbox 632 3725 2171 3811; baseline -0.012 -16"><span class='ocrx_word' id='word_1_527' title='bbox 632 3740 815 3811; x_wconf 69' lang='lat' dir='ltr'><strong>(Vera.</strong></span> <span class='ocrx_word' id='word_1_528' title='bbox 851 3735 939 3802; x_wconf 74' lang='lat' dir='ltr'><strong>i3,</strong></span> <span class='ocrx_word' id='word_1_529' title='bbox 973 3732 1084 3805; x_wconf 75' lang='grc'><strong>14.)</strong></span> <span class='ocrx_word' id='word_1_530' title='bbox 1129 3733 1197 3786; x_wconf 76' lang='lat' dir='ltr'><strong>Et</strong></span> <span class='ocrx_word' id='word_1_531' title='bbox 1237 3731 1345 3786; x_wconf 77' lang='lat' dir='ltr'><strong>vidi</strong></span> <span class='ocrx_word' id='word_1_532' title='bbox 1385 3729 1449 3784; x_wconf 80' lang='lat' dir='ltr'><strong>de</strong></span> <span class='ocrx_word' id='word_1_533' title='bbox 1496 3743 1582 3783; x_wconf 88' lang='lat' dir='ltr'><strong>ore</strong></span> <span class='ocrx_word' id='word_1_534' title='bbox 1621 3726 1862 3781; x_wconf 80' lang='lat' dir='ltr'><strong>draconis</strong></span> <span class='ocrx_word' id='word_1_535' title='bbox 1905 3725 2042 3779; x_wconf 86' lang='lat' dir='ltr'><strong>etde</strong></span> <span class='ocrx_word' id='word_1_536' title='bbox 2081 3737 2171 3777; x_wconf 84' lang='lat' dir='ltr'><strong>ore</strong></span> 
     </span>
    </p>
   </div>
   <div class='ocr_carea' id='block_1_68' title="bbox 561 3820 2166 3901">
    <p class='ocr_par' dir='ltr' id='par_1_68' title="bbox 561 3820 2166 3901">
     <span class='ocr_line' id='line_1_68' title="bbox 561 3820 2166 3901; baseline -0.012 -11"><span class='ocrx_word' id='word_1_537' title='bbox 561 3836 756 3901; x_wconf 66' lang='lat' dir='ltr'><strong>bestiis,</strong></span> <span class='ocrx_word' id='word_1_538' title='bbox 781 3842 827 3887; x_wconf 86' lang='lat' dir='ltr'><strong>et</strong></span> <span class='ocrx_word' id='word_1_539' title='bbox 850 3832 914 3886; x_wconf 69' lang='lat' dir='ltr'><strong>de</strong></span> <span class='ocrx_word' id='word_1_540' title='bbox 933 3845 1022 3884; x_wconf 80' lang='lat' dir='ltr'><strong>ore</strong></span> <span class='ocrx_word' id='word_1_541' title='bbox 1044 3825 1506 3900; x_wconf 76' lang='lat' dir='ltr'><strong>pseudopmphetw</strong></span> <span class='ocrx_word' id='word_1_542' title='bbox 1528 3825 1668 3880; x_wconf 75' lang='lat' dir='ltr'><strong>exire</strong></span> <span class='ocrx_word' id='word_1_543' title='bbox 1699 3833 1799 3878; x_wconf 82' lang='lat' dir='ltr'><strong>tres</strong></span> <span class='ocrx_word' id='word_1_544' title='bbox 1830 3820 2041 3891; x_wconf 82' lang='lat' dir='ltr'><strong>spiritus</strong></span> <span class='ocrx_word' id='word_1_545' title='bbox 2069 3821 2166 3874; x_wconf 83' lang='lat' dir='ltr'><strong>im-</strong></span> 
     </span>
    </p>
   </div>
   <div class='ocr_carea' id='block_1_69' title="bbox 560 3913 2171 3988">
    <p class='ocr_par' dir='ltr' id='par_1_69' title="bbox 560 3913 2171 3988">
     <span class='ocr_line' id='line_1_69' title="bbox 560 3913 2171 3988; baseline -0.009 -7"><span class='ocrx_word' id='word_1_546' title='bbox 560 3925 788 3982; x_wconf 77' lang='lat' dir='ltr'><strong>rtstmdos</strong></span> <span class='ocrx_word' id='word_1_547' title='bbox 812 3924 866 3978; x_wconf 84' lang='lat' dir='ltr'><strong>in</strong></span> <span class='ocrx_word' id='word_1_548' title='bbox 892 3921 1105 3977; x_wconf 74' lang='lat' dir='ltr'><strong>modum</strong></span> <span class='ocrx_word' id='word_1_549' title='bbox 1127 3937 1408 3986; x_wconf 84' lang='lat' dir='ltr'><strong>ranarum;</strong></span> <span class='ocrx_word' id='word_1_550' title='bbox 1430 3927 1552 3974; x_wconf 83' lang='lat' dir='ltr'><strong>sunt</strong></span> <span class='ocrx_word' id='word_1_551' title='bbox 1575 3917 1709 3972; x_wconf 84' lang='lat' dir='ltr'><strong>enim</strong></span> <span class='ocrx_word' id='word_1_552' title='bbox 1734 3915 1947 3988; x_wconf 83' lang='lat' dir='ltr'><strong>spiritus</strong></span> <span class='ocrx_word' id='word_1_553' title='bbox 1979 3913 2171 3968; x_wconf 75' lang='lat' dir='ltr'><strong>daemo-</strong></span> 
     </span>
    </p>
   </div>
   <div class='ocr_carea' id='block_1_70' title="bbox 560 4009 2166 4090">
    <p class='ocr_par' dir='ltr' id='par_1_70' title="bbox 560 4009 2166 4090">
     <span class='ocr_line' id='line_1_70' title="bbox 560 4009 2166 4090; baseline -0.009 -13"><span class='ocrx_word' id='word_1_554' title='bbox 560 4023 766 4077; x_wconf 78' lang='lat' dir='ltr'><strong>niorum</strong></span> <span class='ocrx_word' id='word_1_555' title='bbox 791 4019 1035 4090; x_wconf 78' lang='lat' dir='ltr'><strong>facientes</strong></span> <span class='ocrx_word' id='word_1_556' title='bbox 1052 4018 1218 4089; x_wconf 86' lang='lat' dir='ltr'><strong>signa.</strong></span> <span class='ocrx_word' id='word_1_557' title='bbox 1239 4015 1266 4054; x_wconf 72' lang='grc' dir='ltr'>δ</span> <span class='ocrx_word' id='word_1_558' title='bbox 1283 4013 1585 4071; x_wconf 74' lang='lat' dir='ltr'><strong>Vocatione</strong></span> <span class='ocrx_word' id='word_1_559' title='bbox 1607 4011 1852 4084; x_wconf 90' lang='lat' dir='ltr'><strong>gentium</strong></span> <span class='ocrx_word' id='word_1_560' title='bbox 1875 4009 2166 4082; x_wconf 89' lang='lat' dir='ltr'><strong>descripta,</strong></span> 
     </span>
    </p>
   </div>
   <div class='ocr_carea' id='block_1_71' title="bbox 561 4099 2172 4185">
    <p class='ocr_par' dir='ltr' id='par_1_71' title="bbox 561 4099 2172 4185">
     <span class='ocr_line' id='line_1_71' title="bbox 561 4099 2172 4185; baseline -0.008 -16"><span class='ocrx_word' id='word_1_561' title='bbox 561 4113 795 4185; x_wconf 87' lang='lat' dir='ltr'><strong>qualiter</strong></span> <span class='ocrx_word' id='word_1_562' title='bbox 823 4111 890 4166; x_wconf 89' lang='lat' dir='ltr'><strong>ad</strong></span> <span class='ocrx_word' id='word_1_563' title='bbox 931 4109 1091 4169; x_wconf 85' lang='lat' dir='ltr'><strong>ﬁdem</strong></span> <span class='ocrx_word' id='word_1_564' title='bbox 1117 4107 1322 4164; x_wconf 86' lang='lat' dir='ltr'><strong>Christi</strong></span> <span class='ocrx_word' id='word_1_565' title='bbox 1355 4106 1640 4172; x_wconf 89' lang='lat' dir='ltr'><strong>venerint,</strong></span> <span class='ocrx_word' id='word_1_566' title='bbox 1675 4103 2013 4159; x_wconf 91' lang='lat' dir='ltr'><strong>mentionem</strong></span> <span class='ocrx_word' id='word_1_567' title='bbox 2046 4099 2172 4156; x_wconf 79' lang='lat' dir='ltr'><strong>facit</strong></span> 
     </span>
    </p>
   </div>
   <div class='ocr_carea' id='block_1_72' title="bbox 567 4197 2167 4274">
    <p class='ocr_par' dir='ltr' id='par_1_72' title="bbox 567 4197 2167 4274">
     <span class='ocr_line' id='line_1_72' title="bbox 567 4197 2167 4274; baseline -0.009 -11"><span class='ocrx_word' id='word_1_568' title='bbox 567 4205 928 4272; x_wconf 81' lang='lat' dir='ltr'><strong>Antichristi,</strong></span> <span class='ocrx_word' id='word_1_569' title='bbox 965 4203 1058 4274; x_wconf 91' lang='lat' dir='ltr'><strong>qui</strong></span> <span class='ocrx_word' id='word_1_570' title='bbox 1106 4205 1275 4272; x_wconf 88' lang='lat' dir='ltr'><strong>prope</strong></span> <span class='ocrx_word' id='word_1_571' title='bbox 1323 4200 1483 4255; x_wconf 88' lang='lat' dir='ltr'><strong>ﬁnem</strong></span> <span class='ocrx_word' id='word_1_572' title='bbox 1532 4197 1718 4254; x_wconf 90' lang='lat' dir='ltr'><strong>mundi</strong></span> <span class='ocrx_word' id='word_1_573' title='bbox 1761 4205 2023 4252; x_wconf 78' lang='lat' dir='ltr'><strong>venturus</strong></span> <span class='ocrx_word' id='word_1_574' title='bbox 2063 4202 2167 4251; x_wconf 85' lang='lat' dir='ltr'><strong>est.</strong></span> 
     </span>
    </p>
   </div>
   <div class='ocr_carea' id='block_1_73' title="bbox 567 4288 2170 4368">
    <p class='ocr_par' dir='ltr' id='par_1_73' title="bbox 567 4288 2170 4368">
     <span class='ocr_line' id='line_1_73' title="bbox 567 4288 2170 4368; baseline -0.009 -12"><span class='ocrx_word' id='word_1_575' title='bbox 567 4297 808 4368; x_wconf 77' lang='lat' dir='ltr'><strong>Spiritus</strong></span> <span class='ocrx_word' id='word_1_576' title='bbox 837 4311 967 4351; x_wconf 88' lang='lat' dir='ltr'><strong>vero</strong></span> <span class='ocrx_word' id='word_1_577' title='bbox 997 4303 1109 4349; x_wconf 83' lang='lat' dir='ltr'><strong>tres</strong></span> <span class='ocrx_word' id='word_1_578' title='bbox 1141 4290 1402 4348; x_wconf 88' lang='lat' dir='ltr'><strong>immundi</strong></span> <span class='ocrx_word' id='word_1_579' title='bbox 1426 4289 1724 4361; x_wconf 84' lang='lat' dir='ltr'><strong>discipulos</strong></span> <span class='ocrx_word' id='word_1_580' title='bbox 1752 4288 2038 4360; x_wconf 82' lang='lat' dir='ltr'><strong>designant</strong></span> <span class='ocrx_word' id='word_1_581' title='bbox 2061 4288 2170 4342; x_wconf 85' lang='lat' dir='ltr'><strong>An-</strong></span> 
     </span>
    </p>
   </div>
   <div class='ocr_carea' id='block_1_74' title="bbox 567 4379 2169 4458">
    <p class='ocr_par' dir='ltr' id='par_1_74' title="bbox 567 4379 2169 4458">
     <span class='ocr_line' id='line_1_74' title="bbox 567 4379 2169 4458; baseline -0.007 -12"><span class='ocrx_word' id='word_1_582' title='bbox 567 4389 826 4453; x_wconf 78' lang='lat' dir='ltr'><strong>tichristi,</strong></span> <span class='ocrx_word' id='word_1_583' title='bbox 857 4386 953 4458; x_wconf 85' lang='lat' dir='ltr'><strong>qui</strong></span> <span class='ocrx_word' id='word_1_584' title='bbox 979 4401 1106 4442; x_wconf 91' lang='lat' dir='ltr'><strong>eum</strong></span> <span class='ocrx_word' id='word_1_585' title='bbox 1140 4399 1237 4455; x_wconf 86' lang='lat' dir='ltr'><strong>per</strong></span> <span class='ocrx_word' id='word_1_586' title='bbox 1257 4385 1570 4439; x_wconf 84' lang='lat' dir='ltr'><strong>universum</strong></span> <span class='ocrx_word' id='word_1_587' title='bbox 1605 4384 1791 4438; x_wconf 76' lang='lat' dir='ltr'><strong>orbem</strong></span> <span class='ocrx_word' id='word_1_588' title='bbox 1826 4379 2169 4453; x_wconf 66' lang='lat' dir='ltr'><strong>prmdicaturi</strong></span> 
     </span>
    </p>
   </div>
   <div class='ocr_carea' id='block_1_75' title="bbox 568 4475 2171 4552">
    <p class='ocr_par' dir='ltr' id='par_1_75' title="bbox 568 4475 2171 4552">
     <span class='ocr_line' id='line_1_75' title="bbox 568 4475 2171 4552; baseline -0.006 -14"><span class='ocrx_word' id='word_1_589' title='bbox 568 4491 699 4538; x_wconf 86' lang='lat' dir='ltr'><strong>sunt</strong></span> <span class='ocrx_word' id='word_1_590' title='bbox 730 4500 742 4537; x_wconf 90' lang='lat'><strong>:</strong></span> <span class='ocrx_word' id='word_1_591' title='bbox 775 4481 866 4552; x_wconf 91' lang='lat' dir='ltr'><strong>qui</strong></span> <span class='ocrx_word' id='word_1_592' title='bbox 901 4481 1150 4552; x_wconf 85' lang='lat' dir='ltr'><strong>quamvis</strong></span> <span class='ocrx_word' id='word_1_593' title='bbox 1179 4478 1431 4532; x_wconf 89' lang='lat' dir='ltr'><strong>homines</strong></span> <span class='ocrx_word' id='word_1_594' title='bbox 1457 4477 1566 4531; x_wconf 90' lang='lat' dir='ltr'><strong>sint</strong></span> <span class='ocrx_word' id='word_1_595' title='bbox 1597 4475 1790 4546; x_wconf 74' lang='lat' dir='ltr'><strong>futuri,</strong></span> <span class='ocrx_word' id='word_1_596' title='bbox 1815 4475 2038 4547; x_wconf 86' lang='lat' dir='ltr'><strong>spiritus</strong></span> <span class='ocrx_word' id='word_1_597' title='bbox 2068 4477 2171 4530; x_wconf 83' lang='lat' dir='ltr'><strong>im-</strong></span> 
     </span>
    </p>
   </div>
   <div class='ocr_carea' id='block_1_76' title="bbox 569 4567 2173 4643">
    <p class='ocr_par' dir='ltr' id='par_1_76' title="bbox 569 4567 2173 4643">
     <span class='ocr_line' id='line_1_76' title="bbox 569 4567 2173 4643; baseline -0.006 -12"><span class='ocrx_word' id='word_1_598' title='bbox 569 4573 780 4641; x_wconf 72' lang='lat' dir='ltr'><strong>mundi,</strong></span> <span class='ocrx_word' id='word_1_599' title='bbox 807 4582 862 4629; x_wconf 90' lang='lat' dir='ltr'><strong>et</strong></span> <span class='ocrx_word' id='word_1_600' title='bbox 901 4572 1124 4643; x_wconf 89' lang='lat' dir='ltr'><strong>spiritus</strong></span> <span class='ocrx_word' id='word_1_601' title='bbox 1155 4569 1548 4626; x_wconf 80' lang='lat' dir='ltr'><strong>daemoniorum</strong></span> <span class='ocrx_word' id='word_1_602' title='bbox 1580 4577 1870 4634; x_wconf 88' lang='lat' dir='ltr'><strong>vocantur;</strong></span> <span class='ocrx_word' id='word_1_603' title='bbox 1901 4567 2025 4640; x_wconf 87' lang='lat' dir='ltr'><strong>quia</strong></span> <span class='ocrx_word' id='word_1_604' title='bbox 2063 4567 2173 4623; x_wconf 76' lang='lat' dir='ltr'><strong>doe-</strong></span> 
     </span>
    </p>
   </div>
   <div class='ocr_carea' id='block_1_77' title="bbox 2269 3339 3813 3417">
    <p class='ocr_par' dir='ltr' id='par_1_77' title="bbox 2269 3339 3813 3417">
     <span class='ocr_line' id='line_1_77' title="bbox 2269 3339 3813 3417; baseline -0.003 -18"><span class='ocrx_word' id='word_1_605' title='bbox 2269 3343 2385 3400; x_wconf 80' lang='lat' dir='ltr'><strong>Dei.</strong></span> <span class='ocrx_word' id='word_1_606' title='bbox 2420 3344 2751 3400; x_wconf 75' lang='lat' dir='ltr'><strong>Vestimenta</strong></span> <span class='ocrx_word' id='word_1_607' title='bbox 2791 3353 2920 3417; x_wconf 75' lang='lat' dir='ltr'><strong>ergo</strong></span> <span class='ocrx_word' id='word_1_608' title='bbox 2955 3354 3134 3400; x_wconf 89' lang='lat' dir='ltr'><strong>nostra</strong></span> <span class='ocrx_word' id='word_1_609' title='bbox 3166 3339 3549 3412; x_wconf 85' lang='lat' dir='ltr'><strong>custodimus,</strong></span> <span class='ocrx_word' id='word_1_610' title='bbox 3578 3344 3620 3399; x_wconf 87' lang='lat' dir='ltr'><strong>si</strong></span> <span class='ocrx_word' id='word_1_611' title='bbox 3657 3359 3708 3400; x_wconf 84' lang='lat' dir='ltr'><strong>ea</strong></span> <span class='ocrx_word' id='word_1_612' title='bbox 3733 3357 3813 3412; x_wconf 71' lang='lat' dir='ltr'><strong>qua</strong></span> 
     </span>
    </p>
   </div>
   <div class='ocr_carea' id='block_1_78' title="bbox 2270 3435 3909 3510">
    <p class='ocr_par' dir='ltr' id='par_1_78' title="bbox 2270 3435 3909 3510">
     <span class='ocr_line' id='line_1_78' title="bbox 2270 3435 3909 3510; baseline 0.001 -17"><span class='ocrx_word' id='word_1_613' title='bbox 2270 3439 2525 3510; x_wconf 70' lang='lat' dir='ltr'><strong>prmcepit</strong></span> <span class='ocrx_word' id='word_1_614' title='bbox 2548 3437 2715 3506; x_wconf 87' lang='lat' dir='ltr'><strong>Deus,</strong></span> <span class='ocrx_word' id='word_1_615' title='bbox 2742 3437 3017 3509; x_wconf 84' lang='lat' dir='ltr'><strong>operando</strong></span> <span class='ocrx_word' id='word_1_616' title='bbox 3046 3435 3336 3510; x_wconf 88' lang='lat' dir='ltr'><strong>implemns</strong></span> <span class='ocrx_word' id='word_1_617' title='bbox 3360 3460 3372 3495; x_wconf 88' lang='lat'><strong>:</strong></span> <span class='ocrx_word' id='word_1_618' title='bbox 3408 3435 3586 3494; x_wconf 84' lang='lat' dir='ltr'><strong>nudus</strong></span> <span class='ocrx_word' id='word_1_619' title='bbox 3613 3453 3722 3494; x_wconf 85' lang='lat' dir='ltr'><strong>vero</strong></span> <span class='ocrx_word' id='word_1_620' title='bbox 3742 3440 3814 3494; x_wconf 71' lang='lat' dir='ltr'><strong>est.</strong></span> <span class='ocrx_word' id='word_1_621' title='bbox 3908 3435 3909 3510; x_wconf 50' lang='grc' dir='ltr'>Ε</span> 
     </span>
    </p>
   </div>
   <div class='ocr_carea' id='block_1_79' title="bbox 2271 3521 3814 3604">
    <p class='ocr_par' dir='ltr' id='par_1_79' title="bbox 2271 3521 3814 3604">
     <span class='ocr_line' id='line_1_79' title="bbox 2271 3521 3814 3604; baseline -0.002 -20"><span class='ocrx_word' id='word_1_622' title='bbox 2271 3531 2359 3601; x_wconf 90' lang='lat' dir='ltr'><strong>qui</strong></span> <span class='ocrx_word' id='word_1_623' title='bbox 2391 3546 2418 3585; x_wconf 88' lang='lat' dir='ltr'><strong>a</strong></span> <span class='ocrx_word' id='word_1_624' title='bbox 2451 3529 2608 3586; x_wconf 89' lang='lat' dir='ltr'><strong>bonis</strong></span> <span class='ocrx_word' id='word_1_625' title='bbox 2635 3532 2893 3602; x_wconf 80' lang='lat' dir='ltr'><strong>operibus</strong></span> <span class='ocrx_word' id='word_1_626' title='bbox 2921 3531 3134 3601; x_wconf 88' lang='lat' dir='ltr'><strong>alienus</strong></span> <span class='ocrx_word' id='word_1_627' title='bbox 3162 3529 3370 3586; x_wconf 80' lang='lat' dir='ltr'><strong>existit.</strong></span> <span class='ocrx_word' id='word_1_628' title='bbox 3408 3521 3553 3586; x_wconf 83' lang='lat' dir='ltr'><strong>Nudi</strong></span> <span class='ocrx_word' id='word_1_629' title='bbox 3586 3529 3716 3604; x_wconf 86' lang='lat' dir='ltr'><strong>impii</strong></span> <span class='ocrx_word' id='word_1_630' title='bbox 3738 3543 3814 3582; x_wconf 83' lang='lat' dir='ltr'><strong>an-</strong></span> 
     </span>
    </p>
   </div>
   <div class='ocr_carea' id='block_1_80' title="bbox 2272 3619 3818 3698">
    <p class='ocr_par' dir='ltr' id='par_1_80' title="bbox 2272 3619 3818 3698">
     <span class='ocr_line' id='line_1_80' title="bbox 2272 3619 3818 3698; baseline -0.002 -19"><span class='ocrx_word' id='word_1_631' title='bbox 2272 3619 2567 3690; x_wconf 81' lang='lat' dir='ltr'><strong>buiabunt,</strong></span> <span class='ocrx_word' id='word_1_632' title='bbox 2600 3638 2722 3680; x_wconf 91' lang='lat' dir='ltr'><strong>cum</strong></span> <span class='ocrx_word' id='word_1_633' title='bbox 2751 3624 2816 3679; x_wconf 88' lang='lat' dir='ltr'><strong>ad</strong></span> <span class='ocrx_word' id='word_1_634' title='bbox 2849 3621 2992 3680; x_wconf 89' lang='lat' dir='ltr'><strong>diem</strong></span> <span class='ocrx_word' id='word_1_635' title='bbox 3029 3623 3225 3696; x_wconf 89' lang='lat' dir='ltr'><strong>judicii</strong></span> <span class='ocrx_word' id='word_1_636' title='bbox 3252 3640 3281 3679; x_wconf 88' lang='lat' dir='ltr'><strong>a</strong></span> <span class='ocrx_word' id='word_1_637' title='bbox 3316 3624 3477 3681; x_wconf 84' lang='lat' dir='ltr'><strong>bonis</strong></span> <span class='ocrx_word' id='word_1_638' title='bbox 3509 3625 3738 3698; x_wconf 76' lang='lat' dir='ltr'><strong>operibus</strong></span> <span class='ocrx_word' id='word_1_639' title='bbox 3759 3637 3818 3674; x_wconf 75' lang='lat' dir='ltr'><strong>rs-</strong></span> 
     </span>
    </p>
   </div>
   <div class='ocr_carea' id='block_1_81' title="bbox 2273 3711 3814 3790">
    <p class='ocr_par' dir='ltr' id='par_1_81' title="bbox 2273 3711 3814 3790">
     <span class='ocr_line' id='line_1_81' title="bbox 2273 3711 3814 3790; baseline 0.002 -19"><span class='ocrx_word' id='word_1_640' title='bbox 2273 3715 2357 3771; x_wconf 91' lang='lat' dir='ltr'><strong>cui</strong></span> <span class='ocrx_word' id='word_1_641' title='bbox 2391 3714 2763 3783; x_wconf 85' lang='lat' dir='ltr'><strong>deducentur;</strong></span> <span class='ocrx_word' id='word_1_642' title='bbox 2797 3725 2851 3772; x_wconf 91' lang='lat' dir='ltr'><strong>et</strong></span> <span class='ocrx_word' id='word_1_643' title='bbox 2877 3715 3000 3773; x_wconf 92' lang='lat' dir='ltr'><strong>ideo</strong></span> <span class='ocrx_word' id='word_1_644' title='bbox 3025 3716 3306 3790; x_wconf 84' lang='lat' dir='ltr'><strong>turpitudo</strong></span> <span class='ocrx_word' id='word_1_645' title='bbox 3339 3717 3560 3772; x_wconf 90' lang='lat' dir='ltr'><strong>illorum</strong></span> <span class='ocrx_word' id='word_1_646' title='bbox 3593 3711 3814 3774; x_wconf 71' lang='lat' dir='ltr'><strong>videbitur.</strong></span> 
     </span>
    </p>
   </div>
   <div class='ocr_carea' id='block_1_82' title="bbox 2273 3804 3817 3883">
    <p class='ocr_par' dir='ltr' id='par_1_82' title="bbox 2273 3804 3817 3883">
     <span class='ocr_line' id='line_1_82' title="bbox 2273 3804 3817 3883; baseline -0.002 -19"><span class='ocrx_word' id='word_1_647' title='bbox 2273 3808 2396 3882; x_wconf 86' lang='lat' dir='ltr'><strong>quia</strong></span> <span class='ocrx_word' id='word_1_648' title='bbox 2428 3819 2482 3866; x_wconf 90' lang='lat' dir='ltr'><strong>et</strong></span> <span class='ocrx_word' id='word_1_649' title='bbox 2513 3809 2717 3883; x_wconf 78' lang='lat' dir='ltr'><strong>angelis</strong></span> <span class='ocrx_word' id='word_1_650' title='bbox 2755 3821 2806 3866; x_wconf 90' lang='lat' dir='ltr'><strong>et</strong></span> <span class='ocrx_word' id='word_1_651' title='bbox 2845 3809 3159 3867; x_wconf 87' lang='lat' dir='ltr'><strong>hominibus</strong></span> <span class='ocrx_word' id='word_1_652' title='bbox 3187 3826 3384 3868; x_wconf 89' lang='lat' dir='ltr'><strong>eorum</strong></span> <span class='ocrx_word' id='word_1_653' title='bbox 3415 3804 3621 3867; x_wconf 84' lang='lat' dir='ltr'><strong>scelera</strong></span> <span class='ocrx_word' id='word_1_654' title='bbox 3650 3807 3817 3865; x_wconf 70' lang='lat' dir='ltr'><strong>uianiie</strong></span> 
     </span>
    </p>
   </div>
   <div class='ocr_carea' id='block_1_83' title="bbox 2275 3901 2585 3959">
    <p class='ocr_par' dir='ltr' id='par_1_83' title="bbox 2275 3901 2585 3959">
     <span class='ocr_line' id='line_1_83' title="bbox 2275 3901 2585 3959; baseline -0.003 0"><span class='ocrx_word' id='word_1_655' title='bbox 2275 3901 2585 3959; x_wconf 88' lang='lat' dir='ltr'><strong>stabunlur.</strong></span> 
     </span>
    </p>
   </div>
   <div class='ocr_carea' id='block_1_84' title="bbox 2347 3995 3816 4071">
    <p class='ocr_par' dir='ltr' id='par_1_84' title="bbox 2347 3995 3816 4071">
     <span class='ocr_line' id='line_1_84' title="bbox 2347 3995 3816 4071; baseline -0.005 -18"><span class='ocrx_word' id='word_1_656' title='bbox 2347 3996 2530 4069; x_wconf 74' lang='lat' dir='ltr'><strong>(Vers.</strong></span> <span class='ocrx_word' id='word_1_657' title='bbox 2564 3997 2680 4071; x_wconf 69' lang='lat' dir='ltr'><strong>lli.)</strong></span> <span class='ocrx_word' id='word_1_658' title='bbox 2711 3995 2780 4050; x_wconf 85' lang='lat' dir='ltr'><strong>Et</strong></span> <span class='ocrx_word' id='word_1_659' title='bbox 2801 3997 3127 4071; x_wconf 84' lang='lat' dir='ltr'><strong>congregabit</strong></span> <span class='ocrx_word' id='word_1_660' title='bbox 3149 4014 3235 4053; x_wconf 81' lang='lat' dir='ltr'><strong>eos</strong></span> <span class='ocrx_word' id='word_1_661' title='bbox 3265 3997 3319 4054; x_wconf 84' lang='lat' dir='ltr'><strong>in</strong></span> <span class='ocrx_word' id='word_1_662' title='bbox 3345 3997 3538 4064; x_wconf 69' lang='lat' dir='ltr'><strong>lacuna,</strong></span> <span class='ocrx_word' id='word_1_663' title='bbox 3565 3999 3647 4069; x_wconf 73' lang='lat' dir='ltr'><strong>qui</strong></span> <span class='ocrx_word' id='word_1_664' title='bbox 3669 4002 3816 4050; x_wconf 65' lang='lat' dir='ltr'><strong>rotatu</strong></span> 
     </span>
    </p>
   </div>
   <div class='ocr_carea' id='block_1_85' title="bbox 2279 4087 3816 4169">
    <p class='ocr_par' dir='ltr' id='par_1_85' title="bbox 2279 4087 3816 4169">
     <span class='ocr_line' id='line_1_85' title="bbox 2279 4087 3816 4169; baseline 0 -25"><span class='ocrx_word' id='word_1_665' title='bbox 2279 4087 2534 4146; x_wconf 76' lang='lat' dir='ltr'><strong>Hebraice</strong></span> <span class='ocrx_word' id='word_1_666' title='bbox 2562 4089 2947 4161; x_wconf 64' lang='lat' dir='ltr'><strong>Armagrddon.</strong></span> <span class='ocrx_word' id='word_1_667' title='bbox 2988 4088 3378 4169; x_wconf 82' lang='lat' dir='ltr'><strong>Armageddon</strong></span> <span class='ocrx_word' id='word_1_668' title='bbox 3410 4106 3570 4146; x_wconf 88' lang='lat' dir='ltr'><strong>mons</strong></span> <span class='ocrx_word' id='word_1_669' title='bbox 3593 4089 3816 4163; x_wconf 72' lang='lat' dir='ltr'><strong>globosus.</strong></span> 
     </span>
    </p>
   </div>
   <div class='ocr_carea' id='block_1_86' title="bbox 2273 4182 3820 4256">
    <p class='ocr_par' dir='ltr' id='par_1_86' title="bbox 2273 4182 3820 4256">
     <span class='ocr_line' id='line_1_86' title="bbox 2273 4182 3820 4256; baseline -0.005 -19"><span class='ocrx_word' id='word_1_670' title='bbox 2273 4184 2390 4239; x_wconf 87' lang='lat' dir='ltr'><strong>sive</strong></span> <span class='ocrx_word' id='word_1_671' title='bbox 2413 4185 2787 4239; x_wconf 87' lang='lat' dir='ltr'><strong>consurrectio</strong></span> <span class='ocrx_word' id='word_1_672' title='bbox 2820 4182 2871 4238; x_wconf 88' lang='lat' dir='ltr'><strong>in</strong></span> <span class='ocrx_word' id='word_1_673' title='bbox 2904 4183 3084 4254; x_wconf 90' lang='lat' dir='ltr'><strong>priora</strong></span> <span class='ocrx_word' id='word_1_674' title='bbox 3114 4185 3513 4256; x_wconf 86' lang='lat' dir='ltr'><strong>interpretatur</strong></span> <span class='ocrx_word' id='word_1_675' title='bbox 3547 4201 3560 4238; x_wconf 89' lang='lat'>:</span> <span class='ocrx_word' id='word_1_676' title='bbox 3593 4195 3698 4256; x_wconf 67' lang='lat' dir='ltr'><strong>qum</strong></span> <span class='ocrx_word' id='word_1_677' title='bbox 3722 4187 3820 4233; x_wconf 74' lang='lat' dir='ltr'><strong>utra-</strong></span> 
     </span>
    </p>
   </div>
   <div class='ocr_carea' id='block_1_87' title="bbox 2275 4274 3820 4354">
    <p class='ocr_par' dir='ltr' id='par_1_87' title="bbox 2275 4274 3820 4354">
     <span class='ocr_line' id='line_1_87' title="bbox 2275 4274 3820 4354; baseline -0.003 -22"><span class='ocrx_word' id='word_1_678' title='bbox 2275 4293 2380 4350; x_wconf 88' lang='lat' dir='ltr'><strong>que</strong></span> <span class='ocrx_word' id='word_1_679' title='bbox 2407 4277 2791 4351; x_wconf 74' lang='lat' dir='ltr'><strong>interpretatio</strong></span> <span class='ocrx_word' id='word_1_680' title='bbox 2823 4277 2929 4336; x_wconf 90' lang='lat' dir='ltr'><strong>diei</strong></span> <span class='ocrx_word' id='word_1_681' title='bbox 2972 4277 3161 4349; x_wconf 82' lang='lat' dir='ltr'><strong>judicii</strong></span> <span class='ocrx_word' id='word_1_682' title='bbox 3201 4279 3449 4354; x_wconf 81' lang='lat' dir='ltr'><strong>coaptari</strong></span> <span class='ocrx_word' id='word_1_683' title='bbox 3494 4289 3682 4350; x_wconf 86' lang='lat' dir='ltr'><strong>potest.</strong></span> <span class='ocrx_word' id='word_1_684' title='bbox 3717 4274 3820 4329; x_wconf 68' lang='lat' dir='ltr'><strong>lica:</strong></span> 
     </span>
    </p>
   </div>
   <div class='ocr_carea' id='block_1_88' title="bbox 2275 4368 3821 4444">
    <p class='ocr_par' dir='ltr' id='par_1_88' title="bbox 2275 4368 3821 4444">
     <span class='ocr_line' id='line_1_88' title="bbox 2275 4368 3821 4444; baseline -0.006 -16"><span class='ocrx_word' id='word_1_685' title='bbox 2275 4373 2478 4442; x_wconf 86' lang='lat' dir='ltr'><strong>quippe</strong></span> <span class='ocrx_word' id='word_1_686' title='bbox 2506 4372 2763 4444; x_wconf 78' lang='lat' dir='ltr'><strong>globosus</strong></span> <span class='ocrx_word' id='word_1_687' title='bbox 2791 4379 2938 4429; x_wconf 88' lang='lat' dir='ltr'><strong>recte</strong></span> <span class='ocrx_word' id='word_1_688' title='bbox 2967 4381 3224 4439; x_wconf 87' lang='lat' dir='ltr'><strong>vocatur;</strong></span> <span class='ocrx_word' id='word_1_689' title='bbox 3256 4388 3324 4428; x_wconf 92' lang='lat' dir='ltr'><strong>eo</strong></span> <span class='ocrx_word' id='word_1_690' title='bbox 3352 4369 3500 4444; x_wconf 87' lang='lat' dir='ltr'><strong>quod</strong></span> <span class='ocrx_word' id='word_1_691' title='bbox 3527 4371 3692 4444; x_wconf 80' lang='lat' dir='ltr'><strong>globis</strong></span> <span class='ocrx_word' id='word_1_692' title='bbox 3717 4368 3821 4422; x_wconf 80' lang='lat' dir='ltr'><strong>llam-</strong></span> 
     </span>
    </p>
   </div>
   <div class='ocr_carea' id='block_1_89' title="bbox 2279 4462 3822 4524">
    <p class='ocr_par' dir='ltr' id='par_1_89' title="bbox 2279 4462 3822 4524">
     <span class='ocr_line' id='line_1_89' title="bbox 2279 4462 3822 4524; baseline -0.004 -4"><span class='ocrx_word' id='word_1_693' title='bbox 2279 4479 2487 4521; x_wconf 91' lang='lat' dir='ltr'><strong>marum</strong></span> <span class='ocrx_word' id='word_1_694' title='bbox 2515 4467 2800 4524; x_wconf 88' lang='lat' dir='ltr'><strong>universus</strong></span> <span class='ocrx_word' id='word_1_695' title='bbox 2825 4465 3057 4522; x_wconf 89' lang='lat' dir='ltr'><strong>mundus</strong></span> <span class='ocrx_word' id='word_1_696' title='bbox 3081 4476 3206 4523; x_wconf 92' lang='lat' dir='ltr'><strong>tunc</strong></span> <span class='ocrx_word' id='word_1_697' title='bbox 3233 4466 3486 4523; x_wconf 86' lang='lat' dir='ltr'><strong>deleatur</strong></span> <span class='ocrx_word' id='word_1_698' title='bbox 3522 4485 3534 4520; x_wconf 85' lang='lat'><strong>;</strong></span> <span class='ocrx_word' id='word_1_699' title='bbox 3563 4462 3822 4523; x_wconf 76' lang='lat' dir='ltr'><strong>simiiiletel</strong></span> 
     </span>
    </p>
   </div>
   <div class='ocr_carea' id='block_1_90' title="bbox 2277 4557 3821 4632">
    <p class='ocr_par' dir='ltr' id='par_1_90' title="bbox 2277 4557 3821 4632">
     <span class='ocr_line' id='line_1_90' title="bbox 2277 4557 3821 4632; baseline -0.008 -17"><span class='ocrx_word' id='word_1_700' title='bbox 2277 4561 2651 4616; x_wconf 73' lang='lat' dir='ltr'><strong>consurrectio</strong></span> <span class='ocrx_word' id='word_1_701' title='bbox 2679 4561 2732 4616; x_wconf 90' lang='lat' dir='ltr'><strong>in</strong></span> <span class='ocrx_word' id='word_1_702' title='bbox 2764 4562 2944 4631; x_wconf 90' lang='lat' dir='ltr'><strong>priora</strong></span> <span class='ocrx_word' id='word_1_703' title='bbox 2977 4565 3128 4618; x_wconf 86' lang='lat' dir='ltr'><strong>recte</strong></span> <span class='ocrx_word' id='word_1_704' title='bbox 3156 4557 3393 4628; x_wconf 88' lang='lat' dir='ltr'><strong>dicitur;</strong></span> <span class='ocrx_word' id='word_1_705' title='bbox 3427 4575 3495 4616; x_wconf 90' lang='lat' dir='ltr'><strong>eo</strong></span> <span class='ocrx_word' id='word_1_706' title='bbox 3523 4557 3658 4632; x_wconf 85' lang='lat' dir='ltr'><strong>quod</strong></span> <span class='ocrx_word' id='word_1_707' title='bbox 3686 4564 3821 4609; x_wconf 75' lang='lat' dir='ltr'><strong>omnes</strong></span> 
     </span>
    </p>
   </div>
   <div class='ocr_carea' id='block_1_91' title="bbox 571 4641 3818 4736">
    <p class='ocr_par' dir='ltr' id='par_1_91' title="bbox 571 4641 3818 4736">
     <span class='ocr_line' id='line_1_91' title="bbox 571 4641 3818 4736; baseline -0.008 -12"><span class='ocrx_word' id='word_1_708' title='bbox 571 4680 763 4725; x_wconf 75' lang='lat' dir='ltr'><strong>mones</strong></span> <span class='ocrx_word' id='word_1_709' title='bbox 791 4667 843 4721; x_wconf 82' lang='lat' dir='ltr'><strong>in</strong></span> <span class='ocrx_word' id='word_1_710' title='bbox 867 4641 1000 4736; x_wconf 85' lang='lat' dir='ltr'><strong>ipsis</strong></span> <span class='ocrx_word' id='word_1_711' title='bbox 1030 4661 1369 4729; x_wconf 81' lang='lat' dir='ltr'><strong>habitabant,</strong></span> <span class='ocrx_word' id='word_1_712' title='bbox 1394 4669 1448 4717; x_wconf 88' lang='lat' dir='ltr'><strong>ct</strong></span> <span class='ocrx_word' id='word_1_713' title='bbox 1479 4676 1578 4733; x_wconf 87' lang='lat' dir='ltr'><strong>per</strong></span> <span class='ocrx_word' id='word_1_714' title='bbox 1609 4677 1702 4716; x_wconf 88' lang='lat' dir='ltr'><strong>ora</strong></span> <span class='ocrx_word' id='word_1_715' title='bbox 1730 4675 1917 4717; x_wconf 90' lang='lat' dir='ltr'><strong>eorum</strong></span> <span class='ocrx_word' id='word_1_716' title='bbox 1951 4660 2175 4730; x_wconf 87' lang='lat' dir='ltr'><strong>ioqucn-</strong></span> <span class='ocrx_word' id='word_1_717' title='bbox 2203 4641 2257 4702; x_wconf 78' lang='grc'><strong>1)</strong></span> <span class='ocrx_word' id='word_1_718' title='bbox 2282 4652 2534 4710; x_wconf 89' lang='lat' dir='ltr'><strong>homines</strong></span> <span class='ocrx_word' id='word_1_719' title='bbox 2565 4655 2616 4709; x_wconf 89' lang='lat' dir='ltr'><strong>in</strong></span> <span class='ocrx_word' id='word_1_720' title='bbox 2650 4653 2886 4723; x_wconf 87' lang='lat' dir='ltr'><strong>priorem</strong></span> <span class='ocrx_word' id='word_1_721' title='bbox 2916 4661 3118 4710; x_wconf 88' lang='lat' dir='ltr'><strong>statum</strong></span> <span class='ocrx_word' id='word_1_722' title='bbox 3163 4651 3508 4725; x_wconf 69' lang='lat' dir='ltr'><strong>resurgendo</strong></span> <span class='ocrx_word' id='word_1_723' title='bbox 3542 4656 3818 4720; x_wconf 76' lang='lat' dir='ltr'><strong>reparentur.</strong></span> 
     </span>
    </p>
   </div>
   <div class='ocr_carea' id='block_1_92' title="bbox 571 4755 2175 4835">
    <p class='ocr_par' dir='ltr' id='par_1_92' title="bbox 571 4755 2175 4835">
     <span class='ocr_line' id='line_1_92' title="bbox 571 4755 2175 4835; baseline -0.006 -13"><span class='ocrx_word' id='word_1_724' title='bbox 571 4772 662 4822; x_wconf 73' lang='lat' dir='ltr'><strong>tur</strong></span> <span class='ocrx_word' id='word_1_725' title='bbox 686 4782 701 4821; x_wconf 89' lang='lat'><strong>:</strong></span> <span class='ocrx_word' id='word_1_726' title='bbox 733 4764 824 4835; x_wconf 81' lang='lat' dir='ltr'><strong>qui</strong></span> <span class='ocrx_word' id='word_1_727' title='bbox 837 4761 908 4818; x_wconf 88' lang='lat' dir='ltr'><strong>de</strong></span> <span class='ocrx_word' id='word_1_728' title='bbox 925 4767 1021 4817; x_wconf 87' lang='lat' dir='ltr'><strong>ore</strong></span> <span class='ocrx_word' id='word_1_729' title='bbox 1040 4758 1378 4824; x_wconf 88' lang='lat' dir='ltr'><strong>Antichristi,</strong></span> <span class='ocrx_word' id='word_1_730' title='bbox 1401 4757 1535 4814; x_wconf 88' lang='lat' dir='ltr'><strong>etde</strong></span> <span class='ocrx_word' id='word_1_731' title='bbox 1559 4773 1656 4812; x_wconf 90' lang='lat' dir='ltr'><strong>ore</strong></span> <span class='ocrx_word' id='word_1_732' title='bbox 1682 4755 2175 4830; x_wconf 70' lang='lat' dir='ltr'><strong>pseudoprophetre</strong></span> 
     </span>
    </p>
   </div>
   <div class='ocr_carea' id='block_1_93' title="bbox 573 4849 2175 4929">
    <p class='ocr_par' dir='ltr' id='par_1_93' title="bbox 573 4849 2175 4929">
     <span class='ocr_line' id='line_1_93' title="bbox 573 4849 2175 4929; baseline -0.005 -15"><span class='ocrx_word' id='word_1_733' title='bbox 573 4858 695 4929; x_wconf 83' lang='lat' dir='ltr'><strong>ejus</strong></span> <span class='ocrx_word' id='word_1_734' title='bbox 737 4853 939 4912; x_wconf 82' lang='lat' dir='ltr'><strong>exiisse</strong></span> <span class='ocrx_word' id='word_1_735' title='bbox 979 4853 1088 4908; x_wconf 72' lang='lat' dir='ltr'><strong>visi</strong></span> <span class='ocrx_word' id='word_1_736' title='bbox 1133 4859 1296 4917; x_wconf 88' lang='lat' dir='ltr'><strong>sunt;</strong></span> <span class='ocrx_word' id='word_1_737' title='bbox 1329 4851 1452 4922; x_wconf 87' lang='lat' dir='ltr'><strong>quia</strong></span> <span class='ocrx_word' id='word_1_738' title='bbox 1495 4866 1591 4922; x_wconf 90' lang='lat' dir='ltr'><strong>per</strong></span> <span class='ocrx_word' id='word_1_739' title='bbox 1638 4863 1828 4907; x_wconf 92' lang='lat' dir='ltr'><strong>eorum</strong></span> <span class='ocrx_word' id='word_1_740' title='bbox 1869 4849 2175 4910; x_wconf 84' lang='lat' dir='ltr'><strong>doctrinam</strong></span> 
     </span>
    </p>
   </div>
   <div class='ocr_carea' id='block_1_94' title="bbox 576 4933 2177 5014">
    <p class='ocr_par' dir='ltr' id='par_1_94' title="bbox 576 4933 2177 5014">
     <span class='ocr_line' id='line_1_94' title="bbox 576 4933 2177 5014; baseline -0.006 -7"><span class='ocrx_word' id='word_1_741' title='bbox 576 4951 672 5007; x_wconf 77' lang='lat' dir='ltr'><strong>ﬁlii</strong></span> <span class='ocrx_word' id='word_1_742' title='bbox 705 4948 904 5006; x_wconf 66' lang='lat' dir='ltr'><strong>(liaboli</strong></span> <span class='ocrx_word' id='word_1_743' title='bbox 941 4945 1285 5002; x_wconf 84' lang='lat' dir='ltr'><strong>et‘ﬁcientur:</strong></span> <span class='ocrx_word' id='word_1_744' title='bbox 1329 4943 1420 5014; x_wconf 90' lang='lat' dir='ltr'><strong>qui</strong></span> <span class='ocrx_word' id='word_1_745' title='bbox 1463 4933 1627 4999; x_wconf 78' lang='lat' dir='ltr'><strong>etiam</strong></span> <span class='ocrx_word' id='word_1_746' title='bbox 1673 4943 1741 4999; x_wconf 90' lang='lat' dir='ltr'><strong>de</strong></span> <span class='ocrx_word' id='word_1_747' title='bbox 1785 4960 1878 4998; x_wconf 88' lang='lat' dir='ltr'><strong>ore</strong></span> <span class='ocrx_word' id='word_1_748' title='bbox 1923 4943 2177 4999; x_wconf 90' lang='lat' dir='ltr'><strong>draconis</strong></span> 
     </span>
    </p>
   </div>
   <div class='ocr_carea' id='block_1_95' title="bbox 573 5034 2173 5107">
    <p class='ocr_par' dir='ltr' id='par_1_95' title="bbox 573 5034 2173 5107">
     <span class='ocr_line' id='line_1_95' title="bbox 573 5034 2173 5107; baseline -0.006 -8"><span class='ocrx_word' id='word_1_749' title='bbox 573 5042 776 5099; x_wconf 78' lang='lat' dir='ltr'><strong>exiisse</strong></span> <span class='ocrx_word' id='word_1_750' title='bbox 801 5039 903 5095; x_wconf 87' lang='lat' dir='ltr'><strong>visi</strong></span> <span class='ocrx_word' id='word_1_751' title='bbox 945 5045 1102 5102; x_wconf 91' lang='lat' dir='ltr'><strong>sunt;</strong></span> <span class='ocrx_word' id='word_1_752' title='bbox 1135 5035 1259 5107; x_wconf 87' lang='lat' dir='ltr'><strong>quia</strong></span> <span class='ocrx_word' id='word_1_753' title='bbox 1302 5050 1397 5106; x_wconf 90' lang='lat' dir='ltr'><strong>per</strong></span> <span class='ocrx_word' id='word_1_754' title='bbox 1442 5050 1504 5090; x_wconf 90' lang='lat' dir='ltr'><strong>os</strong></span> <span class='ocrx_word' id='word_1_755' title='bbox 1552 5034 1870 5090; x_wconf 85' lang='lat' dir='ltr'><strong>Antichristi</strong></span> <span class='ocrx_word' id='word_1_756' title='bbox 1918 5034 2173 5090; x_wconf 78' lang='lat' dir='ltr'><strong>diabolus</strong></span> 
     </span>
    </p>
   </div>
   <div class='ocr_carea' id='block_1_96' title="bbox 577 5125 2176 5206">
    <p class='ocr_par' dir='ltr' id='par_1_96' title="bbox 577 5125 2176 5206">
     <span class='ocr_line' id='line_1_96' title="bbox 577 5125 2176 5206; baseline -0.004 -16"><span class='ocrx_word' id='word_1_757' title='bbox 577 5136 847 5206; x_wconf 76' lang='lat' dir='ltr'><strong>loquetur.</strong></span> <span class='ocrx_word' id='word_1_758' title='bbox 883 5132 1054 5187; x_wconf 70' lang='lat' dir='ltr'><strong>Rani&#39;s</strong></span> <span class='ocrx_word' id='word_1_759' title='bbox 1095 5127 1484 5191; x_wconf 85' lang='lat' dir='ltr'><strong>nihilominus,</strong></span> <span class='ocrx_word' id='word_1_760' title='bbox 1517 5125 1797 5197; x_wconf 39' lang='lat' dir='ltr'><strong>quzc’sunt</strong></span> <span class='ocrx_word' id='word_1_761' title='bbox 1825 5125 2036 5198; x_wconf 87' lang='lat' dir='ltr'><strong>reptilia</strong></span> <span class='ocrx_word' id='word_1_762' title='bbox 2078 5129 2176 5183; x_wconf 91' lang='lat' dir='ltr'><strong>im-</strong></span> 
     </span>
    </p>
   </div>
   <div class='ocr_carea' id='block_1_97' title="bbox 577 5220 2177 5294">
    <p class='ocr_par' dir='ltr' id='par_1_97' title="bbox 577 5220 2177 5294">
     <span class='ocr_line' id='line_1_97' title="bbox 577 5220 2177 5294; baseline -0.004 -10"><span class='ocrx_word' id='word_1_763' title='bbox 577 5227 800 5294; x_wconf 78' lang='lat' dir='ltr'><strong>munda,</strong></span> <span class='ocrx_word' id='word_1_764' title='bbox 829 5234 887 5283; x_wconf 91' lang='lat' dir='ltr'><strong>et</strong></span> <span class='ocrx_word' id='word_1_765' title='bbox 915 5226 968 5280; x_wconf 84' lang='lat' dir='ltr'><strong>in</strong></span> <span class='ocrx_word' id='word_1_766' title='bbox 999 5225 1115 5279; x_wconf 79' lang='lat' dir='ltr'><strong>tute</strong></span> <span class='ocrx_word' id='word_1_767' title='bbox 1144 5220 1402 5288; x_wconf 86' lang='lat' dir='ltr'><strong>viventia,</strong></span> <span class='ocrx_word' id='word_1_768' title='bbox 1441 5227 1591 5275; x_wconf 84' lang='lat' dir='ltr'><strong>recte</strong></span> <span class='ocrx_word' id='word_1_769' title='bbox 1623 5221 2019 5276; x_wconf 87' lang='lat' dir='ltr'><strong>assimiiantur:</strong></span> <span class='ocrx_word' id='word_1_770' title='bbox 2053 5225 2177 5294; x_wconf 88' lang='lat' dir='ltr'><strong>quia</strong></span> 
     </span>
    </p>
   </div>
   <div class='ocr_carea' id='block_1_98' title="bbox 576 5313 2180 5384">
    <p class='ocr_par' dir='ltr' id='par_1_98' title="bbox 576 5313 2180 5384">
     <span class='ocr_line' id='line_1_98' title="bbox 576 5313 2180 5384; baseline -0.004 -8"><span class='ocrx_word' id='word_1_771' title='bbox 576 5321 714 5377; x_wconf 70' lang='lat' dir='ltr'><strong>slent</strong></span> <span class='ocrx_word' id='word_1_772' title='bbox 736 5333 884 5374; x_wconf 72' lang='lat' dir='ltr'><strong>ranae</strong></span> <span class='ocrx_word' id='word_1_773' title='bbox 905 5317 963 5372; x_wconf 89' lang='lat' dir='ltr'><strong>in</strong></span> <span class='ocrx_word' id='word_1_774' title='bbox 990 5315 1226 5372; x_wconf 77' lang='lat' dir='ltr'><strong>sordidis</strong></span> <span class='ocrx_word' id='word_1_775' title='bbox 1248 5313 1403 5384; x_wconf 85' lang='lat' dir='ltr'><strong>aquis</strong></span> <span class='ocrx_word' id='word_1_776' title='bbox 1432 5313 1811 5380; x_wconf 85' lang='lat' dir='ltr'><strong>immorantur,</strong></span> <span class='ocrx_word' id='word_1_777' title='bbox 1839 5313 1910 5368; x_wconf 87' lang='lat' dir='ltr'><strong>ita</strong></span> <span class='ocrx_word' id='word_1_778' title='bbox 1937 5322 1992 5369; x_wconf 89' lang='lat' dir='ltr'><strong>et</strong></span> <span class='ocrx_word' id='word_1_779' title='bbox 2021 5313 2180 5370; x_wconf 82' lang='lat' dir='ltr'><strong>disci-</strong></span> 
     </span>
    </p>
   </div>
   <div class='ocr_carea' id='block_1_99' title="bbox 581 5405 2182 5486">
    <p class='ocr_par' dir='ltr' id='par_1_99' title="bbox 581 5405 2182 5486">
     <span class='ocr_line' id='line_1_99' title="bbox 581 5405 2182 5486; baseline -0.003 -16"><span class='ocrx_word' id='word_1_780' title='bbox 581 5418 695 5486; x_wconf 72' lang='lat' dir='ltr'><strong>puli</strong></span> <span class='ocrx_word' id='word_1_781' title='bbox 727 5412 1043 5471; x_wconf 67' lang='lat' dir='ltr'><strong>Antichristi</strong></span> <span class='ocrx_word' id='word_1_782' title='bbox 1069 5416 1168 5466; x_wconf 87' lang='lat' dir='ltr'><strong>eos</strong></span> <span class='ocrx_word' id='word_1_783' title='bbox 1191 5407 1352 5464; x_wconf 75' lang='lat' dir='ltr'><strong>facile</strong></span> <span class='ocrx_word' id='word_1_784' title='bbox 1381 5405 1676 5478; x_wconf 80' lang='lat' dir='ltr'><strong>decipient,</strong></span> <span class='ocrx_word' id='word_1_785' title='bbox 1711 5407 1803 5477; x_wconf 87' lang='lat' dir='ltr'><strong>qui</strong></span> <span class='ocrx_word' id='word_1_786' title='bbox 1843 5407 2073 5464; x_wconf 74' lang='lat' dir='ltr'><strong>diversis</strong></span> <span class='ocrx_word' id='word_1_787' title='bbox 2105 5409 2182 5465; x_wconf 88' lang='lat' dir='ltr'><strong>vi-</strong></span> 
     </span>
    </p>
   </div>
   <div class='ocr_carea' id='block_1_100' title="bbox 583 5500 2182 5566">
    <p class='ocr_par' dir='ltr' id='par_1_100' title="bbox 583 5500 2182 5566">
     <span class='ocr_line' id='line_1_100' title="bbox 583 5500 2182 5566; baseline -0.004 -2"><span class='ocrx_word' id='word_1_788' title='bbox 583 5509 672 5566; x_wconf 90' lang='lat' dir='ltr'><strong>tiis</strong></span> <span class='ocrx_word' id='word_1_789' title='bbox 699 5519 758 5564; x_wconf 86' lang='lat' dir='ltr'><strong>et</strong></span> <span class='ocrx_word' id='word_1_790' title='bbox 800 5506 1100 5564; x_wconf 87' lang='lat' dir='ltr'><strong>sceleribus</strong></span> <span class='ocrx_word' id='word_1_791' title='bbox 1146 5518 1252 5560; x_wconf 86' lang='lat' dir='ltr'><strong>non</strong></span> <span class='ocrx_word' id='word_1_792' title='bbox 1294 5501 1594 5558; x_wconf 89' lang='lat' dir='ltr'><strong>timuerant</strong></span> <span class='ocrx_word' id='word_1_793' title='bbox 1634 5500 1926 5557; x_wconf 90' lang='lat' dir='ltr'><strong>sordidari.</strong></span> <span class='ocrx_word' id='word_1_794' title='bbox 1960 5501 2092 5558; x_wconf 87' lang='lat' dir='ltr'><strong>Nam</strong></span> <span class='ocrx_word' id='word_1_795' title='bbox 2126 5515 2182 5560; x_wconf 90' lang='lat' dir='ltr'><strong>et</strong></span> 
     </span>
    </p>
   </div>
   <div class='ocr_carea' id='block_1_101' title="bbox 656 5682 2168 5755">
    <p class='ocr_par' dir='ltr' id='par_1_101' title="bbox 656 5682 2168 5755">
     <span class='ocr_line' id='line_1_101' title="bbox 656 5682 2168 5755; baseline -0.002 -10"><span class='ocrx_word' id='word_1_796' title='bbox 656 5699 684 5729; x_wconf 76' lang='grc' dir='ltr'>ι</span> <span class='ocrx_word' id='word_1_797' title='bbox 721 5688 929 5744; x_wconf 75' lang='lat' dir='ltr'><strong>Aberat</strong></span> <span class='ocrx_word' id='word_1_798' title='bbox 951 5691 1013 5739; x_wconf 76' lang='lat' dir='ltr'><strong>es</strong></span> <span class='ocrx_word' id='word_1_799' title='bbox 1044 5684 1200 5749; x_wconf 77' lang='lat' dir='ltr'><strong>edl&#39;t.,</strong></span> <span class='ocrx_word' id='word_1_800' title='bbox 1225 5691 1270 5737; x_wconf 84' lang='lat' dir='ltr'><strong>et</strong></span> <span class='ocrx_word' id='word_1_801' title='bbox 1291 5684 1483 5737; x_wconf 72' lang='lat' dir='ltr'><strong>sanitas</strong></span> <span class='ocrx_word' id='word_1_802' title='bbox 1505 5683 1557 5735; x_wconf 84' lang='lat' dir='ltr'><strong>in</strong></span> <span class='ocrx_word' id='word_1_803' title='bbox 1588 5682 1767 5752; x_wconf 70' lang='lat' dir='ltr'><strong>peruris</strong></span> <span class='ocrx_word' id='word_1_804' title='bbox 1794 5685 1930 5755; x_wconf 76' lang='lat' dir='ltr'><strong>ejus,-</strong></span> <span class='ocrx_word' id='word_1_805' title='bbox 1957 5682 2052 5740; x_wconf 88' lang='lat' dir='ltr'><strong>sed</strong></span> <span class='ocrx_word' id='word_1_806' title='bbox 2077 5683 2168 5742; x_wconf 81' lang='lat' dir='ltr'><strong>ita-</strong></span> 
     </span>
    </p>
   </div>
   <div class='ocr_carea' id='block_1_102' title="bbox 585 5755 2148 5819">
    <p class='ocr_par' dir='ltr' id='par_1_102' title="bbox 585 5755 2148 5819">
     <span class='ocr_line' id='line_1_102' title="bbox 585 5755 2148 5819; baseline -0.019 0"><span class='ocrx_word' id='word_1_807' title='bbox 585 5761 743 5819; x_wconf 89' lang='lat' dir='ltr'><strong>betur</strong></span> <span class='ocrx_word' id='word_1_808' title='bbox 770 5761 825 5814; x_wconf 92' lang='lat' dir='ltr'><strong>in</strong></span> <span class='ocrx_word' id='word_1_809' title='bbox 855 5755 1060 5812; x_wconf 83' lang='lat' dir='ltr'><strong>cunctis</strong></span> <span class='ocrx_word' id='word_1_810' title='bbox 1089 5768 1219 5808; x_wconf 84' lang='lat' dir='ltr'><strong>mss.</strong></span> <span class='ocrx_word' id='word_1_811' title='bbox 2138 5800 2148 5810; x_wconf 41' lang='lat'><em>.</em></span> 
     </span>
    </p>
   </div>
   <div class='ocr_carea' id='block_1_103' title="bbox 655 5821 2173 5950">
    <p class='ocr_par' dir='ltr' id='par_1_103' title="bbox 655 5821 2173 5950">
     <span class='ocr_line' id='line_1_103' title="bbox 655 5821 2173 5896; baseline 0.001 -16"><span class='ocrx_word' id='word_1_812' title='bbox 655 5832 685 5870; x_wconf 75' lang='lat' dir='ltr'><strong>h</strong></span> <span class='ocrx_word' id='word_1_813' title='bbox 720 5829 848 5886; x_wconf 65' lang='lat' dir='ltr'><strong>nos.</strong></span> <span class='ocrx_word' id='word_1_814' title='bbox 889 5826 1054 5879; x_wconf 81' lang='lat' dir='ltr'><strong>etiam</strong></span> <span class='ocrx_word' id='word_1_815' title='bbox 1097 5823 1348 5879; x_wconf 68' lang='lat' dir='ltr'><strong>euntibus</strong></span> <span class='ocrx_word' id='word_1_816' title='bbox 1383 5823 1618 5880; x_wconf 83' lang='lat' dir='ltr'><strong>debetur</strong></span> <span class='ocrx_word' id='word_1_817' title='bbox 1679 5821 1940 5896; x_wconf 87' lang='lat' dir='ltr'><strong>quidquid</strong></span> <span class='ocrx_word' id='word_1_818' title='bbox 1983 5827 2050 5884; x_wconf 87' lang='lat' dir='ltr'><strong>ab</strong></span> <span class='ocrx_word' id='word_1_819' title='bbox 2091 5827 2173 5888; x_wconf 88' lang='lat' dir='ltr'><strong>his</strong></span> 
     </span>
     <span class='ocr_line' id='line_1_104' title="bbox 655 5863 2173 5950; baseline 0 0"><span class='ocrx_word' id='word_1_820' title='bbox 655 5899 798 5950; x_wconf 80' lang='lat' dir='ltr'><strong>rhis.</strong></span> <span class='ocrx_word' id='word_1_821' title='bbox 829 5892 1091 5950; x_wconf 72' lang='lat' dir='ltr'><strong>vocatione</strong></span> <span class='ocrx_word' id='word_1_822' title='bbox 1120 5893 1349 5950; x_wconf 75' lang='lat' dir='ltr'><strong>centium</strong></span> <span class='ocrx_word' id='word_1_823' title='bbox 1377 5907 1548 5950; x_wconf 79' lang='lat' dir='ltr'><strong>usque</strong></span> <span class='ocrx_word' id='word_1_824' title='bbox 1576 5863 1646 5950; x_wconf 77' lang='lat' dir='ltr'><strong>ad</strong></span> <span class='ocrx_word' id='word_1_825' title='bbox 1683 5901 1927 5950; x_wconf 74' lang='lat' dir='ltr'><strong>venturus</strong></span> <span class='ocrx_word' id='word_1_826' title='bbox 1957 5904 2064 5950; x_wconf 72' lang='lat' dir='ltr'><strong>est.</strong></span> <span class='ocrx_word' id='word_1_827' title='bbox 2097 5895 2173 5950; x_wconf 86' lang='lat' dir='ltr'><strong>le-</strong></span> 
     </span>
    </p>
   </div>
   <div class='ocr_carea' id='block_1_104' title="bbox 586 5892 2174 5969">
    <p class='ocr_par' dir='ltr' id='par_1_104' title="bbox 586 5892 2174 5969">
     <span class='ocr_line' id='line_1_105' title="bbox 586 5892 2174 5969; baseline -0.001 -12"><span class='ocrx_word' id='word_1_828' title='bbox 586 5899 798 5969; x_wconf 82' lang='lat' dir='ltr'><strong>vsrbis,</strong></span> <span class='ocrx_word' id='word_1_829' title='bbox 829 5892 1091 5953; x_wconf 71' lang='lat' dir='ltr'><strong>vocatione</strong></span> <span class='ocrx_word' id='word_1_830' title='bbox 1120 5893 1349 5964; x_wconf 76' lang='lat' dir='ltr'><strong>gentium</strong></span> <span class='ocrx_word' id='word_1_831' title='bbox 1377 5907 1548 5966; x_wconf 87' lang='lat' dir='ltr'><strong>usque</strong></span> <span class='ocrx_word' id='word_1_832' title='bbox 1576 5892 1646 5950; x_wconf 86' lang='lat' dir='ltr'><strong>ad</strong></span> <span class='ocrx_word' id='word_1_833' title='bbox 1683 5892 1927 5953; x_wconf 67' lang='lat' dir='ltr'><strong>sentum</strong></span> <span class='ocrx_word' id='word_1_834' title='bbox 1957 5904 2064 5969; x_wconf 74' lang='lat' dir='ltr'><strong>est,</strong></span> <span class='ocrx_word' id='word_1_835' title='bbox 2097 5895 2174 5956; x_wconf 89' lang='lat' dir='ltr'><strong>ie-</strong></span> 
     </span>
    </p>
   </div>
   <div class='ocr_carea' id='block_1_105' title="bbox 2353 4756 3820 4848">
    <p class='ocr_par' dir='ltr' id='par_1_105' title="bbox 2353 4756 3820 4848">
     <span class='ocr_line' id='line_1_106' title="bbox 2353 4756 3820 4848; baseline -0.016 -15"><span class='ocrx_word' id='word_1_836' title='bbox 2353 4767 2552 4842; x_wconf 56' lang='lat' dir='ltr'><strong>(VCI‘S.</strong></span> <span class='ocrx_word' id='word_1_837' title='bbox 2590 4766 2711 4840; x_wconf 61' lang='lat'><strong>17.)</strong></span> <span class='ocrx_word' id='word_1_838' title='bbox 2758 4766 2826 4829; x_wconf 80' lang='grc' dir='ltr'><strong>Ει</strong></span> <span class='ocrx_word' id='word_1_839' title='bbox 2867 4768 3114 4848; x_wconf 58' lang='lat' dir='ltr'><strong>septimus</strong></span> <span class='ocrx_word' id='word_1_840' title='bbox 3155 4766 3339 4836; x_wconf 72' lang='lat' dir='ltr'><strong>eﬂ&#39;udit</strong></span> <span class='ocrx_word' id='word_1_841' title='bbox 3389 4765 3617 4848; x_wconf 43' lang='lat' dir='ltr'><strong>pltia‘lant</strong></span> <span class='ocrx_word' id='word_1_842' title='bbox 3655 4756 3820 4818; x_wconf 66' lang='lat' dir='ltr'><strong>armis</strong></span> 
     </span>
    </p>
   </div>
   <div class='ocr_carea' id='block_1_106' title="bbox 2282 4837 3822 4934">
    <p class='ocr_par' dir='ltr' id='par_1_106' title="bbox 2282 4837 3822 4934">
     <span class='ocr_line' id='line_1_107' title="bbox 2282 4837 3822 4934; baseline -0.005 -18"><span class='ocrx_word' id='word_1_843' title='bbox 2282 4877 2470 4917; x_wconf 85' lang='lat' dir='ltr'><strong>aerem.</strong></span> <span class='ocrx_word' id='word_1_844' title='bbox 2504 4860 2608 4917; x_wconf 88' lang='lat' dir='ltr'><strong>Per</strong></span> <span class='ocrx_word' id='word_1_845' title='bbox 2639 4837 2936 4934; x_wconf 67' lang='lat' dir='ltr'><strong>septimum</strong></span> <span class='ocrx_word' id='word_1_846' title='bbox 2965 4861 3125 4918; x_wconf 88' lang='lat' dir='ltr'><strong>istum</strong></span> <span class='ocrx_word' id='word_1_847' title='bbox 3152 4861 3402 4932; x_wconf 76' lang='lat' dir='ltr'><strong>angelum</strong></span> <span class='ocrx_word' id='word_1_848' title='bbox 3436 4837 3599 4932; x_wconf 56' lang='lat'><strong>563</strong></span> <span class='ocrx_word' id='word_1_849' title='bbox 3625 4852 3822 4927; x_wconf 64' lang='lat' dir='ltr'><strong>pritde</strong></span> 
     </span>
    </p>
   </div>
   <div class='ocr_carea' id='block_1_107' title="bbox 2285 4947 3820 5026">
    <p class='ocr_par' dir='ltr' id='par_1_107' title="bbox 2285 4947 3820 5026">
     <span class='ocr_line' id='line_1_108' title="bbox 2285 4947 3820 5026; baseline -0.003 -18"><span class='ocrx_word' id='word_1_850' title='bbox 2285 4966 2432 5010; x_wconf 89' lang='lat' dir='ltr'><strong>tores</strong></span> <span class='ocrx_word' id='word_1_851' title='bbox 2462 4955 2664 5020; x_wconf 87' lang='lat' dir='ltr'><strong>sancti,</strong></span> <span class='ocrx_word' id='word_1_852' title='bbox 2694 4955 2784 5024; x_wconf 90' lang='lat' dir='ltr'><strong>qui</strong></span> <span class='ocrx_word' id='word_1_853' title='bbox 2815 4950 3151 5026; x_wconf 85' lang='lat' dir='ltr'><strong>temporibus</strong></span> <span class='ocrx_word' id='word_1_854' title='bbox 3181 4951 3506 5008; x_wconf 84' lang='lat' dir='ltr'><strong>Antichristi</strong></span> <span class='ocrx_word' id='word_1_855' title='bbox 3535 4947 3689 5008; x_wconf 78' lang='lat' dir='ltr'><strong>futuri</strong></span> <span class='ocrx_word' id='word_1_856' title='bbox 3712 4953 3820 5003; x_wconf 80' lang='lat' dir='ltr'><strong>sunt.-</strong></span> 
     </span>
    </p>
   </div>
   <div class='ocr_carea' id='block_1_108' title="bbox 2285 5034 3823 5118">
    <p class='ocr_par' dir='ltr' id='par_1_108' title="bbox 2285 5034 3823 5118">
     <span class='ocr_line' id='line_1_109' title="bbox 2285 5034 3823 5118; baseline -0.004 -17"><span class='ocrx_word' id='word_1_857' title='bbox 2285 5044 2670 5117; x_wconf 83' lang='lat' dir='ltr'><strong>designantur;</strong></span> <span class='ocrx_word' id='word_1_858' title='bbox 2707 5046 2850 5101; x_wconf 86' lang='lat' dir='ltr'><strong>sicut</strong></span> <span class='ocrx_word' id='word_1_859' title='bbox 2876 5054 2932 5102; x_wconf 90' lang='lat' dir='ltr'><strong>et</strong></span> <span class='ocrx_word' id='word_1_860' title='bbox 2955 5045 3106 5101; x_wconf 93' lang='lat' dir='ltr'><strong>illum</strong></span> <span class='ocrx_word' id='word_1_861' title='bbox 3136 5044 3482 5118; x_wconf 86' lang='lat' dir='ltr'><strong>signiﬁcasse</strong></span> <span class='ocrx_word' id='word_1_862' title='bbox 3511 5041 3743 5100; x_wconf 75' lang='lat' dir='ltr'><strong>diximus,</strong></span> <span class='ocrx_word' id='word_1_863' title='bbox 3763 5034 3823 5108; x_wconf 60' lang='lat' dir='ltr'><strong>uti</strong></span> 
     </span>
    </p>
   </div>
   <div class='ocr_carea' id='block_1_109' title="bbox 2282 5133 3822 5213">
    <p class='ocr_par' dir='ltr' id='par_1_109' title="bbox 2282 5133 3822 5213">
     <span class='ocr_line' id='line_1_110' title="bbox 2282 5133 3822 5213; baseline -0.01 -15"><span class='ocrx_word' id='word_1_864' title='bbox 2282 5137 2534 5210; x_wconf 85' lang='lat' dir='ltr'><strong>superius</strong></span> <span class='ocrx_word' id='word_1_865' title='bbox 2552 5137 2658 5210; x_wconf 81' lang='lat' dir='ltr'><strong>(Aa‘</strong></span> <span class='ocrx_word' id='word_1_866' title='bbox 2686 5156 2803 5206; x_wconf 87' lang='lat' dir='ltr'><strong>cap.</strong></span> <span class='ocrx_word' id='word_1_867' title='bbox 2828 5138 2883 5210; x_wconf 86' lang='lat'><strong>9)</strong></span> <span class='ocrx_word' id='word_1_868' title='bbox 2905 5140 3168 5213; x_wconf 89' lang='lat' dir='ltr'><strong>septimus</strong></span> <span class='ocrx_word' id='word_1_869' title='bbox 3194 5139 3320 5198; x_wconf 86' lang='lat' dir='ltr'><strong>tuba</strong></span> <span class='ocrx_word' id='word_1_870' title='bbox 3348 5139 3614 5195; x_wconf 84' lang='lat' dir='ltr'><strong>cecinisse</strong></span> <span class='ocrx_word' id='word_1_871' title='bbox 3642 5133 3822 5204; x_wconf 75' lang='lat' dir='ltr'><strong>legitur.</strong></span> 
     </span>
    </p>
   </div>
   <div class='ocr_carea' id='block_1_110' title="bbox 2286 5221 3824 5301">
    <p class='ocr_par' dir='ltr' id='par_1_110' title="bbox 2286 5221 3824 5301">
     <span class='ocr_line' id='line_1_111' title="bbox 2286 5221 3824 5301; baseline 0.006 -17"><span class='ocrx_word' id='word_1_872' title='bbox 2286 5245 2380 5299; x_wconf 87' lang='lat' dir='ltr'><strong>per</strong></span> <span class='ocrx_word' id='word_1_873' title='bbox 2406 5245 2591 5286; x_wconf 86' lang='lat' dir='ltr'><strong>aerem</strong></span> <span class='ocrx_word' id='word_1_874' title='bbox 2621 5247 2751 5288; x_wconf 88' lang='lat' dir='ltr'><strong>vero</strong></span> <span class='ocrx_word' id='word_1_875' title='bbox 2778 5232 2902 5288; x_wconf 90' lang='lat' dir='ltr'><strong>vani</strong></span> <span class='ocrx_word' id='word_1_876' title='bbox 2942 5230 3196 5290; x_wconf 89' lang='lat' dir='ltr'><strong>homines</strong></span> <span class='ocrx_word' id='word_1_877' title='bbox 3235 5231 3610 5301; x_wconf 83' lang='lat' dir='ltr'><strong>designantur.</strong></span> <span class='ocrx_word' id='word_1_878' title='bbox 3639 5221 3824 5294; x_wconf 67' lang='grc' dir='ltr'><strong>Αυεελυε</strong></span> 
     </span>
    </p>
   </div>
   <div class='ocr_carea' id='block_1_111' title="bbox 2284 5315 3824 5395">
    <p class='ocr_par' dir='ltr' id='par_1_111' title="bbox 2284 5315 3824 5395">
     <span class='ocr_line' id='line_1_112' title="bbox 2284 5315 3824 5395; baseline -0.001 -20"><span class='ocrx_word' id='word_1_879' title='bbox 2284 5321 2447 5393; x_wconf 84' lang='lat' dir='ltr'><strong>igitur</strong></span> <span class='ocrx_word' id='word_1_880' title='bbox 2477 5321 2710 5392; x_wconf 87' lang='lat' dir='ltr'><strong>phialam</strong></span> <span class='ocrx_word' id='word_1_881' title='bbox 2742 5340 2892 5378; x_wconf 85' lang='lat' dir='ltr'><strong>suam</strong></span> <span class='ocrx_word' id='word_1_882' title='bbox 2925 5326 2977 5380; x_wconf 90' lang='lat' dir='ltr'><strong>in</strong></span> <span class='ocrx_word' id='word_1_883' title='bbox 3007 5339 3190 5387; x_wconf 86' lang='lat' dir='ltr'><strong>aerem</strong></span> <span class='ocrx_word' id='word_1_884' title='bbox 3219 5322 3451 5390; x_wconf 73' lang='lat' dir='ltr'><strong>effudit;</strong></span> <span class='ocrx_word' id='word_1_885' title='bbox 3474 5324 3598 5395; x_wconf 87' lang='lat' dir='ltr'><strong>quia</strong></span> <span class='ocrx_word' id='word_1_886' title='bbox 3625 5315 3824 5392; x_wconf 54' lang='lat' dir='ltr'><strong>pmikl‘</strong></span> 
     </span>
    </p>
   </div>
   <div class='ocr_carea' id='block_1_112' title="bbox 2285 5413 3823 5488">
    <p class='ocr_par' dir='ltr' id='par_1_112' title="bbox 2285 5413 3823 5488">
     <span class='ocr_line' id='line_1_113' title="bbox 2285 5413 3823 5488; baseline -0.003 -20"><span class='ocrx_word' id='word_1_887' title='bbox 2285 5427 2432 5469; x_wconf 89' lang='lat' dir='ltr'><strong>tores</strong></span> <span class='ocrx_word' id='word_1_888' title='bbox 2455 5415 2636 5471; x_wconf 87' lang='lat' dir='ltr'><strong>sancti</strong></span> <span class='ocrx_word' id='word_1_889' title='bbox 2659 5417 2809 5473; x_wconf 87' lang='lat' dir='ltr'><strong>vanis</strong></span> <span class='ocrx_word' id='word_1_890' title='bbox 2831 5425 2885 5473; x_wconf 89' lang='lat' dir='ltr'><strong>et</strong></span> <span class='ocrx_word' id='word_1_891' title='bbox 2914 5416 3091 5488; x_wconf 87' lang='lat' dir='ltr'><strong>impiis</strong></span> <span class='ocrx_word' id='word_1_892' title='bbox 3120 5415 3440 5472; x_wconf 87' lang='lat' dir='ltr'><strong>hominibus</strong></span> <span class='ocrx_word' id='word_1_893' title='bbox 3458 5413 3601 5486; x_wconf 91' lang='lat' dir='ltr'><strong>quod</strong></span> <span class='ocrx_word' id='word_1_894' title='bbox 3626 5414 3823 5480; x_wconf 60' lang='lat' dir='ltr'><strong>perpelli2</strong></span> 
     </span>
    </p>
   </div>
   <div class='ocr_carea' id='block_1_113' title="bbox 2287 5503 3822 5578">
    <p class='ocr_par' dir='ltr' id='par_1_113' title="bbox 2287 5503 3822 5578">
     <span class='ocr_line' id='line_1_114' title="bbox 2287 5503 3822 5578; baseline -0.01 -13"><span class='ocrx_word' id='word_1_895' title='bbox 2287 5521 2448 5578; x_wconf 87' lang='lat' dir='ltr'><strong>poena</strong></span> <span class='ocrx_word' id='word_1_896' title='bbox 2487 5509 2598 5564; x_wconf 88' lang='lat' dir='ltr'><strong>sint</strong></span> <span class='ocrx_word' id='word_1_897' title='bbox 2647 5508 2976 5577; x_wconf 89' lang='lat' dir='ltr'><strong>damnandi,</strong></span> <span class='ocrx_word' id='word_1_898' title='bbox 3025 5509 3448 5567; x_wconf 88' lang='lat' dir='ltr'><strong>denuntiabunt.</strong></span> <span class='ocrx_word' id='word_1_899' title='bbox 3494 5507 3561 5564; x_wconf 87' lang='lat' dir='ltr'><strong>Et</strong></span> <span class='ocrx_word' id='word_1_900' title='bbox 3600 5503 3733 5560; x_wconf 64' lang='lat' dir='ltr'><strong>exivit</strong></span> <span class='ocrx_word' id='word_1_901' title='bbox 3763 5507 3822 5550; x_wconf 69' lang='lat' dir='ltr'><strong>is:</strong></span> 
     </span>
    </p>
   </div>
   <div class='ocr_carea' id='block_1_114' title="bbox 2283 5701 3822 5833">
    <p class='ocr_par' dir='ltr' id='par_1_114' title="bbox 2283 5701 3822 5833">
     <span class='ocr_line' id='line_1_115' title="bbox 2283 5701 3822 5833; baseline -0.002 -12"><span class='ocrx_word' id='word_1_902' title='bbox 2283 5701 2595 5833; x_wconf 30' lang='grc' dir='ltr'><strong>811ἀξηὶέζάἰιη</strong></span> <span class='ocrx_word' id='word_1_903' title='bbox 2627 5775 2806 5824; x_wconf 82' lang='lat' dir='ltr'><strong>contra</strong></span> <span class='ocrx_word' id='word_1_904' title='bbox 2831 5764 2994 5827; x_wconf 80' lang='lat' dir='ltr'><strong>Deum</strong></span> <span class='ocrx_word' id='word_1_905' title='bbox 3023 5763 3248 5824; x_wconf 73' lang='lat' dir='ltr'><strong>audeant</strong></span> <span class='ocrx_word' id='word_1_906' title='bbox 3275 5780 3294 5822; x_wconf 88' lang='lat'><strong><em>:</em></strong></span> <span class='ocrx_word' id='word_1_907' title='bbox 3343 5776 3476 5827; x_wconf 79' lang='lat' dir='ltr'><strong>mss.</strong></span> <span class='ocrx_word' id='word_1_908' title='bbox 3503 5768 3671 5824; x_wconf 61' lang='lat' dir='ltr'><strong>(castra</strong></span> 
     </span>
    </p>
   </div>
   <div class='ocr_carea' id='block_1_115' title="bbox 2287 5837 2788 5912">
    <p class='ocr_par' dir='ltr' id='par_1_115' title="bbox 2287 5837 2788 5912">
     <span class='ocr_line' id='line_1_116' title="bbox 2287 5837 2788 5912; baseline -0.002 -17"><span class='ocrx_word' id='word_1_909' title='bbox 2287 5852 2519 5912; x_wconf 67' lang='lat' dir='ltr'><strong>pugnare</strong></span> <span class='ocrx_word' id='word_1_910' title='bbox 2545 5837 2788 5898; x_wconf 66' lang='lat' dir='ltr'><strong>ardeam.</strong></span> 
     </span>
    </p>
   </div>
  </div>
