3950 6314
124 289 237 360 009

898 306 964 365 ΙΝ
1001 306 1482 375 APOCALYPSIN
1521 312 1906 378 EXPOSITIO.
1951 323 2038 382 DE
2086 327 2360 390 VISIONE
2397 334 2682 405 QUINTA.

3319 347 3427 410 MO

121 434 311 490 magna
332 417 397 475 de
422 421 609 494 (eutplo
631 440 664 480 a
690 423 894 495 throno,
922 429 1116 488 dicens.
1143 431 1258 490 Vox
1283 448 1479 504 magna
1507 451 1609 492 vox
1637 446 1720 494 est
1745 446 1800 504 Δ
1824 442 1900 502 dit
1931 448 2021 502 uni
2051 463 2334 510 servorum
2364 469 2587 516 suorum
2614 462 2852 535 quinque
2885 465 3084 524 talents
3104 510 3120 538 ,
3149 470 3240 528 alii
3272 473 3384 530 duo
3402 517 3419 543 ,

121 514 536 543 ηιιηιιιῖΛΛΙΛ-ιιηι
562 527 869 543 --_-a-_--_-_
908 541 914 543 Α
948 540 1004 543 __
1033 541 1040 543 Α
1072 535 1084 543 .
1225 529 1236 543 1
1358 530 1397 543 -ς
1470 531 1482 543 ι
1553 532 1566 543 .
1631 533 1643 543 .
1855 536 1910 543 .--

119 514 538 582 praedicatorum
561 527 874 579 sanctorum
903 541 916 580 :
947 540 1044 596 per
1071 529 1331 600 templum
1357 530 1602 592 Ecclesia
1630 533 1714 590 iu-

118 606 403 679 telligitur.
428 608 474 672 Α
507 614 707 685 templo
731 631 861 689 ergo
893 633 994 682 vos
1023 622 1193 690 exiit,
1222 624 1347 694 quia
1376 623 1446 680 ab
1477 625 1716 684 Ecclesia

115 717 224 762 vos
251 713 451 766 sanctae
481 707 894 778 praedicationis
925 715 1174 784 procedit
1202 735 1214 770 :
1255 734 1375 789 quas
1405 719 1570 780 etiam
1597 731 1656 777 et
1686 736 1715 776 a

116 796 315 860 throno
339 799 542 856 esiisse
568 800 802 862 dicitur:
835 806 959 877 quia
989 807 1231 866 Ecclesia
1265 809 1363 868 Dei
1385 811 1614 869 thronus
1633 823 1718 870 est

113 891 234 961 Dei,
259 894 391 950 etin
419 895 506 951 illa
536 898 734 956 sedens
759 902 1073 974 requiescit.
1097 905 1236 974 Quid
1257 917 1438 966 autem
1465 908 1586 968 haec
1612 925 1714 967 vox

110 984 276 1051 dicat,
311 989 595 1048 subdcndo
625 993 967 1052 manifestat:
997 996 1222 1058 Factum
1251 1011 1362 1068 est;
1386 1001 1438 1058 id
1462 1012 1568 1072 est,
1590 1003 1716 1061 finis

109 1081 298 1146 mundi
323 1085 511 1158 instat,
537 1088 590 1148 in
623 1104 730 1160 quo
757 1091 937 1152 omnia
960 1108 1080 1164 qua:
1110 1096 1373 1165 praedicta
1397 1109 1522 1156 sunt
1549 1114 1579 1156 a
1614 1099 1713 1156 Do-

107 1177 262 1240 mino
289 1186 346 1234 et
374 1193 405 1242 a
431 1180 658 1246 sanctis.
683 1183 1122 1254 complebantur.

181 1269 366 1346 (Versa
393 1271 506 1346 l8.)
527 1271 594 1332 Et
615 1273 758 1346 facta
777 1286 895 1332 sunt
923 1278 1134 1350 fulgura
1156 1290 1203 1336 et
1224 1298 1372 1342 vom
1394 1295 1440 1342 et
1459 1288 1707 1353 tonitrua,

103 1376 150 1422 et
178 1375 331 1426 terra
375 1377 548 1424 tuom
601 1372 767 1441 factus
815 1381 889 1428 est
929 1389 1145 1446 inopinus
1166 1412 1181 1442 ,
1223 1377 1392 1443 qualis
1433 1394 1711 1444 numquam

99 1457 228 1533 fuit.
249 1475 317 1517 ea:
333 1476 435 1533 quo
461 1461 692 1522 homines
717 1468 923 1534 [uerunt
943 1484 1101 1538 super
1122 1478 1334 1537 terrent,
1365 1480 1390 1510 ⁸
1415 1473 1536 1532 talia
1563 1482 1712 1528 terra

102 1561 313 1620 motata,
340 1554 418 1610 sic
462 1572 703 1628 magnus.
755 1557 861 1615 Per
901 1558 1114 1632 fulgura
1157 1562 1418 1620 miracula
1461 1575 1584 1635 quae
1613 1580 1711 1637 per

100 1655 328 1706 sanctos
347 1661 483 1710 suos
505 1650 750 1708 facturus
769 1660 857 1708 est
877 1652 1038 1719 Deus,
1063 1655 1451 1727 designantur;
1478 1660 1710 1729 legimus

101 1755 343 1812 namque
386 1741 439 1796 in
491 1742 898 1814 superioribus,
941 1747 1115 1805 Etiam
1155 1756 1210 1805 et
1253 1748 1442 1806 Enoch
1474 1751 1706 1822 plurima

1818 536 1912 593 alii
1942 554 2073 597 vero
2100 557 2288 602 unum.
2321 546 2428 605 Sed
2457 552 2667 624 primus
2702 564 2758 612 et
2786 561 3059 618 secundus
3089 536 3420 637 negotiando

1822 632 2048 702 talenta,
2070 649 2190 708 quas
2216 654 2246 694 a
2273 641 2497 701 domino
2522 660 2872 722 acceperent,
2897 632 3242 726 duplicarunt
3267 680 3280 718 :
3312 673 3423 720 ter—

1821 723 1928 781 tius
1955 725 2092 783 fodit
2119 731 2170 786 in
2203 739 2438 803 terram,
2481 747 2537 796 et
2562 740 2843 801 abscondit
2885 723 3170 818 pecuniam
3216 754 3420 812 domini

1817 819 2152 921 aui-(Metili.
2184 841 2310 895 xxv,
2338 829 2461 901 ill).
2495 833 2860 910 Quaecumque
2887 853 3017 915 ergo
3041 846 3180 903 bona
3211 857 3422 921 tempo-

1819 914 1953 969 ralia
1977 927 2070 972 aut
2095 934 2464 995 quascumque
2490 935 2634 986 artes
2656 945 2682 986 a
2710 931 2938 993 Domino
2962 914 3419 1021 accepimus,,pro

1819 1010 2150 1072 talentorum
2173 1023 2491 1089 acceptione
2521 1025 2677 1081 nobis
2700 1010 3128 1101 reputabuntur:
3154 1010 3287 1109 justi
3303 1010 3417 1112 igi-

1815 1107 1908 1158 tur
1937 1105 2026 1175 qui
2068 1120 2165 1176 per
2188 1110 2425 1180 primum
2454 1123 2512 1169 et
2553 1119 2852 1176 secundum
2886 1131 3101 1182 serium
3131 1105 3418 1202 designato

1817 1203 1927 1260 ter,
1954 1197 2156 1253 talenta
2178 1213 2274 1257 sua
2297 1202 2609 1275 duplicant;
2635 1225 2758 1265 cum
2787 1212 2928 1270 bona
2953 1197 3275 1289 temporalia
3295 1239 3416 1293 qua:

1816 1302 1846 1341 a
1880 1289 2108 1346 Domino
2139 1295 2450 1364 accipiunt,
2491 1299 2545 1354 iii
2579 1299 2736 1357 benis
2779 1306 3038 1374 Operibus
3069 1289 3416 1382 expendunt,

1816 1390 1978 1452 atque
2008 1385 2074 1439 ad
2107 1385 2244 1441 bona
2274 1387 2480 1459 agenda
2520 1407 2891 1469 quoscumque
2921 1411 3181 1471 possunt,
3212 1421 3410 1476 provo-

1815 1483 1944 1529 ennt
1975 1492 1989 1528 i
2036 1476 2186 1547 impii
2218 1491 2351 1537 vero
2381 1485 2472 1554 qui
2505 1493 2600 1555 per
2629 1501 2850 1565 servum
2881 1495 3098 1551 tertium
3129 1497 3422 1571 designan-

1815 1574 1921 1631 tur,
1955 1568 2156 1626 talenta
2185 1585 2284 1628 sua
2331 1576 2382 1630 lu
2426 1585 2571 1635 terra
2598 1582 2973 1653 abscondunt;
3005 1590 3129 1660 quia
3167 1606 3232 1648 cx
3253 1568 3418 1650 bonis

1813 1663 2206 1733 temporalibus
2235 1673 2356 1739 quae
2386 1676 2415 1726 α
2451 1663 2681 1730 Domino
2704 1689 3053 1750 acceperunt,
3080 1685 3206 1738 vitia
3237 1687 3416 1755 potius

1813 1768 1976 1825 quam
1997 1757 2226 1817 virtutes
2245 1763 2676 1838 enutriunt.jPer
2702 1772 3040 1843 grandinem,
3067 1791 3187 1848 qua:
3211 1793 3273 1833 ea
3296 1793 3418 1850 quae

99 1834 258 1908 signa
301 1849 427 1896 esse
457 1835 702 1899 (acturos
731 1855 747 1896 t
786 1853 886 1910 per
926 1856 1088 1898 voces
1133 1843 1451 1914 praedicatio
1491 1855 1708 1902 sancto-
1740 1857 1786 1916 Β
1814 1863 1879 1904 ex
1909 1858 2052 1907 terra
2079 1864 2399 1924 nascuntur,
2428 1863 2665 1918 conterit
2692 1871 2746 1919 et
2768 1865 2940 1932 deiet;
2970 1869 3210 1926 vindicta
3242 1875 3418 1928 omni-

99 1943 219 1987 rum
251 1947 266 1984 :
299 1944 398 2002 per
428 1930 664 1991 tonitrua
700 1942 880 1992 autem
911 1943 1094 1991 terror
1133 1937 1273 2010 ignis
1299 1941 1488 1996 merui
1521 1943 1704 2012 expri-

97 2025 270 2094 mitur
301 2041 316 2082 ε
347 2033 512 2084 terrai
551 2036 736 2084 ineius
775 2043 908 2086 rere
938 2032 1230 2088 motionem
1257 2033 1509 2090 eordium
1557 2049 1706 2106 saepe

96 2114 373 2189 designat.
406 2119 769 2177 Movehuntur
799 2123 944 2179 enim
968 2124 1206 2196 ﬁquidam
1247 2125 1312 2180 de
1345 2128 1492 2183 male
1513 2129 1579 2184 ad
1612 2130 1708 2182 Im-

95 2226 270 2279 num,
297 2210 440 2269 sicut
482 2212 657 2274 ιιιιάκὶ
687 2215 778 2285 qui
827 2217 881 2272 in
922 2216 1202 2276 Christum
1243 2219 1505 2274 credituri
1535 2229 1702 2274 sntit:

95 2305 463 2371 movebuntur
484 2305 578 2364 alii
604 2305 674 2362 de
695 2307 840 2364 bono
864 2307 931 2364 ad
956 2309 1180 2377 malum,
1195 2312 1288 2381 qui
1311 2311 1471 2367 fidem
1501 2311 1705 2367 Christi

96 2399 352 2458 relicturi
377 2409 526 2467 sunt,
553 2409 608 2458 et
628 2415 850 2458 errores
880 2402 1200 2461 Antichristi
1229 2407 1488 2461 secuturi.

165 2493 358 2564 (Vare.
388 2493 504 2566 l9.)
534 2493 602 2551 Et
629 2496 772 2566 {aeu
791 2506 866 2552 est
884 2498 1066 2554 civitas
1088 2515 1279 2571 magna
1305 2501 1361 2555 in
1385 2511 1485 2557 tres
1507 2511 1700 2573 partes,

95 2596 145 2643 et
169 2589 411 2646 ciuitates
436 2589 665 2662 gentium
691 2591 1004 2648 reciderunt.
1039 2592 1246 2649 Civitas
1286 2611 1478 2666 magna
1509 2597 1705 2653 civitas

95 2693 181 2742 eet
222 2683 467 2751 diaboli,
511 2684 560 2742 id
593 2693 710 2751 est,
743 2687 920 2742 omnis
961 2687 1255 2744 multitudo
1296 2691 1701 2761 reproborum:

95 2792 193 2848 per
233 2785 351 2834 tres
389 2772 572 2849 partes
615 2777 671 2834 in
709 2779 903 2848 quibus
937 2778 1120 2836 divisa
1161 2790 1278 2848 est,
1309 2782 1484 2840 Judaei
1523 2787 1616 2857 qui
1650 2787 1701 2841 in

94 2870 378 2935 Christum
421 2872 646 2932 erodere
689 2873 986 2930 noluerunt
1009 2915 1022 2940 ,
1053 2882 1110 2930 et
1150 2878 1346 2947 pagani
1385 2887 1550 2949 atque
1581 2879 1704 2936 falsi

92 2965 384 3026 christiani
407 2965 789 3038 designantur.
813 2967 968 3035 Quod
991 2977 1174 3025 autem
1194 2970 1360 3026 dicit:
1388 2971 1454 3026 Et
1475 2974 1705 3030 ciuitates

93 3060 332 3131 manus.
356 3059 671 3128 reciderunt;
698 3059 915 3117 videtur
935 3061 1066 3118 mihi
1094 3062 1162 3119 ad
1187 3062 1332 3120 diem
1361 3065 1549 3135 iudicii
1574 3080 1702 3138 per-

95 3152 296 3210 tinere.
338 3150 592 3209 Civitates
621 3153 866 3224 gentium
914 3162 1040 3210 tunc
1067 3156 1266 3213 cadent
1286 3197 1300 3223 ,
1325 3172 1448 3213 cum
1480 3169 1549 3216 eo
1578 3161 1702 3232 igne

1811 1946 2050 2013 potentis
2081 1947 2175 2004 Dei
2203 1949 2538 2022 designatur,
2569 1967 2675 2026 qua
2717 1957 2915 2030 impios
2959 1969 3229 2032 centeret,
3260 1977 3314 2021 et
3359 1967 3413 2023 in

1809 2035 2079 2095 infernum
2108 2041 2418 2116 demerget:
2443 2063 2566 2119 qua:
2586 2051 2728 2108 sicut
2758 2054 3020 2111 talentum
3045 2065 3165 2115 esse
3191 2060 3415 2129 dicitur,

1809 2131 1933 2200 quia
1967 2147 2410 2209 unumquemque
2437 2145 2738 2201 secundum
2768 2149 2956 2205 talenti
2988 2155 3070 2208 sui
3095 2155 3413 2225 qualitatem

1811 2223 2027 2295 puniet;
2063 2237 2118 2283 et
2151 2240 2354 2300 quanto
2379 2237 2612 2305 amplius
2652 2241 2772 2309 quis
2806 2239 3033 2313 deliquit
3056 2287 3070 2311 ,
3114 2223 3270 2301 tanto
3300 2263 3416 2304 am-

1810 2319 1983 2387 pliora
2013 2329 2282 2381 tormenta
2310 2328 2584 2387 sustinere
2607 2338 2851 2404 cogetur.
2881 2335 2989 2393 Sed
3013 2338 3304 2397 obscurum
3331 2353 3415 2400 est

1810 2414 1968 2470 reide
2010 2419 2155 2488 quod
2201 2425 2444 2494 sequitur
2486 2444 2498 2478 ε
2544 2425 2610 2480 Et
2655 2428 3138 2499 biaspltemaverunt
3183 2434 3415 2492 homines

1811 2506 1980 2564 Deum
2009 2521 2218 2583 prepter
2246 2517 2455 2587 plagam
2474 2520 2768 2590 grandinis;
2788 2525 3031 2594 quoniam
3065 2544 3250 2600 inagna
3274 2535 3417 2602 facta

1808 2610 1884 2655 est
1911 2603 2246 2661 vehementer.
2279 2609 2427 2679 Quis,
2454 2613 2597 2669 enim
2623 2614 2677 2669 in
2721 2616 2819 2671 illo
2849 2627 2958 2673 tam
2990 2618 3016 2657 δ
3050 2619 3300 2679 districto
3325 2623 3414 2695 ju-

1805 2700 2001 2766 stoque
2025 2697 2234 2767 judicio
2257 2699 2639 2772 blasphemare
2679 2707 2846 2763 Deum
2885 2709 3143 2768 audebit?
3169 2713 3275 2770 Sed
3293 2716 3412 2773 bia—

1807 2786 2100 2855 sphemare
2139 2792 2416 2863 dicuntur,
2459 2798 2586 2868 quia
2631 2799 2985 2872 blasphemim
3010 2807 3369 2875 reproborum
3395 2854 3408 2878 ,

1808 2892 1943 2948 qitas
1971 2881 2134 2936 modo
2160 2883 2212 2938 in
2241 2885 2408 2942 corde
2431 2897 2638 2960 tegunt,
2663 2894 2873 2950 cunctis
2896 2897 3411 2957 manifestabuntur.

1879 2973 2108 3032 CAPUT
2136 2976 2568 3054 XVIi.—(Vers.
2599 2984 2679 3056 l.)
2715 2985 2780 3041 Et
2805 2990 2938 3044 venit
2967 3005 3105 3046 unus
3131 2994 3195 3048 de
3222 3004 3413 3065 septem

1805 3067 2042 3136 angelis,
2075 3071 2165 3137 qui
2204 3072 2456 3129 habebunt
2493 3087 2684 3149 reptent
2728 3080 2965 3150 phialas,
3010 3092 3057 3138 et
3101 3085 3300 3141 locutus
3340 3097 3416 3143 est

1808 3172 2029 3226 mecum,
2058 3161 2252 3218 dicens.
2287 3165 2440 3222 Sicut
2467 3171 2720 3240 superius
2749 3173 2850 3228 sub
2879 3181 3041 3230 cantu
3073 3176 3215 3231 tuba:
3247 3180 3416 3250 septi-

92 3247 184 3318 ηαδ
210 3245 411 3306 Μίθρῃ
439 3245 656 3303 Βοωὶηί
696 3245 764 3302 ad
790 3245 1056 3317 judicium
1100 3251 1368 3306 venientis
1400 3251 1700 3322 praecidet,
1731 3255 1777 3320 C
1809 3248 1885 3304 lli
1916 3253 2091 3322 angeli
2123 3255 2269 3311 diem
2308 3258 2495 3328 iudicii
2529 3260 2766 3320 breviter
2803 3267 3280 3338 comprehcndens
3301 3245 3324 3340 ,I
3347 3273 3416 3328 ad

93 3353 292 3399 omnes
339 3347 531 3411 gentes
575 3337 938 3406 delabuntur,
987 3343 1133 3398 sicut
1177 3343 1308 3400 dicit
1353 3344 1638 3402 Psalmista
1688 3365 1703 3403 :

92 3433 244 3507 Ignis
263 3442 392 3491 ante
412 3434 586 3504 ipsum
612 3435 897 3505 prandet,
939 3445 990 3494 et
1015 3437 1363 3507 inﬂammatis
1391 3440 1444 3495 in
1483 3441 1706 3496 circuitu

92 3530 336 3588 inimicos
360 3528 474 3600 ejus
499 3528 672 3600 (Paul.
704 3543 849 3596 seu,
883 3531 962 3602 ὃ).

162 3622 236 3681 Et
264 3621 514 3694 Babylon
551 3637 741 3695 magna
777 3625 912 3678 om:
950 3624 1008 3678 in
1037 3625 1337 3682 memoriam
1379 3636 1498 3682 ante
1537 3627 1705 3682 Deum

93 3719 220 3776 dare
247 3718 300 3778 ei
329 3717 542 3775 calicem
570 3717 678 3774 sini
715 3717 1090 3790 isidignationis
1123 3721 1218 3776 ira
1259 3726 1393 3796 ejus.
1419 3722 1706 3792 Quomodo

89 3810 345 3884 Babylon
373 3811 428 3867 in
451 3811 772 3867 memoriam
803 3819 934 3868 ante
953 3811 1122 3868 Deum
1147 3815 1363 3870 venisse
1392 3816 1613 3884 dicitur,
1639 3819 1703 3872 ad

89 3907 250 3978 cuius
281 3905 611 3963 memoriam
647 3905 782 3963 nihil
812 3905 1081 3964 accedere
1102 3949 1115 3976 ,
1147 3907 1284 3964 nihil
1318 3909 1583 3966 recedere
1612 3925 1709 3980 po-

91 4010 235 4059 test:
265 4003 332 4059 in
353 4001 510 4073 cuius
536 4007 834 4074 conspectu
864 4003 1006 4058 sicut
1038 4003 1443 4072 prmeentia,ita
1475 4013 1704 4074 prmter-

91 4095 199 4164 itts,
242 4103 309 4152 es
336 4094 516 4151 futura
543 4094 893 4150 consistunt?
935 4093 1046 4150 Sed
1085 4095 1404 4152 memoriam
1435 4109 1537 4168 pro
1565 4103 1704 4151 tem-

89 4200 228 4260 pore
251 4188 470 4261 pusilli:
496 4187 736 4260 Babylon
767 4188 928 4260 igitur
951 4188 1004 4243 in
1029 4186 1351 4244 memoriam
1377 4197 1508 4244 ante
1538 4188 1704 4245 Deum

93 4283 283 4340 tertios
307 4321 328 4348 ,
359 4282 580 4354 quando
609 4281 740 4340 illud
784 4292 1002 4353 tempus
1031 4282 1248 4349 veniet,
1281 4284 1338 4339 is
1380 4299 1488 4354 quo
1518 4284 1709 4340 statuit

84 4379 351 4450 iudicare
379 4377 671 4446 mundum,
696 4387 752 4435 et
799 4378 1035 4435 reddere
1078 4381 1369 4451 unicuique
1405 4379 1704 4436 secundum

89 4485 228 4545 opus
254 4472 402 4546 eius.
439 4463 634 4529 Vinum
667 4483 803 4529 Vero
834 4473 1227 4546 indignationis
1259 4475 1352 4528 ira:
1393 4473 1513 4539 Dei,
1545 4488 1704 4544 pmna

86 4576 368 4639 impetus
395 4571 512 4636 est;
531 4567 658 4638 quia
679 4577 902 4639 peracto
919 4567 1152 4638 iudicio.
1183 4575 1374 4624 Omnes
1406 4569 1558 4640 impii
1583 4584 1703 4625 cum

90 4669 322 4718 auotore
349 4659 648 4734 iniquitatis
673 4660 890 4717 diabolo
920 4661 1339 4716 damnabantur.

166 4757 370 4829 (Vero.
402 4752 534 4825 10.)
567 4754 634 4810 Et
671 4755 838 4811 omnis
868 4756 1043 4810 insula
1084 4757 1247 4829 fugit,
1285 4761 1334 4810 et
1375 4765 1574 4812 montes
1601 4771 1702 4811 non

92 4859 216 4905 sunt
233 4849 452 4905 been“.
485 4847 745 4905 Eamdom
776 4849 1238 4920 significationem
1264 4849 1464 4906 habent
1492 4858 1705 4906 montes

94 4951 149 5000 et
180 4943 405 5010 insulas,
429 4957 590 5014 quam
621 4942 866 5000 civitates
897 4945 1140 5015 gentium
1161 4987 1176 5012 ,
1205 4957 1328 5014 quae
1354 4943 1516 5014 paulo
1543 4955 1703 5015 supc-

94 5038 214 5095 rius
239 5037 505 5094 dicuntur
533 5037 834 5107 cecidisse;
870 5051 969 5111 per
993 5039 1195 5095 insulas
1227 5053 1460 5111 namque
1489 5049 1700 5109 gentes,

1809 3355 1872 3397 ea
1904 3359 2024 3414 quas
2054 3351 2496 3417 prmtermiserat,
2531 3355 2728 3422 rediit;
2764 3368 2926 3430 atque
2968 3372 3212 3418 sanctam
3251 3375 3272 3404 ο
3313 3365 3419 3423 Ec-

1807 3435 2030 3493 elesiam
2052 3439 2156 3495 sub
2183 3444 2364 3513 specie
2391 3447 2660 3513 mulieris,
2685 3465 2804 3520 qua:
2832 3453 3028 3508 amicta
3056 3465 3173 3510 erat
3195 3460 3333 3524 sole,
3360 3474 3416 3517 et

1809 3529 1933 3583 luna
1963 3531 2066 3586 sub
2098 3535 2326 3604 pedibus
2356 3538 2503 3608 cluis,
2533 3539 2874 3610 describens,
2907 3547 3190 3614 passiones
3216 3564 3353 3620 quas
3382 3567 3412 3605 a

1809 3622 2027 3680 diabolo
2050 3629 2290 3696 pertulit.
2319 3639 2375 3686 et
2398 3647 2532 3703 quas
2555 3634 2622 3688 ab
2645 3637 2980 3693 Antichristo
3007 3641 3059 3694 in
3089 3640 3194 3696 fine
3225 3644 3413 3699 mundi

1811 3732 2032 3788 passura
2065 3730 2166 3790 est,
2202 3727 2470 3792 annectit;
2502 3727 2574 3782 ita
2603 3736 2658 3783 et
2681 3729 2767 3785 hic
2794 3733 2895 3787 sub
2926 3731 3187 3789 effusione
3217 3735 3411 3804 phiala!

1810 3813 2025 3882 septimi
2058 3815 2234 3886 angeli
2267 3815 2409 3874 diem
2441 3819 2630 3890 judicii
2663 3825 2975 3880 summatim
3006 3828 3408 3900 perstringens,

1807 3905 1876 3960 ad
1904 3919 1966 3961 ea
1989 3923 2108 3978 qme
2136 3914 2482 3980 pratermlsit
2523 3918 2839 3984 revertitur,
2871 3927 3034 3991 atque
3074 3923 3175 3978 sub
3216 3928 3404 3994 specie

1811 4001 2055 4057 mulieris
2104 4007 2411 4064 meretricis
2466 4011 2740 4068 civitatem
2791 4011 2990 4071 diaboli
3049 4015 3408 4088 describens,

1809 4110 1941 4166 quas
1982 4111 2173 4168 poenas
2203 4115 2302 4170 pro
2347 4103 2648 4160 sceleribus
2687 4110 2803 4163 suis
2835 4122 3061 4180 passura
3093 4111 3198 4179 sit,
3232 4111 3286 4167 in
3326 4126 3416 4169 se-

1809 4191 2106 4261 quentibus
2135 4195 2466 4252 manifestat.
2495 4198 2736 4271 Angelus
2767 4217 2894 4258 vero
2918 4203 3155 4274 phialam
3183 4205 3412 4276 habens,

1813 4282 2198 4352 pradicatores
2212 4295 2432 4346 sanctos
2450 4290 2727 4363 designat:
2753 4293 2990 4352 Joannes
3017 4307 3196 4354 autem
3226 4308 3412 4372 typum

1811 4383 1960 4432 tenet
1989 4380 2229 4435 omnium
2259 4381 2535 4452 fidelium;
2565 4385 2710 4443 unde
2734 4397 2786 4444 et
2818 4389 3068 4445 subditur
3111 4410 3124 4445 :

1881 4467 2066 4537 (Vera.
2095 4470 2207 4544 Η.)
2246 4472 2394 4542 Veni,
2429 4479 2694 4534 ostendant
2724 4481 2812 4535 tibi
2833 4481 3218 4539 darnnalionem
3251 4502 3415 4542 ntere-

1811 4565 1951 4620 tricis
1975 4569 2206 4637 magnis,
2234 4585 2349 4640 qua:
2371 4573 2514 4628 sedet
2548 4589 2706 4644 super
2732 4591 2892 4645 aquas
2912 4579 3098 4634 multas
3117 4623 3131 4649 ,
3166 4597 3280 4637 cum
3311 4600 3417 4655 qua

1731 4663 1784 4726 Β
1809 4659 2054 4728 [amicali
2079 4670 2196 4716 sunt
2222 4677 2364 4736 reges
2395 4674 2587 4722 terrm:
2617 4677 2664 4721 et
2696 4670 2938 4726 inebriati
2963 4685 3080 4729 sum
3102 4693 3296 4743 omnes,
3324 4681 3413 4748 qui

1807 4751 2042 4808 habitant
2071 4763 2261 4810 terram
2303 4759 2368 4812 de
2405 4760 2521 4814 vino
2562 4763 2944 4831 prOsiitulionis
2985 4769 3118 4837 ejus.
3155 4768 3412 4825 Meretrix

1807 4844 1912 4902 ista
1942 4847 1993 4902 in
2024 4847 2298 4920 aliquibus
2324 4847 2459 4909 locis
2493 4852 2721 4912 Romam
2753 4859 3085 4930 specialiter,
3117 4878 3236 4932 quzc
3281 4873 3408 4916 tunc

1811 4939 2113 4998 Ecclesium
2155 4939 2250 4999 Dei
2301 4949 2732 5019 persequebatur
2767 4970 2778 5005 :
2813 4954 2864 5008 in
2911 4952 3237 5025 quibusdam
3279 4969 3409 5009 vero

1809 5036 2145 5106 generaliter
2170 5035 2445 5096 civitatem
2476 5039 2673 5100 diaboli
2697 5088 2709 5111 ,
2742 5046 2792 5104 id
2820 5055 2923 5112 est,
2954 5062 3118 5102 cuiue
3147 5045 3410 5117 reprobo-

87 5141 194 5204 per
209 5139 431 5189 Montes
445 5141 579 5189 vero
598 5141 784 5190 earum
810 5135 1086 5207 principes
1107 5135 1493 5214 designantur:
1523 5133 1709 5205 fugere
1815 5141 1933 5182 rum
1961 5144 2159 5200 corpus
2199 5129 2562 5190 demonstrat.
2593 5135 2830 5207 Angelus
2873 5139 3033 5210 igitur
3075 5135 3272 5195 Joanui
3313 5153 3408 5194 os-

87 5233 280 5283 autom
328 5223 603 5296 dicuntur,
643 5237 768 5283 cum
810 5226 884 5284 ab
927 5228 1052 5299 igne
1090 5225 1143 5283 in
1185 5227 1276 5284 die
1317 5226 1509 5299 judicii
1558 5224 1710 5283 dele-
1815 5223 1988 5280 tendit
2018 5223 2420 5285 damnationem
2455 5230 2757 5285 meretricis
2789 5245 3025 5300 magnae;
3059 5230 3181 5300 quia
3214 5231 3413 5300 prsidi-

94 5318 326 5377 lttititur.
1814 5328 2028 5377 calores
2046 5319 2221 5376 sancti
2241 5328 2294 5376 et
2309 5321 2488 5376 verbis
2511 5331 2565 5378 et
2581 5321 2800 5392 scriptis
2820 5320 3071 5375 fidelibus
3090 5323 3410 5391 ostendunt,

168 5404 362 5486 (Vere.
391 5403 517 5486 94.)
542 5413 830 5487 Eigran-do
857 5427 1047 5490 magna
1068 5415 1200 5470 sicut
1228 5414 1474 5468 talentum
1503 5413 1713 5470 descen-
1811 5431 1944 5488 quas
1975 5429 2162 5484 pinnas
2207 5415 2354 5486 impii
2399 5429 2500 5486 pro
2541 5414 2841 5471 sceleribus
2879 5415 2990 5470 suis
3021 5417 3324 5488 patiantur,
3355 5430 3414 5477 ut

93 5509 174 5564 αι
218 5509 289 5564 de
340 5509 468 5567 calo
503 5510 558 5566 in
599 5509 849 5566 homines.
880 5509 941 5566 ln
984 5507 1280 5583 Erangelio
1323 5509 1586 5579 scriptum
1627 5516 1714 5565 est
1811 5521 1998 5566 eorum
2029 5509 2204 5581 pcenis
2231 5508 2459 5566 territis
2484 5509 2715 5616 peccatis
2743 5506 3072 5610 abstineant.
3097 5509 3225 5616 Quze
3250 5526 3414 5616 super

93 5602 242 5674 quod
275 5603 496 5674 quidam
521 5603 913 5676 paterfamilias
941 5619 1169 5676 peregre
1200 5602 1590 5676 proficiscens,
1615 5601 1711 5658 de-
1808 5617 1981 5675 aquas
2029 5602 2229 5657 multas
2271 5600 2463 5657 sedere
2507 5599 2736 5665 dicitur;
2770 5600 2898 5670 quia
2943 5615 3015 5656 ex
3066 5603 3414 5662 multitudine

97 5746 387 5876 ιειῖαῖιῗ-’Ϋ
408 5759 557 5804 um.
583 5756 772 5814 mu”,
797 5748 871 5803 ὡ
892 5762 1130 5821 mw“,
1159 5747 1212 5803 in
1234 5743 1368 5802 io“.
1389 5743 1520 5802 Od".
1547 5741 1708 5799 om“.
1816 5738 2840 5879 “filim?iiiif‘ggiginm
2865 5811 3173 5882 describens,
3201 5816 3416 5872 caeteris

169 5886 201 5929 ι)
241 5891 450 5950 Omnes
480 5891 638 5963 edit.,
689 5892 919 5949 districto
951 5892 1210 5964 justorum
1233 5888 1437 5962 judicio
1466 5902 1482 5942 :
1514 5896 1707 5943 omnes
1815 5881 2216 5954 praetermissis.
