3950 6314
537 327 639 385 9H

1466 317 1559 374 AD
1597 311 1828 374 OPERA
1871 309 2120 373 SANCTI
2158 305 2482 372 AMBROSII
2523 311 2887 372 APPENDIX.
3710 313 3790 369 9l2

537 442 805 514 gentium,
835 452 957 510 quas
986 449 1084 508 per
1110 449 1279 506 aquas
1306 433 1682 504 designantur,
1711 430 1903 487 civitas
1939 430 2135 487 diaboli
2164 431 2217 492 Α
2243 447 2491 499 aureum,
2522 432 2665 503 quod
2681 448 2842 488 manu
2867 429 3108 489 tenuisse
3135 429 3356 494 dicitur.
3392 430 3789 504 philosophorum

535 534 872 590 construitur
899 551 911 586 :
945 546 1066 586 cum
1098 543 1202 600 qua
1229 542 1387 598 reges
1422 537 1580 582 terras
1625 525 1873 580 fornicati
1904 539 2027 580 esse
2058 523 2140 580 di-

531 637 762 692 cuntur;
808 626 933 696 quin
986 622 1196 679 scelera
1245 619 1545 693 Babylonis
1589 626 1868 673 auxerunt
1918 617 2138 688 potius,

533 735 698 792 quam
741 718 1149 774 destruxerunt.
1191 713 1354 786 563
1393 710 1461 766 Et
1503 710 1743 765 inebriati
1783 716 1900 763 sunt
1941 725 2139 775 omnes,

533 812 624 881 qui
654 809 944 864 inhabitant
976 819 1166 861 terram
1187 847 1202 873 ,
1232 807 1296 860 de
1320 804 1437 858 uino
1469 803 1851 872 prostitutionis
1880 803 2012 873 ejus.
2050 801 2143 856 Vi-

534 918 665 959 num
693 901 1095 974 prostitutionis
1123 884 1329 956 diversi
1352 912 1596 961 errores,
1621 897 1837 951 diversa
1866 905 1996 951 sunt
2021 910 2142 951 sce-

536 981 647 1052 lera
680 996 861 1066 impiae
885 993 1152 1057 civitatis;
1187 1007 1312 1047 nam
1336 992 1479 1047 sicut
1510 991 1771 1045 meretrix
1798 988 2145 1061 prostituitur

536 1089 793 1145 omnibus
837 1102 1020 1143 secum
1052 1084 1312 1141 fornicari
1357 1081 1703 1147 volentibus,
1737 1090 1796 1136 ut
1821 1096 2010 1137 eorum
2043 1079 2147 1134 im-

535 1181 818 1238 munditiis
841 1180 1119 1250 polluatur
1151 1195 1163 1230 :
1200 1178 1271 1232 ita
1301 1185 1357 1232 et
1381 1189 1572 1230 omnes
1602 1173 1750 1244 impii
1783 1172 2146 1242 subjiciuntur

536 1273 901 1338 daemonibus,
933 1287 1058 1328 cum
1086 1285 1277 1326 eorum
1309 1277 1334 1305 ⁸
1366 1267 1551 1336 pravis
1577 1265 2020 1338 suggestionibus
2051 1264 2149 1320 ob-

534 1375 930 1438 temperantes,
953 1365 1004 1418 in
1028 1363 1282 1418 omnibus
1302 1359 1602 1417 sceleribus
1624 1375 1683 1415 se
1699 1359 1986 1429 dejiciunt,
2007 1359 2148 1413 sicut

539 1461 808 1531 prOpheta
831 1457 899 1514 ad
928 1455 1272 1513 Hierusalem
1302 1453 1538 1524 loquitur
1565 1452 1757 1507 dicens
1783 1468 1798 1506 :
1835 1449 1899 1505 Et
1929 1449 2148 1520 posuisti

539 1563 596 1608 ut
637 1562 828 1606 terram
858 1566 1049 1620 corpus
1093 1557 1272 1616 tuum,
1304 1557 1352 1602 et
1395 1548 1544 1618 quasi
1591 1547 1725 1600 viam
1764 1544 2148 1599 transeuntibus

543 1646 717 1719 (Esui.
753 1661 804 1701 LI
827 1686 840 1711 ,
871 1644 988 1714 23).
1025 1641 1211 1698 Terra:
1255 1650 1436 1696 autem
1473 1639 1810 1695 habitatores
1838 1653 2028 1692 omnes
2061 1652 2148 1693 re-

541 1742 749 1812 probos
777 1746 972 1795 vocat:
1017 1737 1256 1792 ebrietas
1283 1749 1415 1790 vero
1444 1733 1653 1789 malitia
1686 1743 1769 1788 est
1812 1731 2145 1802 Babylonis;

537 1835 667 1906 quia
715 1834 860 1889 sicut
905 1830 1162 1887 ebriosus
1215 1829 1420 1884 tamdiu
1475 1827 1729 1898 impletur
1775 1826 1933 1890 vino,
1968 1837 2148 1895 usque
2176 1825 2226 1887 B

541 1926 673 1983 dum
703 1942 733 1981 a
768 1934 952 1981 mente
993 1939 1089 1979 sua
1133 1922 1345 1979 alienus
1387 1921 1698 1977 efﬁciatur:
1735 1920 1804 1975 ita
1836 1928 1890 1974 et
1931 1918 2149 1988 reprobi

546 2023 755 2079 tamdiu
792 2021 942 2077 omni
976 2019 1180 2074 malitia
1208 2017 1535 2086 semetipsos
1560 2015 1792 2086 replent,
1822 2027 1993 2084 usque
2021 2011 2149 2068 dum

540 2134 572 2174 a
602 2127 788 2174 mente
816 2130 915 2171 sua
944 2113 1108 2169 alieni
1142 2111 1356 2175 effecti,
1386 2109 1636 2166 timorem
1667 2107 1795 2174 Dei,
1825 2121 2152 2178 omnemque

539 2211 844 2268 bonitatem
889 2221 922 2261 a
961 2204 1272 2276 semetipsis
1313 2202 1592 2273 abjiciant,
1623 2203 1764 2256 sicut
1792 2199 1929 2255 dicit
1961 2199 2153 2255 heatus

542 2305 666 2371 Job,
684 2303 809 2375 quia
827 2300 1382 2368 bibuntsicutaquam
1404 2294 1746 2366 iniquitatem
1766 2291 1915 2364 (Job.
1929 2309 2021 2358 xv,
2037 2290 2151 2362 16).

612 2396 796 2469 (Vers.
824 2394 907 2462 '5.)
939 2392 1008 2450 Et
1036 2391 1244 2446 abstulit
1275 2407 1353 2444 me
1380 2390 1433 2443 in
1462 2389 1717 2443 desertum
1743 2389 1799 2441 in
1827 2387 2017 2458 spiritu
2048 2402 2067 2440 :
2106 2393 2155 2441 et

541 2489 649 2543 uidi
676 2488 947 2542 mulierem
973 2483 1233 2540 sedentem
1261 2498 1414 2554 super
1445 2481 1656 2536 bestiam
1692 2481 2006 2543 coccineum,
2045 2478 2155 2549 ple-

543 2596 666 2636 nam
692 2578 986 2633 nominibus
1014 2575 1371 2648 blasphemite,
1416 2574 1688 2628 habentem
1724 2572 1897 2641 capita
1936 2581 2152 2643 septem,

546 2688 596 2731 et
621 2691 818 2730 cornua
841 2674 1037 2728 decem.
1060 2671 1170 2727 Per
1189 2669 1470 2725 desertum
1495 2667 1674 2722 omnis
1699 2666 1991 2737 impiorum
2016 2665 2158 2720 mul-

545 2771 722 2826 titudo
753 2768 1108 2838 designatur;
1137 2779 1206 2820 eo
1234 2763 1378 2835 quod
1422 2762 1527 2833 ipsi
1567 2762 1919 2818 deseruerint
1949 2761 2152 2828 Deum,

549 2875 607 2920 et
634 2864 759 2920 ideo
785 2861 1037 2919 derelicti
1067 2868 1195 2914 sunt
1217 2873 1250 2913 a
1279 2857 1488 2913 Deo.ln
1514 2857 1737 2912 deserto
1767 2856 1931 2927 igitur
1959 2855 2156 2910 mulier

549 2955 813 3012 meretrix
843 2937 1060 3009 inventa
1094 2961 1197 3017 est,
1223 2950 1348 3018 quia
1377 2964 1442 3004 ex
1472 2948 1822 3004 multitudine
1847 2948 2155 3017 iniquorum

549 3049 752 3103 civitas
779 3045 981 3102 diaboli
1010 3051 1247 3100 constat.
1273 3041 1450 3098 Bestia
1483 3057 1634 3109 vero,
1665 3041 1806 3096 sicut
1837 3040 1952 3111 ipse
1983 3041 2037 3095 in
2067 3053 2157 3096 se-

553 3139 850 3210 quentibus
886 3135 1146 3206 exponit,
1173 3133 1450 3190 diabolum
1480 3133 1792 3203 signiﬁcat:
1826 3147 2025 3188 coccus
2059 3147 2154 3187 au-

555 3241 665 3284 tem
691 3227 936 3283 colorem
957 3213 1238 3298 sanguinis
1260 3224 1452 3290 habet;
1477 3233 1528 3279 et
1557 3240 1653 3294 per
1669 3226 1987 3296 sanguinem
2011 3239 2157 3295 saepe
2181 3220 2228 3284 C

563 3335 716 3376 mors
757 3319 1092 3391 designatur.
1129 3317 1389 3373 Diabolus
1439 3317 1620 3388 itaque
1669 3318 1998 3388 sanguineus
2036 3328 2152 3384 est,

557 3414 686 3484 quia
737 3421 927 3468 auctor
968 3421 1053 3468 est
1104 3411 1300 3467 mortis
1330 3421 1384 3466 et
1416 3411 1593 3466 omnis
1636 3409 1977 3480 perditionis.
2027 3410 2160 3477 Qua

556 3506 731 3564 bestia
757 3506 917 3576 plena
949 3502 1261 3560 nominibus
1305 3502 1657 3574 blasphemia;
1683 3517 1808 3558 esse
1839 3501 2065 3570 dicitur,
2092 3517 2160 3558 eo

556 3600 700 3672 quod
732 3601 848 3671 ipse
879 3598 1129 3654 diabolus
1171 3605 1362 3652 auctor
1403 3597 1478 3651 sit
1522 3597 1765 3651 omnium
1797 3595 2162 3666 blaSpbemia-

559 3713 702 3753 rum.
733 3694 872 3764 Quid
913 3693 1024 3748 sint
1058 3701 1241 3749 autem
1288 3692 1466 3762 capita
1511 3700 1718 3761 septem
1746 3699 1802 3747 et
1823 3705 2026 3746 cornua
2064 3688 2161 3745 de-

558 3805 700 3856 cem,
734 3787 959 3858 angelus
989 3785 1042 3840 in
1077 3783 1430 3856 sequentibus
1459 3783 1703 3853 exponit.

633 3882 820 3956 (Vers.
854 3879 938 3953 4.)
963 3879 1027 3934 Et
1045 3880 1232 3934 mulier
1245 3890 1354 3935 erat
1379 3878 1699 3934 circumdata
1722 3893 1952 3949 purpura
1974 3886 2022 3932 et
2048 3893 2164 3932 coc-

561 3978 760 4043 cino,et
783 3976 1024 4029 inaurata
1052 3989 1202 4040 auro,
1225 3983 1274 4026 et
1305 3971 1480 4042 lapide
1510 3972 1820 4041 pretioso,et
1846 3970 2160 4040 margaritis,

560 4069 754 4123 habens
777 4065 1020 4136 poculum
1035 4080 1252 4118 aureum
1271 4063 1327 4117 in
1353 4079 1510 4117 manu
1531 4079 1648 4126 sua,
1667 4062 1877 4132 plenum
1897 4062 2164 4116 abomina-

563 4163 778 4224 tionum,
803 4168 851 4213 et
879 4157 1217 4212 immunditiw
1243 4156 1742 4229 fornicationiseius.
1761 4155 2005 4225 Purpura
2032 4169 2160 4210 san-

564 4254 726 4323 guine
745 4249 991 4321 tingitur,
1023 4262 1219 4304 coccus
1242 4264 1369 4302 vero
1397 4247 1681 4318 sanguinis
1704 4246 1868 4302 habet
1896 4247 2159 4312 colorem,

562 4350 796 4411 suntque
829 4341 1150 4394 vestimenta
1183 4339 1408 4408 regalia,
1429 4354 1527 4408 per
1555 4355 1676 4409 qua:
1706 4347 1946 4408 potestas
1981 4353 2159 4393 smcno

568 4434 702 4490 laris
731 4433 1046 4504 designatur
1077 4449 1088 4484 :
1115 4429 1142 4469 ι’
1175 4447 1270 4503 per
1299 4432 1615 4502 sanguinem
1639 4441 1820 4487 autem
1846 4447 1990 4503 saepe
2013 4445 2162 4487 mors

565 4527 905 4598 designatur.
941 4524 1183 4596 Purpura
1216 4524 1378 4594 igitur
1399 4533 1456 4579 et
1493 4539 1692 4580 coccus
1721 4524 2003 4592 sanguinis
2041 4539 2162 4596 spe-

2245 535 2299 582 et
2327 535 2605 595 poetarum
2635 527 2881 583 doetrina
2908 526 3264 596 designatur:
3296 526 3442 597 quod
3473 527 3672 597 plenum
3695 529 3791 584 alio.

2247 618 2602 673 minationnm
2630 627 2686 673 et
2728 614 3084 673 immunditia:
3134 616 3511 673 fornicationis
3550 619 3658 689 ejus
3692 620 3790 674 dici-

2247 723 2361 769 tur:
2391 715 2514 785 quia
2541 712 2784 768 doctrina
2816 711 3270 784 philosophorum
3301 721 3358 768 et
3381 721 3644 780 poetarum
3670 714 3790 785 plena

2245 817 2363 864 erat
2391 807 2717 874 mendaciis,
2750 807 3118 877 omnibusque
3146 807 3432 862 erroribus
3468 805 3534 860 ad
3571 806 3794 878 decipien-

2247 899 2374 956 dum
2404 916 2578 972 genus
2603 899 2900 956 humanum
2932 899 3279 970 compositis.

2322 993 2522 1065 (Vers.
2558 993 2658 1066 5.)
2709 993 2778 1048 Et
2833 995 2888 1048 in
2939 996 3109 1064 fronte
3173 996 3290 1066 ejus
3337 1008 3525 1048 nomen
3576 993 3791 1063 scriptun,

2250 1087 2588 1159 Mysterium,
2620 1085 2854 1159 Babylon
2896 1103 3116 1160 magna,
3149 1095 3315 1141 mater
3358 1085 3729 1158 fornicationem
3764 1099 3798 1142 et

2248 1181 2688 1235 abominationum
2749 1190 2919 1235 terrte.
2956 1191 2992 1240 ε,
3025 1181 3128 1236 Per
3173 1181 3411 1236 frontem
3453 1189 3607 1252 atque
3647 1179 3796 1236 faciem

2250 1272 2414 1330 homo
2435 1273 2798 1344 dignoscitur;
2823 1273 3077 1328 similiter
3101 1281 3158 1329 et
3188 1273 3342 1343 impii
3364 1287 3433 1329 ex
3465 1273 3698 1342 operibus
3718 1275 3798 1330 sub

2252 1365 2662 1436 intelliguntur,
2706 1365 2846 1420 sicut
2882 1364 3140 1422 SalomOn
3184 1364 3322 1420 dicit
3358 1381 3373 1417 :
3409 1363 3489 1418 Ea:
3521 1350 3692 1418 studiis
3723 1367 3798 1419 ssi:

2249 1457 2553 1529 intelligitur
2578 1471 2706 1528 puer
2736 1455 2919 1527 (Prov.
2954 1472 3058 1518 xx.
3093 1455 3210 1527 ll).
3256 1455 3362 1511 Per
3399 1453 3626 1511 frontem
3664 1457 3800 1527 itaque

2249 1557 2414 1619 atque
2444 1549 2634 1604 faciem
2662 1564 2829 1619 opera
2875 1549 3166 1620 impiorum
3199 1550 3589 1621 designantur;
3629 1552 3732 1619 quia
3755 1567 3801 1605 ex

2250 1642 2511 1712 operibus
2539 1642 2653 1697 suis
2685 1642 3065 1714 intelliguntur
3095 1642 3242 1715 quod
3267 1643 3378 1698 sint
3405 1641 3505 1698 lilii
3529 1642 3725 1708 diaboli,
3749 1645 3803 1699 ci-

2252 1749 2453 1803 vesque
2483 1734 2663 1804 impiae
2692 1735 2950 1790 civitatis.

2326 1826 2506 1898 (Vers.
2531 1825 2612 1900 6.)
2638 1825 2704 1881 Et
2727 1828 2991 1882 mulierem
3017 1828 3122 1882 vidi
3159 1829 3355 1883 ebriam
3381 1829 3446 1884 de
3465 1831 3697 1902 sanguine
3719 1847 3804 1885 sea-

2254 1927 2455 1972 ctorum
2472 1959 2488 1983 ,
2518 1929 2567 1973 et
2593 1919 2658 1974 de
2685 1921 2938 1992 sanguine
2969 1930 3260 1993 martyrum
3284 1921 3436 1976 Iesu.
3465 1921 3712 1995 Numquid
3731 1924 3804 1979 Ba-

2254 2008 2420 2082 bylon
2447 2011 2766 2081 sanguinem
2794 2022 3105 2068 sanctorum
3129 2013 3511 2071 biberat?Sed
3538 2017 3674 2072 ebria
3696 2028 3802 2082 erat,

2257 2102 2311 2158 id
2334 2113 2442 2171 est,
2468 2105 2536 2158 ab
2563 2105 2710 2160 omni
2742 2105 3012 2176 spirituali
3043 2108 3258 2163 ratione
3287 2107 3467 2164 aliena
3500 2127 3514 2166 :
3539 2109 3675 2164 ebria
3698 2122 3803 2172 erat;

2257 2194 2382 2264 quia
2413 2195 2548 2250 ultio
2574 2197 2856 2268 sanguinis
2883 2207 3199 2254 sanctorum
3239 2196 3311 2252 ita
3345 2215 3468 2256 eam
3502 2197 3805 2258 damnabilem

2258 2286 2486 2355 fecerat,
2518 2297 2568 2344 et
2602 2305 2631 2343 a
2660 2288 3038 2346 misericordia
3071 2291 3167 2346 Dei
3198 2290 3437 2347 alienam
3457 2336 3473 2361 ,
3509 2303 3680 2349 utnon
3704 2305 3810 2350 esset

2258 2383 2418 2455 digna
2459 2394 2732 2454 quatenus
2762 2385 2949 2457 aliquo
2978 2385 3141 2441 modo
3171 2401 3287 2442 sua:
3322 2387 3488 2443 saluti
3520 2401 3687 2460 posset
3707 2405 3806 2444 con-

2259 2478 2460 2532 sulere.
2493 2476 2562 2531 Et
2595 2479 2813 2533 miratus
2843 2496 2956 2534 sum
2984 2495 3102 2533 cum
3129 2481 3376 2535 uidissent
3406 2482 3584 2550 illam,
3630 2484 3809 2537 admira-

2259 2571 2396 2625 tione
2423 2584 2628 2642 magna;
2664 2573 2926 2627 Mirantur
2954 2572 3177 2641 ﬁdeles,
3210 2589 3336 2630 cum
3372 2575 3563 2632 vident
3599 2576 3808 2648 reprobus

2260 2673 2469 2719 tantum
2498 2681 2528 2720 a
2558 2666 2750 2721 timore
2779 2666 2877 2722 Dei
2903 2669 3145 2733 alienos,
3176 2679 3237 2724 ut
3265 2670 3388 2726 sine
3418 2671 3592 2742 aliqua
3621 2671 3807 2741 trepida-

2259 2757 2405 2812 tione
2434 2769 2488 2813 et
2533 2759 2912 2815 innocentibus
2943 2761 3171 2830 plurima
3210 2761 3354 2817 mala
3388 2763 3660 2835 ingerant,
3700 2775 3743 2819 et
3766 2767 3805 2819 in

2260 2853 2514 2908 omnibus
2567 2852 2786 2924 ﬂagitiis
2839 2856 3163 2925 semetipsos
3216 2856 3576 2928 demergant,
3623 2859 3809 2913 scientes

2263 2945 2430 3001 Deum
2490 2945 2698 3000 nullum
2749 2946 2928 3002 scelus
2976 2947 3301 3018 impunitum
3361 2949 3694 3020 relinquere;
3733 2950 3807 3004 nisi

2259 3039 2409 3110 prius
2443 3039 2760 3109 paenitentia
2797 3041 3121 3113 ueterisque
3149 3041 3633 3114 medicaminibus,
3659 3044 3808 3116 quibus

2260 3140 2482 3202 peccata
2515 3141 2800 3199 sanantur,
2832 3131 2997 3188 fuerit
3022 3134 3283 3191 deletum.

2333 3227 2514 3299 (Vers.
2546 3226 2626 3295 7.)
2642 3224 2712 3280 Et
2738 3227 2869 3280 dixit
2894 3228 3023 3282 mihi
3037 3229 3254 3301 angelus
3269 3245 3289 3283 :
3309 3229 3485 3295 Quare
3500 3230 3714 3284 miraris!
3728 3227 3812 3302 Ego

2261 3319 2433 3372 dicam
2464 3317 2555 3372 tibi
2584 3329 2963 3372 sacramentum
2985 3320 3236 3387 mulieris,
3259 3332 3308 3375 et
3340 3321 3534 3387 bestiaz,
3555 3338 3663 3391 qua
3684 3330 3812 3391 portat

2263 3427 2398 3479 eam,
2429 3428 2545 3483 qua:
2575 3411 2727 3466 habet
2757 3413 2928 3484 capita
2955 3422 3164 3485 septem,
3196 3424 3243 3468 et
3274 3431 3473 3470 cornua
3498 3416 3814 3472 decenni-laut-

2265 3503 2387 3558 dem
2416 3503 2868 3574 significationem
2899 3505 3062 3562 habet
3092 3506 3266 3562 bestia
3310 3509 3363 3563 in
3395 3509 3499 3565 hoc
3537 3511 3666 3574 loco,
3690 3525 3811 3580 quam

2266 3608 2322 3654 et
2360 3599 2615 3669 superius
2645 3599 2879 3654 diximus
2915 3598 3209 3655 draconem
3238 3599 3495 3657 habuisse
3539 3620 3553 3656 :
3596 3601 3816 3674 signiﬁcat

2268 3709 2502 3764 namque
2547 3693 2845 3750 diabolum.
2889 3694 3029 3764 Quid
3065 3696 3176 3750 sint
3205 3705 3389 3752 autem
3420 3697 3593 3766 capita
3621 3707 3817 3767 septem.

2266 3797 2323 3843 et
2365 3802 2567 3843 cornua
2597 3785 2812 3853 decem,
2844 3787 2982 3858 ipse,
3023 3796 3084 3842 ut
3123 3787 3386 3856 diximus,
3419 3789 3476 3844 in
3519 3788 3818 3859 sequentibus

2228 3956 2236 3964 Π
2266 3877 2508 3950 exponit.
2534 3877 2706 3933 Bestia
2725 3895 2876 3950 quam
2897 3880 3092 3946 vidisti,
3121 3881 3254 3950 fuit,
3283 3891 3331 3936 et
3359 3898 3464 3936 non
3491 3892 3592 3949 est,
3614 3893 3658 3937 et
3675 3898 3819 3936 ascea-

2267 3987 2391 4026 sura
2416 3978 2488 4026 est
2517 3971 2580 4024 de
2605 3970 2790 4041 abysso
2809 4012 2825 4036 ,
2856 3980 2901 4025 et
2930 3971 2984 4025 in
3013 3971 3280 4026 interitum
3308 3973 3422 4028 ibit.
3456 3973 3656 4036 Bestia,
3686 3974 3729 4028 id
3761 3981 3821 4026 est

2267 4063 2547 4131 diabolus,
2582 4062 2686 4118 luit
2710 4073 2838 4120 ante
2864 4063 3155 4120 adventum
3187 4064 3392 4120 Christi
3417 4107 3432 4132 ,
3464 4066 3732 4138 possideas
3751 4080 3820 4134 ge-

2268 4173 2371 4212 nus
2403 4159 2719 4222 humanum;
2741 4173 2847 4212 non
2866 4167 2948 4213 est
2971 4156 3158 4226 modo,
3185 4158 3236 4212 id
3258 4171 3362 4226 est,
3387 4175 3496 4215 non
3520 4159 3742 4229 possidet
3755 4174 3824 4229 ge-

2270 4266 2371 4307 nus
2415 4251 2707 4306 humanum
2753 4251 2896 4306 sicut
2944 4259 3134 4312 antea;
3167 4251 3294 4321 quia
3341 4267 3440 4322 per
3484 4250 3742 4308 Christum
3774 4253 3826 4305 ab

2268 4343 2568 4399 electorum
2607 4341 2866 4398 cordibus
2906 4341 3168 4414 expulsus
3211 4353 3295 4398 est
3336 4362 3349 4397 :
3399 4358 3683 4401 ascensura
3724 4358 3827 4399 rem

2268 4444 2353 4490 est
2381 4433 2448 4490 de
2476 4435 2706 4506 abysso;
2739 4433 2867 4504 quia
2904 4433 3239 4504 temporibus
3275 4435 3602 4491 Antichristi
3629 4436 3826 4492 solvetur

2267 4536 2486 4583 satanas
2516 4526 2585 4582 de
2611 4541 2834 4582 carcere
2863 4541 2988 4594 suo,
3017 4535 3075 4583 et
3097 4527 3285 4595 exibit,
3319 4538 3376 4584 et
3416 4527 3639 4585 seducet
3673 4541 3827 4585 omnes

563 4623 706 4678 ciem
732 4619 953 4686 habent;
978 4619 1102 4689 quia
1126 4629 1368 4687 potestas
1390 4617 1670 4674 saecularis
1691 4619 1968 4674 mortifera
1991 4627 2166 4684 est,et
2187 4621 2242 4684 D
2268 4631 2482 4696 gentes,
2529 4623 2670 4678 sicut
2709 4621 2993 4693 sequentia
3040 4622 3255 4693 plenius
3297 4623 3645 4680 manifestam
3669 4643 3681 4678 :
3708 4634 3755 4678 et
3787 4623 3827 4677 in

567 4712 867 4786 periculum
897 4714 1284 4782 sempiternum
1311 4711 1468 4768 allert
1505 4712 1600 4778 iis,
1633 4713 1726 4783 qui
1766 4727 1888 4768 eam
1930 4713 2162 4783 amplius

563 4824 723 4880 quam
777 4807 1059 4862 cmlestem
1114 4806 1342 4875 gloriam
1392 4806 1810 4878 amplectuntur.
1865 4805 2164 4862 Possumus

564 4903 727 4957 etiam
756 4915 857 4970 per
885 4897 1209 4954 vestimenta
1236 4899 1531 4968 sanguinea
1557 4913 1722 4969 opera
1757 4899 2045 4969 impiorum
2074 4900 2161 4954 in-

568 4997 815 5066 telligere
835 5036 850 5062 ,
881 5007 980 5064 pro
1010 4992 1208 5062 quibus
1235 5002 1410 5047 morte
1440 5003 1700 5063 perpetua
1735 4993 2158 5050 damnabuntur.

565 5087 829 5159 Quodque
854 5085 1102 5156 sequitur
1125 5102 1139 5139 :
1166 5082 1233 5137 Et
1260 5085 1498 5140 inaurata
1515 5103 1666 5152 auro;
1689 5101 1784 5156 per
1802 5101 1994 5143 aurum
2018 5103 2163 5159 saepe

569 5181 830 5250 sapientia
853 5177 1188 5250 designatur.
1208 5173 1401 5231 Mulier
1422 5175 1583 5247 igitur
1604 5177 1848 5233 inaurata
1868 5188 1988 5235 erat
2007 5194 2166 5248 auro;

568 5275 691 5346 quia
721 5273 1042 5344 sapientiam
1074 5271 1233 5343 hujus
1275 5269 1462 5327 saeculi
1506 5271 1838 5340 possidebat,
1883 5288 2004 5344 quae
2034 5273 2168 5328 stul-

571 5370 689 5423 titia
730 5375 814 5424 est
857 5367 996 5438 apud
1040 5367 1226 5421 Deum.
1271 5365 1377 5422 Per
1417 5379 1660 5435 gemmas
1691 5380 1822 5420 vero
1864 5377 1918 5421 et
1957 5382 2168 5438 marga-

567 5460 701 5515 ritas
732 5457 1042 5529 eloquentia
1074 5458 1354 5515 saecularis
1394 5456 1715 5527 designatur
1746 5473 1759 5511 :
1793 5471 1888 5526 per
1917 5459 2168 5526 poculum

639 5648 664 5675 ει
703 5637 874 5712 Edit.,
925 5640 1105 5712 prauis
1147 5638 1558 5712 sugqestionibus
1607 5637 1894 5712 sceleribus
1937 5653 1991 5693 se
2033 5639 2166 5712 deji-

567 5711 739 5776 ciunt;
774 5711 931 5764 ltom.
952 5749 968 5773 ,
994 5709 1287 5763 deuinciunt
1313 5727 1326 5763 :
1360 5725 1491 5765 mss.
1520 5725 1679 5774 vero,
1712 5721 1769 5764 ut
1800 5709 1853 5764 in
1882 5709 2158 5766 contextu.

631 5782 659 5820 ι)
692 5781 796 5834 Per
820 5780 1123 5851 sanguinem
1141 5790 1311 5854 autem
1322 5797 1461 5850 swpe
1480 5798 1619 5837 mors
1633 5781 1956 5854 designatur,
1972 5796 2005 5837 e
2027 5797 2160 5839 mss.

574 5848 629 5907 in
659 5853 838 5908 locum
867 5848 1028 5905 suum
1055 5851 1353 5918 repositum
1382 5848 1487 5908 est.

2271 4719 2550 4774 interitum
2579 4719 2704 4785 ibit;
2735 4720 2860 4790 quia
2901 4733 3024 4774 cum
3052 4719 3305 4776 omnibus
3335 4721 3585 4792 reprobis
3616 4735 3738 4791 quos
3758 4719 3827 4774 de-

2271 4812 2513 4883 ceperit,
2574 4821 2630 4868 ct
2675 4827 2800 4868 cum
2829 4813 3088 4870 omnibus
3133 4813 3463 4873 satellitibus
3511 4816 3624 4873 suis
3663 4824 3824 4872 rtem

2270 4921 2430 4978 poena
2463 4905 2830 4962 damnabitur.

2344 4999 2525 5072 (Vers.
2559 4997 2641 5070 8.)
2679 4998 2742 5053 Et
2770 4999 3096 5053 mirabuntur
3126 4999 3476 5056 inhabitantes
3499 5011 3700 5065 terram,
3725 5016 3826 5070 qla-

2275 5111 2388 5147 rum
2420 5109 2520 5147 non
2535 5103 2654 5146 sunt
2668 5093 2857 5164 scripta
2883 5093 3097 5147 nomina
3113 5093 3168 5147 in
3191 5093 3324 5149 libro
3335 5095 3451 5150 vitta
3464 5113 3499 5149 a
3516 5095 3826 5150 constitutione

2272 5183 2484 5250 mundi,
2513 5185 2741 5241 videntes
2771 5186 2983 5241 bestiam
3012 5202 3129 5258 qua
3153 5191 3353 5259 fuerat,
3385 5198 3436 5242 et
3463 5204 3561 5242 non
3591 5198 3684 5241 est.
3708 5185 3828 5240 lubt-

2271 5275 2507 5333 bitantes
2536 5287 2738 5334 terram
2771 5295 2865 5336 eos
2895 5281 3159 5338 debemus
3187 5281 3512 5352 intelligere,
3546 5281 3636 5352 qni
3661 5286 3829 5336 amato-

2273 5383 2362 5424 res
2394 5379 2550 5426 terrae
2579 5381 2739 5428 erunt
2767 5374 2939 5444 magis
2981 5389 3142 5444 quam
3176 5372 3307 5441 Dei,
3336 5388 3476 5445 quos
3499 5371 3827 5429 Antichrism

2273 5459 2432 5518 facile
2477 5462 2739 5535 decipiet.
2790 5464 3129 5521 Mirabuntur
3168 5480 3303 5538 ergo
3352 5465 3595 5538 reprobi,
3635 5474 3829 5536 quom

2351 5655 2373 5683 ο
2413 5645 2614 5720 Aberat
2654 5646 2823 5720 etiam
2871 5648 2941 5703 ab
2987 5647 3281 5720 edit.,,Per
3324 5653 3547 5720 frontem
3590 5656 3734 5720 atque
3768 5648 3830 5720 f6:

2271 5715 2491 5792 ciem.
2537 5718 2843 5792 intelligitur
2872 5737 2997 5792 puer
3024 5736 3044 5775 :
3071 5712 3169 5778 sed
3211 5722 3266 5778 in
3296 5712 3462 5778 nullis
3498 5712 3704 5790 scriptis
3727 5712 3830 5772 cod.

2272 5786 2638 5847 desideratur.
2705 5786 2725 5792 ⁷
2873 5786 2883 5792 ’
3605 5786 3620 5790 ⁷
3691 5817 3711 5832 ι
