3950 6314
110 274 219 333 913

867 273 934 331 ΙΝ
972 271 1450 333 APOCALYPSIN
1489 274 1876 335 EXPOSITIO.
1923 278 2012 336 DE
2050 280 2323 344 VISIONE
2351 285 2631 354 QUINTA.

3296 290 3405 348 9H

108 406 217 447 non
245 399 374 447 sunt
397 393 593 461 scripta
622 393 840 448 nomina
865 392 917 447 in
947 392 1086 448 libro
1106 392 1253 460 vitae,
1278 393 1328 450 id
1357 405 1464 460 est,
1483 395 1574 465 qui
1598 409 1705 450 non
1731 395 1786 457 Δ
1811 395 2086 468 relegatus
2135 403 2442 460 tenebatur.
2494 404 2646 462 Alius
2691 407 2932 464 nondum
2980 416 3237 476 venerat;
3278 409 3403 479 quia

106 492 237 541 sunt
266 485 636 556 prtedestinati
665 485 734 541 ad
765 487 926 542 vitam
968 495 1228 542 aeternam
1271 504 1286 544 :
1335 487 1583 545 videntes
1612 489 1706 544 be-

103 580 264 633 stiam
288 621 304 645 ,
338 578 387 633 id
408 588 502 634 est
522 619 538 643 ,
567 577 842 656 diabolum
875 593 970 649 per
999 577 1397 635 Antichristum
1444 581 1595 651 signa
1627 580 1706 636 la-

103 672 364 739 cientem,
393 683 448 728 et
475 673 528 727 in
559 672 896 728 Antichristo
921 672 1196 728 diabolum
1223 674 1538 730 adorantes.

175 765 365 837 (Vers.
393 764 477 836 9.)
521 763 590 820 Et
614 764 700 820 hic
728 775 800 819 est
826 781 1029 832 sensus,
1060 767 1148 836 qui
1173 765 1324 820 habet
1351 767 1660 837 sapientiam
1683 783 1702 822 :

102 856 156 913 id
187 867 293 924 est,
326 858 378 912 in
406 857 508 913 hoc
535 858 682 929 quod
711 857 984 930 sequitur,
1030 875 1220 930 magna
1252 860 1557 916 obscuritas
1583 870 1698 928 est,

98 962 151 1009 et
183 966 376 1008 sensus
403 952 473 1008 ad
503 968 565 1008 ea
601 952 955 1023 intelligenda
983 953 1138 1009 valde
1176 953 1454 1010 acuendus
1496 964 1598 1010 est.
1636 955 1703 1010 Et

99 1059 200 1100 nos
230 1059 486 1116 rogemus
515 1044 803 1101 Dominum
822 1085 838 1113 ,
869 1055 923 1101 ut
958 1045 1097 1101 hanc
1125 1045 1512 1103 obscuritatem
1542 1048 1702 1104 nobis

99 1140 330 1210 aperiat.

168 1232 368 1306 (Vers.
418 1233 554 1306 10.)
599 1233 808 1307 Septem
850 1236 1022 1306 capita
1065 1244 1259 1306 septem
1300 1246 1498 1292 montes
1544 1246 1694 1303 sunt,

95 1342 252 1397 super
278 1341 406 1395 quos
434 1326 623 1380 mulier
649 1326 824 1391 sedet;
854 1336 900 1382 et
939 1343 1084 1399 reges
1119 1336 1316 1398 septem
1358 1339 1497 1385 sunt.
1533 1330 1699 1398 Quin-

93 1436 188 1490 que
213 1421 545 1486 ceciderunt,
574 1437 710 1475 unus
731 1421 839 1490 est',
870 1421 1008 1477 alius
1038 1423 1268 1476 nondum
1307 1424 1470 1490 venit;
1501 1433 1548 1478 et
1580 1441 1696 1478 cum

91 1513 317 1578 uenerit,
350 1522 550 1584 Oportet
586 1514 739 1569 illum
766 1514 915 1570 breve
945 1525 1143 1588 tempus
1175 1532 1401 1571 manere.
1453 1515 1697 1571 Diximus

92 1605 350 1673 superius
382 1621 478 1676 per
518 1615 724 1678 septem
760 1607 933 1678 capita
961 1607 1217 1664 draconis
1259 1609 1388 1665 illos
1431 1610 1696 1680 reprobos

93 1709 213 1750 esse
239 1696 572 1768 designatos,
604 1714 702 1770 per
737 1713 875 1770 quos
903 1697 1152 1756 diabolus
1186 1715 1358 1771 genus
1389 1700 1690 1757 humanum

1807 489 2178 550 Antichristus
2222 497 2312 564 qtti
2345 498 2396 551 in
2429 500 2663 570 septimo
2702 500 2822 556 loco
2867 500 3110 572 ponitur.
3157 501 3396 557 nondum

1807 589 1992 643 venit:
2027 598 2085 644 et
2116 605 2236 645 cum
2264 593 2498 660 venerit,
2547 603 2765 665 oportet
2806 597 2958 652 illum
2989 596 3156 652 breve
3187 605 3402 666 tempus

1806 693 2058 746 manere;
2101 680 2224 744 quia
2260 682 2518 739 Dominus
2539 683 2702 741 Jesus
2729 686 3018 742 interliciet
3043 701 3166 742 eum
3200 685 3397 758 spiritu

1804 773 1922 830 oris
1968 774 2073 841 sui,
2127 783 2182 828 et
2232 776 2479 832 destruet
2527 778 2894 835 illustratione
2923 779 3214 846 adventus,
3257 779 3401 834 sicut

1804 865 1923 936 ipse
1951 865 2087 922 dicit
2108 867 2161 922 iu
2194 868 2493 940 Evangelia
2527 887 2540 923 :
2574 869 2644 924 Et
2676 873 2774 926 nisi
2814 870 3073 928 Dominus
3123 873 3404 927 breviasset

1805 957 1913 1012 dies
1939 957 2078 1024 illos,
2114 958 2166 1014 id
2195 969 2301 1026 est,
2329 959 2448 1016 dies
2480 963 2880 1032 persecutionis
2915 963 3260 1029 Antichristi.
3294 981 3396 1020 non

1803 1051 1946 1120 ﬁeret
1972 1051 2116 1106 salva
2143 1053 2308 1126 omnis
2340 1069 2462 1108 caro
2496 1053 2693 1125 (Marc.
2725 1072 2843 1123 xnt,
2865 1055 2994 1128 20);
3038 1072 3136 1130 per
3171 1071 3392 1113 omnem

1803 1157 2025 1198 carnem
2053 1144 2202 1200 solos
2230 1145 2437 1200 electos
2467 1145 2784 1217 designans.

1876 1234 2061 1304 (Vers.
2095 1235 2211 1309 11.)
2242 1234 2311 1291 Ει
2349 1237 2513 1291 bestia
2558 1254 2672 1309 qua:
2701 1247 2830 1305 erat,
2873 1249 2918 1294 et
2949 1257 3050 1295 non
3079 1252 3172 1308 est,
3207 1252 3254 1297 et
3280 1244 3396 1314 ipsa

1802 1339 1976 1384 octava
1996 1339 2092 1396 est,
2115 1339 2164 1384 et
2191 1330 2253 1386 de
2273 1339 2464 1399 septem
2495 1340 2603 1398 est;
2642 1341 2691 1386 et
2721 1333 2776 1386 in
2816 1332 3080 1387 interitum
3108 1335 3270 1390 vadit.
3326 1334 3389 1391 Et

1799 1421 1974 1478 bestia
1996 1464 2012 1489 ,
2056 1422 2110 1478 id
2151 1432 2258 1489 est,
2297 1423 2568 1490 diabolus,
2597 1425 2690 1495 qui
2717 1434 2843 1480 ante
2869 1425 3163 1481 adventum
3193 1425 3392 1482 Christi

1799 1515 2179 1572 dominabatur
2200 1515 2441 1573 humano
2462 1518 2672 1588 generi,
2697 1525 2755 1574 et
2776 1517 2937 1572 modo
2959 1533 3069 1573 non
3093 1527 3236 1574 tenet
3262 1519 3393 1574 illud
3438 1504 3442 1510 ’

1797 1610 1870 1665 ita
1919 1609 2238 1677 obnoxium,
2279 1610 2736 1680 quemadmodum
2785 1619 2913 1667 tunc
2963 1611 3232 1680 faciebat,
3278 1613 3392 1683 ipsa

1795 1703 2008 1760 scilicet
2053 1703 2225 1758 bestia
2276 1714 2464 1759 octava
2513 1715 2619 1760 est.
2677 1705 2898 1776 Septem
2947 1720 3183 1778 namque
3214 1713 3392 1776 partes

93 1788 346 1860 decepit,
389 1806 523 1861 quos
573 1792 737 1848 etiam
789 1792 840 1847 in
887 1801 1068 1862 partes
1110 1801 1323 1862 septem
1373 1793 1693 1864 divisimus,
1725 1792 1771 1852 B
1799 1805 1926 1850 sunt
1967 1795 2211 1850 omnium
2239 1796 2624 1866 reproborum,
2665 1808 2858 1853 octava
2889 1815 3022 1854 vero
3052 1814 3177 1870 pars
3199 1814 3391 1855 eorum

93 1885 230 1940 sicut
259 1893 317 1940 et
345 1895 598 1941 cmteram
626 1885 1028 1942 multitudinem
1057 1888 1440 1958 reproborum.
1473 1889 1541 1944 Et
1566 1891 1694 1961 quia

93 1975 339 2033 eamdem
368 1978 822 2048 signiﬁcationem
854 1978 1019 2052 564
1060 1979 1222 2037 habet
1263 1981 1383 2036 haec
1417 1979 1594 2037 bestia
1622 1982 1691 2039 de

94 2085 196 2142 qua
219 2071 520 2143 loquimur,
545 2086 710 2144 quam
727 2081 784 2128 et
805 2075 1102 2128 draconem
1129 2073 1368 2129 diximus
1395 2073 1689 2140 habuisse;

95 2163 385 2234 designant
417 2178 656 2235 namque
701 2163 978 2218 diabolum
1012 2182 1025 2218 :
1060 2165 1306 2219 eamdem
1340 2163 1693 2236 signiﬁcatio—

99 2270 219 2311 nem
259 2255 467 2311 habent
510 2257 677 2311 etiam
718 2267 931 2328 septem
979 2257 1160 2327 capita
1192 2257 1404 2323 bestiae,
1444 2272 1605 2329 quam
1637 2267 1695 2314 et

93 2361 299 2421 septem
329 2349 510 2421 capita
540 2349 798 2406 draconis
847 2350 1088 2406 diximus
1134 2350 1411 2407 habuisse.
1460 2351 1594 2421 Quae
1637 2359 1694 2407 et

92 2452 308 2499 montes
339 2443 629 2511 dicuntur;
659 2445 787 2515 quia
818 2445 1046 2501 altiores
1070 2445 1296 2502 fuerunt
1322 2446 1403 2501 illi
1434 2447 1485 2501 in
1515 2446 1691 2502 scele-

92 2538 260 2602 ribus,
295 2537 388 2606 qui
412 2546 652 2593 caeteros
675 2536 1036 2610 deceperunt,
1082 2555 1242 2610 quam
1277 2539 1356 2594 illi
1388 2541 1479 2610 qui
1511 2540 1579 2596 ab
1610 2540 1690 2596 eis

92 2631 303 2702 decepti
323 2641 473 2698 sunt,
503 2633 646 2688 sicut
669 2631 722 2686 in
743 2632 1102 2703 sequentibus
1123 2632 1190 2687 de
1209 2633 1494 2704 Babylone
1515 2632 1688 2689 dicit:

97 2723 230 2789 Quia
244 2734 497 2778 venerunt
515 2734 725 2795 peccata
739 2728 853 2798 ejus
873 2742 1033 2797 usque
1049 2725 1119 2779 ad
1137 2726 1318 2780 caelum
1342 2725 1480 2798 (Inf.
1499 2743 1546 2780 c.
1573 2725 1688 2796 18).

95 2813 374 2871 Vocantur
403 2815 760 2872 nihilominus
783 2825 840 2871 et
868 2825 1078 2886 septem
1103 2831 1284 2887 rcges,
1319 2833 1385 2872 eo
1405 2817 1552 2888 quod
1584 2833 1692 2873 caa-

97 2909 233 2962 teris
255 2908 325 2964 ad
363 2907 729 2979 perditionem
757 2907 1013 2964 euntibus
1050 2908 1304 2963 ducatum
1336 2909 1688 2980 praebuerint.

95 3001 269 3070 Super
311 3000 416 3056 hos
466 3015 598 3072 ergo
627 3009 844 3056 montes
883 3001 1143 3056 meretrix
1172 3001 1366 3057 sedete
1389 3001 1536 3057 dicta
1565 3012 1689 3069 est;

95 3093 218 3164 quia
264 3094 337 3148 ab
381 3095 450 3149 iis
491 3095 686 3150 civitas
737 3093 939 3148 diaboli
991 3094 1050 3148 in
1102 3095 1356 3151 omnibus
1412 3096 1694 3153 erroribus

1795 1887 2147 1945 estdiabolus
2169 1903 2293 1944 cum
2317 1891 2538 1947 caeteris
2562 1891 2918 1948 daemonibus.
2952 1892 3027 1948 De
3049 1903 3258 1964 septem
3284 1903 3395 1957 est,

1795 1984 1921 2055 quia
1949 1982 2016 2039 de
2037 1983 2303 2040 societate
2332 1986 2690 2054 reproborum
2724 1987 3005 2043 dmmones
3028 1975 3306 2043 existunt:
3335 1998 3396 2044 et.

1793 2075 1938 2131 sicut
1988 2074 2208 2130 fuerunt
2235 2084 2492 2131 auctores
2519 2077 2850 2146 perditionis
2877 2094 3095 2146 eorum,
3129 2080 3199 2134 ita
3233 2090 3396 2136 erunt

1795 2178 1850 2225 et
1879 2168 2014 2224 socii
2048 2176 2470 2223 tormentornm.
2501 2168 2656 2225 Unde
2686 2179 2740 2226 et
2763 2171 3012 2241 sequitur
3039 2190 3052 2226 :
3083 2170 3152 2226 Et
3177 2173 3233 2226 in
3258 2172 3394 2227 inte-

1791 2263 1949 2316 ritum
1992 2262 2153 2317 vadit.
2205 2261 2332 2318 Haec
2353 2277 2476 2332 quae
2503 2273 2827 2332 sequuntur,
2860 2279 3032 2334 usque
3063 2264 3131 2319 ad
3154 2279 3277 2320 eum
3313 2264 3395 2318 lo-

1793 2371 1916 2411 cum
1961 2355 2050 2410 ubi
2075 2355 2315 2426 Angelus
2343 2355 2411 2410 de
2441 2356 2584 2412 cmlo
2609 2355 2964 2412 descendisse
2994 2358 3142 2413 visus
3169 2368 3275 2424 est,
3324 2360 3394 2414 ad

1793 2447 2223 2503 destructionem
2279 2446 2511 2503 Romani
2564 2449 2775 2520 imperii
2817 2451 3033 2520 proprie
3091 2453 3390 2520 pertinent.

1867 2539 2071 2608 (Vers.
2106 2539 2193 2593 12.
2226 2541 2246 2609 )
2285 2539 2355 2594 Ει
2397 2540 2568 2596 decem
2598 2557 2795 2595 cornua
2821 2558 2936 2610 qua:
2973 2543 3169 2609 vidisti,
3218 2543 3390 2598 decem

1793 2647 1937 2701 reges
1961 2642 2101 2695 sunt,
2141 2632 2232 2701 qui
2262 2648 2474 2704 regnum
2505 2633 2735 2688 nondum
2767 2644 3109 2707 acceperunt;
3156 2635 3248 2690 sed
3289 2652 3390 2708 po-

1794 2732 2026 2777 tcstatent
2044 2733 2306 2795 tamquam
2327 2741 2470 2797 reges
2489 2742 2592 2779 una
2611 2725 2738 2780 hora
2757 2726 3013 2796 accipient
3028 2734 3141 2796 post
3157 2725 3389 2780 bestiam.

1794 2817 2042 2885 Quatuor
2065 2818 2262 2875 bestia:
2285 2819 2490 2872 Danieli
2520 2819 2572 2872 in
2603 2818 2812 2874 visione
2841 2818 3230 2874 demonstrata:
3265 2829 3394 2872 sunt

1796 2911 1962 2983 (Dan.
1993 2928 2088 2977 vn,
2121 2909 2200 2982 5),
2230 2927 2325 2981 per
2351 2925 2487 2980 quas
2516 2920 2754 2982 quatuor
2780 2928 2944 2983 regna
2977 2911 3392 2983 ﬁgurabantur:

1795 3017 1984 3078 quarta
2007 3019 2187 3061 autem
2211 3006 2410 3073 bestia,
2434 3022 2557 3075 quae
2581 3017 2700 3062 erat
2725 3005 2882 3062 fortis
2911 3016 3074 3078 atque
3103 3006 3392 3072 terribilis,

1797 3113 2068 3170 perquam
2092 3099 2324 3155 Romani
2356 3099 2630 3170 designati
2660 3111 2808 3165 sunt,
2837 3100 3029 3157 decem
3063 3115 3270 3156 cornua
3298 3099 3393 3155 ha-

97 3194 259 3257 atque
301 3185 610 3242 sceleribus
659 3185 950 3244 informata
982 3195 1088 3243 est.
1121 3187 1256 3243 Nam
1291 3189 1431 3243 sicut
1457 3189 1691 3260 apostoli
1721 3179 1767 3242 C
1801 3191 1983 3248 buisse
2012 3191 2365 3260 describitur,
2391 3209 2490 3264 per
2515 3210 2635 3265 qua:
2657 3209 2718 3249 ea
2746 3210 2908 3266 regna
2936 3210 3058 3266 quae
3085 3193 3394 3249 Romanum

99 3279 451 3335 fundamenta
490 3281 750 3338 dicuntur
778 3282 1056 3348 Ecclesiae,
1089 3282 1164 3336 ita
1197 3296 1229 3338 e
1257 3282 1478 3338 diverso
1507 3285 1697 3338 inven-

100 3383 246 3428 tores
276 3389 532 3429 errorum
561 3374 916 3430 fundamenta
943 3382 1070 3428 sunt
1093 3373 1330 3430 civitatis
1358 3373 1584 3430 diaboli.
1612 3375 1694 3430 Ex

101 3469 163 3526 iis
191 3469 360 3539 igitur
385 3469 674 3538 capitibus,
691 3472 809 3526 sive
831 3469 1137 3537 montibus,
1164 3470 1250 3525 vel
1278 3471 1518 3542 regibus,
1537 3472 1696 3540 quin-

99 3579 205 3633 que
249 3563 594 3632 ceciderunt,
637 3580 778 3621 unus
818 3573 961 3632 erat,
990 3563 1134 3620 alius
1168 3565 1408 3620 nondum
1449 3573 1694 3620 venerat.

101 3655 345 3712 Primum
378 3666 543 3727 caput
583 3657 783 3714 diaboli
825 3658 1136 3724 ceciderat;
1184 3660 1309 3726 quia
1342 3658 1422 3714 illi
1445 3659 1536 3729 qui
1570 3667 1698 3714 ante

100 3750 368 3806 diluvium
399 3750 640 3818 fuerunt,
675 3767 771 3822 per
801 3766 939 3822 quos
971 3752 1005 3806 ii
1042 3752 1132 3822 qui
1162 3751 1257 3805 iilii
1293 3751 1386 3807 Dei
1419 3752 1696 3806 vocabano

105 3851 210 3911 tur,
257 3843 478 3914 decepti
527 3852 678 3911 sunt,
711 3844 765 3898 in
790 3843 1037 3898 cloacam
1067 3842 1264 3900 inferni
1294 3843 1702 3899 descenderant

105 3936 254 4010 (Gen.
288 3954 366 4004 Vl,
400 3939 480 4012 ἓ).
516 3938 782 3994 Similiter
811 3948 866 3995 et
902 3939 1127 3996 secundi
1161 3939 1253 4008 qui
1286 3949 1408 4009 post
1437 3939 1698 3994 diluvium

107 4045 274 4102 usque
303 4030 374 4086 ad
404 4031 604 4103 Legem
629 4031 876 4096 fuerunt,
906 4032 960 4088 in
983 4031 1173 4088 eadem
1197 4031 1525 4100 perditionis
1547 4030 1702 4087 fovea

106 4123 343 4178 demersi
369 4124 718 4178 tenebantur.
747 4123 1073 4179 Ceciderant
1105 4132 1160 4177 et
1186 4124 1353 4190 tertii,
1384 4123 1474 4194 qui
1502 4122 1704 4194 populo

107 4214 226 4283 Dei,
267 4215 468 4286 quibus
495 4214 611 4272 Lex
641 4216 767 4270 data
798 4225 905 4282 est,
950 4215 1094 4270 idola
1140 4215 1326 4270 colere
1377 4215 1701 4270 suadebant.

107 4309 377 4366 Similiter
401 4319 454 4366 et
494 4309 619 4364 falsi
651 4309 952 4380 prophetze,
1022 4309 1112 4378 qui
1155 4309 1208 4363 in
1235 4317 1430 4378 quarto
1458 4309 1580 4364 loco
1605 4321 1704 4376 po-

108 4415 334 4468 nuntur,
353 4404 464 4472 jam
488 4404 804 4459 ceciderant
831 4404 882 4458 in
910 4403 1198 4458 interitum
1219 4418 1332 4456 sua:
1351 4401 1704 4471 perditionis,

109 4513 174 4551 eo
204 4497 351 4569 quod
383 4496 712 4568 deceptores
744 4497 947 4552 fuerint
977 4495 1178 4566 pepulo
1211 4495 1328 4550 Dei.
1373 4495 1548 4565 Iniqui
1579 4509 1708 4549 vero

1799 3286 2082 3357 imperium
2110 3287 2536 3354 destruxerunt,
2576 3288 2856 3359 designata
2886 3296 3051 3352 sunt,
3101 3288 3243 3343 sicut
3267 3303 3398 3343 san-

1798 3386 1919 3434 ctus
1951 3379 2315 3450 Hieronymus
2363 3381 2724 3450 quorumdam
2765 3381 3126 3437 assertionem
3159 3395 3400 3450 sequens

1798 3473 2022 3542 exponit
2065 3472 2376 3544 (Comment.
2429 3475 2484 3528 in
2529 3491 2647 3541 cap.
2699 3491 2774 3528 vti
2823 3473 3084 3546 Daniel.).
3129 3476 3394 3530 Eamdent

1801 3563 1982 3633 itaque
2011 3563 2469 3634 significationem
2504 3565 2712 3621 habent
2750 3565 2941 3622 decem
2973 3582 3178 3622 cornua
3209 3569 3264 3622 in
3292 3567 3396 3623 hoc

1800 3655 1950 3723 loco,
1997 3672 2158 3727 quam
2204 3669 2258 3713 et
2305 3658 2394 3713 illa
2441 3658 2702 3714 habuisse
2741 3660 3026 3725 dicuntur;
3088 3659 3400 3732 signiﬁcant

1801 3749 2003 3819 quippe
2055 3764 2117 3804 ea
2174 3765 2381 3820 regna,
2434 3766 2532 3820 per
2575 3767 2695 3821 quae
2748 3751 3053 3807 Romanum
3105 3751 3398 3823 imperium

1803 3841 2140 3897 destructum
2170 3851 2276 3898 est.
2304 3843 2523 3898 Partem
2547 3859 2783 3914 namque
2812 3844 2956 3898 Asize
2979 3859 3076 3914 per
3105 3859 3164 3899 se
3198 3845 3396 3914 primi-

1805 3940 1890 3988 tus
1921 3932 2264 3988 abstulerunt
2297 3951 2310 3988 :
2341 3943 2531 4008 postea
2579 3948 2713 3990 vero
2739 3934 2996 3991 Saraceni
3039 3943 3207 3989 totam
3237 3935 3403 3992 sube-

1804 4033 2004 4095 gerunt
2037 4043 2049 4079 :
2093 4024 2320 4081 Vandali
2351 4025 2594 4082 Africam
2624 4027 2729 4082 sibi
2759 4027 3202 4095 vindicaverunt,
3235 4027 3402 4084 Gothi

1810 4121 2124 4191 Hispaniam
2154 4163 2169 4187 ,
2241 4121 2589 4192 Longobardi
2663 4122 2874 4178 Italiam
2904 4163 2920 4190 ,
2994 4120 3407 4195 Burgundiones

1809 4213 2064 4281 Galliam,
2114 4213 2310 4270 Franci
2359 4213 2732 4282 Germaniam,
2777 4215 2956 4270 l‘lunni
3015 4214 3407 4273 Pannoniam:

1811 4306 1973 4362 Alani
2005 4318 2185 4362 autem
2234 4317 2290 4362 et
2317 4306 2482 4364 Suevi
2531 4307 2700 4362 multa
2754 4308 2870 4363 loca
2903 4306 3218 4378 depOpulati
3260 4313 3413 4372 sunt,

1811 4416 1934 4471 quae
1956 4415 2146 4456 eorum
2178 4401 2535 4470 suhjacebant
2560 4401 2779 4457 ditioni.
2832 4402 2960 4457 Haec
2989 4416 3121 4472 ergo
3145 4415 3312 4472 regna
3341 4415 3411 4456 eo

1815 4505 2087 4566 tempore,
2115 4509 2225 4564 quo
2255 4495 2392 4549 visio
2417 4495 2518 4548 ista
2547 4494 2742 4550 Joanni
2770 4483 3146 4549 demonStrata
3173 4501 3292 4560 est,
3313 4508 3416 4566 po.

109 4589 307 4657 Judaei,
331 4590 421 4660 qui
449 4590 736 4644 Dominum
761 4589 1178 4652 interfecerunt,
1203 4594 1260 4641 et
1280 4587 1562 4657 apostolos
1588 4584 1709 4655 ejus
1732 4571 1786 4634 Ι)
1818 4597 2065 4645 testatem
2117 4588 2361 4643 nondum
2407 4597 2736 4658 acceperant
2765 4605 2777 4643 :
2821 4589 2918 4645 sed
2951 4603 3058 4644 una
3096 4587 3233 4645 hora
3273 4596 3415 4643 tam-

112 4683 382 4753 persecuti
407 4692 554 4749 sunt,
579 4683 669 4752 qni
697 4682 750 4736 in
782 4681 973 4750 quinto
999 4691 1275 4750 ponuntur
1298 4679 1458 4744 loco;
1487 4694 1552 4734 eo
1581 4687 1712 4734 tem-

114 4791 246 4846 pore
294 4790 406 4847 quo
447 4775 564 4830 haec
593 4773 736 4830 visio
765 4773 962 4836 Joanni
1007 4771 1388 4827 demonstrata
1411 4781 1517 4838 est,
1541 4771 1651 4840 jam
1683 4784 1714 4823 a

115 4870 378 4925 Romanis
426 4869 696 4924 devastati
754 4867 993 4922 fuerant.
1043 4864 1298 4934 Quinque
1350 4879 1481 4935 ergo
1534 4863 1715 4932 capita

116 4963 438 5033 bestiaejam
467 4961 804 5027 ceciderant,
830 4973 950 5030 quae
979 4965 1199 5012 montes
1230 4970 1498 5026 regesque
1540 4955 1719 5010 nomi¢

118 5066 350 5120 nantur;
400 5056 524 5126 quia
574 5069 764 5109 omnes
820 5049 1239 5124 praecedentes,
1281 5058 1338 5104 et
1364 5050 1513 5119 impii
1542 5049 1718 5105 Judaei

119 5149 212 5220 qui
264 5152 318 5203 in
366 5149 558 5218 quinto
600 5148 722 5202 loco
772 5152 1069 5216 ponuntur,
1094 5143 1210 5213 jam
1243 5142 1569 5211 perditionis
1609 5155 1721 5196 sua:

122 5258 315 5314 poenas
348 5240 594 5295 luebant.
644 5238 798 5294 Unus
828 5245 976 5303 erat;
1011 5235 1138 5306 quia
1169 5234 1385 5305 pagani,
1418 5233 1492 5288 illi
1520 5233 1721 5288 videli-

122 5347 205 5389 cet
228 5334 320 5405 qui
346 5332 647 5388 Ecclesiam
673 5332 768 5387 Dei
794 5329 1073 5400 persecuti
1100 5335 1249 5394 sunt,
1283 5326 1379 5397 qui
1407 5337 1462 5382 et
1491 5326 1544 5381 in
1567 5335 1726 5382 sexto

126 5428 252 5486 loco
281 5437 580 5496 ponuntur,
607 5435 734 5481 tunc
759 5423 1061 5480 Ecclesiam
1097 5422 1192 5476 Dei
1222 5419 1723 5491 persequebantur;

126 5524 199 5578 ob
227 5537 392 5594 quam
435 5535 657 5577 causam
689 5529 743 5575 et
775 5519 878 5574 iste
906 5515 1149 5572 Joannes
1182 5513 1234 5568 in
1259 5513 1523 5568 Pathmos
1551 5512 1725 5568 insula

207 5683 438 5756 "_Edit.,
469 5665 750 5756 hw‘gentes
773 5677 1043 5756 pt'Opriant
1070 5683 1369 5756 potestatem
1396 5682 1726 5756 acceperunt.

131 5756 187 5823 li
235 5753 400 5810 unum
426 5746 706 5810 consilium
731 5746 1002 5816 habebunt,
1027 5749 1082 5803 id
1113 5757 1206 5812 est,
1238 5763 1399 5823 unam
1423 5746 1732 5823 «oluntatem

136 5816 190 5885 lii
224 5823 378 5883 male.
413 5826 475 5882 Et
501 5823 739 5881 virtutem
771 5838 940 5888 suam,
971 5831 1015 5874 et
1048 5827 1347 5892 potestatem
1375 5817 1548 5872 bestia:
1570 5816 1730 5868 tradi-

1815 4697 1979 4751 qnam
2004 4696 2165 4752 reges
2187 4692 2512 4752 petestatem
2536 4692 2898 4751 acceperunt;
2929 4683 3056 4754 quia
3075 4682 3414 4754 singularum

1815 4773 2045 4830 istarum
2071 4775 2313 4844 gentium
2342 4784 2585 4845 potestas
2617 4791 2790 4846 pauco
2819 4785 3068 4848 tempore
3091 4777 3412 4849 permansit.

1820 4867 1952 4921 Post
2001 4867 2229 4921 bestiam
2281 4881 2506 4937 regnum
2544 4879 2900 4939 acceperunt,
2947 4871 3075 4940 quia
3131 4869 3416 4924 destructo

1820 4974 1990 5028 regno
2032 4959 2238 5014 diaboli
2287 4974 2387 5030 per
2431 4959 2744 5028 Christum,
2797 4964 2826 4992 ⁸
2868 4962 2952 5018 ha:
2978 4972 3171 5033 gentes
3195 4959 3422 5032 impiam

1824 5059 2152 5120 potestatem
2180 5059 2532 5120 acceperunt.

1899 5141 2081 5213 (Vers.
2136 5143 2227 5207 15.
2273 5144 2388 5217 14.)
2418 5146 2470 5202 li
2499 5166 2665 5204 unum
2693 5151 2971 5205 consilium
3005 5145 3292 5213 habebunt,
3319 5146 3426 5200 vir-

1829 5243 1990 5290 tutem
2033 5253 2181 5291 suam
2207 5249 2252 5292 et
2279 5250 2586 5309 potestatem
2642 5244 2818 5298 bestia:
2845 5240 3190 5296 tradiderunt.
3242 5238 3424 5295 Unum

1833 5327 2126 5386 consilium
2181 5330 2511 5403 habuerunt,
2548 5334 2602 5389 id
2643 5343 2750 5400 est,
2802 5347 2962 5388 unam
3011 5333 3344 5387 voluntatem
3376 5331 3432 5388 in

1836 5423 2005 5479 malo.
2042 5423 2307 5482 Virtutem
2336 5441 2490 5482 suam
2518 5437 2574 5483 et
2603 5435 2923 5498 potestatem
2963 5425 3157 5481 bestiae
3191 5423 3432 5481 tradide-

1838 5524 1994 5584 runt;
2035 5517 2160 5590 quia
2204 5533 2394 5576 eorum
2442 5519 2616 5576 virtus
2671 5527 2836 5590 atque
2884 5526 3123 5590 potestas
3165 5517 3432 5575 diabolica

1839 5676 2054 5802 ἱιεηιιηιιζ
2085 5680 2219 5747 Quia
2246 5697 2423 5737 eorum
2455 5680 2635 5747 virtus,
2667 5688 2811 5746 etc.;
2843 5693 2975 5738 mss.
3003 5694 3133 5736 vero
3157 5677 3440 5736 nobiseum

1859 5761 2016 5802 llClllﬂ

1859 5761 2016 5803 llClllﬂ
