3950 6314
163 188 269 250 917

932 187 1000 248 ΙΝ
1039 185 1516 246 APOCALYPSIN
1559 186 1938 256 EXPOSITIO.
1985 187 2074 246 DE
2119 186 2386 255 VISIONE
2425 190 2706 260 QUINTA.

3357 193 3464 251 9l8

162 323 362 369 catores
409 322 559 368 terra:
602 311 665 367 de
704 311 890 368 uirtute
929 308 1233 364 deliciarum
1272 311 1386 381 ejus
1416 309 1599 363 divites
1630 307 1754 376 [acti
1783 310 1830 369 Α
1861 321 2051 368 eorum
2100 309 2266 364 multa
2313 310 2454 366 mala
2497 311 2749 384 ingessit.
2801 313 3102 384 Dupliciter
3132 326 3322 384 poenas
3344 313 3462 383 ipsa

161 416 304 461 sunt.
337 407 481 480 Quid
513 407 585 466 sit
614 407 798 464 vinum
831 406 958 471 irae,
989 411 1045 460 et
1074 403 1202 474 quid
1245 401 1536 460 fornicatio
1567 419 1756 474 regum

161 513 288 555 cum
346 498 628 570 Babylone
680 510 859 555 antem
910 496 1166 568 superius
1221 495 1465 552 breviter
1496 495 1755 552 diximus.

162 593 268 649 Per
315 604 656 650 mercatores
707 603 864 649 terra:
915 598 1188 647 amatores
1236 591 1421 648 saeculi
1467 605 1757 664 possumus

160 685 502 759 intelligere,
553 687 642 757 qui
671 687 880 746 animas
911 700 1035 743 suas
1069 700 1168 756 pro
1192 684 1557 756 acquisitione
1590 699 1757 752 pecu-

161 779 378 836 niarum
413 780 706 850 perditioni
743 777 986 834 tradunt.
1020 777 1100 833 De
1131 776 1442 850 linjusmodi
1478 787 1768 840 mercato-.

158 873 314 929 ribus
335 871 495 929 Jesus
525 872 667 928 lilius
695 871 886 929 Siracb
916 871 1179 943 loquitur,
1211 870 1401 926 dicens
1429 887 1442 924 ;
1483 867 1583 923 Hic
1615 869 1752 926 enim

157 967 388 1022 anim’am
420 983 565 1022 suam
597 967 827 1022 venalem
868 963 1080 1028 habuit;
1115 963 1361 1034 quoniam
1409 963 1464 1016 in
1513 962 1616 1016 vita
1657 980 1754 1018 sua

156 1059 376 1130 projecit
433 1059 616 1117 intima
658 1077 754 1114 sua
799 1058 972 1129 (Eccl.
1023 1074 1120 1127 xx,
1155 1056 1268 1128 10).
1311 1055 1563 1118 Animam
1597 1071 1751 1112 suam

153 1152 407 1208 venalem
452 1152 659 1218 habuit,
701 1153 791 1223 qui
820 1167 937 1206 eam
969 1166 1068 1224 pro
1100 1150 1463 1224 acquisitione
1495 1149 1756 1222 pecunia-

153 1261 276 1302 rum
323 1246 667 1304 daemonibus
715 1245 930 1302 tradere
978 1263 1086 1300 non
1117 1245 1298 1302 timuit
1329 1263 1342 1300 :
1370 1243 1597 1300 delicias
1620 1258 1754 1300 vero

154 1340 412 1397 virtutem
460 1340 755 1412 Babylonis
806 1350 998 1406 vocat;
1055 1340 1178 1412 quia
1228 1341 1370 1398 sicut
1423 1338 1583 1396 electi
1642 1348 1752 1396 tota

153 1433 358 1488 virtute
413 1433 680 1499 laborant,
739 1440 798 1488 ut
846 1433 1069 1488 divitias
1113 1433 1370 1490 caelestes
1422 1434 1748 1509 acquirant:

153 1527 224 1580 ita
253 1534 308 1580 et
340 1525 560 1595 reprobi
594 1525 719 1580 totis
745 1525 960 1580 nisibus
983 1525 1263 1590 insistunt,
1292 1534 1350 1580 ut
1380 1523 1597 1584 divitias
1627 1538 1753 1597 per-

151 1617 328 1672 ituras
361 1617 466 1672 sibi
495 1617 866 1672 accnmulent.
899 1616 975 1672 De
1022 1616 1220 1673 talibus
1267 1614 1398 1672 dicit
1426 1617 1696 1688 propheta
1735 1634 1748 1672 :

156 1713 222 1771 Ut
248 1715 440 1786 inique
471 1725 723 1786 agerent,
755 1715 1140 1772 laboraverunt
1173 1716 1388 1788 (Jerem.
1433 1732 1507 1784 ix,
1537 1714 1617 1787 5).

222 1807 409 1881 (Vere.
434 1807 516 1879 4.)
549 1806 616 1862 Et
643 1808 820 1862 audivi
847 1808 1008 1864 aliam
1037 1825 1209 1864 vocem
1234 1809 1297 1864 de
1318 1810 1446 1864 caelo
1469 1810 1746 1867 dicentem.

147 1899 252 1957 Per
280 1901 483 1958 caelum
513 1901 568 1958 in
595 1901 696 1958 boc
727 1903 850 1958 loco
877 1902 1124 1958 Ecclesia
1147 1901 1470 1974 designatur
1503 1921 1514 1956 :
1547 1919 1649 1958 vox
1680 1903 1748 1960 de

145 1996 284 2052 coelo
312 2010 421 2054 vox
451 2004 534 2052 est
568 1995 989 2065 prrcdicatorum
1021 1995 1089 2052 de
1120 1995 1373 2054 Ecclesia
1415 1996 1740 2066 procedens.

147 2087 252 2144 Sed
285 2088 418 2158 quid
450 2087 583 2144 dicit
610 2103 710 2144 vox
741 2089 880 2145 ista?
930 2087 1083 2144 Exite
1105 2090 1167 2144 tle
1200 2091 1312 2156 illa,
1350 2090 1539 2163 papule
1574 2106 1736 2146 meus.

146 2183 416 2240 Dominus
463 2199 561 2254 per
593 2184 983 2258 praedicatores
1035 2199 1164 2240 suos
1216 2183 1652 2251 sttadctelectis,
1684 2194 1744 2240 ut

140 2285 341 2332 exeant
373 2291 401 2330 a
433 2274 733 2350 Babylone,
762 2291 870 2334 non
903 2290 1157 2348 corpore,
1187 2277 1281 2333 sed
1311 2285 1513 2333 mente.
1542 2276 1742 2346 Quent-

137 2369 434 2426 admodum
475 2378 659 2426 autem
699 2385 729 2426 a
777 2369 1055 2442 Babylone
1096 2369 1247 2425 exire
1275 2370 1534 2436 debeant,
1570 2371 1622 2426 in
1653 2385 1742 2436 se-

136 2465 434 2537 quentibus
460 2464 642 2534 ducet,
667 2464 857 2522 dicens
891 2482 903 2519 :
939 2463 1008 2518 Et
1061 2481 1122 2519 ne
1169 2466 1451 2540 participes
1489 2466 1604 2529 silis
1649 2467 1737 2522 de-

137 2561 376 2616 lictorum
426 2561 572 2632 ejus;
623 2558 698 2614 illi
748 2559 896 2614 enim
938 2573 966 2612 a
1009 2558 1290 2630 Babylone
1343 2559 1737 2620 convenienter

134 2661 360 2720 exeunt,
381 2651 529 2724 quia
555 2651 714 2708 malis
739 2651 1002 2726 Operibus
1025 2653 1142 2722 ejus
1163 2666 1222 2706 se
1243 2650 1453 2706 alienos
1480 2651 1733 2720 reddunt,

135 2747 274 2802 sicut
300 2745 593 2802 Psalmista
625 2744 692 2799 de
721 2744 1020 2816 semetipso
1068 2744 1305 2815 loquitur
1333 2744 1520 2800 dicens
1551 2763 1564 2798 :
1609 2743 1734 2800 Non

133 2838 243 2892 sedi
270 2837 323 2893 in
343 2837 568 2894 concilio
592 2837 854 2905 vanitatis,
887 2846 935 2892 et
965 2852 1079 2892 cum
1103 2837 1280 2908 iniqua
1305 2836 1598 2909 gerentibus
1630 2852 1733 2894 non

130 2929 335 2984 introiri
369 2929 390 3002 (
403 2927 547 2985 Psal.
575 2946 704 2997 xxv,
738 2930 817 3001 4).

205 3023 271 3077 Et
297 3022 365 3078 de
393 3023 562 3096 plagis
591 3024 706 3093 ejus
734 3040 836 3081 non
861 3024 1152 3093 accipiatis.
1202 3023 1342 3092 Quid
1390 3031 1517 3080 sunt
1559 3023 1730 3096 plaga:

1864 401 2117 473 recipiet;
2148 404 2273 475 quia
2305 418 2426 460 cum
2455 406 2738 462 animabus
2769 422 2996 478 corpora
3024 409 3417 470 cruoiabuntur
3446 426 3461 466 :

1863 497 2086 568 ipsaque
2143 497 2375 568 duplicia
2433 499 2891 572 duplicabuntur;
2955 503 3078 575 quia
3134 518 3233 574 pro
3287 503 3465 575 pinnis

1862 590 2254 662 temporalibus
2301 599 2466 662 atque
2495 592 2774 661 brevibus,
2817 595 3213 666 quibusjustos
3239 595 3457 663 afﬂixit,

1861 698 2048 752 pinnas
2078 692 2311 738 aeternas
2335 685 2586 754 excipiet.
2629 685 2689 739 In
2722 688 2906 756 poculo
2937 687 3076 758 quod
3113 687 3320 746 miscuit
3366 704 3456 744 uo-

1860 776 1958 843 bis,
1985 775 2190 829 miscete
2239 775 2286 828 ei
2335 775 2574 844 duplum.
2619 778 2725 834 Per
2773 780 3026 850 poculum
3074 781 3458 846 tribulationes

1858 883 1994 939 quas
2024 866 2090 923 ab
2130 865 2332 938 iniquis
2357 869 2528 923 sancti
2558 870 2701 942 passi
2731 881 2880 939 sunt,
2923 887 3218 944 possumus
3252 872 3457 930 intelli-

1855 980 2008 1036 gere.

1931 1058 2107 1129 (Vers.
2137 1058 2217 1130 7.)
2253 1059 2514 1126 Quantum
2546 1058 2856 1128 gloriﬁcauit
2877 1075 2947 1126 se,
2970 1060 3094 1116 etin
3115 1060 3310 1116 deliciis
3332 1061 3456 1132 fuit,

1859 1160 2059 1207 tantum
2099 1151 2216 1206 date
2259 1152 2340 1206 illi
2373 1160 2685 1208 tormentum
2714 1161 2760 1206 et
2789 1152 3007 1209 luctum.
3040 1152 3313 1222 Quantum
3339 1153 3456 1226 ﬁlo-

1855 1244 2087 1301 riticavit
2114 1259 2196 1309 se,
2251 1244 2303 1300 id
2332 1253 2436 1314 est,
2473 1244 2524 1298 in
2554 1244 2868 1313 superbiam
2893 1246 3094 1312 erexit,
3121 1255 3176 1302 et
3198 1247 3453 1304 omnibus

1858 1337 2005 1392 vitiis
2027 1351 2087 1392 se
2114 1336 2434 1407 implicavit,
2463 1343 2618 1390 tanto
2649 1345 2699 1390 et
2727 1336 2992 1407 ampliora
3018 1347 3284 1396 tormenta
3304 1338 3456 1395 exci-

1857 1429 1987 1498 piet.
2025 1427 2162 1494 Quia
2188 1429 2242 1482 in
2269 1427 2423 1482 corde
2454 1443 2547 1482 suo
2575 1427 2700 1482 dicit
2726 1445 2744 1482 :
2774 1427 2941 1482 Sedeo
2966 1429 3162 1499 regina.
3207 1441 3253 1484 et
3298 1430 3455 1486 vidua

1855 1540 1956 1578 non
1985 1540 2123 1589 sum,
2153 1533 2199 1578 et
2232 1525 2428 1579 luctum
2458 1540 2560 1578 non
2592 1523 2796 1579 uidebo.
2831 1524 3098 1596 Reginam
3122 1539 3181 1582 se
3210 1526 3454 1598 Babylon

1853 1618 2258 1690 quodammodo
2310 1629 2511 1684 vocat,
2567 1633 2693 1675 cum
2748 1633 2811 1674 se
2859 1619 2912 1676 in
2963 1619 3242 1690 prosperis
3293 1618 3457 1690 hujus

1779 1703 1824 1766 B
1855 1713 2039 1770 mundi
2081 1713 2318 1770 extollit.
2371 1713 2600 1770 Viduam
2648 1729 2758 1770 non
2793 1727 2854 1770 se
2901 1727 3023 1772 esse
3075 1713 3238 1781 dicit;
3268 1714 3454 1785 quina

1853 1806 2011 1862 bonis
2062 1805 2480 1878 temporalibus,
2523 1805 2723 1880 quibus
2771 1807 3062 1876 conjuncta
3114 1815 3224 1872 est,
3277 1812 3334 1862 et
3382 1821 3450 1866 ex

1849 1899 2048 1970 quibus
2073 1899 2342 1955 luxuriam
2367 1914 2521 1954 suam
2544 1899 2776 1968 enutrit,
2805 1914 2912 1954 non
2935 1914 2997 1956 se
3021 1913 3184 1970 posse
3209 1898 3448 1971 disjungi

1847 1993 2095 2050 conlidit.
2117 1993 2350 2052 Luctum
2369 2010 2474 2050 non
2498 2000 2626 2052 esse
2654 1997 2894 2050 visuram
2922 1992 3080 2063 dicit;
3115 1995 3241 2064 quia
3274 1994 3449 2066 impii.

1847 2089 2096 2160 quamvis
2149 2089 2327 2146 sciant
2379 2104 2439 2146 se
2471 2103 2569 2160 pro
2600 2088 2903 2150 sceleribus
2932 2088 3046 2154 suis
3071 2102 3198 2144 csse
3222 2086 3451 2158 punien-

1847 2181 1976 2248 dos,
2018 2180 2228 2252 ﬁngunt
2269 2196 2330 2237 sc
2377 2198 2484 2236 non
2531 2180 2721 2238 videre
2761 2180 2906 2252 quod
2962 2180 3183 2246 vident,
3233 2195 3445 2242 memo-

1845 2274 2093 2346 riamque
2141 2274 2335 2330 mortis
2372 2288 2400 2330 a
2443 2283 2624 2330 mente
2676 2288 2778 2332 sua
2818 2275 3110 2344 rejiciunt,
3169 2289 3236 2330 ne
3277 2273 3448 2340 tristis

1844 2367 2102 2440 cogitatio
2133 2367 2376 2422 laetitiam
2405 2366 2588 2424 cordis
2617 2381 2806 2424 eorum
2832 2367 3133 2448 perturbet.

1919 2459 2098 2532 (Vers.
2115 2459 2194 2531 8.)
2229 2458 2356 2516 Ideo
2386 2462 2440 2516 in
2470 2477 2574 2518 una
2595 2461 2680 2516 die
2700 2462 2903 2518 venient
2927 2462 3097 2533 plaga:
3124 2464 3261 2535 ejus,
3285 2480 3447 2533 mors,

1841 2562 1888 2608 et
1918 2554 2106 2620 luctus,
2141 2563 2188 2608 et
2217 2556 2408 2625 fames.
2451 2553 2507 2612 ln
2541 2553 2633 2612 die
2656 2553 2850 2626 iudicii
2882 2570 3030 2616 mors
3062 2565 3322 2627 perpetua
3366 2557 3445 2615 illi

1841 2647 2046 2720 veniet,
2088 2663 2209 2720 quae
2261 2648 2312 2704 in
2369 2648 2473 2706 boc
2519 2648 2661 2704 libro
2687 2649 2866 2719 ζηλοῖς
2911 2649 3148 2714 secundo
3196 2659 3440 2712 vocatur.

1843 2738 2044 2795 Luctus
2072 2740 2152 2796 illi
2181 2741 2387 2807 veniet,
2414 2742 2559 2801 sicut
2585 2741 2852 2798 Dominus
2879 2741 3008 2798 dicit
3038 2745 3094 2802 in
3107 2742 3440 2815 Evangelia:

1839 2831 1926 2888 Ibi
1970 2834 2064 2890 erit
2109 2835 2288 2904 ﬂetus,
2317 2844 2362 2888 et
2406 2835 2599 2890 stridor
2639 2835 2870 2890 dentium
2915 2833 3128 2907 (Matth.
3158 2851 3274 2902 vui,
3324 2835 3440 2909 η).

1837 2924 2035 2981 Fames
2061 2925 2138 2981 illi
2161 2926 2369 2995 veniet,
2389 2926 2439 2981 id
2464 2934 2581 2996 est,
2603 2925 2772 2982 fames
2790 2927 3030 2997 requiei;
3054 2926 3445 2994 dosiderabunt

1837 3021 1981 3078 enim
2013 3036 2043 3077 a
2084 3021 2262 3092 ptenis
2291 3022 2660 3094 requiescere,
2693 3035 2828 3092 quas
2850 3020 3150 3092 patientur,
3185 3020 3254 3080 ad
3275 3036 3440 3094 quam

132 3115 450 3188 Babylonis,
485 3115 586 3174 uisi
612 3115 736 3170 vitia
761 3131 881 3188 qua:
904 3116 1113 3174 animas
1138 3115 1506 3186 interﬁciunt?
1530 3115 1727 3171 Pussu-
1756 3106 1801 3169 C
1837 3117 2080 3190 requiem
2107 3117 2256 3174 nullo
2284 3117 2450 3174 modo
2477 3114 2818 3188 pervenient.

132 3223 248 3263 mus
288 3203 458 3263 etiam
496 3222 590 3279 per
616 3192 804 3282 plagas
835 3209 1130 3280 Babylonis
1159 3224 1369 3280 poenas,
1399 3225 1520 3280 quae
1552 3209 1730 3282 impiis

131 3309 456 3373 praeparatis
485 3310 633 3366 sunt,
663 3300 987 3374 intelligere,
1021 3313 1076 3356 ut
1105 3302 1174 3357 sit
1195 3316 1391 3358 sensus
1427 3320 1439 3356 :
1472 3302 1526 3358 Si
1557 3317 1587 3357 a
1611 3317 1731 3359 sce-

130 3393 332 3450 leribus
393 3393 684 3467 Babylonis
733 3383 1131 3464 abstinueritis,
1183 3411 1211 3447 a
1270 3395 1444 3465 prunis
1490 3410 1626 3465 quas
1675 3393 1727 3449 in

129 3496 399 3544 aeternum
435 3491 698 3560 patietur,
727 3489 890 3544 alieni
921 3489 1095 3546 eritis.

196 3583 379 3652 (Vers.
414 3584 497 3657 5.)
541 3583 796 3654 Quoniam
823 3592 1159 3658 peruenerunt
1189 3593 1397 3656 peccata
1428 3585 1540 3656 ejus
1571 3597 1730 3654 usque

127 3675 193 3729 ad
229 3678 436 3746 caelum,
487 3687 534 3732 et
567 3678 866 3733 recordatus
913 3690 986 3732 est
1037 3677 1179 3731 Deus
1226 3678 1559 3750 iniquitatum
1589 3678 1723 3752 ejus.

127 3767 457 3838 Iniquitates
497 3768 788 3844 Babylonis
825 3774 1168 3842 omnipotens
1214 3770 1355 3826 Deus
1392 3785 1612 3842 semper
1645 3772 1729 3826 in-

127 3873 310 3921 tuetur
346 3881 359 3920 :
393 3864 486 3920 sed
541 3881 662 3920 cum
711 3865 1004 3920 vindictam
1057 3874 1082 3902 ιι
1134 3881 1239 3920 non
1281 3866 1475 3935 exigit,
1511 3864 1727 3922 videtur

127 3969 233 4010 non
289 3954 479 4016 videre
523 3957 666 4030 quod
717 3957 880 4014 videt.
933 3957 1036 4013 Per
1065 3957 1168 4014 bac
1212 3973 1345 4029 ergo
1386 3957 1527 4028 quod
1553 3957 1723 4028 dicit,

128 4045 259 4102 illud
290 4047 543 4119 designat
568 4058 808 4119 tempus.
840 4049 892 4104 in
923 4065 1030 4120 quo
1071 4063 1261 4104 omnes
1282 4048 1432 4119 impii
1463 4061 1724 4121 perpetua

124 4153 281 4209 poena
326 4130 654 4210 plectemur.

192 4233 378 4300 (ἵετε.
433 4232 544 4308 i6.)
581 4233 801 4290 Reddite
846 4236 950 4298 illi,
1003 4236 1131 4298 sicut
1159 4235 1271 4309 ipsa
1301 4235 1528 4291 reddidit
1561 4235 1720 4290 vobis.
1749 4309 1756 4318 .

125 4323 448 4396 Prmcipitur
477 4325 688 4393 electis,
741 4337 799 4383 ut
843 4327 1078 4384 reddant
1128 4329 1410 4402 Babyloni,
1460 4330 1600 4388 sicut
1635 4329 1722 4388 illa

123 4417 257 4488 ipsis
298 4416 558 4489 reddidit,
605 4422 720 4478 sive
768 4437 866 4492 pro
913 4438 978 4478 eo
1029 4423 1170 4495 quod
1202 4424 1371 4480 sancti
1403 4424 1497 4482 Dei
1527 4425 1721 4496 impios

1911 3209 2092 3282 (Vers.
2143 3210 2197 3276 9,
2225 3208 2350 3284 10.)
2380 3209 2446 3265 Ει
2489 3210 2597 3282 igni
2643 3208 3003 3277 comburetur;
3045 3209 3099 3273 id
3143 3219 3262 3278 est,
3317 3211 3442 3282 iuno

1835 3313 2064 3360 teterno.
2085 3303 2339 3372 Quoniam
2358 3303 2508 3375 fortis
2524 3312 2596 3360 est
2612 3301 2886 3367 Dominus,
2906 3303 2992 3372 qui
2997 3302 3256 3376 judicabit
3268 3303 3435 3364 illam.

1833 3392 1903 3448 Et
1935 3395 2149 3467 flebunt,
2186 3404 2232 3452 et
2262 3399 2508 3468 plangant
2535 3411 2588 3452 se
2613 3411 2771 3464 super
2801 3394 2948 3450 illam
2977 3411 3122 3467 regas
3149 3405 3319 3466 term,
3350 3398 3439 3468 qui

1833 3505 1946 3543 cum
1973 3491 2066 3545 illa
2106 3490 2348 3564 [amicali
2384 3499 2525 3554 sunt,
2557 3500 2605 3544 et
2629 3489 2684 3546 in
2706 3488 2906 3544 deliciis
2927 3489 3183 3557 uixerunt,
3215 3507 3331 3546 cum
3355 3493 3436 3557 uie

1831 3585 1997 3639 derint
2027 3587 2226 3656 fumum
2253 3584 2480 3639 incendii
2511 3587 2646 3657 ejus,
2696 3584 2852 3657 longe
2888 3594 3080 3640 stantes
3132 3595 3346 3656 propter
3371 3587 3439 3650 tie-

1831 3695 2024 3734 morem
2056 3687 2426 3732 tormentorum
2475 3679 2609 3750 ejus,
2660 3676 2886 3745 dicentes
2914 3693 2933 3732 :
2970 3676 3080 3745 Vat,
3112 3693 3206 3746 vat,
3253 3679 3431 3740 civitas

1831 3771 1925 3826 illa
1950 3769 2207 3841 Babylon,
2237 3771 2417 3826 civitas
2445 3770 2544 3826 illa
2573 3773 2759 3841 fortis;
2784 3768 2906 3840 quia
2927 3771 2980 3823 in
3003 3786 3109 3824 una
3139 3770 3269 3830 liora
3298 3772 3432 3832 venit

1821 3866 2081 3936 judicium
2109 3866 2286 3922 tuum!
2312 3864 2450 3933 Quid
2473 3864 2544 3920 sit
2565 3863 2854 3922 fornicatio
2885 3878 3074 3934 regum
3104 3879 3229 3924 cum
3255 3864 3432 3936 Baby-

1832 3958 1958 4014 lone
1987 3958 2236 4034 superius
2275 3958 2512 4024 diximus
2550 3971 2563 4008 :
2607 3956 2704 4014 sed
2746 3957 2941 4025 mirum
2979 3958 3139 4024 valda
3169 3967 3253 4020 est,
3285 3959 3432 4030 quod

1831 4050 1991 4122 longe
2021 4061 2168 4110 stare
2211 4051 2483 4117 dicantur,
2517 4065 2638 4108 cum
2677 4051 2730 4106 in
2775 4049 2984 4106 eisdem
3030 4050 3206 4123 pannis
3234 4061 3289 4113 et
3330 4053 3436 4122 ipsi

1829 4143 1936 4200 sint
1960 4144 2328 4222 dcmergendi,
2362 4144 2414 4204 in
2445 4143 2642 4216 quibus
2672 4152 2727 4199 et
2747 4144 2932 4202 caeteri
2961 4143 3196 4216 reprobi,
3224 4145 3315 4217 qui
3337 4162 3432 4216 per

1830 4239 2160 4313 Babylonem
2190 4240 2565 4310 designantur.
2595 4237 2830 4308 Stabunt
2858 4238 3018 4310 igitur
3047 4239 3210 4312 longe
3247 4253 3432 4307 menta

1829 4343 1881 4390 et
1920 4333 2222 4400 voluntate,
2275 4350 2382 4390 non
2425 4349 2696 4406 corpore;
2738 4331 3026 4402 horrentes
3068 4335 3278 4399 scelera
3307 4353 3430 4406 sua,

1826 4445 1925 4501 pro
1952 4431 2150 4501 quibus
2191 4428 2524 4485 teternaliter
2555 4428 2966 4486 cruciabuntur.
3002 4427 3234 4490 Stabunt
3267 4430 3428 4503 imo

123 4509 288 4586 566
313 4513 654 4585 judicabant,
689 4515 827 4570 sicut
858 4515 990 4571 dicit
1022 4516 1280 4571 Dominus
1302 4519 1356 4571 in
1384 4517 1678 4590 Evangelio
1706 4536 1718 4573 :
1753 4505 1801 4566 Ῑ)
1831 4539 1927 4594 per
1953 4522 2304 4587 desiderium,
2334 4520 2482 4578 aliud
2515 4519 2915 4590 desiderantes,
2945 4520 2999 4578 id
3021 4529 3130 4591 est,
3157 4523 3424 4595 requiem;
3503 4517 3516 4530 ’

123 4603 189 4659 In
229 4609 616 4678 regeneratione
646 4625 761 4664 cum
805 4610 993 4664 sederit
1029 4606 1196 4670 Filius
1244 4609 1466 4666 hominis
1510 4611 1563 4666 in
1604 4607 1722 4664 sede

121 4704 408 4774 majestatis
432 4720 539 4758 sua:
559 4747 572 4768 ,
603 4704 840 4760 sedebilis
869 4715 914 4760 et
940 4722 1026 4760 ros
1067 4722 1219 4776 super
1244 4707 1386 4760 sedes
1416 4705 1718 4772 duodecim,

112 4795 412 4866 judicanles
460 4796 734 4852 duodecim
785 4798 945 4854 tribus
991 4797 1159 4854 Israel
1187 4797 1402 4874 (.llattlt.
1433 4815 1546 4865 xix,
1575 4797 1667 4866 23)
1703 4818 1716 4854 ε

119 4886 236 4941 sive
287 4902 385 4956 pro
438 4904 504 4943 eo
535 4890 676 4966 quod
725 4891 825 4960 ipsi
866 4891 1109 4947 membra
1140 4896 1429 4960 suntejus,
1461 4893 1549 4949 cui
1575 4891 1719 4968 judi-

120 4979 280 5034 candi
331 4990 568 5050 potestas
605 4996 636 5036 a
677 4981 836 5050 Patre
890 4983 1084 5039 tradita
1119 4991 1223 5044 est.
1266 4984 1516 5042 Reddent
1542 4985 1720 5060 itaque

113 5073 247 5144 justi
274 5075 454 5146 impiis
480 5075 642 5144 mala,
674 5093 796 5150 quae
824 5077 892 5132 ab
915 5077 993 5136 eis
1039 5078 1184 5152 passi
1218 5089 1376 5146 sunt;
1407 5095 1526 5134 cum
1554 5077 1714 5136 Chri-

120 5177 238 5222 stus
258 5167 352 5240 qui
374 5179 534 5239 caput
558 5167 772 5224 illorum
799 5179 903 5244 est,
929 5179 981 5226 et
1001 5169 1155 5242 cujus
1179 5170 1418 5230 membra
1446 5171 1544 5242 ipsi
1571 5180 1714 5239 sunt,

121 5274 216 5314 eos
265 5272 526 5332 perpetua
561 5277 720 5333 poena
750 5262 1048 5319 damnabit.
1098 5261 1168 5318 Et
1195 5263 1456 5333 duplicate
1487 5264 1720 5336 duplicia

117 5353 406 5408 secundum
441 5371 601 5428 opera
621 5359 756 5430 ejus.
782 5355 1082 5428 Dupliciter
1108 5357 1352 5430 Babylon
1384 5357 1592 5414 electos
1624 5357 1722 5414 Dei

118 5457 415 5517 persecuta
481 5461 609 5518 est,
662 5451 880 5526 quando
949 5451 1275 5524 corporibus
1325 5463 1378 5508 et
1432 5451 1718 5508 animabus

193 5617 221 5650 ι
257 5609 408 5667 Edit.
443 5619 499 5666 et
531 5607 819 5682 ms.Beg.,
852 5627 954 5667 non
981 5614 1177 5681 exerit;
1205 5621 1258 5669 et
1285 5613 1415 5669 edit.
1441 5614 1593 5680 solre,
1625 5611 1728 5667 Per

135 5685 239 5739 hoc
263 5682 404 5760 quod
425 5682 551 5760 dicit
579 5683 736 5760 aliam
753 5700 943 5752 vocem,
970 5685 1100 5739 illud
1137 5687 1390 5760 designat,
1420 5696 1526 5742 etc.
1555 5703 1567 5741 :
1592 5699 1724 5742 mss.

135 5772 168 5818 γ
189 5753 287 5813 ero
316 5753 473 5812 nobis
496 5753 861 5812 consentiunt.
1248 5753 1264 5764 "

1829 4627 1882 4675 et
1904 4617 2047 4674 aliud
2077 4618 2371 4690 patientes,
2406 4615 2456 4670 id
2481 4623 2586 4681 est,
2612 4623 2884 4682 tormenta
2906 4625 3131 4682 atterens.

1901 4709 2078 4780 (Vers.
2124 4707 2236 4778 H.)
2284 4707 2348 4762 Et
2379 4708 2723 4780 negotiatores
2768 4715 2917 4768 terra:
2945 4707 3140 4778 ﬂebunt
3181 4717 3229 4766 et
3276 4709 3426 4782 luga.

1828 4804 1952 4858 bunt
1996 4817 2150 4873 super
2176 4799 2359 4868 illam;
2403 4797 2429 4838 δ
2471 4799 2718 4870 quoniam
2760 4800 3016 4858 mercedes
3063 4816 3239 4860 eorum
3276 4799 3466 4863 nsmq‘

1826 4907 1956 4952 emet
2000 4894 2242 4968 amplius.
2291 4891 2427 4968 Quia
2467 4891 2722 4964 superius
2751 4907 2848 4966 per
2899 4901 3233 4952 mercatores
3265 4903 3426 4954 torrat

1827 4998 2101 5048 amatores
2132 4985 2316 5046 smculi
2348 4983 2586 5042 diximus
2614 4999 2735 5058 esse
2764 4985 3104 5057 designatos,
3136 4997 3428 5054 possumus

1829 5082 1882 5137 in
1912 5081 2014 5138 hoc
2035 5081 2155 5136 loco
2183 5095 2276 5152 per
2300 5078 2671 5152 negotiatores
2699 5091 2796 5136 eos
2810 5078 3082 5149 accipere,
3107 5076 3204 5146 qui
3223 5075 3426 5143 bonum

1827 5172 1971 5247 quod
1997 5172 2178 5229 facere
2221 5173 2496 5240 videntur,
2523 5169 2788 5240 vendunt.
2820 5169 2960 5226 Sunt
2988 5183 3221 5241 namque
3247 5171 3432 5238 multi.

1826 5267 2025 5340 quibus
2053 5267 2228 5340 legum
2258 5267 2599 5337 saecularium
2629 5263 2858 5319 scientia
2882 5262 3008 5320 data
3034 5271 3152 5329 est,
3177 5263 3269 5333 qui
3295 5278 3424 5332 oau-

1826 5376 1917 5416 sas
1943 5374 2241 5436 pauperum
2274 5359 2327 5414 in
2351 5357 2570 5428 iudiciis
2599 5361 2819 5425 portant
2851 5369 2863 5422 ς
2905 5350 3001 5416 sed
3029 5351 3156 5425 quia
3185 5368 3296 5423 non
3328 5370 3429 5426 pro

1827 5468 2012 5510 amore
2051 5452 2168 5522 Dei,
2222 5450 2320 5519 sed
2361 5464 2460 5526 pro
2491 5445 2840 5522 praemiorum
2885 5444 3292 5519 acceptiouibus
3325 5448 3433 5514 beo,

1905 5611 1932 5651 ι)
1974 5609 2127 5668 Rom.
2156 5609 2312 5675 edit.,
2343 5606 2584 5679 quoniam
2608 5619 2801 5679 merces
2826 5619 3036 5671 eorum;
3065 5601 3164 5679 sed
3196 5622 3328 5664 mss.
3361 5625 3426 5666 ac

1834 5684 1962 5740 Gill.
2007 5685 2092 5739 hic
2120 5691 2175 5738 et
2202 5681 2330 5752 alibi
2353 5675 2670 5735 constanter
2695 5675 2903 5749 legunt,
2939 5678 3234 5752 mercedes,
3286 5697 3423 5736 mer-

1836 5755 2030 5825 cedem,
2059 5762 2115 5812 et
2141 5749 2357 5810 similia.
