  <div class='ocr_page' id='page_1' title='image "/cluster/home/n/w/nwhite01/storage/ocr_20150623/17/hvd.32044015471329/465.png"; bbox 0 0 3950 6314; ppageno 0'>
   <div class='ocr_carea' id='block_1_1' title="bbox 450 189 3716 255">
    <p class='ocr_par' dir='ltr' id='par_1_1' title="bbox 450 189 3716 255">
     <span class='ocr_line' id='line_1_1' title="bbox 450 189 3716 255; baseline -0 0"><span class='ocrx_word' id='word_1_1' title='bbox 450 195 554 255; x_wconf 82' lang='grc'><strong>919</strong></span> <span class='ocrx_word' id='word_1_2' title='bbox 1365 196 1457 252; x_wconf 88' lang='lat' dir='ltr'><strong>AD</strong></span> <span class='ocrx_word' id='word_1_3' title='bbox 1498 195 1730 253; x_wconf 84' lang='lat' dir='ltr'><strong>OPERA</strong></span> <span class='ocrx_word' id='word_1_4' title='bbox 1766 194 2013 254; x_wconf 84' lang='lat' dir='ltr'><strong>SANCTI</strong></span> <span class='ocrx_word' id='word_1_5' title='bbox 2053 193 2385 252; x_wconf 80' lang='lat' dir='ltr'><strong>AMBROSII</strong></span> <span class='ocrx_word' id='word_1_6' title='bbox 2424 193 2787 251; x_wconf 81' lang='lat' dir='ltr'><strong>APPENDIX.</strong></span> <span class='ocrx_word' id='word_1_7' title='bbox 2999 189 3002 192; x_wconf 65' lang='grc'><strong>’</strong></span> <span class='ocrx_word' id='word_1_8' title='bbox 3621 196 3716 254; x_wconf 75' lang='grc' dir='ltr'>9ὲο</span> 
     </span>
    </p>
   </div>
   <div class='ocr_carea' id='block_1_2' title="bbox 445 303 3713 381">
    <p class='ocr_par' dir='ltr' id='par_1_2' title="bbox 445 303 3713 381">
     <span class='ocr_line' id='line_1_2' title="bbox 445 303 3713 381; baseline -0.002 -13"><span class='ocrx_word' id='word_1_9' title='bbox 445 314 679 379; x_wconf 81' lang='lat' dir='ltr'><strong>faciunt,</strong></span> <span class='ocrx_word' id='word_1_10' title='bbox 721 313 1032 370; x_wconf 82' lang='lat' dir='ltr'><strong>mercedem</strong></span> <span class='ocrx_word' id='word_1_11' title='bbox 1069 327 1100 366; x_wconf 88' lang='lat' dir='ltr'><strong>a</strong></span> <span class='ocrx_word' id='word_1_12' title='bbox 1130 311 1242 369; x_wconf 89' lang='lat' dir='ltr'><strong>Deo</strong></span> <span class='ocrx_word' id='word_1_13' title='bbox 1274 326 1380 367; x_wconf 92' lang='lat' dir='ltr'><strong>non</strong></span> <span class='ocrx_word' id='word_1_14' title='bbox 1417 309 1707 381; x_wconf 91' lang='lat' dir='ltr'><strong>recipiunt.</strong></span> <span class='ocrx_word' id='word_1_15' title='bbox 1744 309 1802 364; x_wconf 87' lang='lat' dir='ltr'><strong>lu</strong></span> <span class='ocrx_word' id='word_1_16' title='bbox 1837 317 2044 364; x_wconf 90' lang='lat' dir='ltr'><strong>tantum</strong></span> <span class='ocrx_word' id='word_1_17' title='bbox 2074 314 2123 372; x_wconf 74' lang='grc' dir='ltr'>Α</span> <span class='ocrx_word' id='word_1_18' title='bbox 2152 315 2332 362; x_wconf 92' lang='lat' dir='ltr'><strong>natur.</strong></span> <span class='ocrx_word' id='word_1_19' title='bbox 2380 305 2514 361; x_wconf 84' lang='lat' dir='ltr'><strong>Nam</strong></span> <span class='ocrx_word' id='word_1_20' title='bbox 2542 315 2597 361; x_wconf 92' lang='lat' dir='ltr'><strong>et</strong></span> <span class='ocrx_word' id='word_1_21' title='bbox 2629 305 2679 359; x_wconf 93' lang='lat' dir='ltr'><strong>in</strong></span> <span class='ocrx_word' id='word_1_22' title='bbox 2708 303 2918 376; x_wconf 86' lang='lat' dir='ltr'><strong>judicio</strong></span> <span class='ocrx_word' id='word_1_23' title='bbox 2948 304 3212 360; x_wconf 84' lang='lat' dir='ltr'><strong>Dominus</strong></span> <span class='ocrx_word' id='word_1_24' title='bbox 3257 318 3361 360; x_wconf 91' lang='lat' dir='ltr'><strong>non</strong></span> <span class='ocrx_word' id='word_1_25' title='bbox 3387 303 3527 362; x_wconf 89' lang='lat' dir='ltr'><strong>dicet</strong></span> <span class='ocrx_word' id='word_1_26' title='bbox 3549 321 3713 377; x_wconf 88' lang='lat' dir='ltr'><strong>repro-</strong></span> 
     </span>
    </p>
   </div>
   <div class='ocr_carea' id='block_1_3' title="bbox 446 400 3712 475">
    <p class='ocr_par' dir='ltr' id='par_1_3' title="bbox 446 400 3712 475">
     <span class='ocr_line' id='line_1_3' title="bbox 446 400 3712 475; baseline -0.001 -16"><span class='ocrx_word' id='word_1_27' title='bbox 446 418 579 460; x_wconf 89' lang='lat' dir='ltr'><strong>vero</strong></span> <span class='ocrx_word' id='word_1_28' title='bbox 605 404 722 459; x_wconf 71' lang='lat' dir='ltr'><strong>haec</strong></span> <span class='ocrx_word' id='word_1_29' title='bbox 747 405 969 460; x_wconf 87' lang='lat' dir='ltr'><strong>miseria</strong></span> <span class='ocrx_word' id='word_1_30' title='bbox 992 405 1293 470; x_wconf 75' lang='lat' dir='ltr'><strong>convaluit,</strong></span> <span class='ocrx_word' id='word_1_31' title='bbox 1327 412 1383 458; x_wconf 93' lang='lat' dir='ltr'><strong>ut</strong></span> <span class='ocrx_word' id='word_1_32' title='bbox 1411 403 1503 458; x_wconf 85' lang='lat' dir='ltr'><strong>vix</strong></span> <span class='ocrx_word' id='word_1_33' title='bbox 1529 402 1779 458; x_wconf 79' lang='lat' dir='ltr'><strong>invenias</strong></span> <span class='ocrx_word' id='word_1_34' title='bbox 1807 401 2046 473; x_wconf 84' lang='lat' dir='ltr'><strong>aliquem</strong></span> <span class='ocrx_word' id='word_1_35' title='bbox 2155 403 2273 459; x_wconf 89' lang='lat' dir='ltr'><strong>bis:</strong></span> <span class='ocrx_word' id='word_1_36' title='bbox 2295 402 2456 475; x_wconf 75' lang='lat'><strong>567</strong></span> <span class='ocrx_word' id='word_1_37' title='bbox 2488 401 2568 458; x_wconf 86' lang='lat' dir='ltr'><strong>ite</strong></span> <span class='ocrx_word' id='word_1_38' title='bbox 2593 401 2865 457; x_wconf 90' lang='lat' dir='ltr'><strong>maledicti</strong></span> <span class='ocrx_word' id='word_1_39' title='bbox 2895 401 2948 456; x_wconf 93' lang='lat' dir='ltr'><strong>in</strong></span> <span class='ocrx_word' id='word_1_40' title='bbox 2979 400 3160 473; x_wconf 89' lang='lat' dir='ltr'><strong>ignem</strong></span> <span class='ocrx_word' id='word_1_41' title='bbox 3175 409 3469 466; x_wconf 71' lang='lat' dir='ltr'><strong>aeternum;</strong></span> <span class='ocrx_word' id='word_1_42' title='bbox 3496 401 3611 472; x_wconf 83' lang='lat' dir='ltr'><strong>quia</strong></span> <span class='ocrx_word' id='word_1_43' title='bbox 3627 401 3712 458; x_wconf 78' lang='lat' dir='ltr'><strong>bo-</strong></span> 
     </span>
    </p>
   </div>
   <div class='ocr_carea' id='block_1_4' title="bbox 449 494 3711 572">
    <p class='ocr_par' dir='ltr' id='par_1_4' title="bbox 449 494 3711 572">
     <span class='ocr_line' id='line_1_4' title="bbox 449 494 3711 572; baseline -0.002 -15"><span class='ocrx_word' id='word_1_44' title='bbox 449 516 518 557; x_wconf 86' lang='lat' dir='ltr'><strong>ex</strong></span> <span class='ocrx_word' id='word_1_45' title='bbox 548 500 636 568; x_wconf 91' lang='lat' dir='ltr'><strong>iis,</strong></span> <span class='ocrx_word' id='word_1_46' title='bbox 661 501 749 572; x_wconf 94' lang='lat' dir='ltr'><strong>qui</strong></span> <span class='ocrx_word' id='word_1_47' title='bbox 780 500 960 556; x_wconf 91' lang='lat' dir='ltr'><strong>locum</strong></span> <span class='ocrx_word' id='word_1_48' title='bbox 993 499 1190 555; x_wconf 79' lang='lat' dir='ltr'><strong>habent</strong></span> <span class='ocrx_word' id='word_1_49' title='bbox 1218 498 1358 570; x_wconf 88' lang='lat' dir='ltr'><strong>apud</strong></span> <span class='ocrx_word' id='word_1_50' title='bbox 1391 498 1687 569; x_wconf 85' lang='lat' dir='ltr'><strong>principes,</strong></span> <span class='ocrx_word' id='word_1_51' title='bbox 1717 499 1809 570; x_wconf 87' lang='lat' dir='ltr'><strong>qui</strong></span> <span class='ocrx_word' id='word_1_52' title='bbox 1831 495 2049 568; x_wconf 87' lang='lat' dir='ltr'><strong>aliquod</strong></span> <span class='ocrx_word' id='word_1_53' title='bbox 2157 497 2366 553; x_wconf 67' lang='lat' dir='ltr'><strong>micidze</strong></span> <span class='ocrx_word' id='word_1_54' title='bbox 2410 497 2609 562; x_wconf 79' lang='lat' dir='ltr'><strong>fuistis,</strong></span> <span class='ocrx_word' id='word_1_55' title='bbox 2656 495 2902 565; x_wconf 84' lang='lat' dir='ltr'><strong>superbi,</strong></span> <span class='ocrx_word' id='word_1_56' title='bbox 2935 495 3318 559; x_wconf 78' lang='lat' dir='ltr'><strong>fornicatores,</strong></span> <span class='ocrx_word' id='word_1_57' title='bbox 3362 494 3605 558; x_wconf 84' lang='lat' dir='ltr'><strong>adulteri;</strong></span> <span class='ocrx_word' id='word_1_58' title='bbox 3633 498 3711 552; x_wconf 81' lang='lat' dir='ltr'><strong>sed</strong></span> 
     </span>
    </p>
   </div>
   <div class='ocr_carea' id='block_1_5' title="bbox 449 572 3710 662">
    <p class='ocr_par' dir='ltr' id='par_1_5' title="bbox 449 572 3710 662">
     <span class='ocr_line' id='line_1_5' title="bbox 449 572 3710 662; baseline -0.002 -14"><span class='ocrx_word' id='word_1_59' title='bbox 449 597 677 648; x_wconf 84' lang='lat' dir='ltr'><strong>verbum</strong></span> <span class='ocrx_word' id='word_1_60' title='bbox 702 592 768 648; x_wconf 92' lang='lat' dir='ltr'><strong>ad</strong></span> <span class='ocrx_word' id='word_1_61' title='bbox 800 593 1030 662; x_wconf 78' lang='lat' dir='ltr'><strong>proximi</strong></span> <span class='ocrx_word' id='word_1_62' title='bbox 1061 591 1316 662; x_wconf 85' lang='lat' dir='ltr'><strong>pauperis</strong></span> <span class='ocrx_word' id='word_1_63' title='bbox 1345 591 1728 648; x_wconf 80' lang='lat' dir='ltr'><strong>necessitatem</strong></span> <span class='ocrx_word' id='word_1_64' title='bbox 1751 600 2051 646; x_wconf 85' lang='lat' dir='ltr'><strong>sustentan-</strong></span> <span class='ocrx_word' id='word_1_65' title='bbox 2155 592 2300 649; x_wconf 89' lang='lat' dir='ltr'><strong>dicet</strong></span> <span class='ocrx_word' id='word_1_66' title='bbox 2329 607 2343 645; x_wconf 88' lang='lat'><strong>:</strong></span> <span class='ocrx_word' id='word_1_67' title='bbox 2375 589 2604 658; x_wconf 82' lang='lat' dir='ltr'><strong>Esurivi,</strong></span> <span class='ocrx_word' id='word_1_68' title='bbox 2635 601 2682 645; x_wconf 88' lang='lat' dir='ltr'><strong>et</strong></span> <span class='ocrx_word' id='word_1_69' title='bbox 2711 607 2815 646; x_wconf 89' lang='lat' dir='ltr'><strong>non</strong></span> <span class='ocrx_word' id='word_1_70' title='bbox 2837 588 3053 645; x_wconf 88' lang='lat' dir='ltr'><strong>dedistis</strong></span> <span class='ocrx_word' id='word_1_71' title='bbox 3074 589 3201 644; x_wconf 87' lang='lat' dir='ltr'><strong>mihi</strong></span> <span class='ocrx_word' id='word_1_72' title='bbox 3229 572 3710 659; x_wconf 81' lang='lat' dir='ltr'><strong>manducare:sitiri,</strong></span> 
     </span>
    </p>
   </div>
   <div class='ocr_carea' id='block_1_6' title="bbox 453 684 3715 755">
    <p class='ocr_par' dir='ltr' id='par_1_6' title="bbox 453 684 3715 755">
     <span class='ocr_line' id='line_1_6' title="bbox 453 684 3715 755; baseline 0 -15"><span class='ocrx_word' id='word_1_73' title='bbox 453 685 578 741; x_wconf 86' lang='lat' dir='ltr'><strong>dam</strong></span> <span class='ocrx_word' id='word_1_74' title='bbox 615 684 854 755; x_wconf 83' lang='lat' dir='ltr'><strong>proferat</strong></span> <span class='ocrx_word' id='word_1_75' title='bbox 894 685 1011 740; x_wconf 92' lang='lat' dir='ltr'><strong>sine</strong></span> <span class='ocrx_word' id='word_1_76' title='bbox 1052 685 1258 754; x_wconf 73' lang='lat' dir='ltr'><strong>praemii</strong></span> <span class='ocrx_word' id='word_1_77' title='bbox 1299 686 1639 754; x_wconf 85' lang='lat' dir='ltr'><strong>acceptione.</strong></span> <span class='ocrx_word' id='word_1_78' title='bbox 1675 684 1974 740; x_wconf 90' lang='lat' dir='ltr'><strong>Possumus</strong></span> <span class='ocrx_word' id='word_1_79' title='bbox 2000 692 2055 738; x_wconf 89' lang='lat' dir='ltr'><strong>et</strong></span> <span class='ocrx_word' id='word_1_80' title='bbox 2157 695 2206 740; x_wconf 89' lang='lat' dir='ltr'><strong>et</strong></span> <span class='ocrx_word' id='word_1_81' title='bbox 2248 702 2350 740; x_wconf 89' lang='lat' dir='ltr'><strong>non</strong></span> <span class='ocrx_word' id='word_1_82' title='bbox 2381 685 2592 740; x_wconf 85' lang='lat' dir='ltr'><strong>dedistis</strong></span> <span class='ocrx_word' id='word_1_83' title='bbox 2639 684 2767 738; x_wconf 86' lang='lat' dir='ltr'><strong>mihi</strong></span> <span class='ocrx_word' id='word_1_84' title='bbox 2794 684 2999 748; x_wconf 84' lang='lat' dir='ltr'><strong>bibere;</strong></span> <span class='ocrx_word' id='word_1_85' title='bbox 3041 692 3097 739; x_wconf 90' lang='lat' dir='ltr'><strong>et</strong></span> <span class='ocrx_word' id='word_1_86' title='bbox 3141 694 3342 740; x_wconf 74' lang='lat' dir='ltr'><strong>cmtera</strong></span> <span class='ocrx_word' id='word_1_87' title='bbox 3369 684 3715 740; x_wconf 74' lang='lat' dir='ltr'><strong>misericordia:</strong></span> 
     </span>
    </p>
   </div>
   <div class='ocr_carea' id='block_1_7' title="bbox 455 775 3718 850">
    <p class='ocr_par' dir='ltr' id='par_1_7' title="bbox 455 775 3718 850">
     <span class='ocr_line' id='line_1_7' title="bbox 455 775 3718 850; baseline -0.001 -16"><span class='ocrx_word' id='word_1_88' title='bbox 455 793 554 849; x_wconf 89' lang='lat' dir='ltr'><strong>per</strong></span> <span class='ocrx_word' id='word_1_89' title='bbox 591 777 958 846; x_wconf 79' lang='lat' dir='ltr'><strong>negotiatores</strong></span> <span class='ocrx_word' id='word_1_90' title='bbox 986 787 1169 844; x_wconf 65' lang='lat' dir='ltr'><strong>terrae,</strong></span> <span class='ocrx_word' id='word_1_91' title='bbox 1207 792 1304 833; x_wconf 83' lang='lat' dir='ltr'><strong>eos</strong></span> <span class='ocrx_word' id='word_1_92' title='bbox 1337 778 1658 848; x_wconf 84' lang='lat' dir='ltr'><strong>intelligere,</strong></span> <span class='ocrx_word' id='word_1_93' title='bbox 1697 778 1789 848; x_wconf 91' lang='lat' dir='ltr'><strong>qui</strong></span> <span class='ocrx_word' id='word_1_94' title='bbox 1816 792 1883 833; x_wconf 84' lang='lat' dir='ltr'><strong>ex</strong></span> <span class='ocrx_word' id='word_1_95' title='bbox 1909 777 2054 833; x_wconf 91' lang='lat' dir='ltr'><strong>bono</strong></span> <span class='ocrx_word' id='word_1_96' title='bbox 2157 793 2347 850; x_wconf 82' lang='lat' dir='ltr'><strong>opera,</strong></span> <span class='ocrx_word' id='word_1_97' title='bbox 2379 793 2410 831; x_wconf 92' lang='lat' dir='ltr'><strong>a</strong></span> <span class='ocrx_word' id='word_1_98' title='bbox 2439 777 2635 848; x_wconf 91' lang='lat' dir='ltr'><strong>quibus</strong></span> <span class='ocrx_word' id='word_1_99' title='bbox 2657 777 2886 831; x_wconf 87' lang='lat' dir='ltr'><strong>avaritia</strong></span> <span class='ocrx_word' id='word_1_100' title='bbox 2921 775 3151 832; x_wconf 75' lang='lat' dir='ltr'><strong>retrahit</strong></span> <span class='ocrx_word' id='word_1_101' title='bbox 3178 776 3464 847; x_wconf 90' lang='lat' dir='ltr'><strong>reprobos,</strong></span> <span class='ocrx_word' id='word_1_102' title='bbox 3493 792 3558 832; x_wconf 87' lang='lat' dir='ltr'><strong>ne</strong></span> <span class='ocrx_word' id='word_1_103' title='bbox 3585 777 3718 833; x_wconf 78' lang='lat' dir='ltr'><strong>mise-</strong></span> 
     </span>
    </p>
   </div>
   <div class='ocr_carea' id='block_1_8' title="bbox 456 869 3719 943">
    <p class='ocr_par' dir='ltr' id='par_1_8' title="bbox 456 869 3719 943">
     <span class='ocr_line' id='line_1_8' title="bbox 456 869 3719 943; baseline 0.001 -21"><span class='ocrx_word' id='word_1_104' title='bbox 456 873 600 943; x_wconf 83' lang='lat' dir='ltr'><strong>quod</strong></span> <span class='ocrx_word' id='word_1_105' title='bbox 641 871 867 935; x_wconf 85' lang='lat' dir='ltr'><strong>faciunt,</strong></span> <span class='ocrx_word' id='word_1_106' title='bbox 910 869 1104 927; x_wconf 90' lang='lat' dir='ltr'><strong>laudes</strong></span> <span class='ocrx_word' id='word_1_107' title='bbox 1132 871 1201 927; x_wconf 87' lang='lat' dir='ltr'><strong>ab</strong></span> <span class='ocrx_word' id='word_1_108' title='bbox 1231 871 1544 926; x_wconf 86' lang='lat' dir='ltr'><strong>hominibus</strong></span> <span class='ocrx_word' id='word_1_109' title='bbox 1576 871 1879 942; x_wconf 88' lang='lat' dir='ltr'><strong>requirunt.</strong></span> <span class='ocrx_word' id='word_1_110' title='bbox 1923 870 2056 926; x_wconf 82' lang='lat' dir='ltr'><strong>Pos—</strong></span> <span class='ocrx_word' id='word_1_111' title='bbox 2160 870 2405 928; x_wconf 91' lang='lat' dir='ltr'><strong>ricordes</strong></span> <span class='ocrx_word' id='word_1_112' title='bbox 2431 871 2538 924; x_wconf 88' lang='lat' dir='ltr'><strong>sint</strong></span> <span class='ocrx_word' id='word_1_113' title='bbox 2573 885 2700 940; x_wconf 85' lang='lat' dir='ltr'><strong>erga</strong></span> <span class='ocrx_word' id='word_1_114' title='bbox 2741 884 3033 941; x_wconf 91' lang='lat' dir='ltr'><strong>pauperes.</strong></span> <span class='ocrx_word' id='word_1_115' title='bbox 3060 869 3310 924; x_wconf 83' lang='lat' dir='ltr'><strong>Avaritia</strong></span> <span class='ocrx_word' id='word_1_116' title='bbox 3353 871 3544 940; x_wconf 87' lang='lat' dir='ltr'><strong>quippe</strong></span> <span class='ocrx_word' id='word_1_117' title='bbox 3567 872 3719 926; x_wconf 79' lang='lat' dir='ltr'><strong>nutrix</strong></span> 
     </span>
    </p>
   </div>
   <div class='ocr_carea' id='block_1_9' title="bbox 458 961 3719 1034">
    <p class='ocr_par' dir='ltr' id='par_1_9' title="bbox 458 961 3719 1034">
     <span class='ocr_line' id='line_1_9' title="bbox 458 961 3719 1034; baseline 0 -17"><span class='ocrx_word' id='word_1_118' title='bbox 458 979 649 1018; x_wconf 91' lang='lat' dir='ltr'><strong>sumus</strong></span> <span class='ocrx_word' id='word_1_119' title='bbox 678 963 841 1017; x_wconf 90' lang='lat' dir='ltr'><strong>etiam</strong></span> <span class='ocrx_word' id='word_1_120' title='bbox 881 974 934 1017; x_wconf 90' lang='lat' dir='ltr'><strong>et</strong></span> <span class='ocrx_word' id='word_1_121' title='bbox 969 979 1064 1032; x_wconf 88' lang='lat' dir='ltr'><strong>per</strong></span> <span class='ocrx_word' id='word_1_122' title='bbox 1093 962 1339 1027; x_wconf 81' lang='lat' dir='ltr'><strong>eosdem,</strong></span> <span class='ocrx_word' id='word_1_123' title='bbox 1389 963 1510 1018; x_wconf 91' lang='lat' dir='ltr'><strong>illos</strong></span> <span class='ocrx_word' id='word_1_124' title='bbox 1538 965 1628 1034; x_wconf 91' lang='lat' dir='ltr'><strong>qui</strong></span> <span class='ocrx_word' id='word_1_125' title='bbox 1651 963 1850 1034; x_wconf 85' lang='lat' dir='ltr'><strong>gradus</strong></span> <span class='ocrx_word' id='word_1_126' title='bbox 1881 964 2058 1020; x_wconf 87' lang='lat' dir='ltr'><strong>eccle-</strong></span> <span class='ocrx_word' id='word_1_127' title='bbox 2161 973 2244 1019; x_wconf 90' lang='lat' dir='ltr'><strong>est</strong></span> <span class='ocrx_word' id='word_1_128' title='bbox 2271 962 2536 1018; x_wconf 67' lang='lat' dir='ltr'><strong>luxuriae:</strong></span> <span class='ocrx_word' id='word_1_129' title='bbox 2581 961 2921 1030; x_wconf 83' lang='lat' dir='ltr'><strong>nutrimenta</strong></span> <span class='ocrx_word' id='word_1_130' title='bbox 2949 970 3129 1016; x_wconf 87' lang='lat' dir='ltr'><strong>autem</strong></span> <span class='ocrx_word' id='word_1_131' title='bbox 3159 961 3386 1016; x_wconf 68' lang='lat' dir='ltr'><strong>luxuria:</strong></span> <span class='ocrx_word' id='word_1_132' title='bbox 3413 962 3462 1016; x_wconf 93' lang='lat' dir='ltr'><strong>in</strong></span> <span class='ocrx_word' id='word_1_133' title='bbox 3490 961 3585 1016; x_wconf 87' lang='lat' dir='ltr'><strong>hoc</strong></span> <span class='ocrx_word' id='word_1_134' title='bbox 3622 964 3719 1018; x_wconf 84' lang='lat' dir='ltr'><strong>loco</strong></span> 
     </span>
    </p>
   </div>
   <div class='ocr_carea' id='block_1_10' title="bbox 460 1053 3723 1128">
    <p class='ocr_par' dir='ltr' id='par_1_10' title="bbox 460 1053 3723 1128">
     <span class='ocr_line' id='line_1_10' title="bbox 460 1053 3723 1128; baseline 0 -18"><span class='ocrx_word' id='word_1_135' title='bbox 460 1056 710 1110; x_wconf 87' lang='lat' dir='ltr'><strong>siastieos</strong></span> <span class='ocrx_word' id='word_1_136' title='bbox 737 1053 980 1110; x_wconf 80' lang='lat' dir='ltr'><strong>vendunt</strong></span> <span class='ocrx_word' id='word_1_137' title='bbox 1007 1055 1314 1125; x_wconf 84' lang='lat' dir='ltr'><strong>intelligere</strong></span> <span class='ocrx_word' id='word_1_138' title='bbox 1339 1074 1354 1112; x_wconf 93' lang='lat'>:</span> <span class='ocrx_word' id='word_1_139' title='bbox 1381 1057 1525 1125; x_wconf 92' lang='lat' dir='ltr'><strong>quod</strong></span> <span class='ocrx_word' id='word_1_140' title='bbox 1555 1056 1739 1112; x_wconf 89' lang='lat' dir='ltr'><strong>divina</strong></span> <span class='ocrx_word' id='word_1_141' title='bbox 1779 1058 2057 1128; x_wconf 91' lang='lat' dir='ltr'><strong>Scriptura</strong></span> <span class='ocrx_word' id='word_1_142' title='bbox 2164 1055 2434 1126; x_wconf 90' lang='lat' dir='ltr'><strong>descripta</strong></span> <span class='ocrx_word' id='word_1_143' title='bbox 2466 1062 2613 1120; x_wconf 88' lang='lat' dir='ltr'><strong>sunt,</strong></span> <span class='ocrx_word' id='word_1_144' title='bbox 2643 1053 2840 1124; x_wconf 87' lang='lat' dir='ltr'><strong>quibus</strong></span> <span class='ocrx_word' id='word_1_145' title='bbox 2867 1055 2936 1108; x_wconf 90' lang='lat' dir='ltr'><strong>ab</strong></span> <span class='ocrx_word' id='word_1_146' title='bbox 2961 1054 3188 1109; x_wconf 90' lang='lat' dir='ltr'><strong>avaritia</strong></span> <span class='ocrx_word' id='word_1_147' title='bbox 3223 1055 3476 1109; x_wconf 90' lang='lat' dir='ltr'><strong>nutritur.</strong></span> <span class='ocrx_word' id='word_1_148' title='bbox 3505 1055 3570 1110; x_wconf 80' lang='lat' dir='ltr'><strong>Et</strong></span> <span class='ocrx_word' id='word_1_149' title='bbox 3593 1055 3631 1109; x_wconf 86' lang='lat' dir='ltr'><strong>si</strong></span> <span class='ocrx_word' id='word_1_150' title='bbox 3655 1057 3723 1110; x_wconf 83' lang='lat' dir='ltr'><strong>di-</strong></span> 
     </span>
    </p>
   </div>
   <div class='ocr_carea' id='block_1_11' title="bbox 460 1147 3721 1225">
    <p class='ocr_par' dir='ltr' id='par_1_11' title="bbox 460 1147 3721 1225">
     <span class='ocr_line' id='line_1_11' title="bbox 460 1147 3721 1225; baseline 0 -23"><span class='ocrx_word' id='word_1_151' title='bbox 460 1150 618 1206; x_wconf 87' lang='lat' dir='ltr'><strong>valde</strong></span> <span class='ocrx_word' id='word_1_152' title='bbox 644 1151 991 1206; x_wconf 88' lang='lat' dir='ltr'><strong>condemnat.</strong></span> <span class='ocrx_word' id='word_1_153' title='bbox 1035 1150 1100 1204; x_wconf 89' lang='lat' dir='ltr'><strong>Et</strong></span> <span class='ocrx_word' id='word_1_154' title='bbox 1127 1150 1377 1221; x_wconf 88' lang='lat' dir='ltr'><strong>quamvis</strong></span> <span class='ocrx_word' id='word_1_155' title='bbox 1407 1152 1559 1206; x_wconf 90' lang='lat' dir='ltr'><strong>multi</strong></span> <span class='ocrx_word' id='word_1_156' title='bbox 1588 1168 1655 1207; x_wconf 85' lang='lat' dir='ltr'><strong>ex</strong></span> <span class='ocrx_word' id='word_1_157' title='bbox 1682 1154 1952 1225; x_wconf 90' lang='lat' dir='ltr'><strong>episcopis</strong></span> <span class='ocrx_word' id='word_1_158' title='bbox 1992 1155 2061 1210; x_wconf 94' lang='lat' dir='ltr'><strong>ab</strong></span> <span class='ocrx_word' id='word_1_159' title='bbox 2165 1148 2391 1221; x_wconf 87' lang='lat' dir='ltr'><strong>ligenter</strong></span> <span class='ocrx_word' id='word_1_160' title='bbox 2410 1149 2680 1218; x_wconf 87' lang='lat' dir='ltr'><strong>inspicere</strong></span> <span class='ocrx_word' id='word_1_161' title='bbox 2703 1147 3064 1214; x_wconf 87' lang='lat' dir='ltr'><strong>voluerimus,</strong></span> <span class='ocrx_word' id='word_1_162' title='bbox 3088 1147 3431 1203; x_wconf 85' lang='lat' dir='ltr'><strong>inveniemus</strong></span> <span class='ocrx_word' id='word_1_163' title='bbox 3446 1151 3611 1202; x_wconf 87' lang='lat' dir='ltr'><strong>omnia</strong></span> <span class='ocrx_word' id='word_1_164' title='bbox 3627 1165 3721 1218; x_wconf 73' lang='lat' dir='ltr'><strong>qua:</strong></span> 
     </span>
    </p>
   </div>
   <div class='ocr_carea' id='block_1_12' title="bbox 462 1239 3724 1320">
    <p class='ocr_par' dir='ltr' id='par_1_12' title="bbox 462 1239 3724 1320">
     <span class='ocr_line' id='line_1_12' title="bbox 462 1239 3724 1320; baseline 0.005 -23"><span class='ocrx_word' id='word_1_165' title='bbox 462 1244 565 1299; x_wconf 92' lang='lat' dir='ltr'><strong>hoc</strong></span> <span class='ocrx_word' id='word_1_166' title='bbox 591 1243 800 1298; x_wconf 84' lang='lat' dir='ltr'><strong>scelere</strong></span> <span class='ocrx_word' id='word_1_167' title='bbox 844 1243 1128 1299; x_wconf 89' lang='lat' dir='ltr'><strong>videantur</strong></span> <span class='ocrx_word' id='word_1_168' title='bbox 1158 1243 1459 1310; x_wconf 90' lang='lat' dir='ltr'><strong>immunes;</strong></span> <span class='ocrx_word' id='word_1_169' title='bbox 1489 1245 1719 1302; x_wconf 80' lang='lat' dir='ltr'><strong>tuiniStri</strong></span> <span class='ocrx_word' id='word_1_170' title='bbox 1761 1258 1939 1304; x_wconf 90' lang='lat' dir='ltr'><strong>tamen</strong></span> <span class='ocrx_word' id='word_1_171' title='bbox 1971 1264 2064 1305; x_wconf 87' lang='lat' dir='ltr'><strong>eo-</strong></span> <span class='ocrx_word' id='word_1_172' title='bbox 2167 1243 2219 1298; x_wconf 84' lang='lat' dir='ltr'><strong>in</strong></span> <span class='ocrx_word' id='word_1_173' title='bbox 2257 1241 2359 1297; x_wconf 76' lang='lat' dir='ltr'><strong>hoc</strong></span> <span class='ocrx_word' id='word_1_174' title='bbox 2393 1242 2512 1299; x_wconf 72' lang='lat'><strong>1000</strong></span> <span class='ocrx_word' id='word_1_175' title='bbox 2547 1241 2615 1296; x_wconf 77' lang='lat' dir='ltr'><strong>ad</strong></span> <span class='ocrx_word' id='word_1_176' title='bbox 2655 1239 2968 1306; x_wconf 61' lang='lat' dir='ltr'><strong>avaritiam.</strong></span> <span class='ocrx_word' id='word_1_177' title='bbox 3009 1241 3131 1296; x_wconf 65' lang='lat' dir='ltr'><strong>Sive</strong></span> <span class='ocrx_word' id='word_1_178' title='bbox 3172 1241 3436 1296; x_wconf 63' lang='lat' dir='ltr'><strong>luxuriam</strong></span> <span class='ocrx_word' id='word_1_179' title='bbox 3469 1239 3724 1320; x_wconf 58' lang='lat' dir='ltr'><strong>Babiloﬂs</strong></span> 
     </span>
    </p>
   </div>
   <div class='ocr_carea' id='block_1_13' title="bbox 465 1314 3723 1412">
    <p class='ocr_par' dir='ltr' id='par_1_13' title="bbox 465 1314 3723 1412">
     <span class='ocr_line' id='line_1_13' title="bbox 465 1314 3723 1412; baseline -0 -20"><span class='ocrx_word' id='word_1_180' title='bbox 465 1353 583 1393; x_wconf 87' lang='lat' dir='ltr'><strong>rum</strong></span> <span class='ocrx_word' id='word_1_181' title='bbox 617 1338 670 1392; x_wconf 92' lang='lat' dir='ltr'><strong>in</strong></span> <span class='ocrx_word' id='word_1_182' title='bbox 706 1337 808 1393; x_wconf 90' lang='lat' dir='ltr'><strong>hoc</strong></span> <span class='ocrx_word' id='word_1_183' title='bbox 853 1352 1001 1409; x_wconf 79' lang='lat' dir='ltr'><strong>saepe</strong></span> <span class='ocrx_word' id='word_1_184' title='bbox 1031 1337 1353 1408; x_wconf 90' lang='lat' dir='ltr'><strong>polluuntur</strong></span> <span class='ocrx_word' id='word_1_185' title='bbox 1381 1353 1392 1388; x_wconf 95' lang='lat'>:</span> <span class='ocrx_word' id='word_1_186' title='bbox 1429 1338 1524 1394; x_wconf 83' lang='lat' dir='ltr'><strong>sed</strong></span> <span class='ocrx_word' id='word_1_187' title='bbox 1556 1340 1622 1394; x_wconf 89' lang='lat' dir='ltr'><strong>ad</strong></span> <span class='ocrx_word' id='word_1_188' title='bbox 1655 1341 1944 1412; x_wconf 81' lang='lat' dir='ltr'><strong>magistros</strong></span> <span class='ocrx_word' id='word_1_189' title='bbox 1979 1358 2065 1398; x_wconf 88' lang='lat' dir='ltr'><strong>re-</strong></span> <span class='ocrx_word' id='word_1_190' title='bbox 2166 1336 2646 1393; x_wconf 88' lang='lat' dir='ltr'><strong>demonstrandam</strong></span> <span class='ocrx_word' id='word_1_191' title='bbox 2674 1345 2990 1392; x_wconf 89' lang='lat' dir='ltr'><strong>enumerata</strong></span> <span class='ocrx_word' id='word_1_192' title='bbox 3012 1345 3160 1399; x_wconf 88' lang='lat' dir='ltr'><strong>sunt,</strong></span> <span class='ocrx_word' id='word_1_193' title='bbox 3182 1337 3250 1390; x_wconf 90' lang='lat' dir='ltr'><strong>ad</strong></span> <span class='ocrx_word' id='word_1_194' title='bbox 3270 1314 3723 1408; x_wconf 44' lang='lat' dir='ltr'><strong>quinquecorpo&#39;rE</strong></span> 
     </span>
    </p>
   </div>
   <div class='ocr_carea' id='block_1_14' title="bbox 469 1430 3726 1506">
    <p class='ocr_par' dir='ltr' id='par_1_14' title="bbox 469 1430 3726 1506">
     <span class='ocr_line' id='line_1_14' title="bbox 469 1430 3726 1506; baseline 0.001 -20"><span class='ocrx_word' id='word_1_195' title='bbox 469 1433 650 1502; x_wconf 89' lang='lat' dir='ltr'><strong>spicit,</strong></span> <span class='ocrx_word' id='word_1_196' title='bbox 680 1431 944 1502; x_wconf 87' lang='lat' dir='ltr'><strong>quidquid</strong></span> <span class='ocrx_word' id='word_1_197' title='bbox 968 1448 996 1486; x_wconf 90' lang='lat' dir='ltr'><strong>a</strong></span> <span class='ocrx_word' id='word_1_198' title='bbox 1020 1430 1302 1502; x_wconf 86' lang='lat' dir='ltr'><strong>discipulis</strong></span> <span class='ocrx_word' id='word_1_199' title='bbox 1329 1433 1810 1506; x_wconf 40' lang='lat' dir='ltr'><strong>delinquitur..Est</strong></span> <span class='ocrx_word' id='word_1_200' title='bbox 1833 1445 1890 1492; x_wconf 91' lang='lat' dir='ltr'><strong>et</strong></span> <span class='ocrx_word' id='word_1_201' title='bbox 1918 1437 2064 1494; x_wconf 87' lang='lat' dir='ltr'><strong>aliud</strong></span> <span class='ocrx_word' id='word_1_202' title='bbox 2169 1447 2361 1489; x_wconf 90' lang='lat' dir='ltr'><strong>sensus</strong></span> <span class='ocrx_word' id='word_1_203' title='bbox 2389 1433 2681 1504; x_wconf 90' lang='lat' dir='ltr'><strong>pertinere.</strong></span> <span class='ocrx_word' id='word_1_204' title='bbox 2713 1433 2964 1504; x_wconf 87' lang='lat' dir='ltr'><strong>Quinque</strong></span> <span class='ocrx_word' id='word_1_205' title='bbox 3010 1431 3157 1488; x_wconf 91' lang='lat' dir='ltr'><strong>enim</strong></span> <span class='ocrx_word' id='word_1_206' title='bbox 3187 1441 3315 1488; x_wconf 87' lang='lat' dir='ltr'><strong>sunt</strong></span> <span class='ocrx_word' id='word_1_207' title='bbox 3358 1433 3590 1504; x_wconf 87' lang='lat' dir='ltr'><strong>corporis</strong></span> <span class='ocrx_word' id='word_1_208' title='bbox 3625 1449 3726 1488; x_wconf 79' lang='lat' dir='ltr'><strong>sen-</strong></span> 
     </span>
    </p>
   </div>
   <div class='ocr_carea' id='block_1_15' title="bbox 466 1523 3726 1598">
    <p class='ocr_par' dir='ltr' id='par_1_15' title="bbox 466 1523 3726 1598">
     <span class='ocr_line' id='line_1_15' title="bbox 466 1523 3726 1598; baseline 0.001 -20"><span class='ocrx_word' id='word_1_209' title='bbox 466 1525 649 1580; x_wconf 89' lang='lat' dir='ltr'><strong>seelus</strong></span> <span class='ocrx_word' id='word_1_210' title='bbox 678 1523 834 1579; x_wconf 85' lang='lat' dir='ltr'><strong>valde</strong></span> <span class='ocrx_word' id='word_1_211' title='bbox 862 1523 1180 1594; x_wconf 89' lang='lat' dir='ltr'><strong>pessimum,</strong></span> <span class='ocrx_word' id='word_1_212' title='bbox 1220 1525 1363 1596; x_wconf 91' lang='lat' dir='ltr'><strong>quod</strong></span> <span class='ocrx_word' id='word_1_213' title='bbox 1391 1526 1549 1582; x_wconf 82' lang='lat' dir='ltr'><strong>abiis</strong></span> <span class='ocrx_word' id='word_1_214' title='bbox 1576 1529 1665 1598; x_wconf 91' lang='lat' dir='ltr'><strong>qui</strong></span> <span class='ocrx_word' id='word_1_215' title='bbox 1696 1530 2066 1587; x_wconf 84' lang='lat' dir='ltr'><strong>archidiaconi</strong></span> <span class='ocrx_word' id='word_1_216' title='bbox 2173 1544 2287 1595; x_wconf 90' lang='lat' dir='ltr'><strong>sus,</strong></span> <span class='ocrx_word' id='word_1_217' title='bbox 2346 1528 2401 1584; x_wconf 90' lang='lat' dir='ltr'><strong>id</strong></span> <span class='ocrx_word' id='word_1_218' title='bbox 2456 1537 2564 1595; x_wconf 90' lang='lat' dir='ltr'><strong>est,</strong></span> <span class='ocrx_word' id='word_1_219' title='bbox 2614 1529 2788 1593; x_wconf 90' lang='lat' dir='ltr'><strong>visus,</strong></span> <span class='ocrx_word' id='word_1_220' title='bbox 2841 1526 3082 1595; x_wconf 90' lang='lat' dir='ltr'><strong>auditus,</strong></span> <span class='ocrx_word' id='word_1_221' title='bbox 3135 1535 3348 1598; x_wconf 77' lang='lat' dir='ltr'><strong>gustus,</strong></span> <span class='ocrx_word' id='word_1_222' title='bbox 3397 1526 3648 1593; x_wconf 88' lang='lat' dir='ltr'><strong>odoratus,</strong></span> <span class='ocrx_word' id='word_1_223' title='bbox 3683 1537 3726 1582; x_wconf 85' lang='lat' dir='ltr'><strong>et</strong></span> 
     </span>
    </p>
   </div>
   <div class='ocr_carea' id='block_1_16' title="bbox 466 1618 3726 1697">
    <p class='ocr_par' dir='ltr' id='par_1_16' title="bbox 466 1618 3726 1697">
     <span class='ocr_line' id='line_1_16' title="bbox 466 1618 3726 1697; baseline 0 -25"><span class='ocrx_word' id='word_1_224' title='bbox 466 1619 838 1689; x_wconf 85' lang='lat' dir='ltr'><strong>appellantur,</strong></span> <span class='ocrx_word' id='word_1_225' title='bbox 869 1618 1225 1674; x_wconf 88' lang='lat' dir='ltr'><strong>committitur</strong></span> <span class='ocrx_word' id='word_1_226' title='bbox 1244 1637 1264 1686; x_wconf 87' lang='lat'><strong><em>;</em></strong></span> <span class='ocrx_word' id='word_1_227' title='bbox 1295 1635 1417 1674; x_wconf 86' lang='lat' dir='ltr'><strong>nam</strong></span> <span class='ocrx_word' id='word_1_228' title='bbox 1447 1620 1515 1674; x_wconf 91' lang='lat' dir='ltr'><strong>ab</strong></span> <span class='ocrx_word' id='word_1_229' title='bbox 1545 1620 1810 1678; x_wconf 89' lang='lat' dir='ltr'><strong>adulteris</strong></span> <span class='ocrx_word' id='word_1_230' title='bbox 1840 1625 2068 1697; x_wconf 85' lang='lat' dir='ltr'><strong>presby-</strong></span> <span class='ocrx_word' id='word_1_231' title='bbox 2174 1631 2371 1690; x_wconf 89' lang='lat' dir='ltr'><strong>tactus,</strong></span> <span class='ocrx_word' id='word_1_232' title='bbox 2405 1636 2543 1691; x_wconf 89' lang='lat' dir='ltr'><strong>quos</strong></span> <span class='ocrx_word' id='word_1_233' title='bbox 2587 1621 2731 1676; x_wconf 82' lang='lat' dir='ltr'><strong>Deus</strong></span> <span class='ocrx_word' id='word_1_234' title='bbox 2773 1620 3084 1676; x_wconf 87' lang='lat' dir='ltr'><strong>hominibus</strong></span> <span class='ocrx_word' id='word_1_235' title='bbox 3129 1627 3184 1675; x_wconf 89' lang='lat' dir='ltr'><strong>et</strong></span> <span class='ocrx_word' id='word_1_236' title='bbox 3232 1619 3548 1674; x_wconf 83' lang='lat' dir='ltr'><strong>animalibus</strong></span> <span class='ocrx_word' id='word_1_237' title='bbox 3581 1618 3726 1686; x_wconf 85' lang='lat' dir='ltr'><strong>dedit;</strong></span> 
     </span>
    </p>
   </div>
   <div class='ocr_carea' id='block_1_17' title="bbox 469 1712 3727 1784">
    <p class='ocr_par' dir='ltr' id='par_1_17' title="bbox 469 1712 3727 1784">
     <span class='ocr_line' id='line_1_17' title="bbox 469 1712 3727 1784; baseline 0 -17"><span class='ocrx_word' id='word_1_238' title='bbox 469 1713 605 1768; x_wconf 89' lang='lat' dir='ltr'><strong>teris</strong></span> <span class='ocrx_word' id='word_1_239' title='bbox 651 1713 886 1781; x_wconf 89' lang='lat' dir='ltr'><strong>pretium</strong></span> <span class='ocrx_word' id='word_1_240' title='bbox 914 1712 1208 1784; x_wconf 89' lang='lat' dir='ltr'><strong>accipiunt,</strong></span> <span class='ocrx_word' id='word_1_241' title='bbox 1251 1723 1306 1769; x_wconf 90' lang='lat' dir='ltr'><strong>et</strong></span> <span class='ocrx_word' id='word_1_242' title='bbox 1334 1714 1564 1770; x_wconf 86' lang='lat' dir='ltr'><strong>tacendo</strong></span> <span class='ocrx_word' id='word_1_243' title='bbox 1599 1715 1651 1770; x_wconf 90' lang='lat' dir='ltr'><strong>in</strong></span> <span class='ocrx_word' id='word_1_244' title='bbox 1691 1717 1893 1772; x_wconf 89' lang='lat' dir='ltr'><strong>malum</strong></span> <span class='ocrx_word' id='word_1_245' title='bbox 1933 1733 2068 1773; x_wconf 89' lang='lat' dir='ltr'><strong>con-</strong></span> <span class='ocrx_word' id='word_1_246' title='bbox 2099 1718 2147 1777; x_wconf 91' lang='lat' dir='ltr'><strong>B</strong></span> <span class='ocrx_word' id='word_1_247' title='bbox 2173 1717 2502 1772; x_wconf 88' lang='lat' dir='ltr'><strong>animalibus</strong></span> <span class='ocrx_word' id='word_1_248' title='bbox 2545 1715 2612 1771; x_wconf 89' lang='lat' dir='ltr'><strong>ad</strong></span> <span class='ocrx_word' id='word_1_249' title='bbox 2655 1716 2814 1770; x_wconf 89' lang='lat' dir='ltr'><strong>vitam</strong></span> <span class='ocrx_word' id='word_1_250' title='bbox 2864 1730 3017 1770; x_wconf 88' lang='lat' dir='ltr'><strong>suam</strong></span> <span class='ocrx_word' id='word_1_251' title='bbox 3071 1714 3454 1770; x_wconf 88' lang='lat' dir='ltr'><strong>tantummodo</strong></span> <span class='ocrx_word' id='word_1_252' title='bbox 3492 1713 3727 1778; x_wconf 80' lang='lat' dir='ltr'><strong>tuendam,</strong></span> 
     </span>
    </p>
   </div>
   <div class='ocr_carea' id='block_1_18' title="bbox 470 1807 3728 1886">
    <p class='ocr_par' dir='ltr' id='par_1_18' title="bbox 470 1807 3728 1886">
     <span class='ocr_line' id='line_1_18' title="bbox 470 1807 3728 1886; baseline -0.001 -22"><span class='ocrx_word' id='word_1_253' title='bbox 470 1810 734 1874; x_wconf 88' lang='lat' dir='ltr'><strong>sentiunt,</strong></span> <span class='ocrx_word' id='word_1_254' title='bbox 769 1809 911 1879; x_wconf 86' lang='lat' dir='ltr'><strong>quod</strong></span> <span class='ocrx_word' id='word_1_255' title='bbox 956 1824 1056 1879; x_wconf 90' lang='lat' dir='ltr'><strong>per</strong></span> <span class='ocrx_word' id='word_1_256' title='bbox 1093 1811 1474 1866; x_wconf 89' lang='lat' dir='ltr'><strong>auctoritatem</strong></span> <span class='ocrx_word' id='word_1_257' title='bbox 1507 1825 1664 1881; x_wconf 90' lang='lat' dir='ltr'><strong>quam</strong></span> <span class='ocrx_word' id='word_1_258' title='bbox 1695 1813 1763 1868; x_wconf 91' lang='lat' dir='ltr'><strong>ab</strong></span> <span class='ocrx_word' id='word_1_259' title='bbox 1799 1815 2071 1886; x_wconf 82' lang='lat' dir='ltr'><strong>episcOpis</strong></span> <span class='ocrx_word' id='word_1_260' title='bbox 2175 1809 2487 1865; x_wconf 89' lang='lat' dir='ltr'><strong>hominibus</strong></span> <span class='ocrx_word' id='word_1_261' title='bbox 2507 1818 2688 1865; x_wconf 88' lang='lat' dir='ltr'><strong>autem</strong></span> <span class='ocrx_word' id='word_1_262' title='bbox 2709 1819 2762 1865; x_wconf 90' lang='lat' dir='ltr'><strong>et</strong></span> <span class='ocrx_word' id='word_1_263' title='bbox 2783 1807 2848 1864; x_wconf 88' lang='lat' dir='ltr'><strong>ad</strong></span> <span class='ocrx_word' id='word_1_264' title='bbox 2879 1809 3044 1863; x_wconf 88' lang='lat' dir='ltr'><strong>vitam</strong></span> <span class='ocrx_word' id='word_1_265' title='bbox 3075 1808 3360 1873; x_wconf 86' lang='lat' dir='ltr'><strong>tuendam,</strong></span> <span class='ocrx_word' id='word_1_266' title='bbox 3389 1818 3441 1863; x_wconf 88' lang='lat' dir='ltr'><strong>et</strong></span> <span class='ocrx_word' id='word_1_267' title='bbox 3470 1817 3523 1862; x_wconf 89' lang='lat' dir='ltr'><strong>ut</strong></span> <span class='ocrx_word' id='word_1_268' title='bbox 3551 1823 3633 1878; x_wconf 90' lang='lat' dir='ltr'><strong>per</strong></span> <span class='ocrx_word' id='word_1_269' title='bbox 3654 1823 3728 1863; x_wconf 83' lang='lat' dir='ltr'><strong>eos</strong></span> 
     </span>
    </p>
   </div>
   <div class='ocr_carea' id='block_1_19' title="bbox 472 1902 3730 1976">
    <p class='ocr_par' dir='ltr' id='par_1_19' title="bbox 472 1902 3730 1976">
     <span class='ocr_line' id='line_1_19' title="bbox 472 1902 3730 1976; baseline -0 -19"><span class='ocrx_word' id='word_1_270' title='bbox 472 1912 826 1973; x_wconf 89' lang='lat' dir='ltr'><strong>acceperunt,</strong></span> <span class='ocrx_word' id='word_1_271' title='bbox 871 1902 1168 1958; x_wconf 92' lang='lat' dir='ltr'><strong>emendare</strong></span> <span class='ocrx_word' id='word_1_272' title='bbox 1217 1913 1456 1974; x_wconf 90' lang='lat' dir='ltr'><strong>possent.</strong></span> <span class='ocrx_word' id='word_1_273' title='bbox 1509 1904 1647 1960; x_wconf 90' lang='lat' dir='ltr'><strong>Sunt</strong></span> <span class='ocrx_word' id='word_1_274' title='bbox 1677 1905 1840 1961; x_wconf 89' lang='lat' dir='ltr'><strong>etiam</strong></span> <span class='ocrx_word' id='word_1_275' title='bbox 1873 1907 1964 1962; x_wconf 89' lang='lat' dir='ltr'><strong>alii</strong></span> <span class='ocrx_word' id='word_1_276' title='bbox 2003 1923 2072 1963; x_wconf 92' lang='lat' dir='ltr'><strong>ex</strong></span> <span class='ocrx_word' id='word_1_277' title='bbox 2175 1905 2316 1961; x_wconf 91' lang='lat' dir='ltr'><strong>ratio</strong></span> <span class='ocrx_word' id='word_1_278' title='bbox 2338 1907 2575 1960; x_wconf 90' lang='lat' dir='ltr'><strong>animam</strong></span> <span class='ocrx_word' id='word_1_279' title='bbox 2603 1920 2723 1976; x_wconf 74' lang='lat' dir='ltr'><strong>qua:</strong></span> <span class='ocrx_word' id='word_1_280' title='bbox 2754 1904 2832 1959; x_wconf 92' lang='lat' dir='ltr'><strong>illi</strong></span> <span class='ocrx_word' id='word_1_281' title='bbox 2865 1905 3159 1960; x_wconf 88' lang='lat' dir='ltr'><strong>commissa</strong></span> <span class='ocrx_word' id='word_1_282' title='bbox 3188 1913 3293 1971; x_wconf 90' lang='lat' dir='ltr'><strong>est,</strong></span> <span class='ocrx_word' id='word_1_283' title='bbox 3329 1919 3426 1975; x_wconf 89' lang='lat' dir='ltr'><strong>per</strong></span> <span class='ocrx_word' id='word_1_284' title='bbox 3452 1906 3580 1957; x_wconf 78' lang='lat' dir='ltr'><strong>viain</strong></span> <span class='ocrx_word' id='word_1_285' title='bbox 3601 1904 3730 1956; x_wconf 83' lang='lat' dir='ltr'><strong>recti-</strong></span> 
     </span>
    </p>
   </div>
   <div class='ocr_carea' id='block_1_20' title="bbox 476 1994 3731 2070">
    <p class='ocr_par' dir='ltr' id='par_1_20' title="bbox 476 1994 3731 2070">
     <span class='ocr_line' id='line_1_20' title="bbox 476 1994 3731 2070; baseline -0.001 -20"><span class='ocrx_word' id='word_1_286' title='bbox 476 1995 784 2066; x_wconf 63' lang='lat' dir='ltr'><strong>hujusmodi</strong></span> <span class='ocrx_word' id='word_1_287' title='bbox 812 1995 1169 2068; x_wconf 86' lang='lat' dir='ltr'><strong>presbyteris,</strong></span> <span class='ocrx_word' id='word_1_288' title='bbox 1201 1996 1290 2066; x_wconf 90' lang='lat' dir='ltr'><strong>qui</strong></span> <span class='ocrx_word' id='word_1_289' title='bbox 1323 1995 1576 2053; x_wconf 88' lang='lat' dir='ltr'><strong>timentes</strong></span> <span class='ocrx_word' id='word_1_290' title='bbox 1606 2013 1666 2054; x_wconf 92' lang='lat' dir='ltr'><strong>se</strong></span> <span class='ocrx_word' id='word_1_291' title='bbox 1693 1999 1942 2055; x_wconf 84' lang='lat' dir='ltr'><strong>damnari</strong></span> <span class='ocrx_word' id='word_1_292' title='bbox 1976 2015 2074 2070; x_wconf 91' lang='lat' dir='ltr'><strong>pro</strong></span> <span class='ocrx_word' id='word_1_293' title='bbox 2178 2000 2378 2054; x_wconf 91' lang='lat' dir='ltr'><strong>tudinis</strong></span> <span class='ocrx_word' id='word_1_294' title='bbox 2411 2007 2599 2070; x_wconf 92' lang='lat' dir='ltr'><strong>posset</strong></span> <span class='ocrx_word' id='word_1_295' title='bbox 2619 1997 2840 2054; x_wconf 89' lang='lat' dir='ltr'><strong>dueere.</strong></span> <span class='ocrx_word' id='word_1_296' title='bbox 2870 1996 3010 2053; x_wconf 72' lang='grc' dir='ltr'><strong>,ἰοειί</strong></span> <span class='ocrx_word' id='word_1_297' title='bbox 3043 1997 3228 2069; x_wconf 89' lang='lat' dir='ltr'><strong>itaque</strong></span> <span class='ocrx_word' id='word_1_298' title='bbox 3255 1997 3348 2068; x_wconf 93' lang='lat' dir='ltr'><strong>qui</strong></span> <span class='ocrx_word' id='word_1_299' title='bbox 3375 2011 3468 2066; x_wconf 91' lang='lat' dir='ltr'><strong>per</strong></span> <span class='ocrx_word' id='word_1_300' title='bbox 3493 1995 3585 2051; x_wconf 87' lang='lat' dir='ltr'><strong>bos</strong></span> <span class='ocrx_word' id='word_1_301' title='bbox 3608 1994 3731 2066; x_wconf 83' lang='lat' dir='ltr'><strong>quin-</strong></span> 
     </span>
    </p>
   </div>
   <div class='ocr_carea' id='block_1_21' title="bbox 476 2087 3731 2165">
    <p class='ocr_par' dir='ltr' id='par_1_21' title="bbox 476 2087 3731 2165">
     <span class='ocr_line' id='line_1_21' title="bbox 476 2087 3731 2165; baseline -0 -22"><span class='ocrx_word' id='word_1_302' title='bbox 476 2087 775 2144; x_wconf 91' lang='lat' dir='ltr'><strong>sceleribus</strong></span> <span class='ocrx_word' id='word_1_303' title='bbox 813 2088 949 2155; x_wconf 89' lang='lat' dir='ltr'><strong>suis,</strong></span> <span class='ocrx_word' id='word_1_304' title='bbox 999 2088 1053 2143; x_wconf 93' lang='lat' dir='ltr'><strong>in</strong></span> <span class='ocrx_word' id='word_1_305' title='bbox 1097 2087 1337 2144; x_wconf 88' lang='lat' dir='ltr'><strong>servitiis</strong></span> <span class='ocrx_word' id='word_1_306' title='bbox 1387 2090 1897 2148; x_wconf 91' lang='lat' dir='ltr'><strong>archidiaconorum</strong></span> <span class='ocrx_word' id='word_1_307' title='bbox 1954 2096 2076 2165; x_wconf 91' lang='lat' dir='ltr'><strong>plus</strong></span> <span class='ocrx_word' id='word_1_308' title='bbox 2177 2107 2283 2163; x_wconf 91' lang='lat' dir='ltr'><strong>que</strong></span> <span class='ocrx_word' id='word_1_309' title='bbox 2311 2092 2562 2162; x_wconf 89' lang='lat' dir='ltr'><strong>corporis</strong></span> <span class='ocrx_word' id='word_1_310' title='bbox 2591 2105 2786 2146; x_wconf 91' lang='lat' dir='ltr'><strong>sensus</strong></span> <span class='ocrx_word' id='word_1_311' title='bbox 2812 2090 3113 2145; x_wconf 88' lang='lat' dir='ltr'><strong>secundum</strong></span> <span class='ocrx_word' id='word_1_312' title='bbox 3147 2089 3376 2145; x_wconf 85' lang='lat' dir='ltr'><strong>rationis</strong></span> <span class='ocrx_word' id='word_1_313' title='bbox 3401 2089 3731 2144; x_wconf 82' lang='lat' dir='ltr'><strong>rectitudinem</strong></span> 
     </span>
    </p>
   </div>
   <div class='ocr_carea' id='block_1_22' title="bbox 474 2180 3736 2259">
    <p class='ocr_par' dir='ltr' id='par_1_22' title="bbox 474 2180 3736 2259">
     <span class='ocr_line' id='line_1_22' title="bbox 474 2180 3736 2259; baseline 0 -24"><span class='ocrx_word' id='word_1_314' title='bbox 474 2188 603 2236; x_wconf 90' lang='lat' dir='ltr'><strong>sunt</strong></span> <span class='ocrx_word' id='word_1_315' title='bbox 637 2180 865 2247; x_wconf 89' lang='lat' dir='ltr'><strong>assidui,</strong></span> <span class='ocrx_word' id='word_1_316' title='bbox 888 2196 1051 2252; x_wconf 87' lang='lat' dir='ltr'><strong>quam</strong></span> <span class='ocrx_word' id='word_1_317' title='bbox 1084 2183 1267 2237; x_wconf 67' lang='lat' dir='ltr'><strong>caeteri</strong></span> <span class='ocrx_word' id='word_1_318' title='bbox 1295 2199 1308 2236; x_wconf 90' lang='lat'><strong>:</strong></span> <span class='ocrx_word' id='word_1_319' title='bbox 1339 2194 1533 2239; x_wconf 89' lang='lat' dir='ltr'><strong>contra</strong></span> <span class='ocrx_word' id='word_1_320' title='bbox 1576 2201 1711 2255; x_wconf 91' lang='lat' dir='ltr'><strong>quos</strong></span> <span class='ocrx_word' id='word_1_321' title='bbox 1740 2185 1786 2241; x_wconf 89' lang='lat' dir='ltr'><strong>si</strong></span> <span class='ocrx_word' id='word_1_322' title='bbox 1813 2188 1934 2259; x_wconf 91' lang='lat' dir='ltr'><strong>quis</strong></span> <span class='ocrx_word' id='word_1_323' title='bbox 1978 2189 2080 2245; x_wconf 60' lang='lat' dir='ltr'><strong>alio</strong></span> <span class='ocrx_word' id='word_1_324' title='bbox 2181 2185 2432 2242; x_wconf 86' lang='lat' dir='ltr'><strong>incedere</strong></span> <span class='ocrx_word' id='word_1_325' title='bbox 2455 2185 2808 2250; x_wconf 90' lang='lat' dir='ltr'><strong>studuerunt,</strong></span> <span class='ocrx_word' id='word_1_326' title='bbox 2831 2184 3128 2239; x_wconf 87' lang='lat' dir='ltr'><strong>amicitiam</strong></span> <span class='ocrx_word' id='word_1_327' title='bbox 3149 2183 3259 2239; x_wconf 88' lang='lat' dir='ltr'><strong>sibi</strong></span> <span class='ocrx_word' id='word_1_328' title='bbox 3281 2183 3378 2238; x_wconf 92' lang='lat' dir='ltr'><strong>Dei</strong></span> <span class='ocrx_word' id='word_1_329' title='bbox 3395 2182 3736 2251; x_wconf 85' lang='lat' dir='ltr'><strong>omnipotentis</strong></span> 
     </span>
    </p>
   </div>
   <div class='ocr_carea' id='block_1_23' title="bbox 477 2275 3734 2350">
    <p class='ocr_par' dir='ltr' id='par_1_23' title="bbox 477 2275 3734 2350">
     <span class='ocr_line' id='line_1_23' title="bbox 477 2275 3734 2350; baseline -0.001 -20"><span class='ocrx_word' id='word_1_330' title='bbox 477 2275 625 2346; x_wconf 89' lang='lat' dir='ltr'><strong>quod</strong></span> <span class='ocrx_word' id='word_1_331' title='bbox 653 2275 878 2330; x_wconf 89' lang='lat' dir='ltr'><strong>verbum</strong></span> <span class='ocrx_word' id='word_1_332' title='bbox 926 2276 1261 2331; x_wconf 85' lang='lat' dir='ltr'><strong>contrarium</strong></span> <span class='ocrx_word' id='word_1_333' title='bbox 1306 2276 1554 2348; x_wconf 79' lang='lat' dir='ltr'><strong>proferre</strong></span> <span class='ocrx_word' id='word_1_334' title='bbox 1592 2279 1845 2348; x_wconf 90' lang='lat' dir='ltr'><strong>voluerit,</strong></span> <span class='ocrx_word' id='word_1_335' title='bbox 1885 2281 2078 2339; x_wconf 79' lang='lat' dir='ltr'><strong>defen-</strong></span> <span class='ocrx_word' id='word_1_336' title='bbox 2179 2277 2593 2350; x_wconf 87' lang='lat' dir='ltr'><strong>acquisierunt:</strong></span> <span class='ocrx_word' id='word_1_337' title='bbox 2630 2277 2779 2348; x_wconf 92' lang='lat' dir='ltr'><strong>impii</strong></span> <span class='ocrx_word' id='word_1_338' title='bbox 2811 2289 2939 2332; x_wconf 87' lang='lat' dir='ltr'><strong>vero</strong></span> <span class='ocrx_word' id='word_1_339' title='bbox 2967 2279 3057 2346; x_wconf 91' lang='lat' dir='ltr'><strong>qui</strong></span> <span class='ocrx_word' id='word_1_340' title='bbox 3083 2275 3312 2331; x_wconf 90' lang='lat' dir='ltr'><strong>rationis</strong></span> <span class='ocrx_word' id='word_1_341' title='bbox 3345 2276 3538 2330; x_wconf 90' lang='lat' dir='ltr'><strong>bonum</strong></span> <span class='ocrx_word' id='word_1_342' title='bbox 3569 2275 3616 2328; x_wconf 89' lang='lat' dir='ltr'><strong>in</strong></span> <span class='ocrx_word' id='word_1_343' title='bbox 3638 2288 3734 2327; x_wconf 84' lang='lat' dir='ltr'><strong>ma-</strong></span> 
     </span>
    </p>
   </div>
   <div class='ocr_carea' id='block_1_24' title="bbox 478 2369 3742 2443">
    <p class='ocr_par' dir='ltr' id='par_1_24' title="bbox 478 2369 3742 2443">
     <span class='ocr_line' id='line_1_24' title="bbox 478 2369 3742 2443; baseline 0.001 -20"><span class='ocrx_word' id='word_1_344' title='bbox 478 2369 679 2423; x_wconf 89' lang='lat' dir='ltr'><strong>duntur</strong></span> <span class='ocrx_word' id='word_1_345' title='bbox 703 2370 770 2425; x_wconf 91' lang='lat' dir='ltr'><strong>ab</strong></span> <span class='ocrx_word' id='word_1_346' title='bbox 793 2369 903 2437; x_wconf 90' lang='lat' dir='ltr'><strong>eis;</strong></span> <span class='ocrx_word' id='word_1_347' title='bbox 929 2378 984 2426; x_wconf 88' lang='lat' dir='ltr'><strong>et</strong></span> <span class='ocrx_word' id='word_1_348' title='bbox 1012 2370 1221 2441; x_wconf 87' lang='lat' dir='ltr'><strong>lingunt</strong></span> <span class='ocrx_word' id='word_1_349' title='bbox 1243 2385 1302 2425; x_wconf 93' lang='lat' dir='ltr'><strong>se</strong></span> <span class='ocrx_word' id='word_1_350' title='bbox 1322 2371 1535 2427; x_wconf 90' lang='lat' dir='ltr'><strong>nescire</strong></span> <span class='ocrx_word' id='word_1_351' title='bbox 1555 2372 1698 2443; x_wconf 91' lang='lat' dir='ltr'><strong>quod</strong></span> <span class='ocrx_word' id='word_1_352' title='bbox 1723 2375 1926 2443; x_wconf 91' lang='lat' dir='ltr'><strong>sciunt,</strong></span> <span class='ocrx_word' id='word_1_353' title='bbox 1950 2391 2082 2432; x_wconf 92' lang='lat' dir='ltr'><strong>eon-</strong></span> <span class='ocrx_word' id='word_1_354' title='bbox 2183 2374 2291 2428; x_wconf 90' lang='lat' dir='ltr'><strong>lum</strong></span> <span class='ocrx_word' id='word_1_355' title='bbox 2339 2381 2742 2442; x_wconf 91' lang='lat' dir='ltr'><strong>pervertentes,</strong></span> <span class='ocrx_word' id='word_1_356' title='bbox 2792 2372 2893 2427; x_wconf 93' lang='lat' dir='ltr'><strong>hos</strong></span> <span class='ocrx_word' id='word_1_357' title='bbox 2937 2372 3187 2443; x_wconf 91' lang='lat' dir='ltr'><strong>corporis</strong></span> <span class='ocrx_word' id='word_1_358' title='bbox 3215 2386 3411 2428; x_wconf 91' lang='lat' dir='ltr'><strong>sensus</strong></span> <span class='ocrx_word' id='word_1_359' title='bbox 3451 2371 3672 2432; x_wconf 68' lang='lat' dir='ltr'><strong>luxuria,</strong></span> <span class='ocrx_word' id='word_1_360' title='bbox 3699 2381 3742 2426; x_wconf 84' lang='lat' dir='ltr'><strong>et</strong></span> 
     </span>
    </p>
   </div>
   <div class='ocr_carea' id='block_1_25' title="bbox 479 2461 3740 2538">
    <p class='ocr_par' dir='ltr' id='par_1_25' title="bbox 479 2461 3740 2538">
     <span class='ocr_line' id='line_1_25' title="bbox 479 2461 3740 2538; baseline -0 -21"><span class='ocrx_word' id='word_1_361' title='bbox 479 2461 916 2533; x_wconf 88' lang='lat' dir='ltr'><strong>demnanturque</strong></span> <span class='ocrx_word' id='word_1_362' title='bbox 947 2463 1039 2518; x_wconf 90' lang='lat' dir='ltr'><strong>illa</strong></span> <span class='ocrx_word' id='word_1_363' title='bbox 1080 2462 1397 2534; x_wconf 89' lang='lat' dir='ltr'><strong>prophetica</strong></span> <span class='ocrx_word' id='word_1_364' title='bbox 1426 2466 1718 2534; x_wconf 87' lang='lat' dir='ltr'><strong>sententia,</strong></span> <span class='ocrx_word' id='word_1_365' title='bbox 1749 2483 1871 2538; x_wconf 66' lang='lat' dir='ltr'><strong>quae</strong></span> <span class='ocrx_word' id='word_1_366' title='bbox 1913 2469 2078 2526; x_wconf 76' lang='lat' dir='ltr'><strong>dicit:</strong></span> <span class='ocrx_word' id='word_1_367' title='bbox 2184 2464 2403 2521; x_wconf 73' lang='lat' dir='ltr'><strong>caeteris</strong></span> <span class='ocrx_word' id='word_1_368' title='bbox 2445 2463 2588 2519; x_wconf 85' lang='lat' dir='ltr'><strong>vitiis</strong></span> <span class='ocrx_word' id='word_1_369' title='bbox 2640 2465 2850 2520; x_wconf 90' lang='lat' dir='ltr'><strong>servire</strong></span> <span class='ocrx_word' id='word_1_370' title='bbox 2877 2473 3195 2535; x_wconf 90' lang='lat' dir='ltr'><strong>coegerunt,</strong></span> <span class='ocrx_word' id='word_1_371' title='bbox 3241 2465 3381 2520; x_wconf 90' lang='lat' dir='ltr'><strong>iram</strong></span> <span class='ocrx_word' id='word_1_372' title='bbox 3431 2463 3740 2519; x_wconf 85' lang='lat' dir='ltr'><strong>nihilominus</strong></span> 
     </span>
    </p>
   </div>
   <div class='ocr_carea' id='block_1_26' title="bbox 487 2553 2047 2636">
    <p class='ocr_par' dir='ltr' id='par_1_26' title="bbox 487 2553 2047 2636">
     <span class='ocr_line' id='line_1_26' title="bbox 487 2553 2047 2636; baseline 0.008 -29"><span class='ocrx_word' id='word_1_373' title='bbox 487 2553 583 2608; x_wconf 78' lang='lat' dir='ltr'><strong>Vw</strong></span> <span class='ocrx_word' id='word_1_374' title='bbox 620 2555 708 2623; x_wconf 90' lang='lat' dir='ltr'><strong>qui</strong></span> <span class='ocrx_word' id='word_1_375' title='bbox 736 2554 912 2610; x_wconf 76' lang='lat' dir='ltr'><strong>dicitis</strong></span> <span class='ocrx_word' id='word_1_376' title='bbox 955 2557 1150 2611; x_wconf 90' lang='lat' dir='ltr'><strong>malum</strong></span> <span class='ocrx_word' id='word_1_377' title='bbox 1181 2557 1394 2626; x_wconf 87' lang='lat' dir='ltr'><strong>bonum,</strong></span> <span class='ocrx_word' id='word_1_378' title='bbox 1429 2569 1477 2613; x_wconf 89' lang='lat' dir='ltr'><strong>et</strong></span> <span class='ocrx_word' id='word_1_379' title='bbox 1507 2558 1696 2614; x_wconf 89' lang='lat' dir='ltr'><strong>bonum</strong></span> <span class='ocrx_word' id='word_1_380' title='bbox 1725 2563 1918 2616; x_wconf 88' lang='lat' dir='ltr'><strong>malum</strong></span> <span class='ocrx_word' id='word_1_381' title='bbox 1935 2581 1954 2630; x_wconf 89' lang='lat'><strong>;</strong></span> <span class='ocrx_word' id='word_1_382' title='bbox 1984 2583 2047 2636; x_wconf 88' lang='lat' dir='ltr'><strong>pa</strong></span> 
     </span>
    </p>
   </div>
   <div class='ocr_carea' id='block_1_27' title="bbox 2180 2553 3740 2636">
    <p class='ocr_par' dir='ltr' id='par_1_27' title="bbox 2181 2555 3740 2628">
     <span class='ocr_line' id='line_1_27' title="bbox 2181 2555 3740 2628; baseline -0.001 -17"><span class='ocrx_word' id='word_1_383' title='bbox 2181 2556 2311 2628; x_wconf 87' lang='lat' dir='ltr'><strong>justi</strong></span> <span class='ocrx_word' id='word_1_384' title='bbox 2336 2555 2536 2626; x_wconf 88' lang='lat' dir='ltr'><strong>judicis</strong></span> <span class='ocrx_word' id='word_1_385' title='bbox 2566 2555 2938 2612; x_wconf 89' lang='lat' dir='ltr'><strong>incurrerunt.</strong></span> <span class='ocrx_word' id='word_1_386' title='bbox 2973 2555 3142 2627; x_wconf 91' lang='lat' dir='ltr'><strong>Igitur</strong></span> <span class='ocrx_word' id='word_1_387' title='bbox 3165 2556 3213 2610; x_wconf 86' lang='lat' dir='ltr'><strong>si</strong></span> <span class='ocrx_word' id='word_1_388' title='bbox 3240 2571 3301 2611; x_wconf 89' lang='lat' dir='ltr'><strong>ea</strong></span> <span class='ocrx_word' id='word_1_389' title='bbox 3327 2571 3450 2627; x_wconf 63' lang='lat' dir='ltr'><strong>qua:</strong></span> <span class='ocrx_word' id='word_1_390' title='bbox 3475 2556 3525 2610; x_wconf 92' lang='lat' dir='ltr'><strong>in</strong></span> <span class='ocrx_word' id='word_1_391' title='bbox 3552 2569 3740 2625; x_wconf 81' lang='lat' dir='ltr'><strong>sequen-</strong></span> 
     </span>
    </p>
   </div>
   <div class='ocr_carea' id='block_1_28' title="bbox 481 2648 2041 2731">
    <p class='ocr_par' dir='ltr' id='par_1_28' title="bbox 481 2650 2038 2730">
     <span class='ocr_line' id='line_1_28' title="bbox 481 2650 2038 2730; baseline 0.008 -29"><span class='ocrx_word' id='word_1_392' title='bbox 481 2659 661 2702; x_wconf 87' lang='lat' dir='ltr'><strong>nentes</strong></span> <span class='ocrx_word' id='word_1_393' title='bbox 687 2650 920 2704; x_wconf 77' lang='lat' dir='ltr'><strong>tenebras</strong></span> <span class='ocrx_word' id='word_1_394' title='bbox 946 2651 1133 2716; x_wconf 84' lang='lat' dir='ltr'><strong>lucem,</strong></span> <span class='ocrx_word' id='word_1_395' title='bbox 1158 2660 1207 2706; x_wconf 90' lang='lat' dir='ltr'><strong>et</strong></span> <span class='ocrx_word' id='word_1_396' title='bbox 1226 2651 1392 2706; x_wconf 85' lang='lat' dir='ltr'><strong>lucem</strong></span> <span class='ocrx_word' id='word_1_397' title='bbox 1421 2654 1653 2710; x_wconf 88' lang='lat' dir='ltr'><strong>tenebras</strong></span> <span class='ocrx_word' id='word_1_398' title='bbox 1679 2655 1853 2730; x_wconf 85' lang='lat' dir='ltr'><strong>(Esai.</strong></span> <span class='ocrx_word' id='word_1_399' title='bbox 1887 2674 1940 2725; x_wconf 90' lang='lat' dir='ltr'><strong>v,</strong></span> <span class='ocrx_word' id='word_1_400' title='bbox 1965 2661 2038 2715; x_wconf 76' lang='lat'><strong>‘20</strong></span> 
     </span>
    </p>
   </div>
   <div class='ocr_carea' id='block_1_29' title="bbox 2182 2648 3742 2731">
    <p class='ocr_par' dir='ltr' id='par_1_29' title="bbox 2188 2648 3742 2720">
     <span class='ocr_line' id='line_1_29' title="bbox 2188 2648 3742 2720; baseline -0.002 -16"><span class='ocrx_word' id='word_1_401' title='bbox 2188 2649 2332 2705; x_wconf 92' lang='lat' dir='ltr'><strong>tibus</strong></span> <span class='ocrx_word' id='word_1_402' title='bbox 2371 2650 2572 2720; x_wconf 90' lang='lat' dir='ltr'><strong>scripta</strong></span> <span class='ocrx_word' id='word_1_403' title='bbox 2604 2657 2753 2714; x_wconf 89' lang='lat' dir='ltr'><strong>sunt,</strong></span> <span class='ocrx_word' id='word_1_404' title='bbox 2784 2663 2972 2704; x_wconf 85' lang='lat' dir='ltr'><strong>vocem</strong></span> <span class='ocrx_word' id='word_1_405' title='bbox 3017 2649 3228 2704; x_wconf 90' lang='lat' dir='ltr'><strong>scilicet</strong></span> <span class='ocrx_word' id='word_1_406' title='bbox 3267 2648 3666 2704; x_wconf 77' lang='lat' dir='ltr'><strong>citharmdorum</strong></span> <span class='ocrx_word' id='word_1_407' title='bbox 3703 2657 3742 2702; x_wconf 85' lang='lat' dir='ltr'><strong>et</strong></span> 
     </span>
    </p>
   </div>
   <div class='ocr_carea' id='block_1_30' title="bbox 481 2741 3744 2816">
    <p class='ocr_par' dir='ltr' id='par_1_30' title="bbox 481 2741 3744 2816">
     <span class='ocr_line' id='line_1_30' title="bbox 481 2741 3744 2816; baseline -0.002 -15"><span class='ocrx_word' id='word_1_408' title='bbox 481 2741 565 2796; x_wconf 86' lang='lat' dir='ltr'><strong>Ad</strong></span> <span class='ocrx_word' id='word_1_409' title='bbox 596 2752 647 2797; x_wconf 83' lang='lat' dir='ltr'><strong>le</strong></span> <span class='ocrx_word' id='word_1_410' title='bbox 668 2758 797 2812; x_wconf 79' lang='lat' dir='ltr'><strong>ergo</strong></span> <span class='ocrx_word' id='word_1_411' title='bbox 822 2746 1038 2815; x_wconf 91' lang='lat' dir='ltr'><strong>loquor,</strong></span> <span class='ocrx_word' id='word_1_412' title='bbox 1065 2747 1160 2816; x_wconf 91' lang='lat' dir='ltr'><strong>qui</strong></span> <span class='ocrx_word' id='word_1_413' title='bbox 1187 2747 1312 2802; x_wconf 88' lang='lat' dir='ltr'><strong>talis</strong></span> <span class='ocrx_word' id='word_1_414' title='bbox 1355 2763 1414 2802; x_wconf 91' lang='lat' dir='ltr'><strong>es</strong></span> <span class='ocrx_word' id='word_1_415' title='bbox 1441 2766 1455 2801; x_wconf 89' lang='lat'><strong>:</strong></span> <span class='ocrx_word' id='word_1_416' title='bbox 1486 2763 1614 2806; x_wconf 91' lang='lat' dir='ltr'><strong>ecce</strong></span> <span class='ocrx_word' id='word_1_417' title='bbox 1637 2752 1874 2806; x_wconf 85' lang='lat' dir='ltr'><strong>animam</strong></span> <span class='ocrx_word' id='word_1_418' title='bbox 1904 2769 2088 2811; x_wconf 73' lang='lat' dir='ltr'><strong>sacer-</strong></span> <span class='ocrx_word' id='word_1_419' title='bbox 2190 2745 2546 2812; x_wconf 90' lang='lat' dir='ltr'><strong>musicorum,</strong></span> <span class='ocrx_word' id='word_1_420' title='bbox 2577 2753 2632 2800; x_wconf 92' lang='lat' dir='ltr'><strong>et</strong></span> <span class='ocrx_word' id='word_1_421' title='bbox 2653 2743 2782 2798; x_wconf 90' lang='lat' dir='ltr'><strong>tibia</strong></span> <span class='ocrx_word' id='word_1_422' title='bbox 2811 2741 3126 2798; x_wconf 84' lang='lat' dir='ltr'><strong>canentium</strong></span> <span class='ocrx_word' id='word_1_423' title='bbox 3156 2751 3214 2798; x_wconf 90' lang='lat' dir='ltr'><strong>et</strong></span> <span class='ocrx_word' id='word_1_424' title='bbox 3242 2743 3392 2808; x_wconf 91' lang='lat' dir='ltr'><strong>tuba,</strong></span> <span class='ocrx_word' id='word_1_425' title='bbox 3422 2756 3540 2798; x_wconf 91' lang='lat' dir='ltr'><strong>cum</strong></span> <span class='ocrx_word' id='word_1_426' title='bbox 3564 2741 3624 2797; x_wconf 90' lang='lat' dir='ltr'><strong>iis</strong></span> <span class='ocrx_word' id='word_1_427' title='bbox 3641 2757 3744 2796; x_wconf 87' lang='lat' dir='ltr'><strong>con-</strong></span> 
     </span>
    </p>
   </div>
   <div class='ocr_carea' id='block_1_31' title="bbox 482 2833 3746 2918">
    <p class='ocr_par' dir='ltr' id='par_1_31' title="bbox 482 2833 3746 2918">
     <span class='ocr_line' id='line_1_31' title="bbox 482 2833 3746 2918; baseline -0 -30"><span class='ocrx_word' id='word_1_428' title='bbox 482 2835 630 2890; x_wconf 90' lang='lat' dir='ltr'><strong>dotis</strong></span> <span class='ocrx_word' id='word_1_429' title='bbox 658 2833 874 2891; x_wconf 90' lang='lat' dir='ltr'><strong>diabolo</strong></span> <span class='ocrx_word' id='word_1_430' title='bbox 903 2837 1213 2893; x_wconf 90' lang='lat' dir='ltr'><strong>vendidisti.</strong></span> <span class='ocrx_word' id='word_1_431' title='bbox 1241 2840 1374 2908; x_wconf 85' lang='lat' dir='ltr'><strong>Quis</strong></span> <span class='ocrx_word' id='word_1_432' title='bbox 1397 2841 1540 2896; x_wconf 92' lang='lat' dir='ltr'><strong>enim</strong></span> <span class='ocrx_word' id='word_1_433' title='bbox 1570 2844 1742 2898; x_wconf 91' lang='lat' dir='ltr'><strong>suasit</strong></span> <span class='ocrx_word' id='word_1_434' title='bbox 1769 2845 2090 2918; x_wconf 87' lang='lat' dir='ltr'><strong>presbytero</strong></span> <span class='ocrx_word' id='word_1_435' title='bbox 2185 2839 2419 2912; x_wconf 76' lang='lat' dir='ltr'><strong>iungere</strong></span> <span class='ocrx_word' id='word_1_436' title='bbox 2437 2838 2713 2904; x_wconf 89' lang='lat' dir='ltr'><strong>volueris;</strong></span> <span class='ocrx_word' id='word_1_437' title='bbox 2743 2839 2995 2893; x_wconf 87' lang='lat' dir='ltr'><strong>invenies</strong></span> <span class='ocrx_word' id='word_1_438' title='bbox 3012 2853 3208 2892; x_wconf 85' lang='lat' dir='ltr'><strong>omnes</strong></span> <span class='ocrx_word' id='word_1_439' title='bbox 3234 2836 3454 2892; x_wconf 88' lang='lat' dir='ltr'><strong>divitias</strong></span> <span class='ocrx_word' id='word_1_440' title='bbox 3480 2833 3746 2905; x_wconf 78' lang='lat' dir='ltr'><strong>Babylonis,</strong></span> 
     </span>
    </p>
   </div>
   <div class='ocr_carea' id='block_1_32' title="bbox 487 2928 3744 3009">
    <p class='ocr_par' dir='ltr' id='par_1_32' title="bbox 487 2928 3744 3009">
     <span class='ocr_line' id='line_1_32' title="bbox 487 2928 3744 3009; baseline 0.002 -26"><span class='ocrx_word' id='word_1_441' title='bbox 487 2936 550 2983; x_wconf 89' lang='lat' dir='ltr'><strong>ut</strong></span> <span class='ocrx_word' id='word_1_442' title='bbox 600 2928 978 2997; x_wconf 83' lang='lat' dir='ltr'><strong>loruiearetur,</strong></span> <span class='ocrx_word' id='word_1_443' title='bbox 1033 2933 1136 2987; x_wconf 92' lang='lat' dir='ltr'><strong>nisi</strong></span> <span class='ocrx_word' id='word_1_444' title='bbox 1182 2933 1468 2990; x_wconf 88' lang='lat' dir='ltr'><strong>diabolus?</strong></span> <span class='ocrx_word' id='word_1_445' title='bbox 1509 2935 1613 3004; x_wconf 87' lang='lat' dir='ltr'><strong>Qui</strong></span> <span class='ocrx_word' id='word_1_446' title='bbox 1653 2953 1783 3009; x_wconf 83' lang='lat' dir='ltr'><strong>ergo</strong></span> <span class='ocrx_word' id='word_1_447' title='bbox 1825 2940 1996 2995; x_wconf 88' lang='lat' dir='ltr'><strong>suasit</strong></span> <span class='ocrx_word' id='word_1_448' title='bbox 2033 2950 2090 2996; x_wconf 91' lang='lat' dir='ltr'><strong>ut</strong></span> <span class='ocrx_word' id='word_1_449' title='bbox 2191 2933 2422 3004; x_wconf 63' lang='lat' dir='ltr'><strong>quwhic</strong></span> <span class='ocrx_word' id='word_1_450' title='bbox 2441 2931 2733 3002; x_wconf 68' lang='grc' dir='ltr'><strong>ἀθεοτίριω</strong></span> <span class='ocrx_word' id='word_1_451' title='bbox 2757 2931 2997 2999; x_wconf 53' lang='lat' dir='ltr'><strong>sunt.“</strong></span> <span class='ocrx_word' id='word_1_452' title='bbox 3025 2931 3269 3001; x_wconf 86' lang='lat' dir='ltr'><strong>quinque</strong></span> <span class='ocrx_word' id='word_1_453' title='bbox 3291 2930 3540 3000; x_wconf 80' lang='lat' dir='ltr'><strong>corporis</strong></span> <span class='ocrx_word' id='word_1_454' title='bbox 3563 2939 3744 2990; x_wconf 73' lang='lat' dir='ltr'><strong>sensus.</strong></span> 
     </span>
    </p>
   </div>
   <div class='ocr_carea' id='block_1_33' title="bbox 489 3021 3748 3100">
    <p class='ocr_par' dir='ltr' id='par_1_33' title="bbox 489 3021 3748 3100">
     <span class='ocr_line' id='line_1_33' title="bbox 489 3021 3748 3100; baseline -0.001 -26"><span class='ocrx_word' id='word_1_455' title='bbox 489 3021 997 3093; x_wconf 78' lang='lat' dir='ltr'><strong>fornicaretur,ipse</strong></span> <span class='ocrx_word' id='word_1_456' title='bbox 1010 3026 1502 3097; x_wconf 89' lang='lat' dir='ltr'><strong>suasitutpretium</strong></span> <span class='ocrx_word' id='word_1_457' title='bbox 1522 3027 1614 3084; x_wconf 91' lang='lat' dir='ltr'><strong>tibi</strong></span> <span class='ocrx_word' id='word_1_458' title='bbox 1631 3028 1806 3095; x_wconf 90' lang='lat' dir='ltr'><strong>daret,</strong></span> <span class='ocrx_word' id='word_1_459' title='bbox 1825 3041 2092 3100; x_wconf 89' lang='lat' dir='ltr'><strong>quatenus</strong></span> <span class='ocrx_word' id='word_1_460' title='bbox 2193 3036 2253 3082; x_wconf 91' lang='lat' dir='ltr'><strong>ut</strong></span> <span class='ocrx_word' id='word_1_461' title='bbox 2277 3040 2444 3096; x_wconf 91' lang='lat' dir='ltr'><strong>supra</strong></span> <span class='ocrx_word' id='word_1_462' title='bbox 2467 3025 2725 3091; x_wconf 80' lang='lat' dir='ltr'><strong>diximus,</strong></span> <span class='ocrx_word' id='word_1_463' title='bbox 2755 3024 3057 3094; x_wconf 90' lang='lat' dir='ltr'><strong>pertinere.</strong></span> <span class='ocrx_word' id='word_1_464' title='bbox 3087 3024 3292 3078; x_wconf 87' lang='lat' dir='ltr'><strong>Aurum</strong></span> <span class='ocrx_word' id='word_1_465' title='bbox 3339 3037 3588 3093; x_wconf 86' lang='lat' dir='ltr'><strong>namque,</strong></span> <span class='ocrx_word' id='word_1_466' title='bbox 3614 3029 3661 3075; x_wconf 90' lang='lat' dir='ltr'><strong>et</strong></span> <span class='ocrx_word' id='word_1_467' title='bbox 3681 3035 3748 3073; x_wconf 81' lang='lat' dir='ltr'><strong>ar-</strong></span> 
     </span>
    </p>
   </div>
   <div class='ocr_carea' id='block_1_34' title="bbox 492 3107 2052 3194">
    <p class='ocr_par' dir='ltr' id='par_1_34' title="bbox 492 3113 2052 3193">
     <span class='ocr_line' id='line_1_34' title="bbox 492 3113 2052 3193; baseline 0.01 -26"><span class='ocrx_word' id='word_1_468' title='bbox 492 3113 598 3170; x_wconf 87' lang='lat' dir='ltr'><strong>hoe</strong></span> <span class='ocrx_word' id='word_1_469' title='bbox 637 3115 818 3170; x_wconf 90' lang='lat' dir='ltr'><strong>scelus</strong></span> <span class='ocrx_word' id='word_1_470' title='bbox 850 3116 969 3173; x_wconf 90' lang='lat' dir='ltr'><strong>sine</strong></span> <span class='ocrx_word' id='word_1_471' title='bbox 1003 3119 1198 3175; x_wconf 89' lang='lat' dir='ltr'><strong>timore</strong></span> <span class='ocrx_word' id='word_1_472' title='bbox 1240 3131 1556 3191; x_wconf 89' lang='lat' dir='ltr'><strong>perpetrare</strong></span> <span class='ocrx_word' id='word_1_473' title='bbox 1586 3134 1789 3193; x_wconf 89' lang='lat' dir='ltr'><strong>posset.</strong></span> <span class='ocrx_word' id='word_1_474' title='bbox 1823 3125 1929 3182; x_wconf 82' lang='lat' dir='ltr'><strong>Per</strong></span> <span class='ocrx_word' id='word_1_475' title='bbox 1974 3143 2052 3182; x_wconf 84' lang='lat' dir='ltr'><strong>ma</strong></span> 
     </span>
    </p>
   </div>
   <div class='ocr_carea' id='block_1_35' title="bbox 2187 3107 3747 3194">
    <p class='ocr_par' dir='ltr' id='par_1_35' title="bbox 2193 3116 3747 3194">
     <span class='ocr_line' id='line_1_35' title="bbox 2193 3116 3747 3194; baseline -0.006 -18"><span class='ocrx_word' id='word_1_476' title='bbox 2193 3131 2438 3194; x_wconf 90' lang='lat' dir='ltr'><strong>geutum,</strong></span> <span class='ocrx_word' id='word_1_477' title='bbox 2467 3129 2523 3176; x_wconf 91' lang='lat' dir='ltr'><strong>et</strong></span> <span class='ocrx_word' id='word_1_478' title='bbox 2552 3119 2760 3190; x_wconf 89' lang='lat' dir='ltr'><strong>lapides</strong></span> <span class='ocrx_word' id='word_1_479' title='bbox 2791 3119 3110 3189; x_wconf 88' lang='lat' dir='ltr'><strong>pretiosi,et</strong></span> <span class='ocrx_word' id='word_1_480' title='bbox 3132 3117 3469 3188; x_wconf 54' lang='lat' dir='ltr'><strong>margarita,</strong></span> <span class='ocrx_word' id='word_1_481' title='bbox 3489 3117 3555 3171; x_wconf 88' lang='lat' dir='ltr'><strong>ad</strong></span> <span class='ocrx_word' id='word_1_482' title='bbox 3571 3116 3747 3170; x_wconf 80' lang='lat' dir='ltr'><strong>visum:</strong></span> 
     </span>
    </p>
   </div>
   <div class='ocr_carea' id='block_1_36' title="bbox 495 3211 3750 3294">
    <p class='ocr_par' dir='ltr' id='par_1_36' title="bbox 495 3211 3750 3294">
     <span class='ocr_line' id='line_1_36' title="bbox 495 3211 3750 3294; baseline 0.002 -34"><span class='ocrx_word' id='word_1_483' title='bbox 495 3222 624 3261; x_wconf 91' lang='lat' dir='ltr'><strong>num</strong></span> <span class='ocrx_word' id='word_1_484' title='bbox 665 3222 793 3278; x_wconf 85' lang='lat' dir='ltr'><strong>ergo</strong></span> <span class='ocrx_word' id='word_1_485' title='bbox 823 3211 1129 3282; x_wconf 90' lang='lat' dir='ltr'><strong>presbyteri</strong></span> <span class='ocrx_word' id='word_1_486' title='bbox 1163 3215 1392 3284; x_wconf 86' lang='lat' dir='ltr'><strong>pretium</strong></span> <span class='ocrx_word' id='word_1_487' title='bbox 1438 3217 1761 3286; x_wconf 89' lang='lat' dir='ltr'><strong>perditionis</strong></span> <span class='ocrx_word' id='word_1_488' title='bbox 1790 3223 1985 3278; x_wconf 65' lang='lat' dir='ltr'><strong>animae</strong></span> <span class='ocrx_word' id='word_1_489' title='bbox 2008 3223 2091 3294; x_wconf 89' lang='lat' dir='ltr'><strong>ip-</strong></span> <span class='ocrx_word' id='word_1_490' title='bbox 2193 3220 2411 3293; x_wconf 84' lang='lat' dir='ltr'><strong>byssus,</strong></span> <span class='ocrx_word' id='word_1_491' title='bbox 2443 3229 2500 3275; x_wconf 92' lang='lat' dir='ltr'><strong>et</strong></span> <span class='ocrx_word' id='word_1_492' title='bbox 2529 3234 2789 3290; x_wconf 88' lang='lat' dir='ltr'><strong>purpura,</strong></span> <span class='ocrx_word' id='word_1_493' title='bbox 2817 3227 2873 3275; x_wconf 93' lang='lat' dir='ltr'><strong>et</strong></span> <span class='ocrx_word' id='word_1_494' title='bbox 2891 3232 3110 3284; x_wconf 90' lang='lat' dir='ltr'><strong>coecus,</strong></span> <span class='ocrx_word' id='word_1_495' title='bbox 3133 3225 3190 3272; x_wconf 92' lang='lat' dir='ltr'><strong>et</strong></span> <span class='ocrx_word' id='word_1_496' title='bbox 3205 3226 3429 3282; x_wconf 72' lang='lat' dir='ltr'><strong>caetera,</strong></span> <span class='ocrx_word' id='word_1_497' title='bbox 3457 3215 3522 3271; x_wconf 88' lang='lat' dir='ltr'><strong>ad</strong></span> <span class='ocrx_word' id='word_1_498' title='bbox 3549 3223 3750 3270; x_wconf 85' lang='lat' dir='ltr'><strong>tactum:</strong></span> 
     </span>
    </p>
   </div>
   <div class='ocr_carea' id='block_1_37' title="bbox 493 3298 3752 3385">
    <p class='ocr_par' dir='ltr' id='par_1_37' title="bbox 493 3298 3752 3385">
     <span class='ocr_line' id='line_1_37' title="bbox 493 3298 3752 3385; baseline 0.002 -32"><span class='ocrx_word' id='word_1_499' title='bbox 493 3298 607 3354; x_wconf 90' lang='lat' dir='ltr'><strong>sius</strong></span> <span class='ocrx_word' id='word_1_500' title='bbox 651 3299 744 3355; x_wconf 92' lang='lat' dir='ltr'><strong>tibi</strong></span> <span class='ocrx_word' id='word_1_501' title='bbox 784 3301 1031 3359; x_wconf 89' lang='lat' dir='ltr'><strong>diabolus</strong></span> <span class='ocrx_word' id='word_1_502' title='bbox 1075 3305 1246 3362; x_wconf 90' lang='lat' dir='ltr'><strong>dedit.</strong></span> <span class='ocrx_word' id='word_1_503' title='bbox 1279 3308 1419 3364; x_wconf 88' lang='lat' dir='ltr'><strong>Ecce</strong></span> <span class='ocrx_word' id='word_1_504' title='bbox 1465 3311 1696 3380; x_wconf 87' lang='lat' dir='ltr'><strong>pretium</strong></span> <span class='ocrx_word' id='word_1_505' title='bbox 1726 3317 2007 3385; x_wconf 90' lang='lat' dir='ltr'><strong>accepisti,</strong></span> <span class='ocrx_word' id='word_1_506' title='bbox 2036 3325 2094 3372; x_wconf 91' lang='lat' dir='ltr'><strong>et</strong></span> <span class='ocrx_word' id='word_1_507' title='bbox 2195 3315 2626 3381; x_wconf 90' lang='lat' dir='ltr'><strong>cinnamomum,</strong></span> <span class='ocrx_word' id='word_1_508' title='bbox 2654 3320 2710 3368; x_wconf 88' lang='lat' dir='ltr'><strong>et</strong></span> <span class='ocrx_word' id='word_1_509' title='bbox 2736 3311 3118 3382; x_wconf 81' lang='lat' dir='ltr'><strong>odoramenta,</strong></span> <span class='ocrx_word' id='word_1_510' title='bbox 3145 3322 3201 3367; x_wconf 91' lang='lat' dir='ltr'><strong>et</strong></span> <span class='ocrx_word' id='word_1_511' title='bbox 3233 3319 3527 3380; x_wconf 84' lang='lat' dir='ltr'><strong>unguenta,</strong></span> <span class='ocrx_word' id='word_1_512' title='bbox 3558 3316 3611 3364; x_wconf 91' lang='lat' dir='ltr'><strong>et</strong></span> <span class='ocrx_word' id='word_1_513' title='bbox 3629 3306 3752 3370; x_wconf 84' lang='lat' dir='ltr'><strong>thus,</strong></span> 
     </span>
    </p>
   </div>
   <div class='ocr_carea' id='block_1_38' title="bbox 492 3397 3758 3475">
    <p class='ocr_par' dir='ltr' id='par_1_38' title="bbox 492 3397 3758 3475">
     <span class='ocr_line' id='line_1_38' title="bbox 492 3397 3758 3475; baseline -0 -21"><span class='ocrx_word' id='word_1_514' title='bbox 492 3397 728 3454; x_wconf 87' lang='lat' dir='ltr'><strong>animam</strong></span> <span class='ocrx_word' id='word_1_515' title='bbox 761 3398 965 3465; x_wconf 80' lang='lat' dir='ltr'><strong>fratris,</strong></span> <span class='ocrx_word' id='word_1_516' title='bbox 999 3399 1199 3455; x_wconf 91' lang='lat' dir='ltr'><strong>Christi</strong></span> <span class='ocrx_word' id='word_1_517' title='bbox 1229 3403 1489 3473; x_wconf 81' lang='lat' dir='ltr'><strong>sanguine</strong></span> <span class='ocrx_word' id='word_1_518' title='bbox 1517 3403 1877 3475; x_wconf 86' lang='lat' dir='ltr'><strong>redemptam,</strong></span> <span class='ocrx_word' id='word_1_519' title='bbox 1909 3408 2091 3466; x_wconf 93' lang='lat' dir='ltr'><strong>eidem</strong></span> <span class='ocrx_word' id='word_1_520' title='bbox 2197 3406 2263 3462; x_wconf 86' lang='lat' dir='ltr'><strong>ad</strong></span> <span class='ocrx_word' id='word_1_521' title='bbox 2289 3405 2574 3462; x_wconf 89' lang='lat' dir='ltr'><strong>odoratum</strong></span> <span class='ocrx_word' id='word_1_522' title='bbox 2608 3422 2621 3459; x_wconf 89' lang='lat'><strong>:</strong></span> <span class='ocrx_word' id='word_1_523' title='bbox 2663 3406 2875 3472; x_wconf 82' lang='lat' dir='ltr'><strong>vinum,</strong></span> <span class='ocrx_word' id='word_1_524' title='bbox 2907 3403 3114 3471; x_wconf 87' lang='lat' dir='ltr'><strong>oleum,</strong></span> <span class='ocrx_word' id='word_1_525' title='bbox 3166 3403 3388 3468; x_wconf 80' lang='lat' dir='ltr'><strong>similae,</strong></span> <span class='ocrx_word' id='word_1_526' title='bbox 3439 3401 3683 3462; x_wconf 85' lang='lat' dir='ltr'><strong>triticum,</strong></span> <span class='ocrx_word' id='word_1_527' title='bbox 3715 3406 3758 3453; x_wconf 85' lang='lat' dir='ltr'><strong>et</strong></span> 
     </span>
    </p>
   </div>
   <div class='ocr_carea' id='block_1_39' title="bbox 498 3491 3756 3570">
    <p class='ocr_par' dir='ltr' id='par_1_39' title="bbox 498 3491 3756 3570">
     <span class='ocr_line' id='line_1_39' title="bbox 498 3491 3756 3570; baseline 0 -23"><span class='ocrx_word' id='word_1_528' title='bbox 498 3491 763 3548; x_wconf 89' lang='lat' dir='ltr'><strong>diaboloa</strong></span> <span class='ocrx_word' id='word_1_529' title='bbox 794 3507 902 3564; x_wconf 91' lang='lat' dir='ltr'><strong>quo</strong></span> <span class='ocrx_word' id='word_1_530' title='bbox 938 3491 1217 3564; x_wconf 90' lang='lat' dir='ltr'><strong>redempta</strong></span> <span class='ocrx_word' id='word_1_531' title='bbox 1241 3501 1354 3560; x_wconf 90' lang='lat' dir='ltr'><strong>est,</strong></span> <span class='ocrx_word' id='word_1_532' title='bbox 1381 3494 1680 3552; x_wconf 90' lang='lat' dir='ltr'><strong>tradidisti.</strong></span> <span class='ocrx_word' id='word_1_533' title='bbox 1710 3497 1766 3552; x_wconf 92' lang='lat' dir='ltr'><strong>ln</strong></span> <span class='ocrx_word' id='word_1_534' title='bbox 1790 3497 1936 3570; x_wconf 89' lang='lat' dir='ltr'><strong>Lege</strong></span> <span class='ocrx_word' id='word_1_535' title='bbox 1957 3501 2094 3556; x_wconf 89' lang='lat' dir='ltr'><strong>scri-</strong></span> <span class='ocrx_word' id='word_1_536' title='bbox 2197 3507 2422 3562; x_wconf 63' lang='lat' dir='ltr'><strong>caetera,</strong></span> <span class='ocrx_word' id='word_1_537' title='bbox 2453 3497 2522 3553; x_wconf 88' lang='lat' dir='ltr'><strong>ad</strong></span> <span class='ocrx_word' id='word_1_538' title='bbox 2550 3507 2767 3570; x_wconf 90' lang='lat' dir='ltr'><strong>gustum</strong></span> <span class='ocrx_word' id='word_1_539' title='bbox 2804 3516 2817 3550; x_wconf 86' lang='lat'><strong>:</strong></span> <span class='ocrx_word' id='word_1_540' title='bbox 2847 3511 2957 3552; x_wconf 87' lang='lat' dir='ltr'><strong>vox</strong></span> <span class='ocrx_word' id='word_1_541' title='bbox 2983 3495 3410 3553; x_wconf 66' lang='lat' dir='ltr'><strong>citharoedorum</strong></span> <span class='ocrx_word' id='word_1_542' title='bbox 3431 3538 3446 3562; x_wconf 94' lang='lat'><strong>,</strong></span> <span class='ocrx_word' id='word_1_543' title='bbox 3479 3505 3533 3550; x_wconf 89' lang='lat' dir='ltr'><strong>et</strong></span> <span class='ocrx_word' id='word_1_544' title='bbox 3555 3493 3756 3549; x_wconf 86' lang='lat' dir='ltr'><strong>musico-</strong></span> 
     </span>
    </p>
   </div>
   <div class='ocr_carea' id='block_1_40' title="bbox 497 3586 3757 3662">
    <p class='ocr_par' dir='ltr' id='par_1_40' title="bbox 497 3586 3757 3662">
     <span class='ocr_line' id='line_1_40' title="bbox 497 3586 3757 3662; baseline -0 -22"><span class='ocrx_word' id='word_1_545' title='bbox 497 3594 648 3656; x_wconf 90' lang='lat' dir='ltr'><strong>ptum</strong></span> <span class='ocrx_word' id='word_1_546' title='bbox 666 3595 750 3642; x_wconf 92' lang='lat' dir='ltr'><strong>est</strong></span> <span class='ocrx_word' id='word_1_547' title='bbox 775 3586 919 3656; x_wconf 92' lang='lat' dir='ltr'><strong>quod</strong></span> <span class='ocrx_word' id='word_1_548' title='bbox 936 3587 980 3642; x_wconf 93' lang='lat' dir='ltr'><strong>si</strong></span> <span class='ocrx_word' id='word_1_549' title='bbox 1000 3588 1120 3658; x_wconf 91' lang='lat' dir='ltr'><strong>quis</strong></span> <span class='ocrx_word' id='word_1_550' title='bbox 1152 3587 1427 3643; x_wconf 90' lang='lat' dir='ltr'><strong>hominem</strong></span> <span class='ocrx_word' id='word_1_551' title='bbox 1457 3591 1548 3659; x_wconf 92' lang='lat' dir='ltr'><strong>qui</strong></span> <span class='ocrx_word' id='word_1_552' title='bbox 1581 3589 1750 3646; x_wconf 77' lang='lat' dir='ltr'><strong>frater</strong></span> <span class='ocrx_word' id='word_1_553' title='bbox 1779 3593 1898 3662; x_wconf 88' lang='lat' dir='ltr'><strong>ejus</strong></span> <span class='ocrx_word' id='word_1_554' title='bbox 1922 3603 2092 3661; x_wconf 91' lang='lat' dir='ltr'><strong>esset,</strong></span> <span class='ocrx_word' id='word_1_555' title='bbox 2198 3608 2340 3658; x_wconf 90' lang='lat' dir='ltr'><strong>rum,</strong></span> <span class='ocrx_word' id='word_1_556' title='bbox 2367 3601 2422 3648; x_wconf 88' lang='lat' dir='ltr'><strong>et</strong></span> <span class='ocrx_word' id='word_1_557' title='bbox 2445 3591 2574 3647; x_wconf 91' lang='lat' dir='ltr'><strong>tibia</strong></span> <span class='ocrx_word' id='word_1_558' title='bbox 2603 3591 2936 3654; x_wconf 88' lang='lat' dir='ltr'><strong>canentium,</strong></span> <span class='ocrx_word' id='word_1_559' title='bbox 2961 3589 3028 3645; x_wconf 87' lang='lat' dir='ltr'><strong>ad</strong></span> <span class='ocrx_word' id='word_1_560' title='bbox 3043 3589 3293 3644; x_wconf 88' lang='lat' dir='ltr'><strong>auditum</strong></span> <span class='ocrx_word' id='word_1_561' title='bbox 3310 3588 3606 3658; x_wconf 89' lang='lat' dir='ltr'><strong>pertinent.</strong></span> <span class='ocrx_word' id='word_1_562' title='bbox 3628 3586 3757 3640; x_wconf 80' lang='lat' dir='ltr'><strong>Darn-</strong></span> 
     </span>
    </p>
   </div>
   <div class='ocr_carea' id='block_1_41' title="bbox 498 3677 3759 3758">
    <p class='ocr_par' dir='ltr' id='par_1_41' title="bbox 498 3677 3759 3758">
     <span class='ocr_line' id='line_1_41' title="bbox 498 3677 3759 3758; baseline 0.001 -28"><span class='ocrx_word' id='word_1_563' title='bbox 498 3677 855 3745; x_wconf 83' lang='lat' dir='ltr'><strong>vendidisset,</strong></span> <span class='ocrx_word' id='word_1_564' title='bbox 877 3690 1052 3735; x_wconf 90' lang='lat' dir='ltr'><strong>morte</strong></span> <span class='ocrx_word' id='word_1_565' title='bbox 1079 3679 1600 3749; x_wconf 72' lang='lat' dir='ltr'><strong>moreretur(lt&#39;:rod.</strong></span> <span class='ocrx_word' id='word_1_566' title='bbox 1635 3699 1751 3750; x_wconf 81' lang='lat' dir='ltr'><strong>xxi,</strong></span> <span class='ocrx_word' id='word_1_567' title='bbox 1784 3684 1894 3757; x_wconf 71' lang='lat'><strong>16):</strong></span> <span class='ocrx_word' id='word_1_568' title='bbox 1925 3687 1970 3741; x_wconf 93' lang='lat' dir='ltr'><strong>si</strong></span> <span class='ocrx_word' id='word_1_569' title='bbox 1996 3687 2097 3757; x_wconf 88' lang='lat' dir='ltr'><strong>igi-</strong></span> <span class='ocrx_word' id='word_1_570' title='bbox 2201 3688 2348 3743; x_wconf 91' lang='lat' dir='ltr'><strong>natio</strong></span> <span class='ocrx_word' id='word_1_571' title='bbox 2387 3701 2518 3758; x_wconf 88' lang='lat' dir='ltr'><strong>ergo</strong></span> <span class='ocrx_word' id='word_1_572' title='bbox 2563 3685 2879 3757; x_wconf 86' lang='lat' dir='ltr'><strong>Babylonis,</strong></span> <span class='ocrx_word' id='word_1_573' title='bbox 2921 3685 3063 3738; x_wconf 90' lang='lat' dir='ltr'><strong>sicut</strong></span> <span class='ocrx_word' id='word_1_574' title='bbox 3092 3682 3210 3738; x_wconf 84' lang='lat' dir='ltr'><strong>haec</strong></span> <span class='ocrx_word' id='word_1_575' title='bbox 3240 3682 3523 3752; x_wconf 85' lang='lat' dir='ltr'><strong>Scriptura</strong></span> <span class='ocrx_word' id='word_1_576' title='bbox 3567 3679 3759 3735; x_wconf 62' lang='lat' dir='ltr'><strong>demum</strong></span> 
     </span>
    </p>
   </div>
   <div class='ocr_carea' id='block_1_42' title="bbox 499 3771 3762 3860">
    <p class='ocr_par' dir='ltr' id='par_1_42' title="bbox 499 3771 3762 3860">
     <span class='ocr_line' id='line_1_42' title="bbox 499 3771 3762 3860; baseline 0 -34"><span class='ocrx_word' id='word_1_577' title='bbox 499 3780 586 3826; x_wconf 90' lang='lat' dir='ltr'><strong>tur</strong></span> <span class='ocrx_word' id='word_1_578' title='bbox 607 3785 736 3827; x_wconf 90' lang='lat' dir='ltr'><strong>reus</strong></span> <span class='ocrx_word' id='word_1_579' title='bbox 753 3781 836 3827; x_wconf 88' lang='lat' dir='ltr'><strong>est</strong></span> <span class='ocrx_word' id='word_1_580' title='bbox 860 3771 977 3840; x_wconf 90' lang='lat' dir='ltr'><strong>ille,</strong></span> <span class='ocrx_word' id='word_1_581' title='bbox 999 3772 1091 3842; x_wconf 92' lang='lat' dir='ltr'><strong>qui</strong></span> <span class='ocrx_word' id='word_1_582' title='bbox 1116 3772 1394 3828; x_wconf 91' lang='lat' dir='ltr'><strong>hominem</strong></span> <span class='ocrx_word' id='word_1_583' title='bbox 1425 3773 1631 3830; x_wconf 91' lang='lat' dir='ltr'><strong>homini</strong></span> <span class='ocrx_word' id='word_1_584' title='bbox 1654 3777 1871 3844; x_wconf 90' lang='lat' dir='ltr'><strong>vendit;</strong></span> <span class='ocrx_word' id='word_1_585' title='bbox 1893 3789 2094 3848; x_wconf 88' lang='lat' dir='ltr'><strong>quanto</strong></span> <span class='ocrx_word' id='word_1_586' title='bbox 2199 3789 2357 3848; x_wconf 87' lang='lat' dir='ltr'><strong>strat,</strong></span> <span class='ocrx_word' id='word_1_587' title='bbox 2399 3779 2635 3834; x_wconf 83' lang='lat' dir='ltr'><strong>maxime</strong></span> <span class='ocrx_word' id='word_1_588' title='bbox 2670 3778 2725 3832; x_wconf 93' lang='lat' dir='ltr'><strong>in</strong></span> <span class='ocrx_word' id='word_1_589' title='bbox 2765 3775 2978 3860; x_wconf 74' lang='lat' dir='ltr'><strong>divitiis</strong></span> <span class='ocrx_word' id='word_1_590' title='bbox 3002 3776 3283 3840; x_wconf 91' lang='lat' dir='ltr'><strong>consistit;</strong></span> <span class='ocrx_word' id='word_1_591' title='bbox 3323 3790 3390 3830; x_wconf 91' lang='lat' dir='ltr'><strong>eo</strong></span> <span class='ocrx_word' id='word_1_592' title='bbox 3419 3773 3562 3845; x_wconf 89' lang='lat' dir='ltr'><strong>quod</strong></span> <span class='ocrx_word' id='word_1_593' title='bbox 3589 3772 3762 3827; x_wconf 66' lang='lat' dir='ltr'><strong>divitia</strong></span> 
     </span>
    </p>
   </div>
   <div class='ocr_carea' id='block_1_43' title="bbox 497 3865 3763 3942">
    <p class='ocr_par' dir='ltr' id='par_1_43' title="bbox 497 3865 3763 3942">
     <span class='ocr_line' id='line_1_43' title="bbox 497 3865 3763 3942; baseline 0 -24"><span class='ocrx_word' id='word_1_594' title='bbox 497 3865 666 3936; x_wconf 82' lang='lat' dir='ltr'><strong>magis</strong></span> <span class='ocrx_word' id='word_1_595' title='bbox 701 3873 755 3920; x_wconf 91' lang='lat' dir='ltr'><strong>tu</strong></span> <span class='ocrx_word' id='word_1_596' title='bbox 783 3879 910 3920; x_wconf 91' lang='lat' dir='ltr'><strong>reus</strong></span> <span class='ocrx_word' id='word_1_597' title='bbox 932 3865 1120 3921; x_wconf 81' lang='lat' dir='ltr'><strong>existis</strong></span> <span class='ocrx_word' id='word_1_598' title='bbox 1173 3867 1263 3937; x_wconf 91' lang='lat' dir='ltr'><strong>qui</strong></span> <span class='ocrx_word' id='word_1_599' title='bbox 1293 3867 1567 3923; x_wconf 88' lang='lat' dir='ltr'><strong>hominem</strong></span> <span class='ocrx_word' id='word_1_600' title='bbox 1600 3869 1802 3925; x_wconf 89' lang='lat' dir='ltr'><strong>Christi</strong></span> <span class='ocrx_word' id='word_1_601' title='bbox 1829 3873 2097 3942; x_wconf 89' lang='lat' dir='ltr'><strong>sanguine</strong></span> <span class='ocrx_word' id='word_1_602' title='bbox 2200 3874 2536 3930; x_wconf 89' lang='lat' dir='ltr'><strong>nutrimenta</strong></span> <span class='ocrx_word' id='word_1_603' title='bbox 2585 3872 2698 3928; x_wconf 90' lang='lat' dir='ltr'><strong>sint</strong></span> <span class='ocrx_word' id='word_1_604' title='bbox 2752 3869 3033 3933; x_wconf 87' lang='lat' dir='ltr'><strong>vitiorum,</strong></span> <span class='ocrx_word' id='word_1_605' title='bbox 3077 3880 3134 3925; x_wconf 88' lang='lat' dir='ltr'><strong>et</strong></span> <span class='ocrx_word' id='word_1_606' title='bbox 3181 3885 3245 3924; x_wconf 89' lang='lat' dir='ltr'><strong>ex</strong></span> <span class='ocrx_word' id='word_1_607' title='bbox 3297 3869 3497 3939; x_wconf 87' lang='lat' dir='ltr'><strong>quibus</strong></span> <span class='ocrx_word' id='word_1_608' title='bbox 3543 3865 3763 3928; x_wconf 80' lang='lat' dir='ltr'><strong>avaritia,</strong></span> 
     </span>
    </p>
   </div>
   <div class='ocr_carea' id='block_1_44' title="bbox 496 3957 3764 4040">
    <p class='ocr_par' dir='ltr' id='par_1_44' title="bbox 496 3957 3764 4040">
     <span class='ocr_line' id='line_1_44' title="bbox 496 3957 3764 4040; baseline -0 -27"><span class='ocrx_word' id='word_1_609' title='bbox 496 3957 842 4030; x_wconf 90' lang='lat' dir='ltr'><strong>redemptum</strong></span> <span class='ocrx_word' id='word_1_610' title='bbox 871 3975 976 4015; x_wconf 93' lang='lat' dir='ltr'><strong>non</strong></span> <span class='ocrx_word' id='word_1_611' title='bbox 1011 3960 1238 4028; x_wconf 91' lang='lat' dir='ltr'><strong>homini,</strong></span> <span class='ocrx_word' id='word_1_612' title='bbox 1266 3961 1364 4018; x_wconf 93' lang='lat' dir='ltr'><strong>sed</strong></span> <span class='ocrx_word' id='word_1_613' title='bbox 1407 3963 1550 4033; x_wconf 92' lang='lat' dir='ltr'><strong>quod</strong></span> <span class='ocrx_word' id='word_1_614' title='bbox 1585 3965 1941 4034; x_wconf 82' lang='lat' dir='ltr'><strong>perniciosius</strong></span> <span class='ocrx_word' id='word_1_615' title='bbox 1988 3978 2094 4038; x_wconf 89' lang='lat' dir='ltr'><strong>est,</strong></span> <span class='ocrx_word' id='word_1_616' title='bbox 2201 3984 2321 4040; x_wconf 75' lang='lat' dir='ltr'><strong>qua:</strong></span> <span class='ocrx_word' id='word_1_617' title='bbox 2350 3967 2514 4024; x_wconf 91' lang='lat' dir='ltr'><strong>modo</strong></span> <span class='ocrx_word' id='word_1_618' title='bbox 2543 3965 2729 4038; x_wconf 86' lang='lat' dir='ltr'><strong>regina</strong></span> <span class='ocrx_word' id='word_1_619' title='bbox 2760 3963 2948 4020; x_wconf 89' lang='lat' dir='ltr'><strong>mundi</strong></span> <span class='ocrx_word' id='word_1_620' title='bbox 2973 3962 3080 4019; x_wconf 90' lang='lat' dir='ltr'><strong>dici</strong></span> <span class='ocrx_word' id='word_1_621' title='bbox 3109 3971 3313 4035; x_wconf 89' lang='lat' dir='ltr'><strong>potest,</strong></span> <span class='ocrx_word' id='word_1_622' title='bbox 3333 3961 3603 4019; x_wconf 78' lang='lat' dir='ltr'><strong>luxuriam</strong></span> <span class='ocrx_word' id='word_1_623' title='bbox 3630 3960 3764 4015; x_wconf 83' lang='lat' dir='ltr'><strong>ﬁliam</strong></span> 
     </span>
    </p>
   </div>
   <div class='ocr_carea' id='block_1_45' title="bbox 496 4051 3354 4128">
    <p class='ocr_par' dir='ltr' id='par_1_45' title="bbox 496 4051 3354 4128">
     <span class='ocr_line' id='line_1_45' title="bbox 496 4051 3354 4128; baseline 0.004 -22"><span class='ocrx_word' id='word_1_624' title='bbox 496 4051 715 4107; x_wconf 88' lang='lat' dir='ltr'><strong>diabolo</strong></span> <span class='ocrx_word' id='word_1_625' title='bbox 761 4052 1083 4108; x_wconf 88' lang='lat' dir='ltr'><strong>vendidisti!</strong></span> <span class='ocrx_word' id='word_1_626' title='bbox 1123 4054 1284 4110; x_wconf 88' lang='lat' dir='ltr'><strong>Tales</strong></span> <span class='ocrx_word' id='word_1_627' title='bbox 1313 4070 1444 4126; x_wconf 89' lang='lat' dir='ltr'><strong>ergo</strong></span> <span class='ocrx_word' id='word_1_628' title='bbox 1482 4058 1849 4128; x_wconf 87' lang='lat' dir='ltr'><strong>negotiatores</strong></span> <span class='ocrx_word' id='word_1_629' title='bbox 1887 4059 2098 4118; x_wconf 84' lang='lat' dir='ltr'><strong>ﬂebunt</strong></span> <span class='ocrx_word' id='word_1_630' title='bbox 2200 4075 2352 4116; x_wconf 88' lang='lat' dir='ltr'><strong>suam</strong></span> <span class='ocrx_word' id='word_1_631' title='bbox 2381 4059 2498 4114; x_wconf 91' lang='lat' dir='ltr'><strong>alit.</strong></span> <span class='ocrx_word' id='word_1_632' title='bbox 2707 4057 2722 4063; x_wconf 86' lang='grc'><em>’</em></span> <span class='ocrx_word' id='word_1_633' title='bbox 3348 4090 3354 4095; x_wconf 92' lang='grc'><strong>-</strong></span> 
     </span>
    </p>
   </div>
   <div class='ocr_carea' id='block_1_46' title="bbox 497 4147 3768 4222">
    <p class='ocr_par' dir='ltr' id='par_1_46' title="bbox 497 4147 3768 4222">
     <span class='ocr_line' id='line_1_46' title="bbox 497 4147 3768 4222; baseline -0.001 -19"><span class='ocrx_word' id='word_1_634' title='bbox 497 4156 555 4203; x_wconf 92' lang='lat' dir='ltr'><strong>et</strong></span> <span class='ocrx_word' id='word_1_635' title='bbox 588 4147 850 4218; x_wconf 87' lang='lat' dir='ltr'><strong>lugebunt</strong></span> <span class='ocrx_word' id='word_1_636' title='bbox 903 4148 956 4202; x_wconf 90' lang='lat' dir='ltr'><strong>in</strong></span> <span class='ocrx_word' id='word_1_637' title='bbox 1006 4147 1239 4215; x_wconf 78' lang='lat' dir='ltr'><strong>inferno,</strong></span> <span class='ocrx_word' id='word_1_638' title='bbox 1273 4151 1526 4220; x_wconf 92' lang='lat' dir='ltr'><strong>quoniam</strong></span> <span class='ocrx_word' id='word_1_639' title='bbox 1575 4154 1859 4209; x_wconf 90' lang='lat' dir='ltr'><strong>mercedes</strong></span> <span class='ocrx_word' id='word_1_640' title='bbox 1905 4170 2096 4212; x_wconf 90' lang='lat' dir='ltr'><strong>eorum</strong></span> <span class='ocrx_word' id='word_1_641' title='bbox 2274 4152 2458 4222; x_wconf 87' lang='lat' dir='ltr'><strong>(Vers.</strong></span> <span class='ocrx_word' id='word_1_642' title='bbox 2489 4150 2578 4216; x_wconf 80' lang='grc'><strong>15,</strong></span> <span class='ocrx_word' id='word_1_643' title='bbox 2615 4149 2706 4214; x_wconf 88' lang='grc'><strong>16,</strong></span> <span class='ocrx_word' id='word_1_644' title='bbox 2755 4147 2870 4220; x_wconf 89' lang='grc'><strong>17.)</strong></span> <span class='ocrx_word' id='word_1_645' title='bbox 2913 4148 3015 4216; x_wconf 84' lang='lat' dir='ltr'><strong>Qui</strong></span> <span class='ocrx_word' id='word_1_646' title='bbox 3043 4148 3231 4214; x_wconf 76' lang='lat' dir='ltr'><strong>divites</strong></span> <span class='ocrx_word' id='word_1_647' title='bbox 3265 4150 3395 4221; x_wconf 75' lang='lat' dir='ltr'><strong>facti</strong></span> <span class='ocrx_word' id='word_1_648' title='bbox 3449 4159 3592 4214; x_wconf 85' lang='lat' dir='ltr'><strong>sunt,</strong></span> <span class='ocrx_word' id='word_1_649' title='bbox 3636 4149 3690 4202; x_wconf 79' lang='lat' dir='ltr'><strong>ab</strong></span> <span class='ocrx_word' id='word_1_650' title='bbox 3721 4164 3768 4200; x_wconf 72' lang='lat' dir='ltr'><strong>ea</strong></span> 
     </span>
    </p>
   </div>
   <div class='ocr_carea' id='block_1_47' title="bbox 499 4241 3768 4320">
    <p class='ocr_par' dir='ltr' id='par_1_47' title="bbox 499 4241 3768 4320">
     <span class='ocr_line' id='line_1_47' title="bbox 499 4241 3768 4320; baseline -0.001 -24"><span class='ocrx_word' id='word_1_651' title='bbox 499 4255 662 4296; x_wconf 91' lang='lat' dir='ltr'><strong>nemo</strong></span> <span class='ocrx_word' id='word_1_652' title='bbox 700 4249 849 4296; x_wconf 89' lang='lat' dir='ltr'><strong>emet</strong></span> <span class='ocrx_word' id='word_1_653' title='bbox 877 4241 1142 4311; x_wconf 86' lang='lat' dir='ltr'><strong>amplius;</strong></span> <span class='ocrx_word' id='word_1_654' title='bbox 1171 4243 1423 4299; x_wconf 88' lang='lat' dir='ltr'><strong>amittent</strong></span> <span class='ocrx_word' id='word_1_655' title='bbox 1453 4245 1597 4300; x_wconf 90' lang='lat' dir='ltr'><strong>enim</strong></span> <span class='ocrx_word' id='word_1_656' title='bbox 1629 4247 1773 4315; x_wconf 92' lang='lat' dir='ltr'><strong>quod</strong></span> <span class='ocrx_word' id='word_1_657' title='bbox 1803 4257 1991 4304; x_wconf 90' lang='lat' dir='ltr'><strong>tenere</strong></span> <span class='ocrx_word' id='word_1_658' title='bbox 2017 4252 2099 4306; x_wconf 90' lang='lat' dir='ltr'><strong>vi-</strong></span> <span class='ocrx_word' id='word_1_659' title='bbox 2195 4249 2354 4320; x_wconf 85' lang='lat' dir='ltr'><strong>longe</strong></span> <span class='ocrx_word' id='word_1_660' title='bbox 2380 4245 2588 4301; x_wconf 86' lang='lat' dir='ltr'><strong>stabunt</strong></span> <span class='ocrx_word' id='word_1_661' title='bbox 2620 4252 2832 4317; x_wconf 85' lang='lat' dir='ltr'><strong>prapter</strong></span> <span class='ocrx_word' id='word_1_662' title='bbox 2863 4244 3095 4298; x_wconf 88' lang='lat' dir='ltr'><strong>timorem</strong></span> <span class='ocrx_word' id='word_1_663' title='bbox 3126 4252 3497 4298; x_wconf 82' lang='lat' dir='ltr'><strong>tormentorum</strong></span> <span class='ocrx_word' id='word_1_664' title='bbox 3515 4246 3644 4316; x_wconf 81' lang='lat' dir='ltr'><strong>ejus,</strong></span> <span class='ocrx_word' id='word_1_665' title='bbox 3663 4242 3768 4312; x_wconf 64' lang='lat' dir='ltr'><strong>(ira</strong></span> 
     </span>
    </p>
   </div>
   <div class='ocr_carea' id='block_1_48' title="bbox 495 4333 3768 4413">
    <p class='ocr_par' dir='ltr' id='par_1_48' title="bbox 495 4333 3768 4413">
     <span class='ocr_line' id='line_1_48' title="bbox 495 4333 3768 4413; baseline 0.002 -25"><span class='ocrx_word' id='word_1_666' title='bbox 495 4333 786 4403; x_wconf 75' lang='lat' dir='ltr'><strong>debentur,</strong></span> <span class='ocrx_word' id='word_1_667' title='bbox 819 4334 1134 4393; x_wconf 89' lang='lat' dir='ltr'><strong>etiucident</strong></span> <span class='ocrx_word' id='word_1_668' title='bbox 1166 4338 1218 4392; x_wconf 93' lang='lat' dir='ltr'><strong>in</strong></span> <span class='ocrx_word' id='word_1_669' title='bbox 1247 4339 1472 4407; x_wconf 88' lang='lat' dir='ltr'><strong>malum,</strong></span> <span class='ocrx_word' id='word_1_670' title='bbox 1504 4340 1649 4412; x_wconf 92' lang='lat' dir='ltr'><strong>quod</strong></span> <span class='ocrx_word' id='word_1_671' title='bbox 1675 4342 1981 4413; x_wconf 86' lang='lat' dir='ltr'><strong>praevidere</strong></span> <span class='ocrx_word' id='word_1_672' title='bbox 2005 4360 2099 4400; x_wconf 87' lang='lat' dir='ltr'><strong>ne-</strong></span> <span class='ocrx_word' id='word_1_673' title='bbox 2203 4351 2277 4395; x_wconf 85' lang='lat' dir='ltr'><strong>tes</strong></span> <span class='ocrx_word' id='word_1_674' title='bbox 2293 4351 2340 4394; x_wconf 90' lang='lat' dir='ltr'><strong>et</strong></span> <span class='ocrx_word' id='word_1_675' title='bbox 2372 4341 2681 4410; x_wconf 86' lang='lat' dir='ltr'><strong>lugentes,et</strong></span> <span class='ocrx_word' id='word_1_676' title='bbox 2704 4337 2962 4391; x_wconf 80' lang='lat' dir='ltr'><strong>dicentes:</strong></span> <span class='ocrx_word' id='word_1_677' title='bbox 3005 4334 3119 4402; x_wconf 71' lang='lat' dir='ltr'><strong>Vae,</strong></span> <span class='ocrx_word' id='word_1_678' title='bbox 3146 4349 3246 4401; x_wconf 72' lang='lat' dir='ltr'><strong>uie,</strong></span> <span class='ocrx_word' id='word_1_679' title='bbox 3273 4335 3458 4390; x_wconf 78' lang='lat' dir='ltr'><strong>ciuitas</strong></span> <span class='ocrx_word' id='word_1_680' title='bbox 3480 4336 3574 4389; x_wconf 86' lang='lat' dir='ltr'><strong>illa</strong></span> <span class='ocrx_word' id='word_1_681' title='bbox 3587 4349 3768 4406; x_wconf 65' lang='lat' dir='ltr'><strong>magna.</strong></span> 
     </span>
    </p>
   </div>
   <div class='ocr_carea' id='block_1_49' title="bbox 501 4426 3772 4502">
    <p class='ocr_par' dir='ltr' id='par_1_49' title="bbox 501 4426 3772 4502">
     <span class='ocr_line' id='line_1_49' title="bbox 501 4426 3772 4502; baseline -0.006 -6"><span class='ocrx_word' id='word_1_682' title='bbox 501 4426 812 4496; x_wconf 67' lang='grc' dir='ltr'><strong>Βίεκθτυηῑο</strong></span> <span class='ocrx_word' id='word_1_683' title='bbox 2202 4449 2317 4502; x_wconf 74' lang='lat' dir='ltr'><strong>qua:</strong></span> <span class='ocrx_word' id='word_1_684' title='bbox 2340 4433 2528 4487; x_wconf 88' lang='lat' dir='ltr'><strong>amicta</strong></span> <span class='ocrx_word' id='word_1_685' title='bbox 2549 4441 2659 4486; x_wconf 75' lang='lat' dir='ltr'><strong>erat</strong></span> <span class='ocrx_word' id='word_1_686' title='bbox 2686 4431 2836 4502; x_wconf 82' lang='lat' dir='ltr'><strong>bysso</strong></span> <span class='ocrx_word' id='word_1_687' title='bbox 2865 4439 2913 4484; x_wconf 88' lang='lat' dir='ltr'><strong>et</strong></span> <span class='ocrx_word' id='word_1_688' title='bbox 2934 4445 3191 4501; x_wconf 84' lang='lat' dir='ltr'><strong>purpura,</strong></span> <span class='ocrx_word' id='word_1_689' title='bbox 3228 4437 3275 4482; x_wconf 90' lang='lat' dir='ltr'><strong>et</strong></span> <span class='ocrx_word' id='word_1_690' title='bbox 3293 4444 3470 4494; x_wconf 88' lang='lat' dir='ltr'><strong>cocco,</strong></span> <span class='ocrx_word' id='word_1_691' title='bbox 3510 4438 3559 4482; x_wconf 87' lang='lat' dir='ltr'><strong>et</strong></span> <span class='ocrx_word' id='word_1_692' title='bbox 3589 4428 3772 4481; x_wconf 69' lang='lat' dir='ltr'><strong>inaura-</strong></span> 
     </span>
    </p>
   </div>
   <div class='ocr_carea' id='block_1_50' title="bbox 573 4509 3773 4598">
    <p class='ocr_par' dir='ltr' id='par_1_50' title="bbox 573 4509 3773 4598">
     <span class='ocr_line' id='line_1_50' title="bbox 573 4509 3773 4598; baseline 0.001 -22"><span class='ocrx_word' id='word_1_693' title='bbox 573 4519 754 4591; x_wconf 81' lang='lat' dir='ltr'><strong>(Vers.</strong></span> <span class='ocrx_word' id='word_1_694' title='bbox 789 4521 881 4591; x_wconf 72' lang='lat'><strong>12,</strong></span> <span class='ocrx_word' id='word_1_695' title='bbox 914 4523 1005 4590; x_wconf 80' lang='grc'><strong>15,</strong></span> <span class='ocrx_word' id='word_1_696' title='bbox 1037 4523 1151 4596; x_wconf 75' lang='grc'><strong>14).</strong></span> <span class='ocrx_word' id='word_1_697' title='bbox 1187 4521 1481 4580; x_wconf 81' lang='lat' dir='ltr'><strong>Mercedem</strong></span> <span class='ocrx_word' id='word_1_698' title='bbox 1526 4527 1662 4592; x_wconf 86' lang='lat' dir='ltr'><strong>auri,</strong></span> <span class='ocrx_word' id='word_1_699' title='bbox 1705 4534 1754 4580; x_wconf 89' lang='lat' dir='ltr'><strong>et</strong></span> <span class='ocrx_word' id='word_1_700' title='bbox 1796 4530 2017 4598; x_wconf 84' lang='lat' dir='ltr'><strong>argenti,</strong></span> <span class='ocrx_word' id='word_1_701' title='bbox 2051 4540 2098 4584; x_wconf 83' lang='lat' dir='ltr'><strong>et</strong></span> <span class='ocrx_word' id='word_1_702' title='bbox 2124 4509 2177 4570; x_wconf 80' lang='lat' dir='ltr'><strong>D</strong></span> <span class='ocrx_word' id='word_1_703' title='bbox 2207 4540 2277 4596; x_wconf 91' lang='lat' dir='ltr'><strong>ta,</strong></span> <span class='ocrx_word' id='word_1_704' title='bbox 2328 4545 2480 4594; x_wconf 89' lang='lat' dir='ltr'><strong>auro,</strong></span> <span class='ocrx_word' id='word_1_705' title='bbox 2518 4537 2565 4582; x_wconf 90' lang='lat' dir='ltr'><strong>et</strong></span> <span class='ocrx_word' id='word_1_706' title='bbox 2601 4528 2776 4594; x_wconf 81' lang='lat' dir='ltr'><strong>lapide</strong></span> <span class='ocrx_word' id='word_1_707' title='bbox 2812 4525 3056 4596; x_wconf 85' lang='lat' dir='ltr'><strong>pretioso,</strong></span> <span class='ocrx_word' id='word_1_708' title='bbox 3098 4534 3146 4578; x_wconf 90' lang='lat' dir='ltr'><strong>et</strong></span> <span class='ocrx_word' id='word_1_709' title='bbox 3179 4523 3518 4595; x_wconf 83' lang='lat' dir='ltr'><strong>margaritis;</strong></span> <span class='ocrx_word' id='word_1_710' title='bbox 3561 4522 3773 4590; x_wconf 62' lang='lat' dir='ltr'><strong>quoniam</strong></span> 
     </span>
    </p>
   </div>
   <div class='ocr_carea' id='block_1_51' title="bbox 498 4613 3774 4690">
    <p class='ocr_par' dir='ltr' id='par_1_51' title="bbox 498 4613 3774 4690">
     <span class='ocr_line' id='line_1_51' title="bbox 498 4613 3774 4690; baseline 0 -22"><span class='ocrx_word' id='word_1_711' title='bbox 498 4613 687 4686; x_wconf 87' lang='lat' dir='ltr'><strong>lapidis</strong></span> <span class='ocrx_word' id='word_1_712' title='bbox 715 4615 948 4684; x_wconf 87' lang='lat' dir='ltr'><strong>pretiosi,</strong></span> <span class='ocrx_word' id='word_1_713' title='bbox 983 4625 1032 4670; x_wconf 92' lang='lat' dir='ltr'><strong>et</strong></span> <span class='ocrx_word' id='word_1_714' title='bbox 1060 4619 1376 4689; x_wconf 67' lang='lat' dir='ltr'><strong>margaritae,</strong></span> <span class='ocrx_word' id='word_1_715' title='bbox 1418 4627 1466 4672; x_wconf 92' lang='lat' dir='ltr'><strong>et</strong></span> <span class='ocrx_word' id='word_1_716' title='bbox 1495 4618 1653 4688; x_wconf 84' lang='lat' dir='ltr'><strong>byssi,</strong></span> <span class='ocrx_word' id='word_1_717' title='bbox 1682 4627 1731 4673; x_wconf 91' lang='lat' dir='ltr'><strong>et</strong></span> <span class='ocrx_word' id='word_1_718' title='bbox 1760 4635 2024 4690; x_wconf 75' lang='lat' dir='ltr'><strong>purpurae,</strong></span> <span class='ocrx_word' id='word_1_719' title='bbox 2053 4633 2100 4677; x_wconf 89' lang='lat' dir='ltr'><strong>et</strong></span> <span class='ocrx_word' id='word_1_720' title='bbox 2205 4638 2312 4676; x_wconf 84' lang='lat' dir='ltr'><strong>una</strong></span> <span class='ocrx_word' id='word_1_721' title='bbox 2349 4621 2478 4676; x_wconf 90' lang='lat' dir='ltr'><strong>hora</strong></span> <span class='ocrx_word' id='word_1_722' title='bbox 2519 4619 2780 4675; x_wconf 75' lang='lat' dir='ltr'><strong>destitutae</strong></span> <span class='ocrx_word' id='word_1_723' title='bbox 2803 4626 2924 4671; x_wconf 88' lang='lat' dir='ltr'><strong>sunt</strong></span> <span class='ocrx_word' id='word_1_724' title='bbox 2955 4625 3112 4671; x_wconf 66' lang='lat' dir='ltr'><strong>tanta:</strong></span> <span class='ocrx_word' id='word_1_725' title='bbox 3148 4617 3390 4671; x_wconf 67' lang='lat' dir='ltr'><strong>diuitiis!</strong></span> <span class='ocrx_word' id='word_1_726' title='bbox 3418 4615 3576 4684; x_wconf 85' lang='lat' dir='ltr'><strong>Quod</strong></span> <span class='ocrx_word' id='word_1_727' title='bbox 3605 4615 3774 4670; x_wconf 80' lang='lat' dir='ltr'><strong>divites</strong></span> 
     </span>
    </p>
   </div>
   <div class='ocr_carea' id='block_1_52' title="bbox 493 4709 3772 4787">
    <p class='ocr_par' dir='ltr' id='par_1_52' title="bbox 493 4709 3772 4787">
     <span class='ocr_line' id='line_1_52' title="bbox 493 4709 3772 4787; baseline -0.002 -22"><span class='ocrx_word' id='word_1_728' title='bbox 493 4710 664 4778; x_wconf 90' lang='lat' dir='ltr'><strong>serici,</strong></span> <span class='ocrx_word' id='word_1_729' title='bbox 693 4721 740 4766; x_wconf 87' lang='lat' dir='ltr'><strong>et</strong></span> <span class='ocrx_word' id='word_1_730' title='bbox 764 4714 922 4778; x_wconf 90' lang='lat' dir='ltr'><strong>cocci,</strong></span> <span class='ocrx_word' id='word_1_731' title='bbox 947 4723 996 4767; x_wconf 92' lang='lat' dir='ltr'><strong>et</strong></span> <span class='ocrx_word' id='word_1_732' title='bbox 1027 4729 1175 4769; x_wconf 89' lang='lat' dir='ltr'><strong>omne</strong></span> <span class='ocrx_word' id='word_1_733' title='bbox 1203 4715 1402 4786; x_wconf 82' lang='lat' dir='ltr'><strong>lignum</strong></span> <span class='ocrx_word' id='word_1_734' title='bbox 1428 4715 1666 4786; x_wconf 83' lang='lat' dir='ltr'><strong>thynum,</strong></span> <span class='ocrx_word' id='word_1_735' title='bbox 1698 4725 1744 4770; x_wconf 89' lang='lat' dir='ltr'><strong>et</strong></span> <span class='ocrx_word' id='word_1_736' title='bbox 1767 4716 1942 4770; x_wconf 81' lang='lat' dir='ltr'><strong>munia</strong></span> <span class='ocrx_word' id='word_1_737' title='bbox 1976 4733 2097 4772; x_wconf 83' lang='lat' dir='ltr'><strong>vasa</strong></span> <span class='ocrx_word' id='word_1_738' title='bbox 2203 4715 2500 4787; x_wconf 88' lang='lat' dir='ltr'><strong>Babylonis</strong></span> <span class='ocrx_word' id='word_1_739' title='bbox 2543 4715 2703 4784; x_wconf 84' lang='lat' dir='ltr'><strong>longe</strong></span> <span class='ocrx_word' id='word_1_740' title='bbox 2730 4721 2874 4766; x_wconf 89' lang='lat' dir='ltr'><strong>stare</strong></span> <span class='ocrx_word' id='word_1_741' title='bbox 2900 4710 3174 4778; x_wconf 89' lang='lat' dir='ltr'><strong>dicantur,</strong></span> <span class='ocrx_word' id='word_1_742' title='bbox 3230 4709 3534 4765; x_wconf 87' lang='lat' dir='ltr'><strong>secundum</strong></span> <span class='ocrx_word' id='word_1_743' title='bbox 3578 4722 3772 4764; x_wconf 86' lang='lat' dir='ltr'><strong>sensum</strong></span> 
     </span>
    </p>
   </div>
   <div class='ocr_carea' id='block_1_53' title="bbox 492 4803 3772 4881">
    <p class='ocr_par' dir='ltr' id='par_1_53' title="bbox 492 4803 3772 4881">
     <span class='ocr_line' id='line_1_53' title="bbox 492 4803 3772 4881; baseline -0 -24"><span class='ocrx_word' id='word_1_744' title='bbox 492 4803 678 4870; x_wconf 84' lang='lat' dir='ltr'><strong>eboris,</strong></span> <span class='ocrx_word' id='word_1_745' title='bbox 711 4815 760 4859; x_wconf 88' lang='lat' dir='ltr'><strong>et</strong></span> <span class='ocrx_word' id='word_1_746' title='bbox 789 4808 962 4862; x_wconf 88' lang='lat' dir='ltr'><strong>omnia</strong></span> <span class='ocrx_word' id='word_1_747' title='bbox 991 4825 1110 4862; x_wconf 83' lang='lat' dir='ltr'><strong>vasa</strong></span> <span class='ocrx_word' id='word_1_748' title='bbox 1139 4811 1202 4862; x_wconf 87' lang='lat' dir='ltr'><strong>de</strong></span> <span class='ocrx_word' id='word_1_749' title='bbox 1228 4810 1400 4881; x_wconf 84' lang='lat' dir='ltr'><strong>lapide</strong></span> <span class='ocrx_word' id='word_1_750' title='bbox 1422 4810 1666 4880; x_wconf 86' lang='lat' dir='ltr'><strong>pretioso,</strong></span> <span class='ocrx_word' id='word_1_751' title='bbox 1705 4820 1751 4864; x_wconf 89' lang='lat' dir='ltr'><strong>et</strong></span> <span class='ocrx_word' id='word_1_752' title='bbox 1790 4822 2091 4880; x_wconf 66' lang='lat' dir='ltr'><strong>iuramento,</strong></span> <span class='ocrx_word' id='word_1_753' title='bbox 2199 4810 2562 4880; x_wconf 87' lang='lat' dir='ltr'><strong>superiorem,</strong></span> <span class='ocrx_word' id='word_1_754' title='bbox 2613 4821 2775 4878; x_wconf 90' lang='lat' dir='ltr'><strong>quem</strong></span> <span class='ocrx_word' id='word_1_755' title='bbox 2800 4806 2869 4861; x_wconf 93' lang='lat' dir='ltr'><strong>de</strong></span> <span class='ocrx_word' id='word_1_756' title='bbox 2915 4804 3135 4877; x_wconf 87' lang='lat' dir='ltr'><strong>regibus</strong></span> <span class='ocrx_word' id='word_1_757' title='bbox 3175 4803 3438 4869; x_wconf 87' lang='lat' dir='ltr'><strong>diximus,</strong></span> <span class='ocrx_word' id='word_1_758' title='bbox 3489 4803 3772 4874; x_wconf 83' lang='lat' dir='ltr'><strong>intelligen-</strong></span> 
     </span>
    </p>
   </div>
   <div class='ocr_carea' id='block_1_54' title="bbox 493 4901 2470 4971">
    <p class='ocr_par' dir='ltr' id='par_1_54' title="bbox 493 4901 2470 4971">
     <span class='ocr_line' id='line_1_54' title="bbox 493 4901 2470 4971; baseline 0.003 -21"><span class='ocrx_word' id='word_1_759' title='bbox 493 4906 542 4951; x_wconf 92' lang='lat' dir='ltr'><strong>et</strong></span> <span class='ocrx_word' id='word_1_760' title='bbox 567 4901 726 4968; x_wconf 83' lang='lat' dir='ltr'><strong>ferro,</strong></span> <span class='ocrx_word' id='word_1_761' title='bbox 750 4910 800 4954; x_wconf 92' lang='lat' dir='ltr'><strong>et</strong></span> <span class='ocrx_word' id='word_1_762' title='bbox 823 4916 1095 4969; x_wconf 87' lang='lat' dir='ltr'><strong>marmore,</strong></span> <span class='ocrx_word' id='word_1_763' title='bbox 1118 4912 1165 4956; x_wconf 83' lang='lat' dir='ltr'><strong>et</strong></span> <span class='ocrx_word' id='word_1_764' title='bbox 1186 4903 1531 4968; x_wconf 87' lang='lat' dir='ltr'><strong>cinnamomo,</strong></span> <span class='ocrx_word' id='word_1_765' title='bbox 1553 4913 1601 4958; x_wconf 92' lang='lat' dir='ltr'><strong>et</strong></span> <span class='ocrx_word' id='word_1_766' title='bbox 1621 4903 2092 4971; x_wconf 84' lang='lat' dir='ltr'><strong>odoramentorum,</strong></span> <span class='ocrx_word' id='word_1_767' title='bbox 2200 4901 2346 4968; x_wconf 26' lang='lat' dir='ltr'><strong>dum,</strong></span> <span class='ocrx_word' id='word_1_768' title='bbox 2365 4911 2470 4956; x_wconf 89' lang='lat' dir='ltr'><strong>est.</strong></span> 
     </span>
    </p>
   </div>
   <div class='ocr_carea' id='block_1_55' title="bbox 492 4987 3772 5066">
    <p class='ocr_par' dir='ltr' id='par_1_55' title="bbox 492 4987 3772 5066">
     <span class='ocr_line' id='line_1_55' title="bbox 492 4987 3772 5066; baseline -0.001 -22"><span class='ocrx_word' id='word_1_769' title='bbox 492 4998 540 5044; x_wconf 86' lang='lat' dir='ltr'><strong>et</strong></span> <span class='ocrx_word' id='word_1_770' title='bbox 566 4993 836 5063; x_wconf 85' lang='lat' dir='ltr'><strong>unguenti,</strong></span> <span class='ocrx_word' id='word_1_771' title='bbox 865 5002 912 5046; x_wconf 90' lang='lat' dir='ltr'><strong>et</strong></span> <span class='ocrx_word' id='word_1_772' title='bbox 934 4993 1123 5062; x_wconf 78' lang='lat' dir='ltr'><strong>thuris,</strong></span> <span class='ocrx_word' id='word_1_773' title='bbox 1153 5004 1201 5049; x_wconf 89' lang='lat' dir='ltr'><strong>et</strong></span> <span class='ocrx_word' id='word_1_774' title='bbox 1233 4995 1358 5061; x_wconf 83' lang='lat' dir='ltr'><strong>uini,</strong></span> <span class='ocrx_word' id='word_1_775' title='bbox 1393 5004 1440 5049; x_wconf 91' lang='lat' dir='ltr'><strong>et</strong></span> <span class='ocrx_word' id='word_1_776' title='bbox 1463 4995 1586 5061; x_wconf 90' lang='lat' dir='ltr'><strong>olei,</strong></span> <span class='ocrx_word' id='word_1_777' title='bbox 1623 5005 1669 5050; x_wconf 87' lang='lat' dir='ltr'><strong>et</strong></span> <span class='ocrx_word' id='word_1_778' title='bbox 1698 4997 1904 5062; x_wconf 77' lang='lat' dir='ltr'><strong>similw,</strong></span> <span class='ocrx_word' id='word_1_779' title='bbox 1933 5007 1980 5051; x_wconf 90' lang='lat' dir='ltr'><strong>et</strong></span> <span class='ocrx_word' id='word_1_780' title='bbox 2005 4998 2097 5052; x_wconf 82' lang='lat' dir='ltr'><strong>tri-</strong></span> <span class='ocrx_word' id='word_1_781' title='bbox 2273 4993 2458 5066; x_wconf 82' lang='lat' dir='ltr'><strong>(Vers.</strong></span> <span class='ocrx_word' id='word_1_782' title='bbox 2492 4995 2578 5061; x_wconf 87' lang='lat' dir='ltr'><strong>l8,</strong></span> <span class='ocrx_word' id='word_1_783' title='bbox 2611 4991 2724 5065; x_wconf 82' lang='grc'><strong>19.)</strong></span> <span class='ocrx_word' id='word_1_784' title='bbox 2750 4990 2817 5046; x_wconf 87' lang='lat' dir='ltr'><strong>Et</strong></span> <span class='ocrx_word' id='word_1_785' title='bbox 2832 4992 2999 5047; x_wconf 86' lang='lat' dir='ltr'><strong>omnis</strong></span> <span class='ocrx_word' id='word_1_786' title='bbox 3025 4991 3367 5063; x_wconf 84' lang='lat' dir='ltr'><strong>gubernator,</strong></span> <span class='ocrx_word' id='word_1_787' title='bbox 3390 4997 3437 5044; x_wconf 91' lang='lat' dir='ltr'><strong>et</strong></span> <span class='ocrx_word' id='word_1_788' title='bbox 3461 5005 3635 5045; x_wconf 85' lang='lat' dir='ltr'><strong>omnes</strong></span> <span class='ocrx_word' id='word_1_789' title='bbox 3661 4987 3772 5058; x_wconf 69' lang='lat' dir='ltr'><strong>‘qu</strong></span> 
     </span>
    </p>
   </div>
   <div class='ocr_carea' id='block_1_56' title="bbox 491 5083 3772 5162">
    <p class='ocr_par' dir='ltr' id='par_1_56' title="bbox 491 5083 3772 5162">
     <span class='ocr_line' id='line_1_56' title="bbox 491 5083 3772 5162; baseline 0.001 -26"><span class='ocrx_word' id='word_1_790' title='bbox 491 5083 599 5149; x_wconf 83' lang='lat' dir='ltr'><strong>tici,</strong></span> <span class='ocrx_word' id='word_1_791' title='bbox 629 5092 680 5138; x_wconf 87' lang='lat' dir='ltr'><strong>et</strong></span> <span class='ocrx_word' id='word_1_792' title='bbox 707 5088 1086 5156; x_wconf 84' lang='lat' dir='ltr'><strong>jumentorum,</strong></span> <span class='ocrx_word' id='word_1_793' title='bbox 1118 5096 1164 5142; x_wconf 88' lang='lat' dir='ltr'><strong>et</strong></span> <span class='ocrx_word' id='word_1_794' title='bbox 1211 5087 1403 5152; x_wconf 81' lang='lat' dir='ltr'><strong>ouium,</strong></span> <span class='ocrx_word' id='word_1_795' title='bbox 1445 5095 1488 5140; x_wconf 91' lang='lat' dir='ltr'><strong>et</strong></span> <span class='ocrx_word' id='word_1_796' title='bbox 1520 5103 1787 5156; x_wconf 87' lang='lat' dir='ltr'><strong>equorum,</strong></span> <span class='ocrx_word' id='word_1_797' title='bbox 1819 5097 1868 5141; x_wconf 89' lang='lat' dir='ltr'><strong>et</strong></span> <span class='ocrx_word' id='word_1_798' title='bbox 1901 5087 2088 5143; x_wconf 79' lang='lat' dir='ltr'><strong>rheda-</strong></span> <span class='ocrx_word' id='word_1_799' title='bbox 2195 5091 2250 5144; x_wconf 88' lang='lat' dir='ltr'><strong>in</strong></span> <span class='ocrx_word' id='word_1_800' title='bbox 2277 5091 2448 5144; x_wconf 90' lang='lat' dir='ltr'><strong>lacum</strong></span> <span class='ocrx_word' id='word_1_801' title='bbox 2483 5091 2752 5162; x_wconf 71' lang='lat' dir='ltr'><strong>navigant,</strong></span> <span class='ocrx_word' id='word_1_802' title='bbox 2787 5101 2837 5145; x_wconf 92' lang='lat' dir='ltr'><strong>et</strong></span> <span class='ocrx_word' id='word_1_803' title='bbox 2880 5098 3054 5144; x_wconf 75' lang='lat' dir='ltr'><strong>nautw</strong></span> <span class='ocrx_word' id='word_1_804' title='bbox 3099 5089 3187 5158; x_wconf 87' lang='lat' dir='ltr'><strong>qui</strong></span> <span class='ocrx_word' id='word_1_805' title='bbox 3231 5087 3288 5141; x_wconf 91' lang='lat' dir='ltr'><strong>in</strong></span> <span class='ocrx_word' id='word_1_806' title='bbox 3314 5087 3453 5140; x_wconf 87' lang='lat' dir='ltr'><strong>mari</strong></span> <span class='ocrx_word' id='word_1_807' title='bbox 3501 5095 3772 5158; x_wconf 71' lang='lat' dir='ltr'><strong>operantur,</strong></span> 
     </span>
    </p>
   </div>
   <div class='ocr_carea' id='block_1_57' title="bbox 489 5179 3772 5254">
    <p class='ocr_par' dir='ltr' id='par_1_57' title="bbox 489 5179 3772 5254">
     <span class='ocr_line' id='line_1_57' title="bbox 489 5179 3772 5254; baseline 0.001 -26"><span class='ocrx_word' id='word_1_808' title='bbox 489 5191 626 5242; x_wconf 89' lang='lat' dir='ltr'><strong>rum,</strong></span> <span class='ocrx_word' id='word_1_809' title='bbox 659 5185 707 5230; x_wconf 86' lang='lat' dir='ltr'><strong>et</strong></span> <span class='ocrx_word' id='word_1_810' title='bbox 731 5179 1131 5250; x_wconf 88' lang='lat' dir='ltr'><strong>mancipiorum,</strong></span> <span class='ocrx_word' id='word_1_811' title='bbox 1160 5188 1207 5233; x_wconf 90' lang='lat' dir='ltr'><strong>et</strong></span> <span class='ocrx_word' id='word_1_812' title='bbox 1225 5179 1518 5234; x_wconf 89' lang='lat' dir='ltr'><strong>animarum</strong></span> <span class='ocrx_word' id='word_1_813' title='bbox 1544 5179 1846 5235; x_wconf 87' lang='lat' dir='ltr'><strong>hominum:</strong></span> <span class='ocrx_word' id='word_1_814' title='bbox 1867 5190 1913 5234; x_wconf 89' lang='lat' dir='ltr'><strong>et</strong></span> <span class='ocrx_word' id='word_1_815' title='bbox 1934 5198 2089 5252; x_wconf 88' lang='lat' dir='ltr'><strong>poma</strong></span> <span class='ocrx_word' id='word_1_816' title='bbox 2197 5183 2348 5254; x_wconf 90' lang='lat' dir='ltr'><strong>longe</strong></span> <span class='ocrx_word' id='word_1_817' title='bbox 2370 5193 2642 5247; x_wconf 84' lang='lat' dir='ltr'><strong>steterunt,</strong></span> <span class='ocrx_word' id='word_1_818' title='bbox 2678 5193 2730 5237; x_wconf 89' lang='lat' dir='ltr'><strong>et</strong></span> <span class='ocrx_word' id='word_1_819' title='bbox 2760 5183 3135 5250; x_wconf 77' lang='lat' dir='ltr'><strong>clamauerunt,</strong></span> <span class='ocrx_word' id='word_1_820' title='bbox 3163 5181 3394 5246; x_wconf 81' lang='lat' dir='ltr'><strong>uidentes</strong></span> <span class='ocrx_word' id='word_1_821' title='bbox 3425 5182 3597 5237; x_wconf 80' lang='lat' dir='ltr'><strong>locum</strong></span> <span class='ocrx_word' id='word_1_822' title='bbox 3621 5185 3772 5234; x_wconf 80' lang='lat' dir='ltr'><strong>iures-</strong></span> 
     </span>
    </p>
   </div>
   <div class='ocr_carea' id='block_1_58' title="bbox 493 5269 3772 5348">
    <p class='ocr_par' dir='ltr' id='par_1_58' title="bbox 493 5269 3772 5348">
     <span class='ocr_line' id='line_1_58' title="bbox 493 5269 3772 5348; baseline 0.001 -26"><span class='ocrx_word' id='word_1_823' title='bbox 493 5277 583 5323; x_wconf 87' lang='lat' dir='ltr'><strong>tua</strong></span> <span class='ocrx_word' id='word_1_824' title='bbox 621 5269 878 5324; x_wconf 87' lang='lat' dir='ltr'><strong>desideria</strong></span> <span class='ocrx_word' id='word_1_825' title='bbox 921 5273 1108 5328; x_wconf 71' lang='lat' dir='ltr'><strong>anima:</strong></span> <span class='ocrx_word' id='word_1_826' title='bbox 1154 5281 1257 5328; x_wconf 69' lang='lat' dir='ltr'><strong>tum</strong></span> <span class='ocrx_word' id='word_1_827' title='bbox 1297 5272 1638 5328; x_wconf 86' lang='lat' dir='ltr'><strong>discesserunt</strong></span> <span class='ocrx_word' id='word_1_828' title='bbox 1677 5282 1804 5342; x_wconf 90' lang='lat' dir='ltr'><strong>ate,</strong></span> <span class='ocrx_word' id='word_1_829' title='bbox 1835 5284 1886 5329; x_wconf 88' lang='lat' dir='ltr'><strong>et</strong></span> <span class='ocrx_word' id='word_1_830' title='bbox 1915 5278 2090 5332; x_wconf 85' lang='lat' dir='ltr'><strong>omnia</strong></span> <span class='ocrx_word' id='word_1_831' title='bbox 2197 5276 2272 5330; x_wconf 90' lang='lat' dir='ltr'><strong>dii</strong></span> <span class='ocrx_word' id='word_1_832' title='bbox 2295 5280 2430 5348; x_wconf 86' lang='lat' dir='ltr'><strong>ejus,</strong></span> <span class='ocrx_word' id='word_1_833' title='bbox 2459 5277 2730 5330; x_wconf 89' lang='lat' dir='ltr'><strong>dicentes:</strong></span> <span class='ocrx_word' id='word_1_834' title='bbox 2758 5275 2890 5342; x_wconf 73' lang='lat' dir='ltr'><strong>Qum</strong></span> <span class='ocrx_word' id='word_1_835' title='bbox 2936 5275 3129 5330; x_wconf 86' lang='lat' dir='ltr'><strong>similis</strong></span> <span class='ocrx_word' id='word_1_836' title='bbox 3153 5275 3356 5329; x_wconf 83' lang='lat' dir='ltr'><strong>ciuitati</strong></span> <span class='ocrx_word' id='word_1_837' title='bbox 3403 5275 3526 5330; x_wconf 79' lang='lat' dir='ltr'><strong>huic</strong></span> <span class='ocrx_word' id='word_1_838' title='bbox 3563 5271 3772 5346; x_wconf 65' lang='lat' dir='ltr'><strong>magna?</strong></span> 
     </span>
    </p>
   </div>
   <div class='ocr_carea' id='block_1_59' title="bbox 493 5361 3772 5441">
    <p class='ocr_par' dir='ltr' id='par_1_59' title="bbox 493 5361 3772 5441">
     <span class='ocr_line' id='line_1_59' title="bbox 493 5361 3772 5441; baseline 0.002 -29"><span class='ocrx_word' id='word_1_839' title='bbox 493 5361 706 5432; x_wconf 86' lang='lat' dir='ltr'><strong>pinguia</strong></span> <span class='ocrx_word' id='word_1_840' title='bbox 733 5371 778 5415; x_wconf 90' lang='lat' dir='ltr'><strong>et</strong></span> <span class='ocrx_word' id='word_1_841' title='bbox 799 5364 1050 5432; x_wconf 77' lang='lat' dir='ltr'><strong>prteclara</strong></span> <span class='ocrx_word' id='word_1_842' title='bbox 1073 5367 1338 5439; x_wconf 87' lang='lat' dir='ltr'><strong>perierunt</strong></span> <span class='ocrx_word' id='word_1_843' title='bbox 1368 5383 1400 5420; x_wconf 88' lang='lat' dir='ltr'><strong>a</strong></span> <span class='ocrx_word' id='word_1_844' title='bbox 1429 5375 1498 5433; x_wconf 88' lang='lat' dir='ltr'><strong>te,</strong></span> <span class='ocrx_word' id='word_1_845' title='bbox 1533 5375 1581 5420; x_wconf 86' lang='lat' dir='ltr'><strong>et</strong></span> <span class='ocrx_word' id='word_1_846' title='bbox 1607 5366 1837 5439; x_wconf 87' lang='lat' dir='ltr'><strong>amplius</strong></span> <span class='ocrx_word' id='word_1_847' title='bbox 1861 5368 1956 5424; x_wconf 90' lang='lat' dir='ltr'><strong>illa</strong></span> <span class='ocrx_word' id='word_1_848' title='bbox 1985 5387 2089 5425; x_wconf 90' lang='lat' dir='ltr'><strong>non</strong></span> <span class='ocrx_word' id='word_1_849' title='bbox 2196 5367 2266 5424; x_wconf 86' lang='lat' dir='ltr'><strong>Et</strong></span> <span class='ocrx_word' id='word_1_850' title='bbox 2286 5370 2804 5441; x_wconf 83' lang='lat' dir='ltr'><strong>miseruntpulverem</strong></span> <span class='ocrx_word' id='word_1_851' title='bbox 2822 5386 2977 5440; x_wconf 86' lang='lat' dir='ltr'><strong>super</strong></span> <span class='ocrx_word' id='word_1_852' title='bbox 2997 5368 3170 5438; x_wconf 86' lang='lat' dir='ltr'><strong>capita</strong></span> <span class='ocrx_word' id='word_1_853' title='bbox 3197 5385 3316 5432; x_wconf 88' lang='lat' dir='ltr'><strong>sua,</strong></span> <span class='ocrx_word' id='word_1_854' title='bbox 3332 5369 3519 5437; x_wconf 82' lang='lat' dir='ltr'><strong>ﬂentes</strong></span> <span class='ocrx_word' id='word_1_855' title='bbox 3547 5378 3596 5422; x_wconf 88' lang='lat' dir='ltr'><strong>et</strong></span> <span class='ocrx_word' id='word_1_856' title='bbox 3615 5368 3772 5439; x_wconf 74' lang='lat' dir='ltr'><strong>lugen-</strong></span> 
     </span>
    </p>
   </div>
   <div class='ocr_carea' id='block_1_60' title="bbox 495 5449 3772 5535">
    <p class='ocr_par' dir='ltr' id='par_1_60' title="bbox 495 5449 3772 5535">
     <span class='ocr_line' id='line_1_60' title="bbox 495 5449 3772 5535; baseline 0.003 -35"><span class='ocrx_word' id='word_1_857' title='bbox 495 5449 746 5504; x_wconf 77' lang='lat' dir='ltr'><strong>invenient</strong></span> <span class='ocrx_word' id='word_1_858' title='bbox 773 5465 1078 5512; x_wconf 87' lang='lat' dir='ltr'><strong>mercatores</strong></span> <span class='ocrx_word' id='word_1_859' title='bbox 1109 5459 1315 5512; x_wconf 88' lang='lat' dir='ltr'><strong>horum.</strong></span> <span class='ocrx_word' id='word_1_860' title='bbox 1344 5459 1400 5514; x_wconf 91' lang='lat' dir='ltr'><strong>ln</strong></span> <span class='ocrx_word' id='word_1_861' title='bbox 1423 5460 1678 5516; x_wconf 89' lang='lat' dir='ltr'><strong>omnibus</strong></span> <span class='ocrx_word' id='word_1_862' title='bbox 1704 5476 1826 5531; x_wconf 69' lang='lat' dir='ltr'><strong>qua:</strong></span> <span class='ocrx_word' id='word_1_863' title='bbox 1856 5477 2086 5519; x_wconf 84' lang='lat' dir='ltr'><strong>ennme-</strong></span> <span class='ocrx_word' id='word_1_864' title='bbox 2196 5473 2288 5528; x_wconf 88' lang='lat' dir='ltr'><strong>tes,</strong></span> <span class='ocrx_word' id='word_1_865' title='bbox 2325 5469 2373 5516; x_wconf 87' lang='lat' dir='ltr'><strong>et</strong></span> <span class='ocrx_word' id='word_1_866' title='bbox 2405 5463 2630 5517; x_wconf 83' lang='lat' dir='ltr'><strong>dicentes</strong></span> <span class='ocrx_word' id='word_1_867' title='bbox 2663 5479 2681 5518; x_wconf 93' lang='lat'><strong><em>:</em></strong></span> <span class='ocrx_word' id='word_1_868' title='bbox 2723 5461 2834 5529; x_wconf 66' lang='lat' dir='ltr'><strong>Vae,</strong></span> <span class='ocrx_word' id='word_1_869' title='bbox 2874 5478 2969 5531; x_wconf 75' lang='lat' dir='ltr'><strong>me,</strong></span> <span class='ocrx_word' id='word_1_870' title='bbox 3020 5463 3207 5517; x_wconf 81' lang='lat' dir='ltr'><strong>civitas</strong></span> <span class='ocrx_word' id='word_1_871' title='bbox 3244 5462 3340 5517; x_wconf 89' lang='lat' dir='ltr'><strong>illa</strong></span> <span class='ocrx_word' id='word_1_872' title='bbox 3372 5479 3586 5535; x_wconf 84' lang='lat' dir='ltr'><strong>magna,</strong></span> <span class='ocrx_word' id='word_1_873' title='bbox 3617 5465 3666 5515; x_wconf 78' lang='lat' dir='ltr'><strong>in</strong></span> <span class='ocrx_word' id='word_1_874' title='bbox 3687 5475 3772 5530; x_wconf 75' lang='lat' dir='ltr'><strong>qua</strong></span> 
     </span>
    </p>
   </div>
   <div class='ocr_carea' id='block_1_61' title="bbox 495 5547 3771 5628">
    <p class='ocr_par' dir='ltr' id='par_1_61' title="bbox 495 5547 3771 5628">
     <span class='ocr_line' id='line_1_61' title="bbox 495 5547 3771 5628; baseline 0.005 -34"><span class='ocrx_word' id='word_1_875' title='bbox 495 5550 610 5596; x_wconf 89' lang='lat' dir='ltr'><strong>rata</strong></span> <span class='ocrx_word' id='word_1_876' title='bbox 635 5549 783 5608; x_wconf 83' lang='lat' dir='ltr'><strong>sunt,</strong></span> <span class='ocrx_word' id='word_1_877' title='bbox 810 5547 1032 5603; x_wconf 89' lang='lat' dir='ltr'><strong>avaritia</strong></span> <span class='ocrx_word' id='word_1_878' title='bbox 1056 5548 1351 5621; x_wconf 85' lang='lat' dir='ltr'><strong>Babylonis</strong></span> <span class='ocrx_word' id='word_1_879' title='bbox 1375 5559 1536 5621; x_wconf 87' lang='lat' dir='ltr'><strong>atque</strong></span> <span class='ocrx_word' id='word_1_880' title='bbox 1574 5551 1788 5609; x_wconf 84' lang='lat' dir='ltr'><strong>luxuria</strong></span> <span class='ocrx_word' id='word_1_881' title='bbox 1826 5553 2088 5611; x_wconf 90' lang='lat' dir='ltr'><strong>condem-</strong></span> <span class='ocrx_word' id='word_1_882' title='bbox 2190 5557 2373 5613; x_wconf 77' lang='lat' dir='ltr'><strong>divites</strong></span> <span class='ocrx_word' id='word_1_883' title='bbox 2397 5559 2526 5628; x_wconf 74' lang='lat' dir='ltr'><strong>facti</strong></span> <span class='ocrx_word' id='word_1_884' title='bbox 2551 5569 2669 5614; x_wconf 87' lang='lat' dir='ltr'><strong>sunt</strong></span> <span class='ocrx_word' id='word_1_885' title='bbox 2709 5575 2902 5625; x_wconf 90' lang='lat' dir='ltr'><strong>omnes,</strong></span> <span class='ocrx_word' id='word_1_886' title='bbox 2954 5557 3041 5628; x_wconf 86' lang='lat' dir='ltr'><strong>qui</strong></span> <span class='ocrx_word' id='word_1_887' title='bbox 3063 5555 3257 5612; x_wconf 83' lang='lat' dir='ltr'><strong>habent</strong></span> <span class='ocrx_word' id='word_1_888' title='bbox 3282 5571 3443 5611; x_wconf 79' lang='lat' dir='ltr'><strong>naves</strong></span> <span class='ocrx_word' id='word_1_889' title='bbox 3491 5557 3548 5611; x_wconf 88' lang='lat' dir='ltr'><strong>in</strong></span> <span class='ocrx_word' id='word_1_890' title='bbox 3575 5555 3697 5611; x_wconf 77' lang='lat' dir='ltr'><strong>mari</strong></span> <span class='ocrx_word' id='word_1_891' title='bbox 3719 5557 3771 5609; x_wconf 70' lang='lat' dir='ltr'><strong>de</strong></span> 
     </span>
    </p>
   </div>
   <div class='ocr_carea' id='block_1_62' title="bbox 558 5697 3672 5793">
    <p class='ocr_par' dir='ltr' id='par_1_62' title="bbox 558 5697 3672 5793">
     <span class='ocr_line' id='line_1_62' title="bbox 558 5697 3672 5793; baseline 0.008 -40"><span class='ocrx_word' id='word_1_892' title='bbox 558 5707 582 5735; x_wconf 75' lang='grc' dir='ltr'><strong>ο</strong></span> <span class='ocrx_word' id='word_1_893' title='bbox 609 5697 812 5791; x_wconf 85' lang='lat' dir='ltr'><strong>Omnes</strong></span> <span class='ocrx_word' id='word_1_894' title='bbox 831 5701 985 5772; x_wconf 88' lang='lat' dir='ltr'><strong>edit.,</strong></span> <span class='ocrx_word' id='word_1_895' title='bbox 1008 5707 1093 5775; x_wconf 83' lang='lat' dir='ltr'><strong>qui</strong></span> <span class='ocrx_word' id='word_1_896' title='bbox 1116 5711 1150 5761; x_wconf 89' lang='lat' dir='ltr'><strong>a</strong></span> <span class='ocrx_word' id='word_1_897' title='bbox 1173 5709 1320 5782; x_wconf 86' lang='lat' dir='ltr'><strong>longe</strong></span> <span class='ocrx_word' id='word_1_898' title='bbox 1348 5708 1626 5781; x_wconf 81' lang='lat' dir='ltr'><strong>navigant;</strong></span> <span class='ocrx_word' id='word_1_899' title='bbox 1663 5709 1837 5768; x_wconf 88' lang='lat' dir='ltr'><strong>codex</strong></span> <span class='ocrx_word' id='word_1_900' title='bbox 1871 5711 2053 5784; x_wconf 87' lang='lat' dir='ltr'><strong>Getn.,</strong></span> <span class='ocrx_word' id='word_1_901' title='bbox 2081 5708 2169 5786; x_wconf 82' lang='lat' dir='ltr'><strong>qui</strong></span> <span class='ocrx_word' id='word_1_902' title='bbox 2196 5718 2249 5774; x_wconf 89' lang='lat' dir='ltr'><strong>in</strong></span> <span class='ocrx_word' id='word_1_903' title='bbox 2269 5717 2439 5774; x_wconf 87' lang='lat' dir='ltr'><strong>locum</strong></span> <span class='ocrx_word' id='word_1_904' title='bbox 2463 5702 2744 5792; x_wconf 66' lang='lat' dir='ltr'><strong>navigant;</strong></span> <span class='ocrx_word' id='word_1_905' title='bbox 2773 5719 2898 5793; x_wconf 89' lang='lat' dir='ltr'><strong>Sag.</strong></span> <span class='ocrx_word' id='word_1_906' title='bbox 2925 5718 3151 5792; x_wconf 85' lang='lat' dir='ltr'><strong>etReg.,</strong></span> <span class='ocrx_word' id='word_1_907' title='bbox 3169 5720 3260 5793; x_wconf 83' lang='lat' dir='ltr'><strong>qui</strong></span> <span class='ocrx_word' id='word_1_908' title='bbox 3280 5721 3336 5777; x_wconf 83' lang='lat' dir='ltr'><strong>in</strong></span> <span class='ocrx_word' id='word_1_909' title='bbox 3357 5719 3553 5790; x_wconf 80' lang='lat' dir='ltr'><strong>lacum,-</strong></span> <span class='ocrx_word' id='word_1_910' title='bbox 3573 5729 3672 5777; x_wconf 83' lang='lat' dir='ltr'><strong>etc.</strong></span> 
     </span>
    </p>
   </div>
  </div>
