3950 6314
99 287 187 346 9:2!
807 278 874 335 IN
913 275 1390 336 APOCALYPSIN
1431 225 1819 334 BXPOSITIO.
1870 275 1956 331 DE
2003 275 2272 334 VISIO-NE
2313 276 2596 347 QUINTA.

3253 275 3374 356 Μ.

97 401 259 476 pretiis
281 399 416 468 eius;
461 396 702 468 quoniam
746 411 848 450 una
873 395 1003 450 liora
1036 393 1268 450 desolata
1311 394 1424 448 est!
1455 392 1659 448 Possu-
1687 393 1742 456 Α
1765 393 2065 463 acceperit,
2099 395 2337 450 conterit
2358 403 2414 451 et
2449 394 2811 452 comminuit:
2861 408 3156 468 possumus
3199 393 3366 466 igitur

96 510 206 552 mus
232 508 324 564 per
352 504 500 547 mare
530 490 633 546 hoc
655 490 917 546 saeculum
943 507 954 541 :
987 504 1083 560 per
1107 487 1506 560 gubernatores
1532 501 1663 542 vero

96 586 357 659 principes
382 583 597 654 iniquos
629 582 974 653 intelligere:
1015 597 1114 652 per
1143 597 1241 638 cos
1263 590 1443 636 autem
1475 580 1564 650 qui
1595 579 1665 635 de

96 671 296 737 locoad
320 677 492 731 lotum
533 675 812 744 navigant,
838 682 893 728 et
937 689 1034 743 per
1069 683 1260 728 nautas
1308 673 1399 743 qui
1443 673 1496 726 in
1526 671 1661 726 mari

95 779 392 842 operantur,
425 782 520 822 eos
549 769 640 838 qui
673 766 886 822 diversa
909 767 1090 822 officia
1121 767 1187 821 ad
1220 765 1662 838 deprmdationcs

94 876 394 936 pauperum,
425 868 481 915 et
521 859 589 915 ad
632 869 854 931 peccata
879 873 977 914 sua
1015 859 1260 932 quotidie
1307 858 1552 930 augenda
1608 859 1661 914 in

93 955 282 1012 mundo
311 962 588 1010 exercent.
622 953 717 1008 lsti
765 969 897 1025 ergo
929 952 1138 1010 ﬂebunt
1164 963 1219 1010 et
1263 953 1545 1025 lugebunt,
1575 953 1659 1013 vi-

91 1050 266 1106 dentes
298 1047 474 1102 locum
497 1047 738 1102 incendii
767 1047 1095 1120 Babylonis;
1117 1048 1217 1118 ipsi
1242 1063 1475 1119 namque
1501 1056 1664 1102 erunt

92 1142 340 1213 Babylon,
368 1151 422 1196 et
451 1142 554 1212 ipsi
605 1141 868 1212 lugebunt
896 1152 952 1198 et
992 1141 1223 1199 ﬂebunt.
1257 1142 1538 1199 Videbunt
1564 1156 1661 1197 au—

91 1245 187 1291 tem
217 1231 455 1290 incendia
486 1233 803 1305 Babylonis,
831 1236 956 1305 quia
981 1250 1079 1290 sua
1107 1235 1355 1291 incendia
1387 1233 1663 1306 perferen~

87 1328 151 1382 do
171 1326 443 1392 videbunt,
475 1340 597 1396 quze
627 1334 812 1381 mente
858 1327 912 1382 in
952 1328 1158 1383 saeculo
1207 1328 1392 1398 positi,
1445 1328 1660 1398 conspi-

89 1433 204 1474 cere
255 1418 636 1489 neglexerunt,
688 1431 744 1473 ut
804 1435 862 1474 se
918 1421 1282 1491 corrigerent.
1343 1420 1448 1489 Qui
1495 1420 1658 1476 etiam

85 1509 311 1566 cinerem
340 1524 506 1578 super
549 1511 728 1580 capita
778 1526 876 1567 sua
928 1513 1146 1569 misisse
1186 1512 1478 1578 dicuntur;
1532 1528 1656 1568 nam

85 1617 216 1672 saepe
237 1617 329 1673 per
347 1613 513 1673 caput
541 1618 718 1672 mens,
744 1619 842 1674 per
869 1605 1086 1661 cineres
1115 1615 1334 1676 peccata
1364 1607 1657 1677 designan-

86 1707 180 1754 tur.
207 1698 454 1754 Cinerem
498 1700 679 1772 itaque
708 1716 877 1772 super
914 1701 1091 1771 capita
1122 1717 1216 1755 sua
1249 1711 1485 1772 ponent;
1529 1702 1654 1772 quia

1771 499 1865 553 per
1889 485 2090 540 molam
2106 485 2317 556 judices
2344 488 2540 558 impios
2567 488 2839 558 accipere.
2875 487 3076 544 Vocem
3098 501 3228 558 ergo
3249 501 3367 542 mo-

1769 576 1819 632 la
1845 578 2026 645 mittit,
2059 593 2182 635 cum
2200 579 2416 650 iudices
2439 581 2588 652 impii
2613 580 2820 652 judicia
2846 580 3049 653 iniusta
3079 580 3145 636 ad
3176 589 3369 636 conte-

1767 669 1970 726 reudos
2000 670 2323 727 innocentes
2349 671 2658 742 proferunt.
2681 673 2788 728 Per
2814 673 3001 730 lumen
3031 687 3168 730 vero
3191 673 3368 729 lucer-

1767 779 1872 830 me,
1906 763 2064 833 hujus
2085 764 2270 819 saeculi
2309 764 2487 836 gloria
2525 766 2846 838 designatur
2876 785 2890 822 :
2915 767 2985 824 de
3010 767 3112 823 hac
3139 766 3366 824 lucerna

1765 855 1893 912 dicit
1945 856 2238 936 Scriptura.
2287 876 2300 910 :
2367 859 2606 916 Lucerna
2663 860 2948 933 impiorum
3006 864 3368 935 exstinguetur

1765 947 1950 1016 (Prov.
1980 965 2127 1015 xxxv,
2154 947 2270 1022 20).
2304 949 2551 1007 Lucerna
2600 955 2801 1023 quippe
2832 955 3122 1026 impiorum
3154 956 3362 1011 exsﬁn-

1764 1041 1968 1112 guitur,
2001 1057 2126 1098 cum
2155 1043 2224 1099 ab
2255 1042 2358 1100 bac
2387 1045 2495 1100 vita
2538 1045 2826 1113 sublracli,
2871 1046 3371 1120 gaudium'tempo-

1765 1137 1880 1192 rale
1910 1138 2192 1203 amittunt,
2224 1148 2279 1194 et
2308 1147 2572 1195 aeternam
2599 1140 2876 1196 tristitiam
2897 1141 3208 1198 incurrunt.
3233 1140 3366 1198 Pos-

1764 1240 1955 1283 sumus
1999 1229 2362 1285 uihiluminus
2395 1244 2493 1300 per
2538 1244 2800 1301 sponsum
2845 1245 3126 1288 amatores
3153 1234 3364 1300 smculi,

1765 1335 1862 1391 per
1885 1335 2143 1392 sponsam
2200 1337 2338 1378 vero
2379 1331 2584 1378 terram
2637 1322 2983 1395 intelligere;
3037 1325 3164 1395 quia
3216 1324 3364 1380 sicut

1762 1427 1922 1468 amor
1949 1429 2212 1484 sponsum
2257 1424 2314 1471 et
2357 1430 2620 1486 sponsam
2661 1417 2817 1486 ligat,
2846 1427 2906 1472 ut
2936 1432 3043 1472 una
3067 1432 3196 1473 caro
3245 1417 3368 1473 effi-

1762 1507 1978 1562 ciantur
2003 1524 2016 1562 :
2051 1508 2124 1562 ita
2157 1519 2210 1565 et
2231 1525 2386 1564 amor
2415 1509 2600 1564 surculi
2626 1519 2906 1564 amatores
2931 1523 3062 1564 suos
3091 1511 3172 1566 sic
3202 1520 3366 1575 terrae

1761 1605 2070 1676 conjungit,
2123 1616 2181 1660 ut
2223 1621 2393 1662 unum
2430 1621 2552 1661 cum
2603 1621 2666 1661 ea
2714 1605 3048 1674 efficiantur,
3097 1621 3127 1660 a
3161 1621 3290 1676 qua,
3319 1606 3366 1662 si

1764 1699 1880 1755 fieri
1916 1709 2123 1770 posset,
2158 1699 2210 1755 in
2247 1709 2573 1771 perpetuum
2607 1701 2885 1772 segregari
2931 1701 3166 1758 nollent.
3207 1700 3370 1755 Tales

91 1791 338 1847 memoria
370 1804 722 1863 peccatorum
752 1810 779 1847 a
812 1795 1086 1850 mentibus
1129 1809 1318 1850 eorum
1365 1810 1658 1866 numquam
1691 1797 1738 1858 B
1764 1808 1894 1863 ergo
1922 1794 2087 1867 568
2110 1795 2350 1850 artilices
2385 1795 2440 1850 in
2470 1795 2748 1867 Babylone
2780 1811 2890 1851 non
2925 1795 3225 1853 audientur
3247 1811 3365 1852 am-

90 1888 310 1944 recedet.

146 1981 318 2051 (Vere.
362 1981 485 2054 20.)
518 1982 744 2039 Exsulta
789 2000 945 2054 super
991 2001 1126 2050 eam,
1161 1986 1365 2052 calum,
1401 1994 1448 2039 et
1493 1984 1660 2038 sancti

85 2077 290 2148 apostoli
328 2086 374 2131 et
420 2081 718 2151 prophetae;
763 2081 884 2150 quia
933 2081 1188 2150 judicavit
1227 2079 1365 2136 Deus
1404 2079 1661 2150 judicium

85 2180 284 2224 vestrum
306 2170 369 2224 de
391 2171 505 2226 illa.
537 2171 837 2229 Possumus
878 2189 975 2244 per
1005 2175 1207 2231 ctelum
1259 2175 1510 2244 angelos,
1564 2189 1661 2244 per

84 2263 342 2332 apostolos
367 2263 498 2319 novi
526 2264 861 2321 Testamenti
889 2274 1092 2336 patres,
1125 2283 1220 2337 per
1248 2267 1541 2337 prophetas
1565 2282 1662 2322 au-

85 2366 181 2412 tem
211 2371 386 2427 patres
411 2361 610 2415 veteris
651 2359 694 2415 Τ
697 2363 988 2417 estantenti
1019 2363 1349 2432 intelligere.
1403 2363 1659 2417 Exsulta-

84 2451 208 2507 bunt
229 2453 412 2522 igitur,
437 2469 563 2510 cum
596 2455 877 2512 deStructa
914 2454 1078 2512 fuerit
1108 2458 1287 2512 omnis
1314 2465 1532 2512 caterva
1564 2457 1662 2511 im-

85 2544 276 2614 piorum
300 2561 422 2600 cum
441 2546 574 2616 ipsis
595 2547 938 2603 daemonibus
960 2547 1270 2604 auctoribus
1291 2549 1655 2621 iniquitatum.

85 2635 427 2694 Exsultabunt
469 2639 661 2706 etiam,
707 2656 774 2696 eo
803 2643 947 2712 quod
996 2652 1121 2698 tunc
1152 2642 1313 2698 linem
1367 2655 1660 2714 acceptura

81 2730 146 2784 sit
187 2733 358 2788 omnis
407 2734 651 2802 malitia,
699 2744 725 2771 ε·
760 2745 818 2790 et
860 2735 1167 2793 adducetur
1201 2737 1411 2808 justitia
1457 2737 1661 2808 sempi-

83 2832 239 2881 terna.
1150 2827 1157 2835 “

142 2917 311 2988 (Vers.
343 2919 465 2991 2|.)
500 2921 564 2976 Et
591 2922 800 2977 sustulit
829 2940 963 2978 sinus
993 2925 1208 2995 angelus
1237 2926 1388 2996 fortis
1427 2926 1656 2997 lapidem

79 3011 216 3078 quasi
241 3013 489 3096 maturem
516 3031 782 3085 magnum,
812 3026 862 3071 et
894 3017 1030 3072 misit
1057 3021 1109 3071 in
1136 3035 1280 3074 mare
1294 3020 1469 3074 dicens
1492 3036 1512 3074 :
1542 3019 1658 3075 Hoc

79 3103 255 3171 impetu
278 3107 509 3161 mittetur
525 3107 763 3180 Babylon
790 3125 998 3179 magna,
1031 3121 1077 3166 et
1115 3113 1258 3166 ultra
1286 3129 1386 3166 non
1428 3114 1656 3168 invenie-

1765 1887 1938 1954 plius;
1999 1889 2125 1959 quia
2166 1903 2290 1944 cum
2335 1903 2398 1944 ea
2449 1889 2501 1944 in
2558 1900 2889 1961 perpetuum
2939 1890 3360 1946 damnabuntur.

1766 1982 1903 2049 Quia
1928 1994 2237 2038 mercatores
2267 1984 2342 2038 tui
2371 1993 2517 2038 erant
2545 1986 2807 2056 principes
2853 1995 3024 2042 terrae.
3059 1985 3234 2046 Habet
3260 1986 3364 2042 Ec-

1761 2074 1929 2130 clesia
1963 2085 2296 2131 mercatores
2327 2091 2478 2143 suos,
2519 2075 2684 2131 habet
2709 2085 2764 2131 et
2809 2077 3101 2148 Babylon:
3150 2092 3364 2132 merca-

1764 2179 1910 2224 tores
1934 2167 2195 2224 Ecclesiae
2224 2169 2511 2225 thesauros
2564 2185 2695 2225 suos
2739 2170 2792 2226 in
2837 2171 2980 2227 caelo
3025 2171 3360 2238 recondunt,

1762 2264 1856 2319 ubi
1871 2265 2022 2321 fures
2046 2280 2153 2320 non
2185 2264 2480 2334 effodiunt,
2512 2265 2891 2322 neefurantur
2918 2265 3102 2337 (Matt.
3134 2282 3208 2333 vt,
3244 2267 3359 2338 i9);

1762 2367 2099 2416 mercatores
2126 2375 2259 2416 vero
2289 2361 2584 2434 Babylonis
2629 2361 2919 2418 thesauros
2945 2380 3076 2419 suos
3122 2365 3176 2419 in
3207 2375 3354 2420 terra

1762 2453 2086 2520 recondunt,
2117 2454 2210 2509 ubi
2236 2454 2386 2511 fures
2407 2454 2675 2511 effodiunt
2703 2464 2761 2512 et
2801 2455 3072 2511 furantur.
3108 2455 3171 2511 Et
3203 2458 3256 2511 in
3279 2473 3363 2512 re-

1762 2548 1963 2616 ne/iciis
2006 2549 2106 2603 tuis
2129 2560 2428 2604 erraverunt
2472 2565 2665 2605 omnes
2706 2559 2918 2620 gentes.
2947 2550 3225 2607 chclicia
3257 2551 3364 2606 Ba-

1759 2639 1978 2712 bylonis
2006 2649 2133 2695 sunt
2155 2642 2358 2698 diversi
2389 2658 2631 2709 errores,
2669 2659 2762 2715 per
2794 2658 2930 2716 quos
2967 2659 3140 2716 genus
3169 2645 3364 2701 huma-

1762 2750 1888 2790 num
1920 2736 2210 2807 deceptum
2242 2747 2348 2794 est.
3121 2727 3124 2730 ’

1831 2831 2018 2902 (Vers.
2039 2831 2160 2901 24.)
2188 2831 2256 2887 Et
2294 2834 2347 2888 in
2376 2849 2435 2887 ea
2481 2834 2690 2906 sanguis
2731 2835 3100 2906 praphetarum
3130 2846 3181 2891 et
3207 2852 3362 2890 sanc-

1760 2928 2188 2981 toruminventus
2219 2937 2312 2995 est,
2361 2937 2408 2982 et
2459 2929 2687 2982 omnium
2717 2929 2806 2997 qui
2850 2929 3110 3000 interfecti
3152 2931 3358 2984 suntin

1759 3028 1914 3073 terra.
1944 3017 2179 3090 Sanguis
2229 3028 2544 3074 sanctorum
2570 3018 2624 3074 in
2648 3034 2710 3075 ea
2747 3020 3004 3074 inventus
3031 3031 3135 3085 est,
3170 3019 3221 3074 id
3249 3029 3355 3084 est,

1759 3113 1940 3169 scelus
1963 3111 2365 3169 interfectinnis
2397 3123 2737 3176 sanctorum,
2769 3115 2912 3170 sicut
2935 3114 3199 3170 Dominus
3227 3113 3364 3170 dicit

78 3204 170 3248 tur.
201 3197 302 3253 Iste
343 3199 584 3270 angelus
606 3201 882 3258 Christum
910 3203 1202 3272 significat,
1226 3206 1317 3274 qui
1349 3205 1508 3261 fortis
1529 3222 1652 3262 esse
1678 3192 1724 3255 C
1757 3205 1940 3275 impiis
1984 3204 2187 3261 Iudaeis
2227 3205 2330 3261 sub
2359 3205 2640 3261 intellectu
2677 3207 2925 3267 omnium
2954 3206 3316 3277 reproborum
3344 3221 3359 3260 :

76 3287 289 3356 dicitur;
341 3295 469 3364 quia
521 3293 904 3351 fortitudinem
941 3295 1143 3353 Christi
1181 3309 1383 3369 quanta
1430 3301 1519 3366 sit,
1556 3301 1654 3355 hu-

77 3398 218 3438 mana
250 3403 405 3444 mens
427 3391 898 3460 comprehendere
925 3407 1030 3448 n0n
1057 3403 1269 3462 potest:
1299 3410 1396 3464 per
1421 3393 1655 3464 lapidem

75 3490 192 3532 vero
216 3481 479 3537 molarem
510 3498 764 3554 magnum
809 3486 991 3541 omnis
1023 3487 1316 3542 multitudo
1359 3486 1653 3558 impiorum

73 3568 371 3643 designatur
397 3593 412 3629 :
441 3591 592 3633 mare
611 3588 792 3634 autem
835 3580 1110 3636 internum
1156 3581 1432 3653 designat,
1462 3583 1514 3637 in
1545 3598 1654 3653 quo

71 3675 244 3720 omnes
267 3667 419 3740 impii
465 3667 876 3742 demergentur.
921 3674 1160 3744 Angelus
1203 3675 1369 3745 igitur
1417 3675 1653 3744 lapidem

72 3757 316 3814 molarem
345 3763 401 3816 in
432 3778 583 3820 mare
612 3766 796 3832 misit;
826 3767 952 3837 quia
985 3767 1250 3823 Dominus
1279 3777 1471 3824 noster
1491 3769 1654 3824 Jesus

39 3846 400 3915 .Christusin
431 3855 522 3911 die
555 3857 747 3926 judicii
770 3874 988 3915 onmem
1032 3861 1322 3930 impiorum
1353 3861 1655 3917 multitudi-

69 3955 180 3996 nem
212 3960 312 4000 suo
332 3948 715 4019 justojudicio
747 3952 799 4006 in
833 3951 1109 4008 infernum
1140 3954 1442 4026 demerget.

132 4037 308 4108 (Vers.
340 4042 437 4105 22.
469 4044 588 4115 23.)
618 4043 682 4098 Et
723 4062 820 4100 rex
861 4045 1280 4113 cilharwdorum,
1333 4060 1380 4103 et
1427 4050 1654 4105 musico-

67 4146 195 4197 rum,
233 4146 279 4188 et
329 4136 458 4191 tibia
500 4140 796 4194 canentium
824 4151 874 4196 et
918 4141 1060 4207 tuba,
1089 4159 1192 4196 non
1229 4144 1474 4199 audietur
1511 4145 1564 4198 in
1607 4156 1654 4200 te

64 4226 293 4297 amplius.
331 4229 447 4286 lloc
474 4233 726 4302 superius
755 4245 1246 4290 commemoratum
1267 4245 1372 4291 est.
1399 4234 1466 4289 Et
1488 4238 1653 4291 omnis

64 4320 259 4389 artifex.
290 4325 521 4381 etomnis
544 4343 630 4380 ars
655 4344 760 4381 non
806 4329 1094 4384 inuenietur
1128 4331 1188 4384 in
1231 4341 1278 4384 te
1315 4331 1563 4403 amplius,
1605 4342 1653 4387 et

63 4424 154 4463 vos
179 4415 326 4469 mola:
369 4433 472 4472 non
503 4418 748 4474 audietur
777 4421 830 4474 in
868 4432 915 4474 te
943 4422 1190 4491 amplius,
1218 4432 1264 4476 et
1287 4424 1380 4477 lux
1427 4421 1654 4479 lucerna:

64 4517 159 4554 non
185 4505 371 4562 lucebit
402 4509 455 4563 in
487 4520 536 4563 te
561 4513 811 4580 amplius,
842 4523 890 4566 et
919 4530 1018 4568 vos:
1041 4516 1221 4584 sponsi
1252 4525 1301 4568 et
1323 4532 1528 4586 sponsu:
1551 4533 1653 4571 non

1765 3297 1968 3363 Veniet,
2004 3299 2202 3368 inquit,
2231 3315 2385 3370 super
2408 3315 2498 3353 vos
2523 3301 2689 3354 omnis
2709 3301 2921 3371 sanguis
2940 3300 3138 3371 justus,
3167 3300 3259 3370 qui
3283 3303 3361 3371 ef-

1757 3394 1909 3461 fusus
1937 3401 2010 3445 est
2033 3407 2188 3462 super
2213 3390 2632 3464 terram(d!attlt.
2665 3409 2817 3458 χχιιι,
2846 3393 2962 3462 55).

1828 3479 2057 3539 CAPUT
2075 3481 2305 3538 XIX.—
2331 3483 2516 3551 (Vers.
2545 3483 2690 3554 1-8.)
2715 3483 2974 3538 Etaudiui
2996 3485 3146 3555 quasi
3189 3500 3361 3539 vocem

1756 3592 1992 3646 magnam
2014 3577 2250 3631 tubarum
2296 3579 2579 3632 multarunt
2626 3580 2679 3632 in
2735 3579 2862 3632 caalo
2911 3578 3229 3632 dicentium:
3267 3579 3362 3633 Αι-

1757 3667 1937 3735 leluia,
1965 3669 2130 3733 salus,
2179 3678 2226 3722 et
2265 3670 2456 3742 gloria,
2486 3679 2532 3723 et
2574 3670 2736 3723 uirtus
2769 3669 2873 3723 Deo
2904 3681 3080 3726 nostro
3118 3680 3213 3734 est,
3238 3670 3361 3740 quia

1757 3778 1874 3816 cera
1922 3772 1969 3816 et
2004 3766 2157 3831 jusla
2202 3762 2408 3834 judicia
2451 3765 2563 3835 ejus
2612 3770 2768 3826 sunt;
2813 3763 2936 3830 quia
2979 3761 3229 3830 iudicavit
3299 3763 3365 3816 de

1756 3859 2024 3911 meretrice
2071 3872 2280 3926 magna,
2333 3871 2447 3922 qua:
2495 3855 2724 3926 corrupit
2766 3864 2959 3910 terram
3005 3856 3060 3908 in
3113 3854 3362 3924 prostitu-

1756 3951 1894 4006 tione
1938 3969 2033 4005 sua
2059 3961 2108 4005 et
2145 3951 2424 4005 uindicauit
2461 3950 2771 4022 sanguinem
2821 3958 3118 4004 sanctorum
3147 3965 3361 4004 suorum

1756 4043 1820 4098 de
1867 4061 2025 4097 manu
2067 4046 2200 4117 ejus.
2234 4041 2302 4096 Et
2347 4043 2536 4098 iterum
2582 4041 2866 4097 dixerunt:
2917 4041 3248 4106 Alleluia;et
3277 4043 3365 4113 fu-

1756 4154 1872 4191 mus
1921 4138 2034 4209 ejus
2077 4136 2310 4191 ascendit
2356 4138 2409 4190 in
2457 4136 2650 4192 saecula
2688 4135 3002 4190 steculorum
3068 4132 3139 4188 Et
3180 4133 3365 4206 uiginti

1755 4240 1976 4302 quatuor
2011 4231 2238 4286 seniores
2283 4229 2578 4285 ceciderunt
2615 4230 2668 4283 in
2712 4229 2872 4300 facies
2893 4245 3037 4296 suas,
3067 4239 3114 4282 et
3141 4236 3366 4298 quatuor

1755 4323 2008 4378 animalia
2033 4365 2046 4389 ,
2071 4333 2116 4376 et
2141 4324 2492 4376 adoraverunt
2519 4319 2687 4373 Deum
2733 4319 2991 4374 sedentem
3040 4333 3198 4388 super
3221 4317 3365 4373 thro-

1756 4436 1879 4474 num
1914 4420 2186 4474 dicentes:
2234 4419 2420 4481 Amen,
2470 4415 2704 4468 alleluia.
2742 4412 2810 4467 Et
2853 4429 2952 4468 uox
2999 4428 3191 4483 magna
3237 4412 3364 4467 ea‘iit

1757 4514 1818 4566 de
1863 4513 2074 4575 throno,
2117 4511 2338 4564 dicens:
2379 4508 2613 4562 Laudem
2645 4507 2802 4561 dicite
2849 4505 2962 4560 Deo
3007 4515 3208 4574 nostra,
3257 4522 3366 4560 om-

61 4596 291 4653 audietur
319 4603 374 4656 in
406 4613 455 4658 te
481 4603 674 4660 adhuc.
695 4605 1060 4672 Quaerendum
1085 4606 1241 4664 nobis
1257 4611 1454 4680 cstzcur
1476 4621 1646 4674 artes,
1677 4592 1731 4652 1)
1755 4621 1845 4658 nes
1895 4605 2064 4658 sancti
2090 4607 2226 4676 ejus,
2274 4611 2322 4656 et
2346 4603 2435 4672 qui
2464 4601 2653 4655 timetis
2681 4617 2798 4654 eum
2816 4643 2830 4667 ,
2881 4601 3065 4672 pusilli
3089 4611 3137 4656 et
3161 4603 3361 4672 magni.

62 4697 114 4742 et
134 4705 316 4746 vocem
352 4694 534 4764 molae,
564 4703 620 4751 et
646 4698 827 4752 lumen
858 4698 1117 4762 lucermc,
1150 4709 1204 4754 et
1242 4714 1431 4754 vocem
1460 4700 1651 4770 sponsi

62 4791 114 4836 et
138 4799 350 4854 spousm
376 4789 522 4844 inter
567 4790 779 4848 scelera
822 4790 1116 4862 Babylonis
1163 4799 1474 4861 computet;
1523 4808 1650 4848 cum

62 4877 155 4932 ista
183 4883 368 4937 omnia
401 4885 520 4940 sine
550 4885 711 4955 culpa
753 4885 1004 4940 exerceri
1037 4885 1272 4954 possint,
1302 4893 1358 4940 et
1382 4885 1502 4941 sine
1533 4887 1652 4942 istis

63 4969 161 5024 vita
186 4975 423 5031 humana
474 4978 778 5033 subsistere
811 4993 916 5033 non
943 4978 1136 5048 possit.
1186 4977 1520 5046 Spiritaliter
1552 4980 1652 5032 ita-

60 5081 158 5135 que
187 5069 285 5124 ista
319 5073 502 5126 omnia
561 5071 921 5143 intelligenda
969 5081 1121 5126 sunt.
1175 5071 1473 5128 Possumus
1521 5087 1653 5142 ergo

64 5174 154 5228 per
177 5173 328 5220 artes
356 5167 684 5236 sapientiam
717 5165 878 5237 hujus
913 5165 1124 5231 saeculi,
1155 5180 1277 5235 quae
1305 5165 1536 5220 stultitia
1568 5174 1656 5222 est

60 5255 198 5320 apud
245 5257 416 5312 Deum
450 5258 493 5330 (l
521 5256 648 5314 Cor.
682 5274 762 5325 nt,
795 5258 907 5327 19),
964 5257 1300 5328 intelligere,
1359 5272 1500 5328 quas
1558 5273 1653 5313 ar-

1754 4697 1823 4753 Et
1865 4698 2056 4767 audiui,
2080 4697 2229 4768 quasi
2277 4711 2450 4750 uocem
2481 4695 2614 4749 tubte
2661 4711 2886 4772 magnae,
2919 4705 2967 4751 et
2993 4697 3147 4763 quasi
3191 4710 3364 4750 uocem

1752 4807 2005 4862 aquarum
2047 4790 2351 4855 multarum,
2398 4798 2445 4842 et
2470 4789 2618 4858 quasi
2653 4803 2825 4842 vocent
2876 4789 3222 4843 tonitruorum
3249 4804 3364 4842 ma-

1754 4899 1996 4954 gnorum,
2051 4881 2338 4935 dicentium
2366 4897 2385 4935 .'
2416 4881 2672 4941 Alleluia.
2727 4882 2976 4951 quoniam
3008 4878 3366 4954 regnauitDo-

1755 4976 1928 5029 minus
1967 4971 2110 5026 Deus
2137 4981 2308 5027 noster
2328 4973 2654 5042 omnipotens
2680 4988 2699 5027 :
2724 4973 3065 5044 gaudeamus,
3095 4983 3143 5026 et
3181 4973 3359 5025 exsul-

1759 5077 1955 5132 temus,
1992 5076 2040 5120 et
2097 5066 2278 5119 demus
2309 5065 2531 5138 gloriam
2576 5066 2662 5131 ei;
2701 5067 2825 5136 quia
2874 5075 3119 5120 venerunt
3165 5066 3364 5137 nuptiu:

1759 5160 1913 5230 Agni,
1948 5166 1996 5213 et
2020 5173 2154 5212 uxor
2181 5160 2294 5230 ejus
2325 5158 2639 5228 prwparuvit
2677 5173 2751 5212 se.
2801 5155 2871 5211 Et
2913 5158 3090 5210 datum
3116 5167 3188 5211 est
3215 5157 3261 5211 ei
3304 5168 3363 5212 ut

1760 5251 1957 5322 aperiat
1983 5267 2038 5306 se
2058 5249 2264 5321 byssina
2292 5249 2592 5319 splendente
2621 5247 2877 5303 candido:
2919 5249 3182 5318 byssinum
3223 5248 3362 5303 enim

61 5342 225 5399 tilices
249 5348 472 5417 maligni
513 5359 568 5403 et
606 5348 700 5404 lilii
740 5347 1034 5419 Babylonis
1066 5347 1134 5401 ad
1185 5346 1288 5404 hoc
1323 5347 1560 5415 discunt,
1593 5360 1652 5405 ut
1745 5344 2156 5416 justi/icationes
2178 5353 2300 5397 sunt
2325 5351 2641 5398 sanctorum.

59 5437 109 5491 in
140 5441 346 5496 malitia
394 5442 696 5516 Babylonis
749 5444 964 5514 possint
1009 5441 1310 5514 prolicere;
1368 5441 1650 5513 sapientes

59 5531 199 5586 enim
231 5544 363 5588 sunt
394 5547 447 5592 ut
482 5536 684 5593 faciant
710 5537 854 5592 mala
874 5579 889 5603 ,
939 5536 1084 5592 bene
1109 5545 1292 5591 autem
1321 5534 1504 5591 facere
1555 5551 1649 5591 ue-

59 5623 294 5682 scierunt
324 5625 540 5700 (Jerem.
575 5645 653 5700 tv,
689 5628 808 5702 22).
841 5629 981 5685 Mola
1004 5644 1134 5685 vero
1165 5627 1430 5702 quidquid
1459 5627 1561 5684 sub
1587 5642 1647 5684 se

1828 5439 2020 5495 Totam
2086 5438 2414 5494 sententiam
2458 5435 2652 5508 posui,
2719 5445 2776 5488 ut
2831 5433 3074 5504 undique
3121 5435 3360 5492 circum-

1753 5542 1940 5604 specta
1972 5533 2091 5602 ejus
2112 5532 2388 5587 subtilitas
2411 5529 2625 5585 facilius
2652 5527 2902 5600 indagari
2939 5528 3134 5600 possit.
3166 5531 3208 5584 Α
3238 5545 3364 5601 sey-

1753 5635 1865 5683 tem
1909 5641 2146 5696 namque
2196 5623 2420 5680 vocibus
2469 5620 2762 5693 quinquies
2802 5620 3026 5678 alleluia
3071 5619 3358 5678 decantata

129 5833 153 5859 "
181 5831 255 5892 Ita
269 5849 426 5904 mss;
457 5815 588 5898 edit.
623 5841 653 5899 ε
673 5815 969 5912 centrario,
1004 5841 1381 5901 etadducentur
1401 5845 1526 5911 iusti
1547 5821 1615 5900 ad
1639 5839 1836 5917 gaudia
1861 5839 2190 5915 sempiterna.
