3950 6314
568 243 677 302 9η

571 373 694 413 esse
739 356 938 429 legitur
980 376 992 414 :

575 452 873 506 multatum
913 470 926 504 :
963 450 1126 516 tertio
1174 465 1204 504 a
1249 449 1440 520 viginti
1480 457 1715 519 quatuor
1751 449 2080 515 senioribus,
2119 458 2173 506 et

575 554 808 614 qualiter
853 543 1184 606 animalibus
1218 560 1230 597 :
1262 553 1458 614 quarto
1486 557 1512 596 a
1538 557 1671 600 voce
1715 543 1785 600 de
1811 543 2011 604 throno
2042 542 2174 600 exiit

576 650 685 692 non
711 635 822 706 jam
854 636 1098 702 alleluia,
1142 637 1238 692 sed
1286 636 1404 706 ejus
1457 634 1836 706 interpretatio
1885 637 2173 694 decantata

578 738 684 798 est,
718 730 768 784 id
801 742 925 786 est:
962 729 1194 786 Laudent
1240 729 1398 788 dicite
1425 728 1535 784 Deo
1575 739 1751 788 nostro
1790 747 1968 794 ouines
2011 731 2176 794 sancti

577 828 724 898 ejus;
754 824 1188 896 alleluiaquippe
1211 824 1431 882 laudate
1463 825 1750 882 Dominum
1768 833 1949 884 sonat.
1974 823 2177 892 Quinto

580 933 717 976 vero
742 934 772 972 ο
805 920 981 978 tribus
1017 919 1244 978 vocibus
1272 919 1446 978 semel
1477 919 1764 980 decantata
1792 930 1894 984 est,
1929 919 1980 974 id
2011 930 2116 986 est,
2145 933 2176 974 a

578 1025 717 1067 voce
747 1011 891 1068 tuba:
912 1026 1146 1084 magna,
1178 1021 1230 1070 et
1253 1027 1284 1068 a
1310 1027 1444 1072 voce
1481 1027 1743 1083 aquarum
1776 1011 2091 1074 multarum,
2124 1019 2181 1068 et

583 1117 612 1157 a
636 1118 772 1158 voce
806 1105 1169 1160 teoitruorum
1204 1103 1848 1175 magnorum.Scriptura
1874 1103 1999 1160 libri
2021 1103 2179 1172 hujus

579 1211 726 1267 saepe
753 1196 1098 1256 demonstrat
1125 1213 1346 1256 omnem
1367 1199 1665 1256 electorum
1695 1198 2177 1256 multitudinemin

581 1302 790 1354 septem
824 1300 1008 1361 partes
1039 1294 1063 1321 “
1087 1305 1216 1350 esse
1234 1291 1612 1359 dividendam,
1649 1293 1697 1350 si
1726 1293 1846 1362 ejus
1871 1293 2180 1365 intelligen-

582 1387 656 1442 tia
686 1387 944 1444 subtilius
994 1397 1392 1454 perscrutotur.
1426 1387 1565 1445 Justi
1595 1389 1780 1459 itaque
1810 1389 1900 1460 qui
1933 1397 2062 1446 ante
2098 1389 2180 1445 di-

584 1481 788 1537 luvium
843 1480 1082 1548 luerunt,
1136 1483 1202 1539 ad
1247 1483 1479 1551 primam
1513 1491 1765 1553 partem:
1818 1481 1896 1537 illi
1929 1483 2020 1553 qui
2060 1490 2182 1552 post

589 1572 855 1634 diluvium
889 1588 1176 1644 usquequo
1205 1572 1316 1630 Lex
1347 1573 1471 1628 data
1501 1581 1605 1641 est,
1634 1574 1699 1634 ad
1733 1575 2029 1630 secundam
2061 1588 2184 1644 per-

586 1669 782 1734 tinent,
816 1666 956 1722 sicut
983 1682 1131 1737 smpe
1157 1667 1267 1740 jam
1294 1667 1819 1732 demonstravimus;
1869 1666 2181 1735 nullamque

1505 242 1600 304 AD
1635 241 1864 300 OPERA
1908 241 2154 301 SANCTI
2208 241 2531 306 AMBROBII
2571 242 2938 308 AI’PENDIX.
3741 251 3811 312 ﬁt

1046 357 1222 428 primo
1260 368 1313 416 ot
1356 355 1597 414 secundo
1642 370 1672 412 a
1729 371 1861 415 voce
1909 356 2163 420 tubarum
2199 365 2248 430 Α
2274 363 2422 420 sunt,
2455 354 2838 426 intelliguntur
2870 375 2883 411 :
2922 367 2976 414 et
3007 357 3133 429 jure
3168 373 3267 431 per
3298 359 3568 428 tonitrua;
3608 364 3812 434 quinos.

2275 465 2458 506 rorem
2488 448 2598 506 diei
2615 449 2808 521 judicii
2832 451 3260 512 annuntiabunt.
3293 453 3432 510 Tres
3453 469 3584 525 ergo
3603 472 3738 514 vacas
3758 475 3814 520 κ.

2278 543 2384 600 mel
2410 542 2628 600 alleluia
2653 544 3120 613 decantaverunt;
3153 546 3281 616 quia
3331 546 3496 604 ﬁdem
3523 558 3710 604 sanctae
3731 551 3814 610 Tri-

2276 636 2461 692 nitatis
2487 634 2906 708 doctrinamque
2939 637 3248 709 Evangelii,
3279 654 3405 710 qua:
3429 654 3458 692 a
3492 655 3675 711 magna
3707 646 3815 711 tuba,

2278 725 2331 786 id
2363 737 2466 794 est,
2499 743 2530 783 a
2561 726 2787 790 Christo
2835 731 3130 799 processit,
3181 743 3565 800 servaverunt,
3596 743 3649 796 et
3685 749 3817 790 sem-

2279 821 2415 880 bunt
2438 837 2613 894 usque
2640 823 2696 878 in
2726 824 2911 888 tinem.
2950 825 3078 882 Dum
3104 825 3270 895 igitur
3303 835 3520 900 partes,
3555 827 3606 884 id
3634 837 3725 895 est,
3749 835 3817 900 pri-

2280 929 2366 970 ma
2396 914 2734 982 etsecunda,
2761 916 2829 978 ad
2862 917 3037 987 legem
3071 931 3234 988 quam
3260 919 3571 974 naturalem
3592 933 3703 978 esse
3721 922 3817 980 diti.

2280 1023 2422 1073 mus,
2451 1009 2728 1077 pertinent
2767 1026 2779 1063 :
2811 1009 2933 1066 dua:
2963 1027 3082 1082 qum
3123 1023 3459 1082 sequuntur.
3499 1012 3556 1068 id
3583 1022 3681 1078 est.
3707 1017 3817 1076 testu

2277 1112 2330 1160 ct
2360 1112 2576 1175 quarta,
2625 1102 2694 1160 ad
2738 1104 2914 1176 legem
2962 1120 3083 1176 qum
3133 1105 3505 1178 perJloysen
3559 1105 3678 1161 data
3714 1120 3817 1164 est:

2283 1204 2396 1252 tres
2431 1203 2612 1252 autem
2649 1211 2774 1268 quae
2804 1205 3037 1266 restant,
3063 1196 3116 1256 id
3147 1208 3255 1265 est,
3296 1199 3491 1270 quinta
3523 1209 3582 1254 et
3618 1211 3820 1264 serta,“

2282 1290 2532 1360 septima,
2565 1290 2632 1348 ad
2664 1289 2841 1370 legem
2867 1290 3184 1362 Evangelii;
3213 1300 3272 1348 ut
3298 1290 3553 1348 indicent
3576 1307 3670 1348 eos
3695 1293 3738 1347 in
3759 1295 3822 1354 ide

2282 1391 2489 1438 sanctae
2517 1382 2800 1442 Trinitatis
2831 1397 3004 1455 usque
3026 1383 3094 1440 ad
3119 1383 3287 1442 linem
3322 1385 3517 1441 mundi
3562 1400 3821 1456 permansre

2283 1474 2503 1532 debere.

2355 1569 2494 1636 Quid
2518 1579 2700 1626 autem
2725 1569 2843 1628 ista:
2867 1581 2979 1628 tres
3005 1582 3190 1642 partes
3206 1572 3526 1643 decantent,
3561 1576 3820 1635 audiamus;

2285 1660 2541 1729 Alleluia,
2573 1664 2821 1734 quoniam
2848 1667 3078 1739 regnavit
3105 1665 3366 1724 Dominus
3397 1667 3542 1728 Deus
3562 1672 3734 1742 ξκοεισ
3752 1689 3822 1728 om

585 1761 745 1816 aliam
774 1761 946 1830 legem
969 1758 1300 1826 habuerunt,
1327 1761 1433 1815 nisi
1461 1761 1786 1827 naturalem,
1807 1759 1856 1814 id
1885 1767 1989 1830 est,
2011 1759 2182 1816 dilue-
2215 1773 2258 1834 Β
2290 1757 2527 1827 nipatens
2545 1773 2564 1823 ;
2593 1757 2645 1812 id
2680 1769 2790 1826 est,
2827 1759 3115 1818 laudemus
3153 1761 3482 1829 Dominum;
3509 1778 3578 1820 eo
3617 1764 3744 1835 quod
3764 1766 3824 1824 is»

586 1853 790 1908 tionem
827 1853 923 1909 Dei
943 1863 997 1909 et
1025 1854 1282 1924 proximi.
1315 1853 1429 1910 Scit
1455 1855 1598 1912 enim
1616 1856 1987 1926 unusquisque
2009 1869 2069 1912 se
2089 1855 2183 1912 de-

585 1945 718 2002 bere
746 1947 958 2018 timere,
973 1956 1022 2002 et
1054 1962 1222 2015 super
1243 1949 1424 2006 omnia
1439 1948 1666 2020 diligere
1687 1962 1834 2017 eum,
1860 1963 1888 2002 a
1904 1963 2011 2019 quo
2034 1962 2185 2004 crea-

583 2048 671 2096 tus
694 2049 796 2106 est,
821 2048 917 2096 eta
935 2053 1044 2109 quo
1070 2039 1122 2096 ei
1147 2040 1254 2096 vita
1279 2049 1338 2096 ct
1359 2041 1483 2097 vitat
1509 2041 1747 2098 subsidia
1770 2041 2182 2098 ministrentur:

581 2141 638 2187 et
667 2133 798 2188 nulli
828 2146 889 2190 se
910 2132 1114 2194 debere
1145 2135 1345 2203 facere,
1369 2135 1514 2206 quod
1541 2150 1646 2192 non
1678 2135 1795 2192 vult
1820 2135 1890 2191 ab
1920 2135 2027 2190 alio
2051 2135 2178 2205 pati.

583 2227 734 2282 Hauc
781 2227 958 2299 legem
1023 2229 1204 2288 nullus
1242 2231 1334 2300 qui
1384 2244 1531 2288 sante
1597 2231 1795 2288 mentis
1849 2241 1931 2288 est
1965 2272 1982 2297 ,
2031 2230 2184 2302 igno-

583 2335 706 2376 rare
753 2321 1111 2391 permittitur.
1183 2323 1284 2380 Per
1339 2323 1496 2379 tubas
1540 2325 1700 2395 igitur
1746 2324 1947 2384 multas
2017 2325 2180 2382 electi

582 2415 676 2487 qui
703 2427 831 2473 ante
857 2416 1121 2476 diluvium
1139 2417 1380 2482 luerunt,
1409 2428 1462 2474 et
1490 2419 1582 2490 qui
1610 2430 1733 2490 post
1778 2420 2040 2476 diluvium
2092 2437 2184 2478 us-

582 2523 691 2580 que
735 2507 802 2562 ad
827 2507 963 2566 illud
991 2516 1206 2580 tempus
1251 2526 1360 2582 quo
1416 2509 1526 2567 Lex
1565 2511 1690 2567 data
1747 2521 1853 2579 est,
1893 2511 2183 2583 designan-

583 2608 692 2655 tur.
730 2599 931 2657 Vocem
975 2603 1302 2670 emiserunt,
1328 2605 1452 2675 quia
1501 2619 1598 2675 per
1635 2605 2042 2675 prmdicationis
2070 2621 2182 2666 sum

581 2693 912 2761 doctrinam,
943 2711 1320 2768 quoscumque
1351 2707 1668 2770 potuerunt,
1713 2703 1877 2756 asuls
1902 2700 2182 2762 erroribus

579 2798 1004 2848 revocaverunt:
1021 2791 1241 2847 alleluia
1263 2791 1719 2861 decantaverunt;
1743 2795 1866 2864 quia
1880 2795 2180 2852 secundum

583 2881 845 2937 naturalis
876 2881 1014 2954 legis
1043 2885 1290 2940 uetitiam
1343 2901 1438 2952 per
1471 2885 1608 2940 bona
1642 2900 1809 2957 opera
1841 2887 1946 2946 Deo
1971 2887 2184 2958 placem

583 2973 954 3032 studuerunt:
987 2978 1234 3034 secundo
1277 2979 1495 3038 alleluia
1541 2980 1817 3050 dixerunt,
1847 2983 1972 3052 quia
2008 2981 2058 3036 bi
2087 2981 2183 3053 qui

586 3074 710 3136 post
759 3063 1024 3122 diluvium
1079 3067 1318 3135 luerunt,
1365 3077 1665 3130 secundum
1717 3073 1966 3130 eamdem
2007 3073 2181 3144 legem

2285 1857 2497 1903 structo
2510 1864 2679 1922 regno
2705 1850 2911 1907 diaboli
2945 1853 3238 1924 perditoris
3264 1855 3470 1920 nostri,
3504 1857 3618 1926 ipse
3647 1859 3696 1914 in
3713 1861 3823 1916 nobs

2287 1957 2518 2015 regnare
2539 1942 2820 2016 dignatur,
2854 1946 2947 2018 qui
2972 1957 3056 2006 est
3081 1946 3353 2006 Dominus
3384 1957 3442 2004 et
3479 1947 3717 2006 Salvator
3741 1967 3826 2007 aes-

2288 2047 2390 2094 ter.
2423 2037 2762 2096 Gaudeamus
2797 2051 2846 2097 et
2873 2042 3216 2110 exsutlemus,
3243 2052 3292 2099 et
3337 2043 3526 2108 demus
3553 2045 3826 2118 glorianti;

2284 2132 2406 2201 quia
2432 2143 2679 2190 venerunt
2701 2135 2896 2207 nuptiae
2917 2135 3073 2207 Agni,
3103 2145 3152 2196 et
3179 2151 3318 2191 uxor
3337 2140 3452 2209 ejus
3476 2141 3766 2206 preparavit
3779 2155 3824 2194 te.
3916 2173 3917 2182 η

2287 2224 2411 2282 ldco
2433 2225 2790 2297 gaudeamus,
2807 2228 2930 2284 ideo
2952 2230 3314 2295 exsultemus,
3333 2244 3404 2286 eo
3426 2224 3572 2302 quod
3586 2232 3827 2290 miseritos

2285 2319 2373 2376 dia
2392 2320 2698 2378 conditoris
2727 2323 2900 2380 nostri
2944 2321 3248 2386 Ecclesiam
3299 2338 3482 2391 suam,
3530 2342 3648 2394 qua:
3689 2341 3827 2382 sumtu

2287 2427 2410 2479 nos,
2441 2413 2518 2469 ita
2533 2414 2632 2471 sibi
2664 2415 3005 2488 conjungere
3034 2417 3108 2474 sit
3134 2417 3418 2489 dignatus,
3452 2426 3515 2474 ut
3534 2432 3716 2488 sponsa
3741 2433 3828 2474 ree

2281 2510 2527 2580 jungitur
2549 2524 2754 2583 sponso
2783 2527 2914 2577 suo;
2941 2512 3105 2586 ξω
3124 2521 3401 2583 quatenus
3422 2513 3595 2572 simus
3615 2529 3728 2570 eum
3747 2516 3829 2584 ipso

2288 2617 2392 2656 una
2422 2616 2575 2670 caro,
2605 2603 2750 2660 sicut
2779 2603 2917 2660 dicit
2942 2604 3229 2675 Scriptura
3260 2623 3272 2658 :
3310 2603 3484 2662 Erunt
3512 2607 3613 2664 duo
3651 2607 3700 2660 in
3721 2623 3829 2662 ωιι

2287 2711 2389 2748 una
2426 2695 2444 2764 (
2478 2692 2608 2750 Gen.
2659 2711 2719 2762 ιι,
2775 2695 2882 2762 2‘;
2919 2696 3112 2768 Ephes.
3138 2713 3190 2761 v,
3222 2698 3319 2771 δὲ)
3350 2715 3364 2753 :
3424 2699 3575 2769 quod
3601 2700 3830 2769 apostolus

2286 2787 2352 2842 de
2396 2787 2617 2843 Christo
2660 2797 2715 2844 et
2757 2787 3003 2846 Ecclesia
3052 2790 3473 2862 intelligendum
3503 2807 3626 2847 esse
3671 2791 3827 2848 άοαιίι

2290 2879 2438 2938 Uxor
2491 2881 2612 2952 ejus
2663 2883 2992 2956 preparavit
3042 2898 3123 2950 se,
3187 2883 3240 2940 id
3289 2893 3398 2951 est,
3456 2883 3698 2940 Ecclesia
3745 2898 3828 2954 qua

2288 2991 2424 3036 uxor
2451 2975 2592 3048 Agni
2619 2973 2842 3042 dicitur,
2875 2976 3039 3032 variis
3068 2977 3366 3036 virtutibus
3411 2980 3751 3050 semetipsam
3769 2991 3826 3036 or-

2289 3069 2460 3132 navit.
2485 3069 2551 3125 Et
2581 3069 2760 3124 datum
2784 3080 2858 3126 est
2875 3069 2956 3126 illi
2979 3081 3031 3128 ut
3050 3071 3251 3142 aperiat
3279 3087 3337 3132 se
3362 3072 3573 3143 byssina
3593 3071 3827 3142 splendenti

583 3155 856 3225 viventes,
904 3161 1139 3216 creatori
1187 3177 1288 3220 suo
1318 3163 1466 3234 juste
1513 3165 1761 3222 viventes
1807 3166 2175 3226 adhaeserunt.
2208 3164 2254 3230 C
2285 3163 2531 3220 candido.
2561 3162 2704 3231 Quid
2738 3163 2936 3236 byssus
2964 3163 3271 3236 signiﬁcet,
3301 3163 3424 3234 ipse
3452 3163 3710 3236 exponit:
3734 3161 3827 3232 Bys-

585 3250 693 3307 Sed
736 3255 1090 3326 qurerendom
1137 3257 1298 3314 nobis
1349 3268 1456 3325 est,
1495 3275 1590 3316 cur
1633 3262 1686 3318 in
1735 3260 2182 3333 pronuntiatione

586 3349 824 3402 socuutla
857 3350 1076 3407 alleluia
1113 3350 1292 3410 l‘umus
1321 3353 1614 3426 Babylonis
1643 3357 1696 3414 in
1721 3357 1924 3412 saecula
1953 3356 2181 3418 saeculo-

587 3458 706 3500 rum
739 3445 1053 3502 ascendisse
1088 3447 1320 3506 dicatur.
1352 3449 1536 3506 Potest
1562 3465 1656 3520 per
1686 3450 1888 3514 tomum
1918 3450 2060 3508 fama
2081 3452 2180 3508 de-

584 3536 810 3607 signari.
837 3538 1054 3594 Scimus
1075 3541 1200 3612 quia
1230 3542 1281 3600 in
1305 3541 1546 3598 secunda
1576 3554 1728 3612 parte
1744 3543 1855 3600 Noe
1873 3553 1929 3600 et
1946 3544 2042 3600 ﬁlii
2065 3546 2182 3613 ejus

589 3629 746 3698 primi
776 3628 1072 3700 ponuntu’r,
1123 3648 1355 3703 quorum
1403 3636 1741 3704 temporibus
1787 3637 1942 3706 aquis
1991 3636 2183 3700 diluvii

585 3721 882 3780 humanum
910 3738 1087 3794 genus
1135 3725 1378 3794 deletum
1413 3735 1515 3782 est.
1543 3725 1734 3786 Postea
1777 3742 1907 3786 vero
1946 3727 2182 3794 Sodoma

586 3823 643 3872 et
669 3815 1000 3886 Gomorrlia,
1024 3827 1076 3874 et
1123 3830 1334 3877 canem
1380 3819 1632 3876 civitates
1661 3836 1782 3892 qua:
1812 3821 1895 3878 eis
1931 3820 2181 3882 adhaere-

586 3910 734 3976 bant,
765 3911 977 3970 caelesti
1000 3914 1120 3985 igne
1149 3925 1486 3987 consumptae
1513 3924 1661 3974 sunt.
1698 3915 1898 3973 Fumus
1925 3933 2056 3987 ergo
2083 3917 2182 3974 Ba-

582 4002 802 4076 bylonis
821 4005 876 4060 in
896 4006 1443 4075 smcttlajsazculorum
1463 4010 1730 4076 ascendit,
1755 4012 1882 4081 quia
1905 4011 2020 4068 haec
2039 4009 2182 4068 fama

583 4098 652 4153 ab
677 4113 778 4156 ore
803 4100 1042 4165 ﬁdelium
1072 4118 1367 4174 numquam
1396 4104 1640 4161 recedet.

654 4191 724 4250 At
746 4207 876 4250 vero
899 4210 995 4266 per
1015 4194 1204 4266 viginti
1221 4207 1457 4267 quatuor
1480 4197 1748 4264 seniores,
1779 4206 1960 4268 patres
1973 4199 2065 4270 qui
2082 4197 2184 4257 sub

585 4282 732 4356 Lege
784 4286 1006 4346 l'ucrunt
1075 4287 1446 4361 designantur.
1503 4290 1712 4360 Quibus
1772 4291 2185 4362 conjunguntur

583 4387 818 4448 quatuor
847 4380 1122 4446 animalia,
1143 4397 1237 4452 per
1258 4398 1378 4454 qum
1402 4399 1602 4440 novum
1622 4384 2032 4446 Testamentum
2052 4386 2184 4456 ﬁgu-

585 4483 770 4538 ratur;
803 4474 926 4544 quia
954 4475 1005 4528 in
1040 4475 1212 4532 veteri
1259 4475 1614 4536 Testamento
1655 4478 1702 4538 si
1749 4478 2077 4550 spiritaliter
2103 4481 2185 4537 in-

2285 3261 2456 3317 sinum
2477 3262 2624 3318 enim
2649 3261 3051 3332 justiﬁeationes
3078 3271 3200 3316 sunt
3218 3271 3543 3318 sanctorum.

2356 3354 2533 3428 (Vera.
2565 3355 2648 3426 9.)
2667 3351 2732 3409 Et
2753 3355 2883 3410 dixit
2901 3355 3025 3409 mihi
3049 3372 3067 3408 :
3099 3354 3301 3422 Scribe,
3324 3354 3460 3410 beati
3487 3354 3575 3425 qui
3597 3352 3662 3408 ad
3687 3367 3827 3407 mal

2284 3448 2585 3522 nuptiarum
2600 3448 2731 3520 Agni
2752 3448 2917 3504 uocati
2937 3458 3076 3502 sunt.
3093 3446 3392 3506 Prandium
3419 3446 3706 3506 electorum
3729 3459 3828 3500 usas

2285 3549 2394 3612 est,
2422 3540 2638 3614 quando
2662 3539 2715 3596 in
2744 3539 2988 3598 Ecclesia
3029 3540 3262 3610 dapibus
3295 3541 3627 3612 evangelicis
3649 3554 3826 3610 pascuo

2288 3643 2406 3692 tur:
2438 3649 2594 3692 coena
2623 3650 2751 3694 vero
2781 3645 2912 3692 tunc
2938 3635 3044 3691 erit
3069 3674 3085 3701 ,
3119 3635 3338 3706 quando
3370 3645 3493 3705 post
3531 3634 3826 3692 resurrectio-

2287 3745 2411 3790 nem
2445 3731 2497 3786 iu
2541 3729 2750 3786 cmlesti
2782 3727 3116 3788 beatitudine
3159 3740 3368 3784 aeterna
3398 3729 3571 3800 gloria
3596 3726 3825 3799 perfracti~

2289 3833 2394 3883 tur.
2425 3824 2490 3880 Et
2515 3825 2640 3896 quia
2672 3824 2956 3895 prandium
2979 3822 3122 3893 quod
3156 3839 3301 3884 nunc
3330 3823 3533 3898 agitur,
3561 3832 3612 3880 et
3634 3823 3826 3880 boaoiet

2289 3916 2459 3972 malos
2488 3919 2706 3989 recipit,
2730 3933 2835 3972 non
2863 3931 3053 3980 Dllltles
3081 3917 3225 3971 beati
3248 3925 3398 3981 sunt,
3429 3917 3522 3986 qui
3543 3918 3673 3980 ineo
3692 3912 3826 3969 rides-

2291 4021 2375 4068 tur
2398 4013 2718 4070 recumbere
2751 4029 2764 4068 :
2795 4012 2871 4069 illi
2898 4021 3077 4068 autem
3111 4010 3216 4066 soli
3245 4009 3389 4072 beati
3414 4021 3564 4077 sunt,
3593 4009 3681 4082 qui
3700 4009 3743 4064 in
3766 4006 3824 4061 illa

2285 4120 2464 4172 creua,
2494 4119 2617 4178 quite
2643 4115 2765 4176 post
2795 4103 2959 4160 ﬁnem
2989 4101 3177 4160 mundi
3199 4101 3377 4162 futura
3397 4113 3506 4170 est,
3530 4101 3823 4172 recipientur.

2360 4199 2544 4270 (Vera.
2573 4199 2689 4270 l0.)
2722 4197 2788 4254 Et
2808 4199 2939 4256 dixit
2957 4197 3119 4254 milii:
3144 4195 3270 4252 Hice
3293 4196 3450 4258 verba
3470 4195 3593 4262 Dei,
3614 4211 3717 4252 me
3728 4200 3824 4256 rut.

2287 4291 2357 4350 Et
2386 4291 2548 4348 cecidi
2576 4299 2695 4346 ante
2720 4291 2874 4363 pedes
2911 4291 3046 4362 ejus,
3085 4299 3140 4346 ut
3186 4290 3465 4352 adorarent
3493 4305 3625 4346 aut.
3659 4286 3716 4350 Et
3735 4283 3827 4338 dial

2287 4383 2414 4438 mihi
2439 4400 2456 4436 :
2494 4380 2622 4438 l’ide
2652 4398 2713 4437 ne
2741 4381 2956 4454 feceris;
2983 4397 3262 4442 conservus
3293 4391 3412 4436 titus
3435 4397 3571 4443 sum,
3593 4389 3634 4434 et
3663 4380 3825 4450 [retru-

2289 4485 2498 4534 tuorum
2541 4473 2839 4534 (iubentium
2884 4473 3233 4530 testimonium
3276 4471 3446 4530 Jesu:
3489 4471 3651 4530 Dea-rt
3686 4472 3808 4526 adat!

585 4565 874 4638 telligatur,
902 4583 1100 4632 novum
1124 4572 1454 4631 continetur.
1480 4573 1711 4632 Alleluia
1728 4573 2181 4643 decantaverunt;
2208 4564 2260 4628 D
2289 4566 2607 4639 Redemptio
2633 4566 2912 4640 sanguinis
2929 4566 3132 4624 Christi
3159 4564 3262 4623 hoc
3284 4565 3538 4631 ﬁdelibus
3555 4563 3769 4626 contulit,
3787 4573 3826 4616 tt

583 4660 709 4730 quia
740 4661 989 4722 mandata
1037 4663 1229 4734 legalis
1271 4669 1652 4735 observantes,
1705 4683 1803 4739 per
1831 4669 1970 4726 bona
2016 4682 2181 4740 opera

585 4752 695 4809 Deo
723 4754 936 4823 placere
962 4757 1312 4816 studuerunt.
1335 4759 1442 4818 Per
1462 4761 1718 4820 thronum
1738 4771 1918 4820 autem
1947 4763 2182 4833 prophe-

583 4856 652 4902 tae
677 4845 1058 4917 designantur,
1100 4867 1166 4907 eo
1194 4853 1338 4922 quod
1371 4853 1530 4912 sedes
1576 4855 1672 4912 Dei
1721 4855 1943 4922 fuerint,
1990 4868 2048 4916 et
2087 4873 2182 4928 per

582 4952 680 4994 eos
709 4955 809 4995 sua
825 4940 1032 5011 judicia
1062 4943 1421 5014 disposuerit.
1450 4951 1488 5002 Α
1515 4948 1715 5003 throno
1746 4965 1850 5004 vox
1870 4949 2028 5005 exiit:
2056 4951 2180 5021 quia

577 5047 606 5086 τι
639 5033 924 5104 prephetis
976 5036 1296 5106 praedicatio
1333 5049 1522 5096 sancta
1582 5041 1874 5110 processit.
1934 5041 2178 5100 Laudem

583 5127 697 5184 Deo
725 5128 1180 5198 decantaverunt;
1224 5134 1349 5204 quia
1378 5138 1426 5190 ei
1461 5144 1572 5191 toto
1597 5137 1804 5191 virtute
1833 5137 2045 5194 servire
2066 5146 2182 5195 stu-

581 5225 842 5284 duerunt.
873 5227 1023 5285 Tuba
1052 5244 1184 5284 vero
1217 5246 1413 5302 magna
1436 5231 1716 5288 Christum
1741 5233 2016 5305 signiﬁcat
2039 5253 2053 5290 :
2076 5250 2182 5292 vos

583 5319 727 5376 tuba:
758 5321 1079 5390 prmdicatio
1120 5333 1206 5378 est
1240 5324 1566 5395 Evangelii;
1601 5339 1701 5395 per
1751 5341 1944 5382 vocem
1994 5335 2180 5384 autem

580 5427 843 5483 aquarum
893 5415 1187 5472 multarum
1247 5417 1540 5476 multitudo
1593 5418 1841 5489 gentium
1889 5418 2174 5476 Christum

579 5508 957 5566 conﬁtentium
987 5510 1307 5584 designatur
1343 5531 1357 5569 :
1386 5530 1484 5585 per
1510 5527 1699 5570 vocem
1731 5529 1866 5570 vero
1899 5515 2179 5573 tonitruu-

581 5611 703 5655 ruln
755 5615 1076 5672 magnorum
1115 5605 1279 5662 electi
1306 5607 1398 5677 qui
1429 5609 1480 5663 in
1523 5613 1633 5664 nne
1675 5608 1862 5665 mundi
1913 5609 2182 5665 noscitari

2286 4665 2377 4722 lilii
2410 4663 2528 4732 Dei,
2554 4662 2793 4732 sociique
2844 4662 3164 4733 angelorum
3213 4659 3607 4726 efﬁcerentur;
3647 4659 3822 4724 litesque

2285 4759 2620 4831 pertimescit
2644 4757 2873 4829 angelus
2903 4755 3118 4816 adorari
3145 4755 3214 4810 ab
3240 4753 3498 4837 quine,
3528 4755 3615 4824 qui
3638 4762 3822 4820 superis

2285 4853 2550 4914 adorabat
2579 4853 2853 4910 hominem
2888 4853 3092 4908 Deum:
3111 4859 3448 4922 quapropter
3474 4860 3761 4906 censeri-ost
3782 4857 3822 4898 se

2285 4947 2530 5013 JQannis,
2550 4958 2984 5017 cmtcrorumqoe
3009 4943 3246 5018 ﬁdelium
3283 4953 3462 5000 vocat.
3491 4939 3821 5000 Testimoniia

2287 5039 2416 5098 Jesu
2454 5049 2538 5098 est
2582 5038 2803 5111 spiritus
2851 5035 3185 5110 prophetiae;
3240 5046 3428 5108 patres
3473 5045 3650 5096 autem
3675 5033 3821 5087 reteri;

2285 5133 2642 5201 Testameuti,
2677 5133 2768 5206 qui
2797 5132 3090 5196 adventum
3115 5129 3341 5196 Christi,
3372 5132 3673 5202 passionem
3697 5138 3736 5184 et
3755 5139 3818 5179 τε·
3915 5155 3919 5206 ἕ

2285 5227 2678 5290 surrectioncm
2702 5226 2819 5297 ejus
2848 5224 3246 5294 praedixerunt,
3291 5222 3546 5292 spiritum
3578 5217 3818 5294 propheth

2288 5320 2544 5384 habuisse
2585 5320 2948 5377 certissimum
2988 5317 3255 5385 est,untlo
3275 5328 3327 5374 et
3352 5318 3628 5389 prophetae
3664 5325 3818 5368 voean-

2285 5426 2396 5474 tur.
2420 5417 2756 5486 Quicumque
2777 5429 2907 5486 ergo
2943 5413 3314 5476 testimonium
3347 5412 3565 5470 Christo
3592 5407 3816 5481 perhibet.

2285 5509 2536 5581 spiritum
2570 5508 2868 5581 prophetia:
2898 5506 3077 5566 habet.

2359 5607 2540 5682 (Vera.
2577 5606 2690 5672 ll.)
2722 5605 2788 5662 Et
2825 5603 2930 5662 vidi
2966 5602 3147 5661 emtum
3190 5610 3432 5672 apertum
3457 5641 3476 5668 ,
3507 5610 3555 5656 ει
3581 5614 3684 5658 em
3705 5608 3819 5664 quas

672 5742 877 5818 f_Edit.
941 5751 998 5800 et
1026 5760 1129 5818 ms.
1157 5745 1318 5818 Reg.,
1359 5765 1468 5806 esse
1505 5749 1752 5814 divisam;
1785 5747 1916 5804 edit.
1961 5745 2206 5806 addunt:
2231 5747 2278 5804 si
2308 5747 2418 5814 eius
2454 5745 2710 5807 subtilitas
2740 5745 2818 5802 vel
2852 5743 3188 5818 intelligentia
3218 5749 3595 5818 perscrutetur;
3623 5737 3698 5794 alii
3721 5746 3818 5788 mss.

589 5815 816 5884 melius,
847 5823 907 5872 ut
934 5830 1033 5876 nos
1062 5816 1118 5872 in
1143 5815 1313 5884 testu.
