3950 6314
559 237 669 295 99.7

1502 244 1595 302 AD
1631 246 1862 306 OPERA
1902 248 2149 310 SANCTI
2188 241 2518 348 ΑΜΒΒΟξΙΙ
2557 253 2922 315 APPENDlX.

3700 259 3772 317 99.8

561 358 591 390 ⁸
622 359 907 419 hominum
937 364 1228 422 stultorum
1256 381 1475 426 errores
1493 369 1760 429 destruet.
1793 371 1862 427 Et
1887 373 1998 445 ipse
2023 386 2160 445 reget
2189 397 2236 458 Α
2265 374 2318 430 in
2352 375 2510 430 bonis
2539 375 2794 446 operibus
2826 376 3154 446 proﬁciunt,
3184 375 3328 432 sicut
3355 374 3477 431 dicit
3516 375 3770 432 Psalmisu:

557 469 648 508 eas
673 454 728 508 in
750 456 894 528 virga
915 460 1087 529 ferrea
1115 475 1134 513 :
1164 468 1215 513 et
1245 469 1504 533 tamquam
1535 479 1623 518 vas
1644 464 1796 536 ﬁguli
1823 468 2162 542 confringen-

561 555 669 601 tur.
692 547 798 604 Per
826 551 1030 622 virgam
1058 552 1291 610 ferream
1332 555 1690 627 Evangelium
1735 560 1971 617 diximus
1999 561 2164 620 fuisse

564 638 940 712 designatum;
974 656 1127 716 reget
1155 664 1284 720 ergo
1309 647 1560 707 Christus
1585 663 1779 724 gentes
1807 655 1863 710 in
1894 657 2040 728 virga
2058 656 2165 712 fer-

567 750 682 804 rea,
711 737 929 809 quando
957 755 1054 809 per
1074 740 1376 799 doctrinam
1413 755 1726 802 sanctorum
1758 761 1811 803 et
1843 748 2058 807 indwos
2096 751 2162 806 ad

567 827 728 884 ﬁdem
757 844 910 886 suam
948 843 1252 902 convertet,
1285 845 1342 891 et
1367 837 1572 894 electos
1603 840 1672 895 ab
1699 841 1977 900 erroribus
2007 845 2165 900 Anti-

563 923 752 982 christi
774 925 1052 984 defendet.
1079 928 1151 984 Et
1170 941 1434 1001 tamquam
1458 951 1546 989 vas
1567 935 1730 1004 ﬁctile
1746 939 2160 1010 confringentur.

566 1019 836 1088 Quamdiu
867 1022 1100 1094 quilibet
1127 1025 1179 1080 in
1213 1027 1457 1095 peccatis
1484 1029 1666 1098 jacet,
1700 1041 1847 1087 recte
1877 1047 1975 1086 vas
2004 1031 2167 1088 ﬁctile

567 1123 839 1170 vocatur:
879 1131 1002 1173 cum
1046 1130 1229 1176 autem
1273 1136 1372 1192 per
1409 1125 1790 1194 paenitentiam
1820 1137 1875 1183 et
1897 1126 2167 1201 lacrymas

568 1207 636 1263 ad
666 1208 808 1264 bona
841 1225 1005 1281 opera
1039 1213 1252 1284 agenda
1288 1229 1590 1274 conversus
1635 1217 1838 1288 fuerit,
1870 1221 2168 1293 confringi-

568 1310 662 1358 tur
694 1317 788 1357 vas
817 1303 1007 1371 ﬁctile,
1037 1315 1095 1362 et
1115 1323 1180 1362 ex
1209 1322 1340 1364 vase
1364 1308 1516 1364 ﬁctili
1544 1309 1783 1367 efﬁcitur
1807 1329 1902 1368 vas
1932 1313 2167 1369 solidum

570 1406 628 1451 et
662 1396 902 1464 ﬁrmum,
935 1408 991 1454 et
1021 1397 1088 1454 ad
1119 1403 1261 1457 ictus
1307 1404 1669 1459 tentationnm
1715 1406 2023 1462 daemonum
2056 1407 2168 1463 for-

571 1487 866 1544 tissimnm.
903 1489 971 1544 Et
1000 1493 1108 1560 ipse
1153 1494 1375 1550 ealcabit
1416 1499 1646 1552 torcular
1675 1499 1781 1553 vini
1836 1501 2031 1571 furoris
2077 1502 2170 1557 ira:

574 1583 674 1640 Dei
701 1587 1087 1658 omnipotentis.
1116 1589 1310 1645 Esaias
1329 1606 1457 1647 cum
1484 1593 1551 1648 de
1579 1595 1835 1664 passione
1858 1595 2070 1650 Domini
2094 1596 2171 1650 lo-

575 1689 839 1756 queretur
879 1682 1208 1752 interposuit
1247 1684 1534 1743 Dominum
1567 1687 1838 1745 dicentem
1872 1708 1884 1743 :
1918 1689 2172 1745 Torcular

2268 465 2552 522 Laztabitur
2567 472 2765 542 justus,
2800 487 2916 524 cum
2947 469 3130 524 viderit
3173 469 3470 536 vindictam,
3503 485 3661 524 atauus
3691 487 3774 525 sunt

2267 566 2454 622 lavabit
2483 569 2536 621 in
2565 569 2815 640 sanguine
2841 569 3129 640 peccatoris
3151 568 3329 640 (Psal.
3362 582 3482 632 Lvn,
3515 566 3614 637 11).

2339 657 2518 728 (Vers.
2557 659 2671 732 19.)
2705 658 2774 713 Ει
2800 660 2902 714 vidi
2925 661 3156 728 bestiam,
3190 669 3238 714 et
3268 675 3407 730 reges
3433 669 3590 722 terra,
3615 669 3655 712 et
3677 675 3778 713 aer.

2269 749 2398 804 citus
2446 765 2621 804 eorum
2663 760 3005 824 congregatos
3034 751 3103 804 ad
3130 750 3423 822 faciendum
3452 749 3662 820 pretium
3697 767 3776 804 can

2267 841 2384 906 illo,
2437 844 2522 912 qui
2545 841 2748 897 sedebat
2793 844 2846 897 in
2887 859 3038 913 equo,
3093 853 3139 897 et
3189 860 3308 898 cum
3347 843 3561 898 exercitu
3585 844 3778 908 ciuili:

2270 937 2612 993 demonstrat
2639 953 2748 993 non
2778 938 2844 993 ad
2873 938 3167 994 adventum
3193 937 3408 993 Domini
3431 937 3693 993 secundum
3712 953 3776 1002 ea,

2270 1045 2390 1101 quzc
2438 1032 2690 1102 superius
2728 1032 2875 1087 dicta
2921 1043 3066 1098 sunt,
3119 1034 3394 1103 pertinere
3423 1031 3548 1086 :sed
3576 1031 3779 1099 potiusad
3880 1031 3881 1103 ξ

2272 1124 2402 1179 illud
2436 1134 2667 1196 tempus,
2719 1127 2770 1180 in
2802 1140 2912 1196 quo
2941 1141 3040 1196 per
3081 1133 3299 1180 sanctos
3329 1139 3454 1180 suos
3491 1133 3657 1179 contra
3679 1123 3780 1176 Anli—
3880 1123 3881 1176 Ἰ

2271 1217 2537 1273 christum
2573 1219 2918 1289 praeliaturus
2945 1230 3066 1286 est,
3098 1221 3239 1274 sicut
3276 1219 3386 1288 jam
3435 1217 3668 1271 diximus.
3691 1213 3783 1270 Cea-

2271 1313 2640 1383 gregabuntur
2689 1329 2925 1384 namque
2976 1313 3186 1375 bestia).
3248 1323 3303 1368 et
3345 1326 3503 1383 reges
3547 1319 3710 1373 terra,
3751 1321 3783 1365 et

2272 1406 2544 1460 exercitus
2575 1420 2782 1471 eorum,
2842 1414 2901 1461 ut
2956 1415 3199 1477 pugnent
3248 1415 3438 1460 contra
3484 1403 3717 1459 Christum
3753 1416 3784 1458 et

2273 1504 2494 1551 sanctos
2521 1496 2678 1567 ejus;
2711 1496 2930 1567 quando
2965 1497 3335 1553 Autichristus
3379 1507 3433 1550 ct
3460 1494 3784 1550 innumerabilis
3880 1494 3881 1570 l

2275 1590 2563 1646 multitudo
2591 1593 2834 1663 gentium
2863 1608 2984 1664 qua:
3009 1593 3077 1647 ab
3104 1609 3170 1647 eo
3197 1591 3558 1662 decipientur,
3579 1591 3636 1644 ad
3662 1606 3785 1659 persc-

2273 1683 2542 1753 qnendam
2621 1684 2919 1742 Ecclesium
2997 1685 3093 1741 Dei
3167 1694 3493 1757 exsurgunt;
3558 1692 3609 1738 ut
3654 1699 3787 1738 nomen

575 1775 776 1829 calcari
795 1777 936 1831 solus
960 1793 980 1842 ;
1012 1787 1059 1832 et
1086 1779 1150 1834 de
1177 1780 1413 1851 gentibus
1441 1793 1641 1838 nonest
1669 1785 1746 1839 vir
1771 1802 1971 1841 mecum
1999 1785 2169 1859 (Esai.

2291 1776 2481 1834 Shristi
2508 1779 2575 1835 de
2600 1781 2802 1836 mundo
2833 1781 3073 1837 funditus
3120 1782 3489 1851 exstinguant.

583 1881 732 1935 unt,
761 1869 838 1941 3).
871 1870 978 1926 Sed
1005 1872 1080 1927 ibi
1114 1888 1214 1943 per
1243 1875 1486 1931 torcular
1509 1892 1644 1932 crux
1674 1878 1889 1934 Domini
1922 1880 2179 1951 intelligi-

583 1971 704 2029 tur;
739 1962 829 2019 hic
854 1979 986 2021 vero
1003 1980 1108 2021 non
1135 1982 1293 2032 crux.
1318 1969 1413 2024 sed
1435 1969 1589 2025 locus
1608 1985 1911 2041 ptenarum,
1934 1973 1988 2028 in
2011 1989 2177 2044 quem

581 2057 735 2128 impii
763 2059 1077 2116 retrudendi
1109 2071 1236 2118 sunt
1257 2105 1272 2126 ,
1311 2063 1651 2135 designatur.
1683 2067 1947 2124 Eamdem
1978 2070 2179 2140 quippe

581 2151 1034 2221 signiﬁcationem
1067 2153 1234 2211 habet
1259 2157 1499 2213 torcular
1537 2160 1588 2214 in
1621 2161 1724 2216 hoc
1756 2159 1905 2229 loco,
1935 2177 2096 2233 quam
2123 2173 2182 2218 et

578 2242 757 2300 laeum
781 2247 1033 2319 superius
1064 2248 1304 2306 diximus
1336 2251 1624 2321 habuisse,
1658 2255 1710 2309 in
1735 2270 1894 2326 quem
1925 2257 2068 2313 botri
2102 2257 2181 2314 vi-

582 2351 702 2392 neae
725 2345 908 2406 terrm,
929 2355 1024 2410 per
1042 2356 1182 2412 quos
1203 2343 1352 2413 impii
1381 2343 1735 2417 designantur
1749 2347 1986 2404 demersi
2013 2347 2182 2407 fuisse

580 2428 852 2499 leguntur.
881 2429 992 2488 Sed
1021 2442 1076 2488 et
1103 2432 1220 2503 ipsa
1249 2435 1477 2492 calcatio
1512 2439 1803 2495 torcularis
1829 2441 2082 2497 eamdem
2109 2443 2184 2498 si-

581 2524 989 2594 gniﬁcationem
1023 2528 1208 2595 habet,
1231 2545 1393 2601 quam
1423 2540 1476 2586 et
1506 2531 1617 2589 illic
1643 2534 1998 2590 calcationem
2029 2537 2183 2592 lacus

587 2616 847 2675 habuisse
895 2619 1163 2686 diximus;
1215 2623 1485 2694 signiﬁcat
1526 2641 1766 2698 namque
1812 2628 2058 2684 ultimam
2089 2629 2184 2684 de-

587 2710 920 2767 mersionem
942 2713 1230 2783 impiorum
1265 2715 1318 2770 in
1350 2716 1645 2773 infernum.
1678 2719 1820 2786 Quid
1850 2735 1982 2776 vero
2009 2723 2080 2776 sit
2108 2723 2186 2776 vi-

589 2819 717 2858 num
743 2805 946 2860 luroris
973 2805 1068 2862 ira:
1103 2806 1196 2862 Dei
1221 2809 1634 2879 omnipOIentis,
1669 2813 1922 2882 superius
1949 2813 2186 2868 diximus

588 2900 699 2972 (Ad
725 2916 842 2972 cap.
879 2900 990 2971 M).

664 2995 846 3067 (Vers.
876 2995 989 3066 17.)
1031 2994 1098 3050 Et
1126 2997 1230 3050 vidi
1251 2997 1413 3051 alium
1436 2999 1678 3070 angelum
1706 3011 1929 3056 stantem
1973 3002 2027 3055 in
2054 3003 2184 3068 sole,

588 3098 636 3142 et
663 3088 904 3142 clamavit
935 3104 1057 3144 voce
1083 3105 1272 3156 magna
1313 3090 1547 3144 omnibus
1578 3092 1777 3158 avibus,
1805 3110 1918 3164 qua:
1947 3093 2188 3148 volabant

2355 1873 2645 1942 (νει-310,
2673 1874 2794 1943 21.)
2820 1873 2884 1928 Et
2904 1875 3230 1946 apprehensa
3257 1884 3331 1928 est
3361 1873 3544 1938 bestia,
3575 1881 3618 1926 et
3637 1871 3791 1940 psesdc-

2279 1968 2534 2036 prapbeta
2555 2010 2568 2033 ,
2599 1969 2686 2038 qui
2725 1968 2849 2039 fecit
2885 1969 3035 2040 signa
3063 1984 3238 2022 coram
3275 1968 3422 2038 ipsa,
3455 1966 3626 2035 quibus
3652 1966 3791 2017 sedarit

2281 2076 2383 2126 eos,
2416 2062 2505 2131 qui
2531 2070 2841 2130 acceperunt
2870 2062 3220 2116 characterem
3245 2060 3420 2114 bestite
3438 2101 3452 2123 ,
3480 2067 3528 2113 et
3557 2058 3635 2127 qui
3664 2057 3792 2112 adora-

2281 2163 2463 2208 verunt
2493 2154 2767 2225 imaginem
2807 2155 2920 2225 ejus
2944 2172 2963 2208 :
2985 2155 3086 2208 vivi
3115 2153 3258 2206 missi
3305 2161 3426 2206 sunt
3450 2151 3490 2204 ii
3528 2152 3621 2204 duo
3657 2150 3698 2202 in
3725 2158 3792 2201 ιω-

2279 2265 2436 2320 gnum
2465 2250 2602 2320 ignis
2625 2250 2856 2304 ardentis
2879 2248 3150 2321 sulphure,
3185 2257 3234 2303 et
3262 2247 3437 2303 centeri
3472 2245 3624 2300 occisi
3653 2253 3740 2296 sunt
3763 2242 3793 2293 ia

2283 2341 2462 2414 gladio
2501 2343 2726 2397 sedentis
2770 2357 2925 2413 super
2968 2358 3176 2411 equum,
3215 2341 3305 2410 qui
3344 2338 3643 2412 procedebat
3673 2335 3796 2388 dem
3880 2335 3881 2388 ἶ

2283 2436 2472 2505 ipsius,
2504 2445 2550 2491 et
2577 2453 2750 2492 omnes
2777 2452 2892 2491 oves
2919 2445 3165 2490 saturata:
3189 2445 3310 2489 sunt
3332 2434 3395 2488 de
3415 2433 3646 2487 carnibus
3665 2444 3794 2485 corsa.

2285 2530 2780 2602 Apprehendentur
2849 2531 3017 2586 bestia
3077 2539 3130 2584 et
3190 2525 3652 2600 pseudopmpheta
3691 2525 3797 2591 ejnS.

2285 2624 2504 2696 quando
2534 2624 2661 2679 illud
2695 2623 3031 2694 implebitur,
3055 2623 3198 2693 quod
3226 2621 3511 2693 apostolus
3538 2618 3707 2675 Paulus
3723 2617 3798 2670 ait:

2223 2765 2228 2770 .
2291 2716 2456 2786 Quem
2505 2717 2758 2771 Dominus
2797 2716 2953 2772 Iesus
2998 2716 3274 2786 interﬁciet
3321 2715 3515 2784 spiritu
3552 2713 3646 2767 oris
3675 2712 3798 2773 sui,u

2290 2811 2515 2866 destruet
2531 2811 2874 2867 illustratione
2888 2812 3141 2867 adventus
3153 2812 3234 2866 sui
3249 2810 3316 2883 (ll
3337 2809 3520 2864 Thess.
3539 2825 3593 2874 tl,
3606 2809 3673 2878 8).
3685 2806 3728 2861 Si
3738 2805 3801 2859 Au

2291 2903 2569 2959 tichristus
2583 2905 2781 2973 Spiritu
2805 2905 2916 2960 oris
2944 2905 3157 2960 Domini
3179 2902 3594 2960 interﬁciendos
3608 2905 3692 2964 est,
3713 2915 3799 2970 quo-

2293 2997 2456 3053 modo
2483 2999 2599 3068 ipse
2635 3007 2690 3052 et
2716 2997 3191 3068 pseudopropheta
3217 2998 3339 3068 ejus
3380 2997 3431 3050 in
3461 3003 3691 3066 stagnum
3715 2993 3801 3060 ignis

2293 3091 2401 3146 vivi
2417 3092 2664 3148 mittendi
2682 3093 2836 3146 sunt?
2851 3093 2945 3147 Est
2959 3093 3062 3146 vita
3080 3093 3377 3162 justorum,
3394 3101 3476 3146 est
3504 3100 3555 3146 et
3571 3089 3799 3157 impiorum.

591 3195 686 3249 per
716 3179 939 3232 medium
959 3178 1158 3233 emtum.
1193 3179 1303 3236 lste
1343 3182 1568 3252 angelus
1600 3175 1986 3253 praedicatores
2013 3188 2104 3256 qui
2133 3185 2186 3241 in
2215 3196 2259 3258 ί]
2295 3183 2372 3239 De
2395 3185 2502 3239 vita
2525 3185 2796 3254 justorum
2818 3180 2848 3220 δ
2877 3185 3014 3239 dicit
3043 3185 3332 3256 prepheta,
3355 3185 3486 3254 quia
3510 3185 3669 3255 justus
3686 3181 3724 3231 in
3743 3179 3804 3244 ﬁt:

597 3273 704 3326 ﬁne
740 3271 927 3326 mundi
955 3270 1123 3327 futuri
1166 3283 1323 3339 sunt,
1356 3275 1627 3346 signiﬁcat
1654 3296 1666 3332 :
1699 3278 1788 3346 qui
1812 3278 1974 3332 etiam
2005 3287 2061 3334 et
2089 3295 2192 3350 per

593 3365 805 3437 equites
851 3366 1011 3437 paulo
1059 3369 1311 3438 superius
1361 3370 1621 3442 designati
1675 3381 1965 3443 suntzpcr
2018 3373 2188 3428 solem

593 3479 726 3521 vero
757 3464 1031 3522 Christum
1072 3467 1374 3540 intelligere
1410 3469 1694 3527 debemus.
1752 3473 1992 3544 Angelus
2031 3454 2192 3545 igitur

592 3558 646 3614 in
679 3557 796 3613 sole
826 3559 1006 3625 stetit;
1062 3559 1187 3631 quia
1220 3561 1616 3630 praedicatores
1657 3564 1829 3618 sancti
1861 3565 1912 3619 in
1969 3563 2192 3620 Christo

593 3649 671 3706 ita
701 3651 1106 3718 solidabuntur,
1140 3667 1198 3708 ut
1224 3653 1292 3710 ab
1323 3655 1444 3725 ejus
1460 3655 1566 3711 ﬁde
1598 3656 1751 3712 nulla
1777 3659 1827 3712 vi
1855 3661 2193 3728 persecutio-

595 3760 724 3800 num
756 3746 916 3802 avclli
964 3748 1190 3817 possint.
1219 3747 1324 3805 Per
1363 3765 1492 3807 aves
1522 3761 1704 3808 autem
1749 3752 1936 3808 ﬁdeles
1976 3769 2190 3823 omnes,

594 3841 710 3911 qui,
739 3855 806 3896 eo
837 3851 1082 3912 tempore
1127 3841 1292 3900 futuri
1319 3854 1478 3912 sunt,
1523 3844 1879 3916 designantur
1906 3864 1921 3902 :
1953 3862 2047 3917 per
2075 3863 2193 3903 cm-

597 3935 708 3990 lmn
737 3937 1014 4002 volabunt,
1048 3937 1173 4007 quia
1202 3937 1257 3991 in
1284 3939 1446 3992 terris
1475 3938 1661 4008 positi,
1693 3950 1876 3995 mente
1919 3939 1972 3993 in
2000 3939 2197 3996 cteles—

599 4029 746 4086 tibus
775 4029 1122 4086 habitabuut.
1154 4030 1452 4088 Possumus
1485 4031 1838 4088 nihilominus
1861 4047 1958 4098 per
1996 4033 2194 4089 cmlum

597 4122 898 4180 Ecclesium
923 4123 1252 4193 intelligere.
1280 4124 1384 4180 Per
1409 4125 1607 4180 emlum
1625 4125 1798 4180 sancti
1829 4125 2017 4180 volant
2037 4143 2050 4179 :
2071 4125 2196 4196 quia

599 4215 742 4270 duas
773 4215 888 4271 alas
909 4216 1196 4283 habentes,
1220 4217 1272 4272 id
1300 4227 1408 4285 est,
1437 4219 1547 4273 duo
1580 4227 1855 4290 praecepta
1886 4218 2190 4284 cbaritatis,

599 4311 1026 4382 circumquaque
1051 4310 1261 4378 volant,
1285 4311 1612 4381 quibusdam
1640 4311 2072 4368 misericordiam
2097 4312 2199 4366 im-

601 4403 911 4475 pendendo,
943 4406 1209 4476 quosdam
1232 4405 1302 4461 ab
1319 4406 1699 4477 iniquitatibus
1723 4406 2056 4462 revocando.

596 4496 855 4568 εαξη.
883 4498 999 4571 18.)
1040 4498 1242 4567 Venite,
1288 4499 1674 4574 congregantini
1714 4499 1782 4552 ad
1811 4514 2006 4553 caenam
2054 4515 2200 4571 mag-

2293 3295 2388 3334 sua
2429 3279 2558 3333 vivet
2591 3278 2817 3350 (Habac.
2861 3295 2922 3346 ll,
2962 3279 3047 3348 4);
3087 3277 3156 3334 de
3199 3278 3362 3333 vidua
3412 3293 3546 3331 vero
3587 3274 3701 3329 mala
3723 3270 3804 3325 dicit

2295 3371 2517 3439 Paulus,
2549 3373 2678 3444 quia
2707 3368 2879 3427 vivens
2907 3383 3109 3428 mortua
3133 3381 3207 3426 est
3234 3371 3300 3441 (ll
3330 3369 3474 3424 Tim.
3511 3387 3561 3435 v,
3592 3368 3663 3438 6).
3688 3365 3803 3419 Vitam

2296 3481 2528 3536 namque
2559 3467 2852 3538 impiorum
2888 3467 3020 3538 justi
3059 3482 3166 3521 non
3197 3465 3504 3535 incongrue
3536 3472 3728 3518 mortem
3753 3473 3808 3509 te

2294 3569 2424 3615 cant
2470 3579 2484 3616 :
2529 3561 2783 3616 similiter
2829 3571 2885 3616 et
2933 3561 3082 3631 impii
3125 3555 3298 3616 vitam
3344 3560 3615 3630 justorum
3650 3564 3807 3609 mortem

2296 3653 2607 3720 mslimant,
2665 3655 2806 3710 sicut
2859 3655 2913 3710 in
2959 3653 3167 3725 judicio
3215 3654 3415 3709 dicturi
3462 3647 3809 3707 suntzﬂimt

2296 3763 2425 3818 quos
2473 3748 2755 3818 aliquando
2815 3747 3090 3802 habuimus
3143 3748 3197 3801 in
3246 3747 3511 3810 derisum,
3544 3753 3589 3798 et
3635 3743 3679 3794 in
3718 3737 3809 3790 tini-

2297 3839 2569 3894 litudinem
2589 3842 2656 3894 im
2665 3841 2890 3912 praperii
2913 3857 2932 3894 :
2954 3857 3045 3895 nos
3071 3840 3322 3894 insensati
3347 3839 3506 3892 vitam
3525 3837 3713 3890 illarum
3728 3830 3812 3883 cui-

2299 3935 2567 3990 mabamus
2619 3937 2922 4004 insaniam,
2967 3946 3014 3990 et
3072 3936 3229 4005 ﬁnem
3275 3934 3494 3989 illorum
3547 3933 3651 3986 sine
3690 3927 3812 3980 bona!

2301 4028 2460 4101 (Sap.
2507 4047 2558 4096 ν,
2606 4032 2686 4100 4).
2737 4031 3104 4086 Antichristus
3147 4045 3280 4100 ergo
3326 4039 3381 4085 et
3426 4020 3811 4099 pseudopropheta

2300 4123 2421 4194 ejus
2445 4125 2548 4178 vivi
2578 4125 2730 4180 missi
2753 4135 2881 4180 sunt
2916 4125 2969 4179 in
2993 4135 3247 4196 stagnum
3274 4123 3442 4194 ignis,
3466 4122 3520 4177 id
3543 4130 3640 4187 est,
3659 4119 3702 4172 in
3720 4113 3814 4170 mali-

2300 4219 2373 4274 tia
2388 4234 2482 4272 sua
2498 4219 2629 4285 vivi,
2647 4220 2700 4274 in
2714 4233 2778 4274 ea
2795 4219 3051 4276 videlicet
3070 4235 3246 4290 usque
3259 4220 3316 4274 in
3332 4217 3632 4274 ﬁnemvitz
3643 4227 3733 4268 sua:
3744 4222 3816 4279 per-

2303 4323 2645 4370 severantes.
2675 4313 2834 4383 Quod
2862 4324 3044 4369 autem
3071 4313 3203 4370 dicit
3227 4313 3351 4384 quia
3373 4309 3559 4367 caeteri
3581 4303 3725 4363 occisi
3742 4309 3816 4355 Sunt

2305 4406 2360 4462 in
2381 4407 2567 4477 gladio
2589 4407 2830 4463 sedentis
2855 4422 3022 4478 super
3042 4422 3264 4478 equum,
3281 4404 3704 4462 interfectionem
3719 4399 3816 4450 istam

2307 4514 2406 4570 pro
2439 4499 2768 4555 confusione
2811 4501 3024 4571 posuit;
3070 4514 3197 4554 nam
3231 4499 3392 4571 571
3425 4495 3624 4558 sancti,
3662 4499 3817 4561 quorum

599 4607 720 4644 nam
755 4588 849 4644 Dei
879 4593 1265 4664 omnipotentis,
1320 4605 1374 4647 ut
1418 4593 1742 4648 manducetis
1772 4608 1954 4647 carnes
1998 4609 2198 4664 regum,
2228 4599 2283 4660 1)
2307 4594 2556 4651 decirina
2588 4611 2684 4666 per
2712 4595 2946 4666 gladium
2977 4595 3090 4650 oris
3122 4593 3338 4649 Domini
3367 4593 3687 4662 designatur,
3715 4583 3821 4638 inter-

601 4695 648 4737 et
677 4700 859 4739 carnes
908 4686 1260 4754 tribunorum,
1323 4697 1370 4742 et
1416 4703 1600 4742 carnes
1644 4687 1882 4760 fortium,
1921 4697 1969 4741 et
2022 4701 2205 4741 carnes

602 4797 874 4853 equorum,
900 4792 947 4836 et
975 4783 1262 4838 sedentium
1285 4783 1338 4837 in
1378 4783 1527 4854 ipsis,
1563 4793 1610 4836 et
1637 4799 1821 4838 carnes
1851 4781 2131 4837 liberorum
2161 4790 2208 4835 et

603 4895 895 4947 seruorum,
940 4890 990 4934 et
1013 4880 1330 4952 pusillorum
1358 4892 1406 4936 et
1434 4896 1761 4952 magnorum.
1791 4879 1893 4947 Qui
1919 4879 2206 4949 designan-

603 4984 691 5028 tur
723 4988 818 5043 per
848 4989 1006 5045 reges
1035 4986 1090 5031 et
1137 4975 1438 5045 principes,
1475 4974 1675 5030 liberos
1704 4984 1756 5028 et
1791 4987 2013 5037 servos,
2043 4982 2209 5028 caete-

603 5082 842 5138 rosque,
894 5069 997 5138 ipsi
1054 5083 1149 5137 per
1203 5084 1418 5139 equos,
1471 5081 1774 5138 eorumque
1839 5081 2204 5134 ascensores,

605 5163 884 5232 principes
910 5163 1124 5218 scilicet
1155 5171 1338 5226 terrae,
1380 5175 1443 5214 ac
1479 5161 1661 5230 p0puli
1689 5161 1779 5230 qui
1810 5159 1889 5215 eis
1913 5160 2209 5230 subjicien-

608 5264 713 5310 tur.
741 5254 910 5311 Cinna
940 5269 1069 5310 vero
1105 5253 1203 5310 Dei
1243 5253 1372 5325 quid
1400 5252 1544 5307 aliud
1577 5261 1681 5315 est,
1728 5252 1830 5308 nisi
1876 5253 2207 5308 extermina-

608 5349 684 5403 tio
711 5345 1268 5418 impiorum?Carnes
1309 5355 1491 5402 autem
1515 5345 1802 5416 impiorum
1824 5345 1954 5416 justi
1979 5338 2206 5401 mandu-
2261 5335 2263 5340 “

609 5441 835 5505 cabunt,
867 5457 992 5496 cum
1014 5440 1312 5496 vindictam
1343 5455 1410 5496 ex
1441 5441 1600 5494 malis
1624 5454 1746 5509 qua:
1774 5438 1854 5495 eis
1886 5439 2207 5508 intulerunt,

611 5529 903 5600 excipient.
949 5531 1016 5586 Et
1043 5533 1166 5602 quia
1193 5531 1326 5603 justi
1370 5531 1618 5588 videntes
1645 5546 1863 5603 poenam
1893 5531 2208 5602 impiorum,

611 5674 643 5744 ‘-_
691 5677 719 5707 ι
750 5669 954 5744 Omnes
980 5671 1142 5744 edit.,
1172 5673 1441 5730 hominum
1462 5672 1789 5744 inﬁdelium;
1820 5687 2014 5729 omnes
2031 5687 2162 5728 mss.
2191 5713 2207 5740 ,

624 5740 891 5800 hominum
915 5741 1212 5796 stultorum.

688 5812 718 5848 ν’
746 5814 839 5870 Sic
862 5823 1054 5869 omnes
1081 5826 1212 5867 mss.
1239 5830 1254 5878 ;
1288 5813 1342 5870 al
1368 5812 1500 5871 edit.
1535 5831 1565 5871 e
1589 5814 1866 5871 contrario
1893 5855 1906 5881 ,
1941 5809 2062 5868 dii‘it
2088 5805 2210 5885 pro-

2309 4689 2450 4745 fectu
2467 4689 2826 4756 Antichristo,
2847 4689 3188 4744 insultabunt
3208 4687 3542 4752 inﬁdelibus,
3561 4700 3624 4738 eo
3643 4679 3754 4750 quod
3766 4675 3822 4727 h9-

2307 4782 2510 4837 miuetn
2531 4783 2934 4852 impiissimum,
2962 4791 3125 4852 atque
3147 4781 3406 4837 omnibus
3428 4775 3718 4834 hominibus
3729 4770 3820 4864 dele

2311 4875 2512 4931 riorem
2545 4875 2941 4943 Antichristum
2969 4918 2982 4940 .
3010 4875 3406 4941 immortalem,
3427 4872 3684 4938 deumque
3705 4861 3822 4917 existi

2309 4957 2602 5035 maverint,
2617 4983 2780 5039 quem
2797 4966 3067 5023 constabit
3083 4967 3322 5037 pessima
3343 4972 3514 5019 morte
3534 4964 3821 5051 peremptum}:

2314 5060 2464 5116 atilli
2483 5061 2891 5117 conl’nndentur
2917 5071 2970 5115 et
2997 5059 3275 5115 tabescent
3301 5058 3355 5112 in
3379 5053 3825 5126 iniquitatibussms

2313 5155 2519 5211 Omnes
2547 5171 2679 5227 ergo
2707 5171 2835 5210 aves
2863 5160 3278 5224 saturataisunt
3305 5150 3374 5206 de
3403 5149 3650 5206 carnibus
3666 5149 3822 5234 eofullli

2312 5249 2440 5320 quia
2460 5249 2724 5304 subverso
2743 5247 3103 5312 Antichristo,
3121 5262 3316 5301 omnes
3335 5245 3492 5300 electi
3515 5231 3821 5298 inenarrabili-

2314 5354 2393 5399 ter
2413 5343 2727 5414 gaudebunt
2747 5355 2805 5400 et
2832 5343 3199 5408 exsultabant,
3223 5357 3291 5397 eo
3318 5339 3459 5410 quod
3485 5354 3512 5391 a
3533 5348 3636 5391 tam
3654 5326 3821 5404 pessimi

2313 5435 2472 5493 hoste
2501 5437 2877 5493 misericordia
2908 5438 3089 5493 divina
3120 5449 3219 5491 eos
3250 5431 3582 5497 liberaverit,
3603 5427 3824 5486 omnem"e

2316 5534 2407 5605 qui
2441 5549 2540 5589 eos
2562 5535 3060 5604 persequebantur,
3085 5530 3235 5586 velut
3261 5529 3444 5584 fumus
3467 5517 3771 5581 evanuerint.

2324 5676 2500 5751 pheta,
2524 5677 2647 5747 quia
2661 5676 2845 5751 justus
2864 5675 2920 5729 in
2943 5674 3047 5751 ﬁde
3067 5673 3188 5751 civit
3211 5688 3231 5738 ;
3255 5673 3320 5726 de
3337 5672 3440 5751 uita
3475 5675 3588 5751 uero
3614 5660 3732 5718 male
3751 5651 3825 5707 dif“

2327 5745 2554 5811 Paulus,
2584 5745 2704 5817 quia
2724 5747 2881 5801 uidua
2900 5746 3035 5800 male
3061 5745 3232 5805 uiuens
3258 5745 3456 5799 proflua
3480 5748 3578 5794 est.
