3950 6314
113 310 176 366 29

803 301 869 360 IN
909 297 1392 361 APOCALYPSIN
1432 300 1821 361 EXPOSITIO.
1866 300 1954 359 DE
1993 301 2266 369 VISIONE
2305 302 2590 376 QUINTA.

3242 299 3349 360 950

140 417 373 480 CAPUT.
389 416 742 490 XX—(Vers.
765 418 840 490 i.)
861 417 930 474 Et
949 419 1054 473 vidi
1075 419 1317 491 angelum
1336 419 1650 475 descenden-
1673 421 1724 483 Α
1753 420 2009 476 sedentes
2037 437 2167 476 vero
2189 435 2352 491 super
2376 437 2470 476 cas
2501 429 2818 478 sanctorum
2845 421 3040 477 anima.-
3062 419 3352 491 designan-

77 532 165 576 tem
186 517 246 570 de
263 515 384 569 caelo
405 555 418 578 ,
452 512 719 568 habentem
747 513 936 567 clavem
963 513 1159 584 abyssi,
1186 523 1234 567 et
1253 522 1486 594 catenam
1505 531 1648 586 mag-

78 628 187 668 nam
208 612 258 664 in
285 624 435 662 manu
467 623 580 660 sua.
617 606 1038 663 Damnationem
1067 607 1268 662 diaboli
1301 622 1526 663 narrare
1555 622 1651 664 vo-

77 707 215 773 lens,
247 701 312 758 ad
348 699 638 756 adventum
669 699 869 756 Christi
901 701 1213 757 revertitur.
1248 700 1385 756 Tres
1415 714 1652 772 namque

31 825 38 834 -
77 807 194 855 sunt
213 793 586 852 damnationes
602 792 829 848 diaboli:
853 793 1236 850 damnatusest
1260 794 1458 864 primo,
1482 810 1654 866 quan-

78 892 142 948 do
159 892 222 947 de
255 887 457 946 cmlesti
488 886 828 943 beatitudine
865 896 1085 959 propter
1119 887 1460 958 iniquitatem
1498 903 1651 945 suam

77 998 153 1049 est
175 984 408 1054 dejectus
427 1000 439 1035 :
457 982 696 1038 secunda
719 981 996 1038 damnatio
1015 981 1280 1053 ejusfuit,
1306 982 1377 1040 de
1398 999 1502 1055 qua
1525 999 1658 1040 auc-

80 1087 158 1134 tur
186 1076 303 1132 libri
335 1075 496 1145 hujus
522 1074 673 1144 loqui
705 1074 871 1130 modo
893 1074 1113 1147 incipit;
1141 1075 1361 1146 quando
1387 1091 1485 1147 per
1505 1090 1656 1132 mor-

79 1181 177 1227 tem
207 1167 408 1225 Christi
434 1183 608 1238 genus
638 1168 932 1224 humanum
961 1168 1030 1224 de
1061 1178 1330 1240 potestate
1358 1170 1477 1241 ejus
1502 1185 1660 1241 erep-

79 1272 182 1318 tum
206 1271 311 1329 est,
331 1259 540 1330 etipse,
559 1261 701 1316 sicut
729 1276 974 1331 praesens
1001 1260 1275 1330 scriptura
1298 1260 1658 1328 demonstrat,

77 1356 125 1410 in
151 1355 401 1426 abyssum
421 1361 506 1408 est
533 1361 558 1390 α
583 1353 870 1423 religatus:
888 1354 1046 1409 tertia
1069 1353 1349 1408 damnatio
1381 1354 1501 1425 ejus
1523 1355 1658 1423 erit,

77 1445 287 1516 quando
310 1445 361 1498 in
387 1443 656 1500 infernum
678 1459 800 1500 cum
825 1445 1075 1501 onmihus
1105 1445 1287 1516 impiis
1315 1447 1367 1502 in
1399 1456 1660 1502 aeternum

74 1536 396 1594 crneiandus
438 1537 810 1606 demergetur.
841 1535 1084 1606 Angelus
1115 1537 1297 1608 itaque
1340 1537 1445 1593 iste
1473 1538 1664 1594 Chris-

77 1641 182 1686 tum
215 1629 518 1700 signiﬁcat:
540 1628 826 1686 descensio
856 1631 972 1699 ejus
996 1629 1064 1684 de
1087 1630 1233 1686 cmlo
1254 1639 1340 1685 est
1363 1630 1668 1685 incarnatio

75 1726 208 1796 ejus.
236 1723 459 1780 Clavem
492 1722 709 1795 abyssi,
744 1722 794 1777 id
820 1731 939 1789 est,
974 1723 1168 1778 inferni
1191 1765 1206 1789 ,
1237 1724 1354 1794 ipse
1387 1721 1664 1793 possidet;

1752 525 1872 570 tur:
1897 515 2041 586 quod
2069 527 2249 570 autem
2268 515 2531 586 judicium
2556 514 2740 570 datum
2764 515 2833 570 sit
2854 516 3060 571 sanctis
3078 555 3094 582 ,
3115 528 3348 585 quorum

1751 608 1947 664 animae
1971 609 2023 663 in
2047 609 2256 666 caelesti
2285 609 2626 665 beatitudine
2650 609 3028 682 requiescunt;
3049 610 3103 665 in
3130 608 3234 664 hoc
3256 607 3354 664 ad-

1751 710 1968 757 vertere
2009 715 2300 773 possumus
2321 741 2337 765 ,
2367 717 2490 757 cum
2539 701 2605 755 ad
2635 716 2827 758 eorum
2858 704 3115 774 sepulcra
3145 702 3352 757 daemo-

1753 796 1844 852 nia
1866 795 1934 851 ab
1955 795 2198 852 obsessis
2219 795 2543 865 corporibus
2566 795 2796 866 expelli,
2826 797 3066 868 perjuria
3096 809 3242 865 smpe
3262 794 3357 850 de-

1754 888 1901 958 tegi,
1927 897 2092 958 atque
2115 887 2283 943 multa
2314 887 2580 942 miracula
2611 888 2729 944 ﬁeri
2761 889 3034 945 videmus.
3065 887 3136 943 Et
3155 889 3355 942 animas

1755 983 2143 1053 interfectorum
2168 991 2378 1052 propter
2399 981 2607 1036 verbum
2635 979 2755 1049 Dei,
2772 990 2822 1036 et
2843 983 3184 1038 testimonium
3202 981 3358 1039 Iesu:

1759 1085 1805 1131 et
1831 1078 1919 1146 qui
1946 1093 2045 1131 non
2072 1079 2418 1131 adoraveruut
2448 1074 2661 1131 bestiam
2686 1085 2735 1130 et
2778 1077 3054 1151 imaginem
3094 1079 3228 1148 ejus,
3268 1092 3360 1131 nec

1760 1180 2064 1243 acceperunt
2090 1171 2436 1248 characterem
2457 1173 2570 1239 ejus
2593 1170 2646 1224 in
2670 1172 2921 1240 frontibus
2936 1182 3024 1226 aut
3046 1171 3102 1226 in
3127 1171 3361 1226 manibus

1760 1264 1867 1320 suis
1889 1306 1903 1331 ,
1948 1265 2184 1320 uixerunt
2213 1273 2258 1318 et
2283 1274 2623 1338 regnaverunt
2663 1279 2779 1317 cum
2801 1260 3006 1318 Christo
3032 1264 3171 1319 mille
3191 1264 3362 1318 annis.

1772 1356 1874 1412 Per
1918 1355 2129 1411 animas
2176 1356 2592 1412 interfectorum
2639 1364 2866 1426 propter
2896 1355 3120 1410 verbum
3153 1354 3284 1423 Dei,
3313 1360 3372 1410 et

1765 1449 2137 1505 testimonium
2169 1449 2296 1504 lesu
2323 1456 2593 1521 martyres
2617 1489 2632 1516 ,
2664 1448 2755 1518 qui
2782 1447 3014 1503 diversis
3036 1445 3368 1518 temporibus

1767 1541 2042 1598 interiecti
2065 1552 2225 1608 sunt,
2244 1556 2532 1613 possumus
2561 1541 2846 1612 accipere:
2868 1556 2962 1611 per
2986 1554 3081 1595 eas
3101 1554 3232 1596 vero
3249 1552 3372 1610 quae

1766 1651 1874 1692 non
1906 1635 2276 1692 adoraverunt
2307 1635 2537 1692 bestiam
2565 1643 2623 1690 et
2651 1632 2942 1706 imaginem
2973 1635 3114 1702 ejus,
3142 1647 3236 1688 eos
3277 1630 3373 1702 qui

1769 1729 1838 1784 ab
1865 1727 2204 1784 Antichristo
2252 1727 2620 1784 interﬁciendi
2650 1736 2809 1793 sunt,
2847 1735 2980 1797 puto
3009 1739 3134 1782 esse
3164 1725 3371 1780 intelli-

75 1821 192 1890 quia
211 1818 281 1873 ah
299 1819 548 1888 ingressu
568 1817 686 1887 ejus
705 1832 842 1886 quos
868 1816 1002 1882 vult,
1027 1817 1288 1883 retrahit;
1309 1827 1510 1889 etquos
1528 1816 1665 1884 vult,
1697 1813 1746 1874 B
1771 1825 1999 1896 gendos.
2030 1823 2120 1878 Isti
2148 1838 2284 1894 ergo
2309 1823 2549 1878 vixerunt
2576 1832 2623 1877 et
2663 1832 3008 1895 regnaverunt
3032 1836 3150 1875 cum
3170 1819 3378 1876 Christo

74 1912 124 1967 in
173 1913 296 1982 ejus
336 1910 746 1966 damnationem
786 1909 986 1966 cadere
1023 1911 1170 1980 juste
1217 1910 1505 1982 permittit.
1568 1911 1671 1966 Per

73 2016 322 2062 catenam
357 2019 489 2060 vero
517 2019 769 2076 magnam
809 2004 928 2074 ejus
956 2013 1202 2074 potestas
1240 2003 1583 2074 designatur.

143 2100 332 2173 (Vers.
363 2097 446 2170 2.)
467 2097 535 2152 Et
561 2097 901 2170 apprehendit
927 2097 1204 2152 draconem
1223 2139 1237 2163 ,
1269 2105 1556 2166 serpentem
1581 2113 1674 2149 an-

74 2194 304 2264 tiquum,
344 2193 436 2263 qui
476 2203 686 2246 vocatur
731 2190 966 2245 diabolus
1010 2200 1056 2244 et
1081 2198 1328 2254 satanas,
1357 2192 1422 2258 et:
1443 2189 1676 2262 religavit

71 2306 185 2344 eum
205 2304 300 2361 per
322 2303 492 2342 unitos
508 2285 669 2341 mille.
694 2283 1075 2356 Apprehendit
1093 2282 1346 2339 Christus
1363 2291 1676 2352 serpentem

72 2382 404 2452 antiquum,
447 2378 502 2434 id
544 2388 658 2444 est,
704 2377 1016 2442 diabolum,
1059 2375 1280 2448 quando
1310 2390 1408 2446 per
1448 2382 1678 2429 mortem

69 2489 225 2530 suam
275 2473 405 2543 ejus
452 2471 729 2528 destruxit
770 2470 1060 2542 imperium
1096 2488 1109 2524 :
1148 2484 1243 2540 per
1285 2483 1458 2523 annos
1501 2475 1680 2523 autem

73 2569 227 2624 mille
261 2582 434 2624 omne
465 2575 682 2636 tempus
714 2563 784 2619 ab
810 2563 1046 2618 adventu
1075 2561 1283 2618 Christi
1312 2574 1482 2631 usque
1511 2558 1580 2614 ad
1626 2557 1686 2612 li-

70 2679 195 2718 nem
226 2661 427 2717 mundi
457 2659 720 2716 debemus
752 2657 1026 2728 accipere.
1054 2654 1322 2725 Religavit
1343 2669 1473 2725 ergo
1501 2652 1687 2708 Chris-

72 2767 159 2811 tus
201 2755 495 2812 diabolum
535 2767 646 2808 non
685 2750 920 2806 vinculis
955 2748 1279 2820 corporeis,
1331 2747 1428 2803 sed
1457 2745 1690 2802 vinculis

1774 1917 1914 1970 mille
1954 1916 2147 1980 annis;
2187 1915 2313 1986 quia
2342 1916 2591 1986 quamvis
2619 1929 2855 1984 corpore
2903 1915 3017 1970 sint
3065 1912 3378 1977 interiecti,

1777 2008 2080 2065 secundum
2104 2008 2343 2062 animam
2367 2017 2549 2063 tamen
2580 2007 2771 2062 vivunt
2797 2022 2922 2062 cum
2945 2005 3168 2061 Christo
3188 2005 3240 2060 in
3270 2018 3383 2060 caa-

1776 2104 1897 2159 lesti
1923 2102 2276 2160 beatitudine.
2302 2101 2409 2159 Sed
2435 2101 2794 2173 quaerendum
2819 2099 2978 2156 nobis
2999 2109 3083 2156 est
3110 2097 3384 2171 quomodo

1779 2197 1940 2254 eiecti
1987 2196 2078 2267 qui
2125 2195 2364 2251 instante
2396 2195 2502 2251 line
2544 2193 2732 2250 mundi
2765 2194 3022 2249 nascituri
3071 2201 3225 2256 sunt,
3256 2206 3382 2247 cum

1783 2288 2004 2345 Christo
2036 2287 2182 2344 mille
2222 2288 2382 2343 annis
2411 2302 2646 2358 regnare
2689 2285 2968 2352 dicantur;
3010 2301 3131 2342 cum
3173 2293 3387 2356 tempus

1781 2383 1934 2439 mille
1971 2397 2242 2439 annorum
2270 2398 2376 2438 non
2410 2382 2477 2437 ad
2527 2382 2771 2437 futurum
2813 2390 3059 2452 tempus,
3087 2378 3232 2450 quod
3261 2379 3386 2436 sine

1784 2477 1891 2535 line
1918 2486 2032 2545 est,
2064 2479 2159 2534 sed
2198 2477 2264 2532 ad
2321 2492 2564 2548 praesens
2605 2477 2785 2547 potius
2827 2475 3130 2546 pertineat.
3153 2473 3299 2546 quod
3330 2473 3385 2529 in

1786 2570 1894 2626 line
1925 2570 2110 2626 mundi
2136 2570 2629 2636 consummabitur,
2662 2577 2722 2625 et
2752 2569 2804 2623 in
2837 2583 2944 2642 quo
2975 2567 3110 2624 iides
3138 2567 3388 2638 Evange-

1786 2665 1842 2719 lii
1869 2679 1964 2735 per
1991 2666 2308 2719 universum
2332 2663 2523 2719 orbem
2551 2662 2759 2718 ﬂorens
2779 2701 2796 2729 ,
2826 2662 3030 2718 electos
3051 2659 3297 2732 quotidie
3317 2658 3387 2715 ad

1787 2756 1954 2813 vitam
2001 2765 2266 2813 atternam
2314 2755 2722 2826 percipiendam
2757 2754 2958 2826 dirigit.
2984 2753 3140 2823 Quod
3178 2753 3251 2810 ita
3279 2753 3393 2809 sol-

1791 2849 2024 2907 vendam
2071 2860 2225 2921 puto.
2259 2848 2501 2919 Tempus
2531 2847 2600 2903 ab
2638 2849 2964 2903 ascensione
2989 2845 3198 2902 Christi
3223 2859 3396 2917 usque

1794 2941 1860 2998 ad
1893 2943 2054 2997 linem
2089 2941 2312 3008 mundi,
2357 2940 2502 3012 quod
2529 2955 2626 3012 per
2655 2940 2808 2997 mille
2847 2955 3022 2996 annos
3052 2940 3390 3012 designatur,

68 2849 380 2921 potestatis
407 2865 522 2904 sua:
551 2847 836 2902 immensa:
857 2861 872 2911 ;
897 2844 1023 2916 quia
1055 2859 1178 2899 eum
1202 2857 1233 2897 a
1253 2842 1515 2898 cordibus
1540 2841 1690 2898 elec-

70 2954 259 3000 torum
306 2956 540 2998 suorum
571 2938 856 3010 expellens
875 2979 889 3002 ,
915 2937 984 2992 ab
1024 2951 1216 2992 eorum
1246 2935 1574 3005 deceptione
1601 2931 1688 2988 di-

64 3040 193 3094 vina
230 3053 337 3092 sua
373 3037 578 3092 virtute
605 3033 892 3090 exclusum
923 3040 1096 3088 tenet.
1793 3036 2047 3092 omnibus
2075 3035 2271 3090 electis
2300 3031 2621 3104 deputatum
2648 3040 2764 3100 est,
2791 3041 2848 3087 ut
2878 3032 2932 3087 in
2962 3046 3029 3088 eo
3055 3031 3174 3087 sine
3200 3045 3398 3102 corpo-

141 3132 343 3203 (Vcrs.
377 3129 462 3200 5.)
489 3128 558 3183 Et
594 3127 733 3182 misit
763 3142 880 3182 eum
905 3126 960 3180 in
987 3125 1262 3197 abyssum,
1287 3133 1337 3178 et
1377 3123 1599 3188 clausit,
1645 3138 1664 3176 e

1797 3129 1948 3184 ribus
1976 3129 2150 3198 gloria
2172 3126 2383 3182 caelesti
2403 3140 2525 3181 cum
2554 3125 2786 3180 Domino
2810 3125 3190 3196 perfruantur:
3212 3133 3270 3180 et
3288 3124 3398 3180 sci-

68 3224 304 3296 signarit
330 3237 492 3293 super
512 3237 625 3296 eum
649 3238 667 3286 ;
695 3230 878 3275 utnon
902 3218 1110 3274 seducat
1129 3215 1358 3286 amplius
1379 3224 1575 3288 gentes,
1604 3214 1697 3268 do-
1721 3207 1768 3272 C
1801 3237 1920 3276 mus
1963 3221 2086 3292 quia
2128 3233 2320 3276 omnes
2363 3219 2523 3275 electi
2566 3218 2808 3274 membra
2841 3218 3040 3275 Christi
3063 3227 3221 3285 sunt,
3246 3226 3304 3274 et
3330 3234 3401 3275 ex

66 3337 162 3374 nec
195 3325 636 3374 consummentur
660 3313 803 3369 mille
836 3314 960 3368 anni
989 3329 1006 3367 :
1033 3322 1148 3384 post
1177 3311 1286 3367 haec
1317 3319 1517 3382 oportet
1549 3310 1698 3364 illum
1802 3314 1988 3370 multis
2015 3313 2276 3368 membris
2307 3328 2470 3368 unum
2501 3326 2705 3382 corpus
2732 3310 3005 3375 efﬁcitur;
3034 3320 3090 3367 ει
3113 3311 3158 3366 εί
3199 3311 3404 3382 εισι-εει-

68 3415 202 3469 solvi
227 3415 447 3468 modico
468 3420 714 3480 tempore.
733 3407 1117 3480 Alligationem
1147 3403 1558 3473 diaboliluibus
1585 3418 1700 3457 mo-
1804 3417 2098 3479 ιιιιοοιιηυηι
2147 3405 2454 3462 membrum
2473 3446 2488 3470 ,
2528 3403 2874 3475 congaudent
2911 3402 3093 3458 omnia
3135 3402 3398 3458 membra.

65 3505 158 3561 dis
181 3518 500 3576 possumus
521 3500 858 3572 intelligere;
888 3511 1178 3570 possumus
1201 3511 1436 3567 namque
1455 3497 1559 3551 hoc
1580 3495 1701 3550 sim-
1804 3499 2071 3556 Gaudium
2123 3499 2287 3570 igitur
2326 3496 2753 3568 praecedentium
2801 3505 3151 3562 sanctorum,
3184 3495 3403 3552 illorum

63 3602 306 3672 pliciter
349 3597 702 3668 intelligere,
747 3605 806 3650 ut
849 3595 1053 3650 virtute
1099 3593 1196 3648 Dei
1227 3591 1618 3661 omnipotentis
1649 3588 1703 3644 in
1807 3593 2160 3650 nihilominus
2189 3593 2333 3658 erit,
2377 3592 2468 3662 qui
2497 3592 2550 3645 in
2583 3592 2689 3645 line
2734 3589 2918 3644 mundi
2960 3587 3223 3644 nascituri
3250 3596 3406 3655 sunt,

72 3699 298 3770 abysso
333 3695 612 3767 religatus
643 3699 897 3749 teneatur
925 3703 1098 3760 usque
1127 3687 1194 3744 ad
1225 3696 1438 3756 tempus
1473 3683 1709 3754 prmﬁni-
1806 3689 1934 3760 quia
1953 3702 2118 3743 unum
2143 3701 2346 3756 corpus
2367 3685 2677 3740 elticientur
2695 3698 2818 3738 cum
2841 3677 2952 3751 eis,
2977 3691 3033 3737 et
3062 3682 3114 3736 in
3139 3679 3262 3737 aliis
3285 3694 3407 3751 pos-

66 3801 189 3848 tum
218 3809 235 3846 :
266 3803 581 3863 possumus
607 3786 770 3844 etiam
796 3800 892 3855 per
919 3783 1178 3854 abyssum
1210 3779 1377 3836 corda
1415 3777 1704 3848 impiorum
1809 3780 2099 3846 sidebant,
2132 3778 2280 3847 quod
2312 3776 2446 3848 ipsis
2467 3775 2664 3832 deerit.

63 3885 416 3956 intelligere
435 3924 449 3946 ,
479 3891 588 3936 uta
619 3877 876 3936 cordibus
907 3876 1210 3932 electorum
1243 3870 1498 3927 exclusus
1520 3911 1536 3937 ,
1568 3869 1708 3923 intra
1884 3873 2066 3946 (Vers.
2089 3871 2172 3943 5.)
2195 3869 2382 3926 Caeteri
2409 3885 2530 3926 vero
2555 3885 2657 3923 non
2685 3869 2952 3934 vixerunt,
2977 3869 3139 3923 donec
3166 3882 3411 3923 consum.

61 3981 388 4053 angustias
417 3975 662 4033 cordium
695 3971 1052 4044 reproborum
1076 3966 1406 4024 constrictus
1433 3973 1488 4020 et
1519 3963 1712 4034 alliga-
1813 3975 2014 4022 utentur
2034 3964 2175 4020 mille
2199 3965 2343 4018 anni.
2370 3962 2566 4019 Caeteri
2590 3970 2794 4028 autem,
2825 3960 2878 4016 id
2899 3968 3004 4024 est,
3037 3961 3281 4031 reprobi,
3303 3975 3415 4018 non

62 4087 161 4133 tus
191 4081 513 4134 teneatur:
545 4081 833 4141 possumus
873 4075 930 4122 et
967 4066 1071 4122 hoc
1111 4064 1274 4120 tertio
1316 4060 1478 4117 modo
1508 4059 1712 4116 intelli-
1813 4061 2094 4123 vixerunt;
2120 4056 2247 4128 quia
2274 4064 2398 4126 post
2423 4062 2656 4111 mortem
2685 4068 2792 4109 non
2820 4055 2887 4108 ad
2920 4054 3086 4108 vitam
3117 4053 3411 4122 ducuntur,

63 4186 232 4243 gere.
263 4166 552 4224 Diabolus
581 4163 715 4220 nihil
739 4161 884 4218 aliud
913 4159 1222 4224 desiderat,
1243 4172 1402 4228 quam
1433 4153 1713 4226 deceptio-
1816 4167 1941 4224 quae
1969 4152 2022 4206 in
2049 4149 2368 4206 caelestibus
2411 4155 2725 4203 sanctorum
2755 4146 3046 4202 animabus
3084 4146 3246 4202 datur
3274 4163 3289 4202 :
3315 4145 3417 4202 sed

60 4238 204 4321 nem
236 4262 555 4321 hominum
591 4267 684 4316 :et
722 4257 853 4314 dum
877 4271 975 4327 per
999 4252 1305 4312 custodiam
1342 4252 1437 4307 Dei
1468 4249 1716 4320 omnipo-
1818 4247 1872 4302 in
1914 4245 2188 4303 infernum
2219 4243 2635 4314 demerguntur,
2660 4256 2782 4311 qua:
2812 4239 2868 4295 in
2899 4239 3001 4296 hoc
3043 4238 3187 4296 libro
3210 4238 3239 4278 ι)
3270 4253 3421 4297 mors

63 4360 292 4427 tentis,
325 4355 675 4428 quielectos
705 4366 835 4408 suos
875 4348 1154 4406 custodire
1184 4355 1238 4403 et
1269 4344 1564 4402 defendere
1608 4359 1714 4399 non
1821 4341 1992 4412 prima
2021 4347 2268 4394 vocatur.
2860 4427 2865 4428 γ
2962 4410 2969 4415 _

60 4426 318 4512 desistit
393 4449 465 4506 ab
482 4463 674 4506 eorum
695 4445 1020 4516 deceptione
1045 4453 1289 4508 arcetur,
1313 4440 1469 4512 quasi
1493 4437 1719 4511 quibus-
1893 4432 2075 4504 (Vers.
2092 4432 2171 4503 6.)
2210 4429 2334 4486 Hac
2353 4439 2427 4486 est
2456 4428 2766 4485 resurrectio
2787 4427 2975 4500 prima.
2998 4426 3190 4482 Beatus
3216 4427 3304 4498 qui
3329 4427 3424 4482 hu-

61 4548 208 4603 dam
245 4540 515 4600 vinculis
545 4539 666 4610 ejus
695 4537 1017 4610 impiissima
1030 4534 1284 4591 voluntas
1306 4533 1536 4604 religata
1564 4539 1716 4587 tene-
1749 4607 1779 4610 _
1824 4529 1902 4582 bet
1922 4535 2121 4597 partem
2149 4527 2205 4580 in
2232 4525 2609 4581 resurrectione
2636 4523 2806 4594 prima
2829 4564 2846 4590 ,
2869 4525 2924 4578 in
2945 4522 3010 4577 iis
3028 4521 3256 4577 secunda
3285 4537 3369 4575 mo

59 4651 186 4698 tur.
224 4597 357 4695 Per
382 4597 748 4707 gentes-vero
774 4597 910 4704 quas
937 4629 1202 4686 seducere
1231 4643 1336 4682 non
1361 4597 1716 4697 permittitur,
1748 4607 1797 4668 Ι)
1824 4636 1930 4676 ηοη
1960 4618 2112 4707 habet
2127 4625 2452 4704 potestiam.
2487 4612 2854 4682 Quaerendum
2882 4597 3040 4670 nobis
3058 4623 3180 4681 est,
3205 4597 3327 4685 qua:
3353 4612 3429 4669 sit

59 4734 239 4790 solos
269 4705 510 4786 electos
538 4724 803 4782 debemus
825 4722 1164 4793 intelligere:
1185 4728 1401 4790 tempus
1423 4716 1719 4784 modicum,
1828 4705 2159 4767 resurrectio
2185 4709 2394 4780 prima;
2424 4723 2548 4764 nam
2575 4710 2808 4779 primam
2839 4708 3292 4763 resurrectionem
3316 4719 3426 4760 non

56 4843 189 4902 quo
229 4832 383 4898 post
415 4821 565 4878 mille
592 4833 766 4875 annos
797 4815 1092 4873 solvendus
1115 4828 1239 4870 esse
1265 4811 1487 4877 dicitur,
1512 4818 1727 4879 tempus
1828 4805 2180 4873 diceret,nisi
2205 4812 2354 4862 esset
2374 4812 2432 4860 et
2450 4801 2719 4859 secunda:
2737 4816 2838 4858 nec
2858 4802 3156 4859 secundam
3171 4807 3424 4902 mortem,

59 4892 454 4979 Antichristi
485 4923 601 4980 est;
625 4921 753 4968 tunc
773 4909 922 4966 enim
949 4907 1193 4980 peccatis
1217 4905 1500 4962 hominum
1523 4901 1730 4958 facien-
1830 4899 1936 4955 nisi
1976 4905 2126 4954 esset
2167 4905 2224 4953 et
2250 4898 2450 4967 prima.
2495 4894 2854 4967 Resurgimus
2895 4894 3081 4965 itaque
3115 4892 3290 4963 primo
3330 4903 3428 4960 per

1835 4990 2166 5062 baptismum
2181 5004 2212 5045 a
2227 4999 2405 5046 morte
2422 4987 2618 5044 anima:
2633 5004 2647 5040 :
2665 4986 2762 5044 sed
2780 4986 2910 5058 quia
2934 4986 3070 5041 dicit
3093 4985 3284 5040 beatos
3303 4995 3429 5038 esse

1838 5099 1932 5143 eos
1949 5128 1962 5152 ,
1993 5085 2084 5155 qui
2113 5085 2317 5140 habent
2340 5091 2550 5154 partem
2574 5081 2630 5138 in
2659 5080 3063 5138 resurrectione
3087 5077 3257 5148 prima
3278 5116 3293 5142 ,
3317 5089 3428 5130 non

1838 5180 1972 5236 mihi
1999 5179 2068 5234 de
2098 5177 2368 5248 baptismo
2399 5176 2506 5236 hoc
2533 5174 2739 5231 dictum
2761 5173 3009 5238 videtur;
3040 5185 3107 5226 eo
3137 5168 3280 5240 quod
3317 5185 3430 5225 non

1839 5287 2031 5330 omnes
2054 5271 2198 5327 beati
2223 5269 2460 5341 sint,qui
2483 5283 2582 5339 per
2599 5265 2925 5336 baptismum
2970 5279 3000 5317 a
3031 5269 3209 5317 morte
3233 5260 3436 5317 anima:

1839 5378 2126 5436 resurgere
2144 5361 2423 5428 videntur;
2461 5374 2529 5416 eo
2549 5358 2692 5430 quod
2706 5354 2951 5411 nonnulli
2975 5353 3138 5425 572
3161 5361 3282 5423 post
3300 5351 3438 5424 bap-

1843 5459 2062 5514 tismum
2093 5457 2198 5528 ipsi
2230 5454 2334 5510 sibi
2358 5451 2637 5524 peccando
2661 5455 2896 5504 mortem
2923 5447 3248 5512 attrahunt,
3280 5461 3440 5502 men-

1848 5550 2032 5607 tiendo
2053 5564 2172 5622 qua:
2184 5549 2239 5604 in
2261 5562 2328 5603 eo
2341 5545 2732 5616 promiserunt,
2746 5547 2909 5608 atque
2929 5539 2986 5595 in
3007 5539 3126 5596 suis
3139 5537 3297 5593 malis
3312 5553 3441 5609 per-

1847 5644 2174 5705 severando.
2198 5643 2338 5699 Sunt
2377 5641 2545 5696 etiam
2589 5633 2843 5694 nonnulli
2867 5634 2959 5704 qui
2999 5643 3124 5706 post
3152 5641 3444 5704 perpetra-

59 5015 238 5072 tibus
267 5053 286 5078 ,
322 5005 559 5065 dabitur
597 5012 845 5076 potestas
882 4998 1100 5056 diabolo
1141 5005 1252 5052 tota
1296 4996 1496 5051 virtute
1541 5000 1730 5050 contra

58 5124 274 5184 genus
302 5105 628 5160 humanum
655 5095 974 5154 dimicandi.

146 5201 385 5277 (νει-ε.
426 5194 506 5267 Δ.)
520 5193 589 5249 Et
617 5193 721 5248 vidi
747 5191 893 5247 sedes
912 5195 993 5244 :et
1013 5187 1252 5243 sederunt
1278 5199 1433 5256 super
1453 5198 1539 5238 eas
1557 5225 1572 5252 ,
1590 5191 1634 5236 et
1641 5181 1737 5251 ju-

56 5301 302 5356 dicium
326 5291 530 5346 datum
547 5297 619 5344 est
643 5287 772 5342 illis.
792 5285 927 5354 Quia
951 5281 1202 5354 superius
1225 5277 1497 5345 narravit,
1521 5289 1631 5347 quo
1650 5289 1740 5330 or—

54 5393 218 5450 dine
251 5381 668 5446 misericordia
691 5379 872 5435 divina
895 5374 1144 5448 quotidie
1161 5373 1368 5429 electos
1391 5385 1520 5426 suos
1548 5369 1618 5424 ah
1639 5370 1739 5422 im-

54 5482 463 5547 manissimo
493 5477 650 5534 hoste
679 5473 900 5532 diabolo
929 5472 1155 5535 liberet,
1183 5480 1535 5537 consequens
1560 5473 1647 5519 est
1679 5474 1737 5520 ut

53 5581 278 5658 gloria
319 5573 411 5631 ad
445 5587 604 5644 quam
636 5585 824 5628 eorum
847 5567 1044 5623 anima:
1066 5561 1316 5658 quotidie
1330 5558 1736 5658 perducuntur,

57 5653 526 5737 describatur;
563 5681 659 5736 per
684 5664 843 5721 sedes
864 5674 1100 5732 namque
1131 5654 1376 5714 caelestis
1403 5653 1613 5724 patria,
1643 5667 1740 5722 per

1919 5783 1946 5823 ι’
1970 5783 2128 5839 Rom.
2153 5778 2285 5836 edit.
2315 5785 2369 5834 et
2391 5775 2532 5858 Reg.
2555 5787 2662 5858 ms.
2677 5813 2696 5841 ,
2717 5787 2856 5858 mors
2873 5772 3101 5830 secunda
3125 5777 3444 5833 vocatum...

154 5826 189 5855 ιι
231 5811 376 5869 Pro
408 5803 660 5878 religatus
685 5801 907 5873 quidam
937 5796 1154 5854 codices
1181 5791 1428 5851 scribunt
1451 5789 1738 5862 relegatus;
1920 5789 1946 5823 δ
1971 5789 2128 5839 Rom.
2153 5789 2285 5836 edit.
2315 5789 2369 5834 et
2391 5789 2525 5858 Reg.
2555 5789 2660 5830 ms.
2677 5813 2696 5841 ,
2717 5789 2828 5828 mor

154 5886 184 5918 ,ι
233 5885 346 5918 ιντο
380 5875 514 5918 dum
538 5891 698 5918 unone
732 5871 886 5918 facile
910 5871 963 5918 in
993 5882 1124 5918 mss.
1157 5872 1580 5918 commutantur.
1844 5857 2034 5913 Beatus
2059 5863 2106 5910 et
2135 5859 2374 5917 sanctus,
2401 5864 2489 5918 qui
2512 5845 2694 5917 habet,
2724 5852 2828 5902 etc.

60 5886 188 5950 sed
232 5885 348 5940 hac
380 5871 718 5934 dum'voccs'
732 5871 886 5928 facile
909 5871 963 5927 in
993 5882 1124 5925 mss.
1157 5872 1580 5924 commutantur.
