3950 6314
96 340 202 396 955

877 342 941 397 lN
981 328 1456 399 APOCALYPSlN
1502 336 1885 397 EXPOSITIO.
1925 336 2014 393 DE
2062 337 2328 396 VISIONE
2368 336 2619 399 SEXTA.

3291 340 3396 403 954

94 453 352 511 nebulam
376 466 727 521 conversam,
754 463 846 509 aut
868 469 965 526 per
986 455 1234 513 ardorem
1255 454 1386 512 solis
1410 456 1463 511 in
1488 455 1691 513 tenuis-
1718 455 1769 516 Α
1801 451 1949 506 natio
1979 452 2266 522 impiorum
2284 497 2296 521 ,
2323 452 2647 527 giorillcatio
2697 456 2967 525 justorum
3025 458 3398 514 tantummodo

92 548 293 603 simum
326 547 559 615 fumum,
591 557 643 603 et
668 561 806 619 pene
834 546 1155 605 invisibilem
1187 547 1459 606 redactam
1483 593 1497 616 ,
1524 565 1695 621 usque

92 640 161 695 ad
194 655 257 696 ea
284 640 399 697 ioca
430 640 519 696 ubi
551 642 951 698 consummatio
979 642 1097 713 ejus
1123 651 1233 708 cst,
1268 642 1443 698 cierat
1469 660 1482 697 :
1512 641 1694 714 ibique

90 732 416 804 conglobata
436 774 451 800 ,
480 733 653 804 primo
683 734 736 787 in
766 728 989 789 densam
1016 734 1298 800 nebulam,
1330 750 1488 805 quam
1522 733 1693 790 nuch

91 838 353 880 vocamus
380 865 395 891 ,
424 826 765 882 convertitur
796 842 808 881 :
838 826 1065 894 deinde,
1099 837 1259 883 vento
1292 827 1566 899 agitante,
1595 828 1695 881 mi-

92 915 400 972 nutissimm
425 925 590 988 gutta:
617 916 778 972 simul
805 919 984 973 mixta:
1003 961 1015 983 ,
1034 929 1194 989 atque
1217 934 1313 974 sua
1335 919 1693 989 permixtione

88 1024 292 1081 graves
320 1008 529 1066 enecta:
554 1051 570 1077 ,
601 1010 667 1066 ad
701 1020 879 1067 terras
909 1011 1201 1079 decidunt,
1238 1012 1587 1083 pluviamque
1615 1011 1693 1067 i'a-

90 1102 265 1157 ciunt.
294 1102 454 1175 513
476 1102 622 1158 Ecce
646 1111 791 1158 terra
814 1143 829 1170 ,
857 1116 986 1159 ecce
1008 1118 1124 1169 aer,
1159 1118 1287 1157 ecce
1318 1117 1503 1167 mare,
1532 1114 1693 1161 crete-

90 1208 266 1265 raque
290 1196 557 1250 elementa
585 1196 709 1266 igne
736 1205 1127 1251 consumentur
1152 1213 1163 1248 :
1191 1196 1334 1251 unde
1358 1211 1487 1267 ergo
1517 1196 1690 1266 pluria

96 1296 392 1359 exsurget,
425 1289 660 1343 maxime
687 1302 808 1343 cum
834 1288 1131 1345 secundum
1161 1289 1479 1359 Apostolum
1511 1288 1687 1361 (Rom.

85 1394 187 1436 rm
216 1423 230 1447 ,
255 1380 371 1451 Si),
400 1388 527 1437 tunc
559 1392 806 1438 creatura
837 1382 1104 1438 liberetur
1129 1396 1158 1438 a
1181 1384 1441 1438 servitute
1469 1394 1693 1454 corrup—

86 1475 255 1532 tionis
298 1477 349 1530 in
390 1475 701 1532 libertatem
749 1477 933 1548 gloria:
965 1476 1195 1533 iiiiorutn
1236 1476 1376 1534 Dei?
1422 1476 1689 1548 Numquid

86 1569 239 1625 Deus
263 1570 354 1641 qui
381 1570 563 1625 omnia
593 1584 658 1625 ex
691 1569 868 1626 nihilo
896 1573 1134 1637 creavit,
1170 1585 1275 1626 non
1303 1571 1505 1642 poterit
1536 1586 1693 1626 mun-

83 1663 223 1720 dare
244 1672 548 1721 creaturam
572 1679 725 1719 suam
750 1664 868 1720 sine
896 1664 1170 1737 atljutorio
1197 1665 1388 1735 plurim
1412 1681 1425 1731 ;
1459 1680 1693 1735 praeser-

86 1759 183 1814 tim
238 1774 361 1815 cunt
394 1758 511 1830 ipse
544 1756 780 1815 mundus
830 1760 883 1814 in
938 1760 1223 1815 meliorem
1258 1767 1498 1827 statum,
1530 1768 1690 1832 atque

1795 543 2036 602 breviter
2075 547 2436 603 describatur.
2476 548 2539 604 Et
2567 558 2714 606 recte
2752 552 2802 606 in
2834 560 2989 608 sexto
3041 551 3165 608 ioco
3208 570 3394 609 resur-

1795 639 1969 695 rectio
2000 639 2183 694 ultima
2216 642 2472 713 ponitur;
2531 643 2653 713 quia
2694 645 2941 699 senarius
2970 659 3231 701 numertts
3263 662 3387 719 pcr-

1797 731 1969 787 lcctus
1999 742 2109 797 est,
2168 745 2219 789 et
2273 732 2538 805 quidquid
2567 735 2770 792 sanctis
2816 738 3143 808 promissum
3187 747 3307 805 est,
3337 742 3390 796 in

1797 826 2202 881 resurrectione
2228 826 2566 896 perficietur.

1867 919 2048 991 (Veis.
2098 920 2211 993 ll.)
2241 918 2307 973 Et
2340 922 2442 992 vati
2474 923 2713 977 thronum
2744 940 2985 997 magnum
3008 932 3055 982 et
3076 927 3389 996 candidum,

1796 1024 1843 1068 et
1869 1014 2126 1069 sedentem
2150 1030 2304 1087 super
2325 1030 2457 1069 eum.
2490 1014 2743 1072 Thronus
2777 1018 2875 1075 iste
2906 1019 2997 1077 Dei
3023 1037 3129 1077 non
3158 1037 3291 1078 auro
3340 1032 3393 1079 et

1792 1107 2021 1176 gennuis
2048 1106 2348 1174 ornabitur,
2366 1106 2458 1162 scd
2477 1108 2785 1164 hominibus
2804 1112 2988 1181 justis;
3012 1113 3115 1169 iste
3138 1125 3389 1169 estnam-

1795 1212 1901 1267 que
1927 1197 2182 1260 thronus,
2217 1198 2284 1253 de
2313 1215 2420 1270 quo
2452 1198 2739 1255 Psaltnista
2772 1200 2904 1257 dicit
2931 1220 2945 1257 :
2968 1205 3210 1261 'l'ltronus
3242 1217 3391 1273 tnns,

1798 1287 1969 1355 Deus,
2000 1290 2052 1344 in
2074 1291 2320 1345 amentum
2348 1292 2524 1347 servuli
2542 1309 2561 1359 ;
2592 1294 2734 1364 rirgn
2762 1295 3017 1360 tenuitatis
3064 1300 3204 1370 virga
3252 1300 3397 1373 regni

1797 1380 2065 1453 τωρωι.
2117 1396 2270 1451 κων,
2304 1383 2396 1454 7).
2446 1383 2700 1441 Tltronns
2750 1387 2916 1459 igitur
2962 1387 3057 1444 Dei
3108 1397 3192 1447 est
3216 1392 3395 1446 omnis

1797 1475 2085 1549 multitudo
2110 1478 2421 1547 angelorum
2447 1488 2610 1548 atque
2632 1489 2971 1535 sanctorum.
3009 1480 3052 1535 Α
3081 1485 3231 1555 cujus
3271 1501 3396 1538 con-

1796 1578 1972 1638 spectu
2004 1572 2136 1641 fugit
2169 1579 2303 1625 terra
2332 1582 2377 1626 et
2405 1575 2617 1640 emtum,
2653 1582 2703 1628 et
2732 1576 2875 1631 locus
2914 1590 3017 1631 non
3040 1587 3113 1632 est
3164 1579 3398 1633 inventus

1796 1664 1886 1719 eis.
1939 1662 2407 1731 Quemadmodum
2471 1681 2499 1721 a
2553 1678 2849 1738 conspectu
2915 1668 3157 1725 sedentis
3231 1684 3397 1739 siqrr

1797 1756 2051 1813 thronum
2077 1760 2273 1814 (mium
2302 1767 2357 1815 et
2387 1766 2532 1815 terra
2563 1758 2725 1832 l‘ugiat
2746 1805 2760 1829 ,
2794 1762 3087 1819 Psalmista
3119 1765 3356 1819 ostendit
3382 1807 3395 1828 ,

84 1853 265 1911 multo
311 1852 673 1924 pulchriorem
708 1864 991 1924 reparetur
1017 1865 1141 1926 post
1184 1856 1398 1925 ignem?
1429 1858 1533 1915 Aut
1560 1856 1689 1927 quid
1724 1852 1939 1912 BSiout
1988 1853 2237 1921 superius
2282 1853 2393 1922 jam
2446 1854 2724 1919 diximus,
2777 1858 2867 1927 qui
2917 1856 3088 1915 dicit:
3145 1856 3292 1928 [gnta
3345 1860 3399 1911 in

82 1955 216 1999 sunt
238 1944 387 2003 aliud
410 1946 621 2003 cineres
643 1988 658 2013 ,
690 1946 794 2001 nisi
825 1956 964 2002 terra
992 1946 1222 2002 tuunda?
1243 1947 1376 2004 Nam
1400 1965 1686 2020 quascum-

81 2054 194 2110 que
242 2040 433 2096 sordes
480 2041 619 2115 ignis
650 2040 1063 2113 absumpserit,
1094 2041 1147 2099 in
1198 2044 1411 2100 cineres
1452 2044 1689 2107 mundos

82 2136 382 2191 convertit.
401 2134 679 2207 Numquid
706 2151 812 2192 non
835 2136 1033 2207 poterit
1058 2138 1199 2195 Deus
1222 2138 1450 2194 mundos
1472 2140 1687 2201 cineres

81 2228 138 2284 in
178 2227 468 2286 meliorem
502 2237 705 2285 statum
750 2244 872 2286 cum
903 2232 1071 2287 altera
1105 2242 1247 2288 terra
1299 2248 1553 2305 reparare
1576 2275 1592 2303 .
1630 2242 1687 2295 ut

81 2321 406 2377 necessaria
441 2338 548 2379 non
583 2323 652 2378 sit
680 2322 728 2379 ei
761 2322 1062 2380 ablutiouis
1093 2322 1312 2399 pluvia?

152 2414 415 2471 Dicamus
442 2415 633 2470 aliter:
669 2416 922 2473 Omnium
964 2417 1206 2472 sordium
1237 2419 1549 2475 ablutioncs
1592 2427 1687 2474 aut

79 2515 233 2563 terra
260 2506 465 2574 ebibit,
493 2516 579 2563 aut
608 2508 659 2563 in
693 2507 917 2564 ﬂumina
950 2510 1273 2576 decurrunt,
1336 2522 1386 2567 et
1430 2524 1551 2567 cum
1584 2512 1687 2567 llu-

78 2600 326 2656 minibus
355 2601 408 2655 in
439 2612 607 2657 mare.
652 2600 715 2657 Et
766 2603 1044 2675 quomodo
1079 2614 1256 2670 terra,
1291 2614 1579 2676 postquam
1620 2607 1689 2661 ab

78 2694 210 2764 igne
242 2676 553 2749 examinata
580 2691 766 2757 fuerit,
794 2694 989 2750 sordes
1004 2709 1131 2750 suas
1154 2696 1370 2764 ebihet,
1405 2706 1462 2751 ut
1486 2692 1685 2752 lterum

76 2786 370 2843 sordescat
389 2786 413 2841 ?
434 2796 529 2842 aut
558 2789 832 2857 quomodo
855 2789 907 2844 in
941 2787 1161 2844 ilumina
1183 2788 1434 2846 decurret
1456 2834 1469 2858 ,
1495 2801 1685 2847 etcum

78 2880 404 2937 ﬂuminibus
428 2882 480 2936 in
512 2897 693 2949 mare;
728 2898 849 2937 cum
894 2898 1044 2939 mare
1087 2885 1198 2954 jam
1243 2899 1348 2939 non
1380 2885 1493 2952 sit,
1548 2884 1689 2940 sicut

77 2974 378 3044 sequentia
399 2972 561 3044 hujus
582 2974 705 3029 libri
740 2975 995 3030 videntur
1021 2974 1373 3043 laterliQuod
1388 2976 1436 3032 si
1455 2991 1603 3039 mare
1632 2978 1682 3032 in

79 3070 375 3125 meliorem
390 3078 588 3126 statum
622 3071 989 3143 reparabitur,
1015 3074 1157 3130 sicut
1184 3075 1381 3131 coelum
1412 3086 1686 3149 terraque,

76 3179 105 3216 a
124 3172 298 3219 terra:
326 3164 579 3221 sordibus
600 3168 874 3237 quomodo
897 3167 1296 3239 inquinabltur?
1318 3169 1472 3240 Quod
1497 3171 1539 3227 si
1569 3174 1687 3241 quis

1793 1954 2067 2017 conspectu
2089 1946 2201 2017 ejus
2224 1946 2521 2001 exardcsret
2552 1946 2722 2015 (Psal.
2754 1962 2879 2004 χιιι
2900 1991 2915 2017 ,
2949 1950 2982 2006 5
3005 1954 3053 2021 );
3084 1961 3132 2006 et
3162 1952 3356 2007 iterum
3382 1970 3394 2005 :

1795 2034 1939 2107 Ignis
1961 2046 2079 2091 ante
2100 2036 2271 2106 ipsum
2298 2037 2552 2108 prwcedet
2575 2038 2753 2110 (Psal.
2779 2055 2896 2096 ξονι
2916 2086 2928 2106 ,
2948 2043 2981 2098 5
3002 2040 3046 2113 ).
3074 2041 3270 2114 Fugiet
3300 2060 3395 2099 att-

1791 2136 1899 2183 tem
1930 2137 2071 2185 terra
2102 2140 2155 2185 ct
2183 2131 2403 2199 coelum,
2437 2132 2491 2187 id
2547 2140 2661 2203 est,
2711 2136 2927 2206 species
2956 2144 3115 2192 terra:
3150 2144 3207 2193 et
3227 2140 3353 2195 ρωιί
3380 2156 3395 2205 ;

1790 2223 1917 2290 quia
1976 2237 2074 2292 per
2118 2223 2299 2293 ignem
2344 2238 2373 2281 a
2422 2240 2518 2282 sua
2569 2229 2754 2299 specie
2802 2231 3394 2299 commntaliuutur,tlt

1794 2315 2001 2383 possint
2029 2317 2081 2370 in
2112 2318 2273 2373 aliam
2300 2318 2583 2375 reformari
2635 2323 2808 2378 multo
2858 2324 3145 2381 meliorem
3184 2335 3240 2381 et
3269 2327 3387 2394 pul-

1792 2407 2085 2465 chriorem.
2106 2410 2260 2480 Quod
2289 2426 2419 2470 vero
2431 2413 2559 2471 dicit
2583 2432 2594 2470 :
2620 2414 2790 2473 Locus
2811 2434 2911 2474 non
2937 2429 3013 2473 est
3035 2418 3269 2475 inventus
3292 2422 3364 2475 eis
3379 2438 3397 2489 ;

1793 2515 1899 2556 non
1931 2502 2055 2558 ideo
2082 2505 2248 2573 dicit,
2299 2516 2356 2561 ut
2407 2506 2587 2563 locum
2638 2511 2927 2582 pristinum
2975 2513 3259 2581 amittant,
3296 2515 3391 2572 sed

1791 2598 2052 2667 speciem.

1904 2692 2085 2765 (Vers.
2121 2694 2235 2766 15.)
2288 2695 2350 2751 Et
2380 2698 2483 2752 vidi
2525 2711 2752 2756 mortuos
2781 2716 2992 2774 magnos
3040 2714 3088 2760 et
3127 2705 3345 2776 pusillos
3369 2749 3382 2772 ,

1792 2794 1985 2841 stantes
2016 2790 2070 2842 in
2098 2799 2372 2861 conspectu
2394 2792 2585 2848 throni.
2640 2795 2741 2851 Per
2791 2807 3034 2853 mortuos
3072 2812 3297 2871 magnos
3326 2810 3379 2857 ct

1797 2878 2034 2949 pusillos
2063 2881 2165 2936 soil
2196 2883 2421 2955 reprobi
2444 2884 2820 2957 designantur,
2865 2890 2954 2960 qui
3005 2890 3057 2945 in
3089 2890 3177 2947 die
3212 2908 3398 2949 rcsur-

1802 2974 2063 3029 rectionis
2087 2974 2558 3033 mortuiastabunt
2590 2976 2643 3033 in
2671 2992 2970 3052 conspectu
2993 2981 3121 3053 Dei,
3152 3000 3213 3039 ca
3249 2985 3398 3043 vitie-

1796 3064 1925 3119 ilect
1950 3075 2126 3122 morte
2154 3080 2315 3137 quam
2346 3069 2575 3139 primam
2608 3084 2731 3127 esse
2760 3071 2995 3129 diximus
3023 3117 3034 3143 ,
3059 3083 3181 3147 post
3210 3078 3397 3148 paulu-

1797 3158 1907 3213 lum
1938 3159 1990 3214 in
2024 3170 2250 3216 mortem
2282 3161 2580 3218 secundam
2612 3162 2902 3231 dejiciendi
2934 3180 2946 3219 :
3003 3181 3101 3238 per
3148 3181 3397 3227 mortuos

76 3256 296 3312 dixerit
326 3256 356 3285 ‘
388 3266 514 3314 ante
569 3260 982 3316 innovationem
1039 3260 1179 3317 hanc
1231 3277 1519 3335 passurum
1565 3281 1688 3321 esse

1804 3267 1927 3308 vero
1957 3266 2182 3325 magnos
2212 3270 2307 3310 eos
2336 3254 2607 3327 designari
2662 3266 2826 3327 puto,
2868 3261 2959 3331 qui
3008 3269 3105 3317 aut
3154 3263 3394 3333 majores

76 3350 522 3421 inquinationem
546 3395 561 3419 ,
596 3360 758 3423 atque
788 3354 840 3409 in
871 3356 1278 3423 permutatione
1309 3353 1427 3427 ejus
1455 3356 1521 3411 ad
1549 3358 1690 3411 nihi-

76 3442 197 3513 lum
254 3457 381 3499 esse
413 3442 776 3515 redigendas;
827 3461 935 3501 non
989 3448 1193 3518 poterit
1241 3449 1382 3504 Deus
1438 3450 1578 3505 sicut
1636 3450 1688 3506 in

75 3550 250 3609 aqua,
285 3537 357 3593 ita
390 3546 444 3593 et
480 3540 531 3594 in
562 3550 704 3595 terra
738 3543 958 3597 easdem
986 3544 1177 3600 sordes
1198 3545 1264 3599 ad
1292 3544 1517 3601 nihilum
1551 3547 1692 3603 redi-

74 3647 213 3703 gere
238 3676 253 3697 ,
288 3641 349 3687 ut
381 3648 486 3689 non
516 3635 585 3689 sit
617 3650 843 3693 necesse
896 3649 951 3692 ut
992 3639 1044 3693 in
1083 3656 1233 3695 mare
1257 3639 1537 3696 deﬂuant?
1587 3640 1692 3699 Per

76 3735 478 3797 tempestatem
509 3729 670 3800 igitur
696 3730 932 3785 validam
975 3731 1221 3787 ultimum
1272 3730 1553 3790 interitum
1587 3737 1690 3792 im-

77 3822 310 3893 piorum
344 3836 634 3893 possumus
679 3826 983 3895 Intelligere
1008 3869 1021 3891 ,
1086 3842 1245 3897 quem
1278 3828 1554 3899 Sapientia
1597 3846 1693 3900 per

75 3916 449 3972 Salomonem
502 3918 555 3972 in
590 3917 779 3973 ultimo
810 3920 1063 3975 examine
1097 3920 1275 3991 impiis
1304 3938 1363 3977 se
1416 3922 1691 3978 illaturam

74 4018 209 4065 esse
241 4016 483 4065 testatur
504 4010 694 4067 dicens
720 4030 732 4066 :
768 4010 879 4084 Ego
904 4028 1103 4085 quoque
1120 4014 1170 4067 in
1194 4015 1405 4070 interitu
1430 4027 1592 4070 vestro
1615 4017 1688 4070 ri-

76 4103 213 4158 debo
233 4146 248 4169 ,
278 4112 327 4158 et
350 4102 671 4158 subsunnabo
692 4146 706 4170 ,
733 4121 848 4158 cum
875 4105 1012 4159 vobis
1040 4105 1179 4176 quod
1213 4105 1463 4161 limebatis
1493 4149 1505 4173 ,
1533 4109 1619 4161 adt
1635 4124 1691 4161 e-

79 4197 264 4261 nerr't;
292 4211 413 4249 cum
464 4197 672 4251 irruerit
714 4199 983 4267 repentina
1011 4201 1310 4266 calamitas,
1368 4211 1416 4255 et
1456 4204 1695 4259 interitus

75 4290 241 4359 quasi
273 4298 543 4360 tempestas
566 4290 813 4359 ingruerit
838 4288 1018 4364 (Prov.
1052 4306 1099 4359 ι,
1134 4292 1249 4363 26).

157 4381 236 4435 Et
259 4380 501 4436 diabolus
522 4383 608 4452 qui
638 4383 909 4439 traducebat
930 4396 1015 4440 eos
1033 4427 1046 4451 ,
1072 4386 1256 4440 missus
1276 4395 1350 4441 est
1378 4388 1427 4441 in
1458 4396 1696 4463 stagnant

78 4476 226 4551 ignis
252 4486 304 4532 et
329 4476 615 4546 sulphuris,
640 4477 725 4532 ubi
747 4488 821 4533 est
843 4478 1001 4533 bestia
1022 4489 1069 4535 et
1092 4481 1553 4553 pseudoproplteta.
1585 4483 1699 4539 lloc

77 4579 221 4625 tunc
270 4568 603 4639 lmplebitur,
650 4571 868 4642 quando
912 4573 1174 4627 Dominus
1195 4573 1375 4629 dicet:
1420 4573 1522 4644 Ite,
1550 4576 1701 4632 ntale-

1797 3346 2017 3402 luerunt
2043 3349 2094 3402 in
2121 3349 2421 3405 sceleribus
2444 3392 2457 3416 ,
2484 3356 2577 3406 aut
2607 3352 2829 3407 altiores
2857 3354 2908 3408 in
2954 3355 3138 3411 saaculi
3162 3356 3400 3428 dignita-

1796 3438 1979 3494 tibus:
2032 3454 2130 3509 per
2162 3441 2390 3510 pusillos
2436 3450 2615 3499 autem
2668 3443 2702 3498 li
2756 3445 3133 3516 designantur,
3177 3452 3271 3520 qui
3319 3451 3399 3507 eis

1798 3533 2026 3604 subjecti
2085 3533 2344 3601 luerunt,
2379 3537 2459 3590 vel
2509 3547 2660 3592 certe
2709 3538 2743 3593 ii
2788 3540 2876 3609 qui
2928 3542 3108 3596 minus
3136 3554 3398 3615 peccave-

1797 3637 1944 3681 runt.
2002 3627 2069 3681 Et
2097 3627 2217 3682 libri
2238 3630 2404 3699 operti
2426 3642 2541 3684 sunt
2569 3648 2587 3685 :
2620 3642 2668 3685 et
2696 3632 2829 3686 alius
2860 3633 2989 3687 liber
3014 3633 3225 3706 apertus
3284 3649 3360 3693 est
3384 3682 3397 3706 ,

1796 3720 1885 3788 qui
1913 3729 1984 3773 est
2006 3720 2139 3774 vitae.
2182 3719 2329 3775 Libri
2362 3722 2515 3776 multi
2543 3721 2607 3777 ad
2642 3725 2943 3794 reprobos:
2979 3742 3123 3783 unus
3172 3730 3263 3800 qui
3310 3740 3398 3787 est

1797 3812 1962 3879 vitae,
2018 3814 2083 3867 ad
2132 3812 2344 3869 electos
2375 3817 2631 3887 pertinet.
2688 3816 2921 3889 Reprobl
2972 3820 3172 3879 multos
3222 3822 3397 3881 libros

1800 3906 2033 3975 habent,
2074 3908 2200 3978 quia
2255 3909 2307 3963 in
2364 3908 2555 3965 multis
2613 3912 2891 3967 erroribus
2940 3920 3070 3969 sunt
3121 3912 3398 3985 devoluti;

1800 4015 1923 4056 nam
1954 4002 2146 4073 pagani
2172 4002 2369 4059 multos
2390 4000 2523 4062 deos
2542 4003 2850 4071 coluerunt,
2876 4014 2930 4061 et
2958 4007 3009 4062 In
3037 4009 3224 4065 multis
3249 4020 3403 4067 erro-

1800 4097 1950 4153 ribus
1998 4097 2320 4168 semetipsos
2360 4097 2720 4168 deiecerunt:
2773 4100 3024 4158 similiter
3073 4112 3124 4159 et
3160 4102 3402 4163 haeretici

1803 4190 1969 4245 multa
1993 4190 2241 4262 dogmata
2267 4206 2429 4262 prava
2452 4234 2464 4258 ,
2497 4202 2551 4248 et
2598 4194 2706 4249 Deo
2738 4190 2959 4249 odlhilia
3012 4196 3345 4254 invenerunt
3378 4217 3392 4254 :

1802 4284 1927 4340 falsi
1955 4287 2120 4341 etiam
2153 4285 2441 4341 christiani
2498 4284 2550 4341 in
2608 4288 2793 4342 multis
2821 4288 3121 4345 sreieribus
3154 4290 3403 4361 quotidie

1806 4378 2177 4434 involvuntur.
2213 4378 2410 4435 Multos
2440 4394 2570 4452 ergo
2616 4380 2785 4437 libros
2832 4382 3047 4454 reprobi
3076 4388 3403 4457 possident,

1806 4474 1929 4543 quia
1961 4474 2147 4530 multis
2177 4475 2351 4532 modis
2369 4475 2540 4531 Deum
2571 4476 2879 4544 oiienduut;
2898 4478 3057 4535 eiecti
3086 4496 3214 4537 vero
3238 4498 3403 4541 unum

1810 4565 2007 4620 librum
2039 4567 2273 4634 habent;
2306 4569 2430 4639 quia
2466 4578 2629 4623 unum
2681 4570 2849 4624 Deum
2881 4571 3100 4640 colunt,
3149 4586 3307 4629 unam
3344 4576 3408 4631 ii-

79 4664 240 4731 dt'cts',
267 4664 324 4716 in
348 4637 518 4733 ignem
539 4637 784 4719 teternunt
810 4708 822 4731 ,
851 4663 879 4703 ι’
925 4668 1011 4737 qui
1037 4678 1358 4739 pra-paratus
1375 4678 1452 4723 es:
1490 4637 1698 4725 diabolo
1730 4637 1783 4699 Ῑ)
1807 4656 1929 4717 dem
1962 4663 2285 4719 catholicam
2310 4637 2657 4731 confitentur,
2719 4679 2829 4719 uno
2869 4665 3088 4723 vinculo
3116 4668 3405 4727 charitatls

77 4768 130 4813 et
154 4758 370 4830 angelis
395 4761 506 4831 ejus
535 4757 754 4831 (Matth.
784 4774 910 4825 xxv,
939 4761 998 4815 ll
1031 4764 1067 4831 ).

157 4852 357 4924 (Vers.
396 4851 511 4924 10.)
534 4850 603 4906 Et
633 4853 1002 4908 cruciabantur
1047 4854 1129 4908 die
1153 4871 1214 4910 ac
1258 4865 1404 4911 nocte
1430 4857 1480 4910 in
1510 4858 1699 4912 sa'cttla

79 4946 427 5003 sucularum.
464 4947 504 5002 A
532 4962 643 5019 quo
660 4949 907 5004 cruciatu
937 4950 1310 5005 misericordia
1342 4951 1703 5021 redemptoris

79 5042 272 5098 nostri
305 5054 407 5095 nos
436 5040 674 5097 liberare
700 5040 978 5114 dignetur,
1014 5042 1100 5113 qui
1135 5054 1258 5111 cum
1299 5038 1458 5099 Patre
1491 5054 1545 5099 ct
1575 5043 1699 5114 Spi-

80 5135 201 5191 ritu
254 5140 455 5189 sancto
504 5134 635 5189 vivit
686 5144 738 5191 et
770 5142 960 5205 regnat
1012 5136 1061 5189 in
1097 5136 1294 5191 sxcuia
1343 5134 1696 5204 seculorum,

79 5242 285 5287 amen.

502 5348 603 5411 DE
650 5338 971 5413 VISIO‘NE
1015 5350 1306 5415 SEXTA.

162 5501 399 5558 Domini
430 5472 603 5557 min
630 5501 761 5557 Josu
789 5501 986 5557 Christi
1008 5484 1387 5556 misericordia
1414 5498 1701 5569 largiente,

81 5599 157 5654 ad
193 5606 416 5653 sextam
448 5597 708 5651 visionem
767 5597 1149 5665 pervenimus,
1195 5610 1317 5665 qua:
1361 5594 1583 5649 brevior
1624 5602 1704 5647 est

82 5688 329 5747 exteris
348 5703 363 5751 ξ
384 5697 454 5741 eo
481 5687 627 5758 quasi
668 5689 720 5743 iu
767 5702 830 5743 ea
858 5686 1131 5760 generalis
1155 5686 1523 5750 resurrectio,
1554 5684 1703 5740 dam-

169 5840 199 5867 λ
246 5826 509 5883 Nonnulli
538 5842 695 5893 mss.,
728 5836 848 5883 ante
893 5826 1272 5883 invocationem
1320 5825 1495 5889 Itane,
1540 5822 1719 5877 minus

87 5916 231 5959 com
248 5896 441 5955 mode.

1806 4762 2229 4811 connectuntur.
2271 4756 2379 4812 Sed
2434 4758 2789 4829 quaerendum
2839 4759 2997 4816 nobis
3035 4770 3147 4830 ρει,
3181 4762 3270 4835 qui
3299 4763 3411 4819 sint

1808 4849 1931 4904 libri
1961 4850 2088 4905 isti:
2143 4851 2406 4921 numquid
2437 4864 2503 4907 ex
2548 4851 2728 4923 aliqua
2762 4857 2987 4910 materia
3039 4852 3236 4912 visiblil
3261 4899 3274 4923 ,
3316 4868 3410 4912 aut

1808 4938 2085 5007 invisibili,
2120 4938 2251 4996 flent
2277 4941 2425 5008 libri,
2459 4943 2510 4997 in
2541 4943 2735 5015 quibus
2766 4945 3102 5016 singulorum
3131 4946 3265 5001 facta
3310 4944 3405 5003 des

1808 5036 2118 5091 scribantur
2138 5036 2159 5090 2
2179 5034 2322 5092 Libri
2345 5037 2509 5109 igitur
2532 5038 2684 5093 multi
2708 5047 2831 5095 sunt
2853 5040 2988 5094 facta
3010 5039 3366 5109 reproburum
3393 5058 3404 5095 :

1816 5129 1939 5186 libri
1973 5129 2127 5186 multi
2155 5132 2488 5203 aperientur,
2522 5144 2643 5187 cum
2670 5132 2874 5188 scelera
2899 5128 3264 5203 reproborum
3295 5146 3411 5190 om-

1818 5222 1979 5279 nibus
2009 5224 2519 5279 manit‘estabuntur.
2551 5223 2651 5281 Per
2678 5222 2873 5279 librum
2902 5230 3081 5279 autem
3115 5224 3241 5280 vitm
3270 5238 3414 5295 prm-

1817 5315 2240 5373 destiuationem
2257 5317 2350 5373 Dei
2369 5318 2760 5388 omnipotentis
2773 5326 3060 5386 possumus
3082 5318 3411 5390 intelligere.

1816 5409 1873 5463 In
1904 5409 2008 5465 hoc
2036 5406 2174 5467 libro
2223 5412 2443 5467 nomina
2498 5409 2888 5480 discipulorum
2929 5422 3053 5465 esse
3100 5415 3412 5486 conscripta

1814 5501 2077 5558 Dominus
2102 5504 2157 5557 in
2186 5502 2480 5575 Evangelio
2513 5499 2854 5568 manifestat,
2888 5514 3006 5557 cum
3040 5502 3204 5562 dicit:
3270 5504 3415 5563 Gott.

1817 5595 1960 5662 dele,
1992 5598 2111 5667 quia
2141 5600 2347 5650 nomina
2372 5604 2539 5649 vestra
2560 5594 2753 5665 scripta
2781 5597 2971 5650 suntin
3001 5598 3139 5652 caelis
3169 5600 3188 5670 (
3211 5598 3339 5656 Luc.
3359 5618 3415 5668 x,

1817 5687 1887 5742 20
1909 5685 1951 5759 ).
1983 5686 2061 5744 De
2093 5686 2195 5743 hoc
2226 5687 2366 5744 libro
2396 5682 2680 5757 apostolus
2704 5680 2907 5744 Paulus
2937 5688 3177 5764 loquitur
3199 5692 3419 5759 dicens:

1904 5820 1929 5859 ι’
1958 5820 2106 5897 Edit.
2138 5819 2625 5892 prmtermiserant,
2652 5822 2741 5893 qui
2768 5834 3087 5897 praeparatus
3120 5836 3189 5884 est
3217 5826 3425 5885 diabolo

1835 5904 1882 5947 et
1906 5892 2099 5964 angelis
2122 5896 2254 5966 ejus.
