  <div class='ocr_page' id='page_1' title='image "/cluster/home/n/w/nwhite01/storage/ocr_20150623/17/hvd.32044015471329/473.png"; bbox 0 0 3950 6314; ppageno 0'>
   <div class='ocr_carea' id='block_1_1' title="bbox 582 299 691 355">
    <p class='ocr_par' dir='ltr' id='par_1_1' title="bbox 582 299 691 355">
     <span class='ocr_line' id='line_1_1' title="bbox 582 299 691 355; baseline 0 0"><span class='ocrx_word' id='word_1_1' title='bbox 582 299 691 355; x_wconf 78' lang='lat'><strong>935</strong></span> 
     </span>
    </p>
   </div>
   <div class='ocr_carea' id='block_1_2' title="bbox 1561 287 3813 358">
    <p class='ocr_par' dir='ltr' id='par_1_2' title="bbox 1561 287 3813 358">
     <span class='ocr_line' id='line_1_2' title="bbox 1561 287 3813 358; baseline -0.001 -9"><span class='ocrx_word' id='word_1_2' title='bbox 1561 293 1653 350; x_wconf 80' lang='lat' dir='ltr'><strong>AD</strong></span> <span class='ocrx_word' id='word_1_3' title='bbox 1690 289 1921 348; x_wconf 80' lang='lat' dir='ltr'><strong>OPERA</strong></span> <span class='ocrx_word' id='word_1_4' title='bbox 1959 287 2205 348; x_wconf 79' lang='lat' dir='ltr'><strong>SANCTI</strong></span> <span class='ocrx_word' id='word_1_5' title='bbox 2244 288 2571 349; x_wconf 83' lang='lat' dir='ltr'><strong>AMBROSll</strong></span> <span class='ocrx_word' id='word_1_6' title='bbox 2613 290 2983 351; x_wconf 78' lang='lat' dir='ltr'><strong>APPENDIX.</strong></span> <span class='ocrx_word' id='word_1_7' title='bbox 3738 302 3813 358; x_wconf 72' lang='lat'><strong>935</strong></span> 
     </span>
    </p>
   </div>
   <div class='ocr_carea' id='block_1_3' title="bbox 588 406 3812 481">
    <p class='ocr_par' dir='ltr' id='par_1_3' title="bbox 588 406 3812 481">
     <span class='ocr_line' id='line_1_3' title="bbox 588 406 3812 481; baseline 0.001 -15"><span class='ocrx_word' id='word_1_8' title='bbox 588 414 731 478; x_wconf 80' lang='lat' dir='ltr'><strong>Quos</strong></span> <span class='ocrx_word' id='word_1_9' title='bbox 764 420 935 466; x_wconf 79' lang='lat' dir='ltr'><strong>autent</strong></span> <span class='ocrx_word' id='word_1_10' title='bbox 970 410 1258 481; x_wconf 75' lang='lat' dir='ltr'><strong>prtescivit,</strong></span> <span class='ocrx_word' id='word_1_11' title='bbox 1307 411 1402 464; x_wconf 77' lang='lat' dir='ltr'><strong>Iros</strong></span> <span class='ocrx_word' id='word_1_12' title='bbox 1432 416 1482 463; x_wconf 90' lang='lat' dir='ltr'><strong>et</strong></span> <span class='ocrx_word' id='word_1_13' title='bbox 1509 407 1933 480; x_wconf 71' lang='lat' dir='ltr'><strong>prwdestinavit:</strong></span> <span class='ocrx_word' id='word_1_14' title='bbox 1972 415 2017 459; x_wconf 81' lang='lat' dir='ltr'><strong>et</strong></span> <span class='ocrx_word' id='word_1_15' title='bbox 2057 422 2184 475; x_wconf 88' lang='lat' dir='ltr'><strong>quos</strong></span> <span class='ocrx_word' id='word_1_16' title='bbox 2212 410 2259 468; x_wconf 76' lang='grc' dir='ltr'><strong>Α</strong></span> <span class='ocrx_word' id='word_1_17' title='bbox 2292 408 2560 462; x_wconf 82' lang='lat' dir='ltr'><strong>maculam</strong></span> <span class='ocrx_word' id='word_1_18' title='bbox 2595 408 2800 477; x_wconf 91' lang='lat' dir='ltr'><strong>peccati</strong></span> <span class='ocrx_word' id='word_1_19' title='bbox 2834 408 3121 463; x_wconf 73' lang='lat' dir='ltr'><strong>habentes.</strong></span> <span class='ocrx_word' id='word_1_20' title='bbox 3156 406 3309 463; x_wconf 79' lang='lat' dir='ltr'><strong>Mare</strong></span> <span class='ocrx_word' id='word_1_21' title='bbox 3334 415 3571 465; x_wconf 87' lang='lat' dir='ltr'><strong>mortuos</strong></span> <span class='ocrx_word' id='word_1_22' title='bbox 3595 425 3705 466; x_wconf 87' lang='lat' dir='ltr'><strong>suos</strong></span> <span class='ocrx_word' id='word_1_23' title='bbox 3727 418 3812 468; x_wconf 75' lang='lat' dir='ltr'><strong>red-</strong></span> 
     </span>
    </p>
   </div>
   <div class='ocr_carea' id='block_1_4' title="bbox 583 498 2182 575">
    <p class='ocr_par' dir='ltr' id='par_1_4' title="bbox 583 498 2182 575">
     <span class='ocr_line' id='line_1_4' title="bbox 583 498 2182 575; baseline -0.006 -13"><span class='ocrx_word' id='word_1_24' title='bbox 583 507 1004 575; x_wconf 75' lang='lat' dir='ltr'><strong>prwdestinavit,</strong></span> <span class='ocrx_word' id='word_1_25' title='bbox 1038 506 1130 559; x_wconf 79' lang='lat' dir='ltr'><strong>Iros</strong></span> <span class='ocrx_word' id='word_1_26' title='bbox 1152 514 1198 560; x_wconf 88' lang='lat' dir='ltr'><strong>et</strong></span> <span class='ocrx_word' id='word_1_27' title='bbox 1220 504 1417 560; x_wconf 82' lang='lat' dir='ltr'><strong>vocavit</strong></span> <span class='ocrx_word' id='word_1_28' title='bbox 1443 519 1462 557; x_wconf 92' lang='lat'><strong>:</strong></span> <span class='ocrx_word' id='word_1_29' title='bbox 1485 514 1532 557; x_wconf 89' lang='lat' dir='ltr'><strong>et</strong></span> <span class='ocrx_word' id='word_1_30' title='bbox 1561 519 1691 571; x_wconf 89' lang='lat' dir='ltr'><strong>quos</strong></span> <span class='ocrx_word' id='word_1_31' title='bbox 1714 501 1910 555; x_wconf 85' lang='lat' dir='ltr'><strong>vocavit</strong></span> <span class='ocrx_word' id='word_1_32' title='bbox 1928 541 1941 567; x_wconf 96' lang='lat'><strong>,</strong></span> <span class='ocrx_word' id='word_1_33' title='bbox 1986 498 2105 554; x_wconf 87' lang='lat' dir='ltr'><strong>illos</strong></span> <span class='ocrx_word' id='word_1_34' title='bbox 2136 509 2182 553; x_wconf 78' lang='lat' dir='ltr'><strong>et</strong></span> 
     </span>
    </p>
   </div>
   <div class='ocr_carea' id='block_1_5' title="bbox 582 597 1406 673">
    <p class='ocr_par' dir='ltr' id='par_1_5' title="bbox 582 597 1406 673">
     <span class='ocr_line' id='line_1_5' title="bbox 582 597 1406 673; baseline -0.005 -17"><span class='ocrx_word' id='word_1_35' title='bbox 582 601 893 673; x_wconf 76' lang='lat' dir='ltr'><strong>glorificauit</strong></span> <span class='ocrx_word' id='word_1_36' title='bbox 913 600 1089 672; x_wconf 81' lang='lat' dir='ltr'><strong>(llam.</strong></span> <span class='ocrx_word' id='word_1_37' title='bbox 1112 613 1207 653; x_wconf 84' lang='lat' dir='ltr'><strong>vm</strong></span> <span class='ocrx_word' id='word_1_38' title='bbox 1227 640 1241 665; x_wconf 90' lang='lat'><strong>,</strong></span> <span class='ocrx_word' id='word_1_39' title='bbox 1274 598 1343 653; x_wconf 83' lang='lat'><strong>50</strong></span> <span class='ocrx_word' id='word_1_40' title='bbox 1364 597 1406 665; x_wconf 93' lang='lat'><strong>).</strong></span> 
     </span>
    </p>
   </div>
   <div class='ocr_carea' id='block_1_6' title="bbox 655 686 2179 765">
    <p class='ocr_par' dir='ltr' id='par_1_6' title="bbox 655 686 2179 765">
     <span class='ocr_line' id='line_1_6' title="bbox 655 686 2179 765; baseline -0.007 -15"><span class='ocrx_word' id='word_1_41' title='bbox 655 694 843 765; x_wconf 86' lang='lat' dir='ltr'><strong>(Vers.</strong></span> <span class='ocrx_word' id='word_1_42' title='bbox 885 692 1000 763; x_wconf 80' lang='lat' dir='ltr'><strong>l5.)</strong></span> <span class='ocrx_word' id='word_1_43' title='bbox 1052 690 1121 746; x_wconf 87' lang='lat' dir='ltr'><strong>Et</strong></span> <span class='ocrx_word' id='word_1_44' title='bbox 1148 692 1363 757; x_wconf 73' lang='lat' dir='ltr'><strong>iudicati</strong></span> <span class='ocrx_word' id='word_1_45' title='bbox 1394 698 1513 745; x_wconf 90' lang='lat' dir='ltr'><strong>sunt</strong></span> <span class='ocrx_word' id='word_1_46' title='bbox 1536 688 1727 743; x_wconf 88' lang='lat' dir='ltr'><strong>mortui</strong></span> <span class='ocrx_word' id='word_1_47' title='bbox 1774 686 2054 742; x_wconf 86' lang='lat' dir='ltr'><strong>secundum</strong></span> <span class='ocrx_word' id='word_1_48' title='bbox 2080 702 2139 739; x_wconf 88' lang='lat' dir='ltr'><strong>ea</strong></span> <span class='ocrx_word' id='word_1_49' title='bbox 2164 727 2179 751; x_wconf 92' lang='lat'><strong>,</strong></span> 
     </span>
    </p>
   </div>
   <div class='ocr_carea' id='block_1_7' title="bbox 581 779 2177 856">
    <p class='ocr_par' dir='ltr' id='par_1_7' title="bbox 581 779 2177 856">
     <span class='ocr_line' id='line_1_7' title="bbox 581 779 2177 856; baseline -0.006 -17"><span class='ocrx_word' id='word_1_50' title='bbox 581 802 698 855; x_wconf 69' lang='lat' dir='ltr'><strong>qua?</strong></span> <span class='ocrx_word' id='word_1_51' title='bbox 724 786 914 856; x_wconf 87' lang='lat' dir='ltr'><strong>scripta</strong></span> <span class='ocrx_word' id='word_1_52' title='bbox 958 794 1102 838; x_wconf 89' lang='lat' dir='ltr'><strong>erant</strong></span> <span class='ocrx_word' id='word_1_53' title='bbox 1129 782 1377 851; x_wconf 88' lang='lat' dir='ltr'><strong>inlibris,</strong></span> <span class='ocrx_word' id='word_1_54' title='bbox 1420 780 1701 837; x_wconf 89' lang='lat' dir='ltr'><strong>secundum</strong></span> <span class='ocrx_word' id='word_1_55' title='bbox 1734 794 1892 848; x_wconf 85' lang='lat' dir='ltr'><strong>opera</strong></span> <span class='ocrx_word' id='word_1_56' title='bbox 1924 779 2177 847; x_wconf 86' lang='lat' dir='ltr'><strong>ipsorum.</strong></span> 
     </span>
    </p>
   </div>
   <div class='ocr_carea' id='block_1_8' title="bbox 582 872 2182 942">
    <p class='ocr_par' dir='ltr' id='par_1_8' title="bbox 582 872 2182 942">
     <span class='ocr_line' id='line_1_8' title="bbox 582 872 2182 942; baseline -0.005 -10"><span class='ocrx_word' id='word_1_57' title='bbox 582 883 608 911; x_wconf 76' lang='grc'><strong><em>⁸</em></strong></span> <span class='ocrx_word' id='word_1_58' title='bbox 636 876 873 932; x_wconf 81' lang='lat' dir='ltr'><strong>ludicati</strong></span> <span class='ocrx_word' id='word_1_59' title='bbox 898 886 1018 931; x_wconf 89' lang='lat' dir='ltr'><strong>sunt</strong></span> <span class='ocrx_word' id='word_1_60' title='bbox 1037 876 1227 930; x_wconf 89' lang='lat' dir='ltr'><strong>mortui</strong></span> <span class='ocrx_word' id='word_1_61' title='bbox 1253 874 1537 929; x_wconf 87' lang='lat' dir='ltr'><strong>secundum</strong></span> <span class='ocrx_word' id='word_1_62' title='bbox 1555 892 1613 930; x_wconf 91' lang='lat' dir='ltr'><strong>ea</strong></span> <span class='ocrx_word' id='word_1_63' title='bbox 1634 916 1648 942; x_wconf 92' lang='lat'><strong>,</strong></span> <span class='ocrx_word' id='word_1_64' title='bbox 1672 890 1786 942; x_wconf 67' lang='lat' dir='ltr'><strong>quae</strong></span> <span class='ocrx_word' id='word_1_65' title='bbox 1813 872 2009 942; x_wconf 88' lang='lat' dir='ltr'><strong>scripta</strong></span> <span class='ocrx_word' id='word_1_66' title='bbox 2035 881 2182 926; x_wconf 89' lang='lat' dir='ltr'><strong>erant</strong></span> 
     </span>
    </p>
   </div>
   <div class='ocr_carea' id='block_1_9' title="bbox 581 968 2180 1043">
    <p class='ocr_par' dir='ltr' id='par_1_9' title="bbox 581 968 2180 1043">
     <span class='ocr_line' id='line_1_9' title="bbox 581 968 2180 1043; baseline -0.004 -18"><span class='ocrx_word' id='word_1_67' title='bbox 581 973 637 1025; x_wconf 86' lang='lat' dir='ltr'><strong>in</strong></span> <span class='ocrx_word' id='word_1_68' title='bbox 670 971 855 1037; x_wconf 83' lang='lat' dir='ltr'><strong>libris;</strong></span> <span class='ocrx_word' id='word_1_69' title='bbox 878 971 1003 1043; x_wconf 86' lang='lat' dir='ltr'><strong>quia</strong></span> <span class='ocrx_word' id='word_1_70' title='bbox 1037 972 1337 1027; x_wconf 90' lang='lat' dir='ltr'><strong>secundum</strong></span> <span class='ocrx_word' id='word_1_71' title='bbox 1366 984 1584 1025; x_wconf 90' lang='lat' dir='ltr'><strong>errores</strong></span> <span class='ocrx_word' id='word_1_72' title='bbox 1618 970 1900 1039; x_wconf 90' lang='lat' dir='ltr'><strong>proprios,</strong></span> <span class='ocrx_word' id='word_1_73' title='bbox 1945 978 1996 1022; x_wconf 89' lang='lat' dir='ltr'><strong>et</strong></span> <span class='ocrx_word' id='word_1_74' title='bbox 2030 968 2180 1037; x_wconf 74' lang='lat' dir='ltr'><strong>juxta</strong></span> 
     </span>
    </p>
   </div>
   <div class='ocr_carea' id='block_1_10' title="bbox 580 1059 2177 1137">
    <p class='ocr_par' dir='ltr' id='par_1_10' title="bbox 580 1059 2177 1137">
     <span class='ocr_line' id='line_1_10' title="bbox 580 1059 2177 1137; baseline -0.006 -16"><span class='ocrx_word' id='word_1_75' title='bbox 580 1065 905 1137; x_wconf 72' lang='lat' dir='ltr'><strong>qualitatem</strong></span> <span class='ocrx_word' id='word_1_76' title='bbox 933 1063 1202 1120; x_wconf 86' lang='lat' dir='ltr'><strong>scelerum</strong></span> <span class='ocrx_word' id='word_1_77' title='bbox 1257 1078 1479 1119; x_wconf 91' lang='lat' dir='ltr'><strong>suorum</strong></span> <span class='ocrx_word' id='word_1_78' title='bbox 1505 1062 1705 1132; x_wconf 77' lang='lat' dir='ltr'><strong>singuli</strong></span> <span class='ocrx_word' id='word_1_79' title='bbox 1751 1059 2177 1132; x_wconf 89' lang='lat' dir='ltr'><strong>judicabuntur;</strong></span> 
     </span>
    </p>
   </div>
   <div class='ocr_carea' id='block_1_11' title="bbox 580 1150 2180 1227">
    <p class='ocr_par' dir='ltr' id='par_1_11' title="bbox 580 1150 2180 1227">
     <span class='ocr_line' id='line_1_11' title="bbox 580 1150 2180 1227; baseline -0.006 -13"><span class='ocrx_word' id='word_1_80' title='bbox 580 1158 742 1214; x_wconf 81' lang='lat' dir='ltr'><strong>aliter</strong></span> <span class='ocrx_word' id='word_1_81' title='bbox 791 1156 939 1214; x_wconf 91' lang='lat' dir='ltr'><strong>enim</strong></span> <span class='ocrx_word' id='word_1_82' title='bbox 983 1154 1379 1227; x_wconf 90' lang='lat' dir='ltr'><strong>judicabuntur</strong></span> <span class='ocrx_word' id='word_1_83' title='bbox 1411 1153 1693 1220; x_wconf 68' lang='lat' dir='ltr'><strong>haeretici,</strong></span> <span class='ocrx_word' id='word_1_84' title='bbox 1748 1152 1912 1207; x_wconf 86' lang='lat' dir='ltr'><strong>aliter</strong></span> <span class='ocrx_word' id='word_1_85' title='bbox 1945 1150 2180 1221; x_wconf 78' lang='lat' dir='ltr'><strong>pagani,</strong></span> 
     </span>
    </p>
   </div>
   <div class='ocr_carea' id='block_1_12' title="bbox 580 1244 2179 1316">
    <p class='ocr_par' dir='ltr' id='par_1_12' title="bbox 580 1244 2179 1316">
     <span class='ocr_line' id='line_1_12' title="bbox 580 1244 2179 1316; baseline -0.007 -9"><span class='ocrx_word' id='word_1_86' title='bbox 580 1252 743 1309; x_wconf 83' lang='lat' dir='ltr'><strong>aliter</strong></span> <span class='ocrx_word' id='word_1_87' title='bbox 795 1250 918 1305; x_wconf 79' lang='lat' dir='ltr'><strong>falsi</strong></span> <span class='ocrx_word' id='word_1_88' title='bbox 974 1248 1297 1305; x_wconf 86' lang='lat' dir='ltr'><strong>christiani:</strong></span> <span class='ocrx_word' id='word_1_89' title='bbox 1353 1246 1450 1302; x_wconf 92' lang='lat' dir='ltr'><strong>sed</strong></span> <span class='ocrx_word' id='word_1_90' title='bbox 1514 1246 1884 1316; x_wconf 85' lang='lat' dir='ltr'><strong>unusquisque</strong></span> <span class='ocrx_word' id='word_1_91' title='bbox 1936 1244 2179 1315; x_wconf 90' lang='lat' dir='ltr'><strong>ipsorum</strong></span> 
     </span>
    </p>
   </div>
   <div class='ocr_carea' id='block_1_13' title="bbox 581 1338 2185 1417">
    <p class='ocr_par' dir='ltr' id='par_1_13' title="bbox 581 1338 2185 1417">
     <span class='ocr_line' id='line_1_13' title="bbox 581 1338 2185 1417; baseline -0.007 -16"><span class='ocrx_word' id='word_1_92' title='bbox 581 1355 788 1417; x_wconf 87' lang='lat' dir='ltr'><strong>quanto</strong></span> <span class='ocrx_word' id='word_1_93' title='bbox 816 1342 1059 1400; x_wconf 86' lang='lat' dir='ltr'><strong>deterior</strong></span> <span class='ocrx_word' id='word_1_94' title='bbox 1080 1341 1241 1396; x_wconf 84' lang='lat' dir='ltr'><strong>tuerit</strong></span> <span class='ocrx_word' id='word_1_95' title='bbox 1301 1341 1352 1395; x_wconf 92' lang='lat' dir='ltr'><strong>in</strong></span> <span class='ocrx_word' id='word_1_96' title='bbox 1402 1338 1627 1410; x_wconf 92' lang='lat' dir='ltr'><strong>proprio</strong></span> <span class='ocrx_word' id='word_1_97' title='bbox 1666 1351 1854 1394; x_wconf 90' lang='lat' dir='ltr'><strong>errore</strong></span> <span class='ocrx_word' id='word_1_98' title='bbox 1879 1377 1896 1405; x_wconf 92' lang='lat'><strong>,</strong></span> <span class='ocrx_word' id='word_1_99' title='bbox 1950 1346 2104 1391; x_wconf 88' lang='lat' dir='ltr'><strong>tanto</strong></span> <span class='ocrx_word' id='word_1_100' title='bbox 2128 1341 2185 1390; x_wconf 91' lang='lat' dir='ltr'><strong>et</strong></span> 
     </span>
    </p>
   </div>
   <div class='ocr_carea' id='block_1_14' title="bbox 580 1438 1138 1511">
    <p class='ocr_par' dir='ltr' id='par_1_14' title="bbox 580 1438 1138 1511">
     <span class='ocr_line' id='line_1_14' title="bbox 580 1438 1138 1511; baseline -0.009 -15"><span class='ocrx_word' id='word_1_101' title='bbox 580 1442 763 1499; x_wconf 88' lang='lat' dir='ltr'><strong>acrius</strong></span> <span class='ocrx_word' id='word_1_102' title='bbox 782 1438 1138 1511; x_wconf 74' lang='lat' dir='ltr'><strong>iudicabitur.</strong></span> 
     </span>
    </p>
   </div>
   <div class='ocr_carea' id='block_1_15' title="bbox 653 1512 2183 1597">
    <p class='ocr_par' dir='ltr' id='par_1_15' title="bbox 653 1512 2183 1597">
     <span class='ocr_line' id='line_1_15' title="bbox 653 1512 2183 1597; baseline -0.008 -8"><span class='ocrx_word' id='word_1_103' title='bbox 653 1536 723 1591; x_wconf 87' lang='lat' dir='ltr'><strong>Et</strong></span> <span class='ocrx_word' id='word_1_104' title='bbox 756 1535 898 1589; x_wconf 80' lang='lat' dir='ltr'><strong>dedit</strong></span> <span class='ocrx_word' id='word_1_105' title='bbox 924 1550 1061 1587; x_wconf 90' lang='lat' dir='ltr'><strong>mare</strong></span> <span class='ocrx_word' id='word_1_106' title='bbox 1082 1540 1308 1586; x_wconf 90' lang='lat' dir='ltr'><strong>mortuos</strong></span> <span class='ocrx_word' id='word_1_107' title='bbox 1336 1544 1460 1583; x_wconf 88' lang='lat' dir='ltr'><strong>suos</strong></span> <span class='ocrx_word' id='word_1_108' title='bbox 1478 1570 1493 1595; x_wconf 89' lang='lat'><strong>,</strong></span> <span class='ocrx_word' id='word_1_109' title='bbox 1524 1538 1571 1583; x_wconf 85' lang='lat' dir='ltr'><strong>et</strong></span> <span class='ocrx_word' id='word_1_110' title='bbox 1598 1527 1810 1595; x_wconf 51' lang='lat' dir='ltr'><strong>morsjet</strong></span> <span class='ocrx_word' id='word_1_111' title='bbox 1832 1512 2072 1597; x_wconf 65' lang='lat' dir='ltr'><strong>infernui</strong></span> <span class='ocrx_word' id='word_1_112' title='bbox 2092 1523 2183 1577; x_wconf 84' lang='lat' dir='ltr'><strong>de-</strong></span> 
     </span>
    </p>
   </div>
   <div class='ocr_carea' id='block_1_16' title="bbox 580 1616 2184 1697">
    <p class='ocr_par' dir='ltr' id='par_1_16' title="bbox 580 1616 2184 1697">
     <span class='ocr_line' id='line_1_16' title="bbox 580 1616 2184 1697; baseline -0.009 -12"><span class='ocrx_word' id='word_1_113' title='bbox 580 1632 768 1687; x_wconf 82' lang='lat' dir='ltr'><strong>derunt</strong></span> <span class='ocrx_word' id='word_1_114' title='bbox 789 1637 1020 1683; x_wconf 87' lang='lat' dir='ltr'><strong>mortuos</strong></span> <span class='ocrx_word' id='word_1_115' title='bbox 1038 1666 1052 1689; x_wconf 91' lang='lat'><strong>,</strong></span> <span class='ocrx_word' id='word_1_116' title='bbox 1078 1626 1166 1697; x_wconf 89' lang='lat' dir='ltr'><strong>qui</strong></span> <span class='ocrx_word' id='word_1_117' title='bbox 1196 1625 1249 1677; x_wconf 88' lang='lat' dir='ltr'><strong>in</strong></span> <span class='ocrx_word' id='word_1_118' title='bbox 1271 1624 1396 1695; x_wconf 93' lang='lat' dir='ltr'><strong>ipsis</strong></span> <span class='ocrx_word' id='word_1_119' title='bbox 1424 1631 1570 1677; x_wconf 88' lang='lat' dir='ltr'><strong>erant</strong></span> <span class='ocrx_word' id='word_1_120' title='bbox 1594 1637 1613 1675; x_wconf 91' lang='lat'><strong>:</strong></span> <span class='ocrx_word' id='word_1_121' title='bbox 1637 1631 1683 1674; x_wconf 90' lang='lat' dir='ltr'><strong>et</strong></span> <span class='ocrx_word' id='word_1_122' title='bbox 1697 1619 1996 1690; x_wconf 88' lang='lat' dir='ltr'><strong>judicatum</strong></span> <span class='ocrx_word' id='word_1_123' title='bbox 2018 1625 2090 1671; x_wconf 90' lang='lat' dir='ltr'><strong>est</strong></span> <span class='ocrx_word' id='word_1_124' title='bbox 2120 1616 2184 1670; x_wconf 86' lang='lat' dir='ltr'><strong>de</strong></span> 
     </span>
    </p>
   </div>
   <div class='ocr_carea' id='block_1_17' title="bbox 578 1712 2183 1796">
    <p class='ocr_par' dir='ltr' id='par_1_17' title="bbox 578 1712 2183 1796">
     <span class='ocr_line' id='line_1_17' title="bbox 578 1712 2183 1796; baseline -0.011 -17"><span class='ocrx_word' id='word_1_125' title='bbox 578 1723 802 1796; x_wconf 83' lang='lat' dir='ltr'><strong>singulis</strong></span> <span class='ocrx_word' id='word_1_126' title='bbox 826 1719 1111 1777; x_wconf 83' lang='lat' dir='ltr'><strong>secundum</strong></span> <span class='ocrx_word' id='word_1_127' title='bbox 1129 1731 1286 1788; x_wconf 88' lang='lat' dir='ltr'><strong>opera</strong></span> <span class='ocrx_word' id='word_1_128' title='bbox 1312 1732 1508 1771; x_wconf 89' lang='lat' dir='ltr'><strong>eorum.</strong></span> <span class='ocrx_word' id='word_1_129' title='bbox 1542 1714 1696 1770; x_wconf 84' lang='lat' dir='ltr'><strong>Nunc</strong></span> <span class='ocrx_word' id='word_1_130' title='bbox 1713 1712 1777 1769; x_wconf 92' lang='lat' dir='ltr'><strong>ad</strong></span> <span class='ocrx_word' id='word_1_131' title='bbox 1806 1728 1868 1768; x_wconf 91' lang='lat' dir='ltr'><strong>ea</strong></span> <span class='ocrx_word' id='word_1_132' title='bbox 1892 1726 2011 1782; x_wconf 67' lang='lat' dir='ltr'><strong>qua:</strong></span> <span class='ocrx_word' id='word_1_133' title='bbox 2045 1723 2183 1779; x_wconf 52' lang='lat' dir='ltr'><strong>prae:</strong></span> 
     </span>
    </p>
   </div>
   <div class='ocr_carea' id='block_1_18' title="bbox 585 1806 2255 1888">
    <p class='ocr_par' dir='ltr' id='par_1_18' title="bbox 585 1806 2255 1888">
     <span class='ocr_line' id='line_1_18' title="bbox 585 1806 2255 1888; baseline -0.011 -13"><span class='ocrx_word' id='word_1_134' title='bbox 585 1818 897 1875; x_wconf 89' lang='lat' dir='ltr'><strong>termiserat</strong></span> <span class='ocrx_word' id='word_1_135' title='bbox 920 1856 935 1881; x_wconf 91' lang='lat'><strong>,</strong></span> <span class='ocrx_word' id='word_1_136' title='bbox 960 1812 1287 1879; x_wconf 87' lang='lat' dir='ltr'><strong>revertitur;</strong></span> <span class='ocrx_word' id='word_1_137' title='bbox 1324 1811 1472 1882; x_wconf 92' lang='lat' dir='ltr'><strong>prius</strong></span> <span class='ocrx_word' id='word_1_138' title='bbox 1497 1809 1694 1880; x_wconf 88' lang='lat' dir='ltr'><strong>quippe</strong></span> <span class='ocrx_word' id='word_1_139' title='bbox 1724 1806 2054 1863; x_wconf 86' lang='lat' dir='ltr'><strong>resurrectio</strong></span> <span class='ocrx_word' id='word_1_140' title='bbox 2083 1818 2179 1875; x_wconf 85' lang='lat' dir='ltr'><strong>ge-</strong></span> <span class='ocrx_word' id='word_1_141' title='bbox 2208 1828 2255 1888; x_wconf 74' lang='grc' dir='ltr'>Β</span> 
     </span>
    </p>
   </div>
   <div class='ocr_carea' id='block_1_19' title="bbox 582 1896 2180 1978">
    <p class='ocr_par' dir='ltr' id='par_1_19' title="bbox 582 1896 2180 1978">
     <span class='ocr_line' id='line_1_19' title="bbox 582 1896 2180 1978; baseline -0.009 -11"><span class='ocrx_word' id='word_1_142' title='bbox 582 1911 785 1967; x_wconf 87' lang='lat' dir='ltr'><strong>neralis</strong></span> <span class='ocrx_word' id='word_1_143' title='bbox 815 1909 936 1977; x_wconf 85' lang='lat' dir='ltr'><strong>ﬁet,</strong></span> <span class='ocrx_word' id='word_1_144' title='bbox 972 1916 1028 1963; x_wconf 92' lang='lat' dir='ltr'><strong>et</strong></span> <span class='ocrx_word' id='word_1_145' title='bbox 1080 1916 1271 1978; x_wconf 88' lang='lat' dir='ltr'><strong>postea</strong></span> <span class='ocrx_word' id='word_1_146' title='bbox 1319 1903 1585 1974; x_wconf 85' lang='lat' dir='ltr'><strong>judicium</strong></span> <span class='ocrx_word' id='word_1_147' title='bbox 1615 1900 1980 1957; x_wconf 78' lang='lat' dir='ltr'><strong>exercebitur.</strong></span> <span class='ocrx_word' id='word_1_148' title='bbox 2024 1896 2180 1965; x_wconf 92' lang='lat' dir='ltr'><strong>Quod</strong></span> 
     </span>
    </p>
   </div>
   <div class='ocr_carea' id='block_1_20' title="bbox 584 1992 2179 2070">
    <p class='ocr_par' dir='ltr' id='par_1_20' title="bbox 584 1992 2179 2070">
     <span class='ocr_line' id='line_1_20' title="bbox 584 1992 2179 2070; baseline -0.01 -7"><span class='ocrx_word' id='word_1_149' title='bbox 584 2009 660 2063; x_wconf 90' lang='lat' dir='ltr'><strong>ita</strong></span> <span class='ocrx_word' id='word_1_150' title='bbox 686 2021 811 2063; x_wconf 86' lang='lat' dir='ltr'><strong>esse</strong></span> <span class='ocrx_word' id='word_1_151' title='bbox 833 2004 1099 2061; x_wconf 88' lang='lat' dir='ltr'><strong>Dominus</strong></span> <span class='ocrx_word' id='word_1_152' title='bbox 1132 2003 1185 2057; x_wconf 93' lang='lat' dir='ltr'><strong>in</strong></span> <span class='ocrx_word' id='word_1_153' title='bbox 1243 1999 1543 2070; x_wconf 84' lang='lat' dir='ltr'><strong>Evangelio</strong></span> <span class='ocrx_word' id='word_1_154' title='bbox 1592 1996 1940 2062; x_wconf 80' lang='lat' dir='ltr'><strong>manifestat,</strong></span> <span class='ocrx_word' id='word_1_155' title='bbox 1989 1992 2179 2048; x_wconf 91' lang='lat' dir='ltr'><strong>dicens</strong></span> 
     </span>
    </p>
   </div>
   <div class='ocr_carea' id='block_1_21' title="bbox 579 2087 2177 2170">
    <p class='ocr_par' dir='ltr' id='par_1_21' title="bbox 579 2087 2177 2170">
     <span class='ocr_line' id='line_1_21' title="bbox 579 2087 2177 2170; baseline -0.009 -14"><span class='ocrx_word' id='word_1_156' title='bbox 579 2098 862 2170; x_wconf 87' lang='lat' dir='ltr'><strong>discipulis</strong></span> <span class='ocrx_word' id='word_1_157' title='bbox 886 2116 898 2151; x_wconf 90' lang='lat'><strong>:</strong></span> <span class='ocrx_word' id='word_1_158' title='bbox 922 2095 989 2151; x_wconf 88' lang='lat' dir='ltr'><strong>In</strong></span> <span class='ocrx_word' id='word_1_159' title='bbox 1008 2094 1389 2167; x_wconf 88' lang='lat' dir='ltr'><strong>regeneratione</strong></span> <span class='ocrx_word' id='word_1_160' title='bbox 1400 2108 1517 2145; x_wconf 89' lang='lat' dir='ltr'><strong>cum</strong></span> <span class='ocrx_word' id='word_1_161' title='bbox 1539 2090 1728 2145; x_wconf 79' lang='lat' dir='ltr'><strong>sederit</strong></span> <span class='ocrx_word' id='word_1_162' title='bbox 1757 2088 1928 2143; x_wconf 85' lang='lat' dir='ltr'><strong>Filius</strong></span> <span class='ocrx_word' id='word_1_163' title='bbox 1955 2087 2177 2141; x_wconf 82' lang='lat' dir='ltr'><strong>hominis</strong></span> 
     </span>
    </p>
   </div>
   <div class='ocr_carea' id='block_1_22' title="bbox 576 2180 2178 2264">
    <p class='ocr_par' dir='ltr' id='par_1_22' title="bbox 576 2180 2178 2264">
     <span class='ocr_line' id='line_1_22' title="bbox 576 2180 2178 2264; baseline -0.008 -17"><span class='ocrx_word' id='word_1_164' title='bbox 576 2194 631 2249; x_wconf 86' lang='lat' dir='ltr'><strong>in</strong></span> <span class='ocrx_word' id='word_1_165' title='bbox 643 2193 764 2249; x_wconf 89' lang='lat' dir='ltr'><strong>sede</strong></span> <span class='ocrx_word' id='word_1_166' title='bbox 786 2190 1073 2264; x_wconf 88' lang='lat' dir='ltr'><strong>majestatis</strong></span> <span class='ocrx_word' id='word_1_167' title='bbox 1087 2205 1215 2255; x_wconf 75' lang='lat' dir='ltr'><strong>suw,</strong></span> <span class='ocrx_word' id='word_1_168' title='bbox 1232 2187 1472 2243; x_wconf 87' lang='lat' dir='ltr'><strong>sedebitis</strong></span> <span class='ocrx_word' id='word_1_169' title='bbox 1486 2195 1530 2240; x_wconf 92' lang='lat' dir='ltr'><strong>et</strong></span> <span class='ocrx_word' id='word_1_170' title='bbox 1550 2200 1636 2239; x_wconf 83' lang='lat' dir='ltr'><strong>vos</strong></span> <span class='ocrx_word' id='word_1_171' title='bbox 1656 2199 1810 2254; x_wconf 82' lang='lat' dir='ltr'><strong>super</strong></span> <span class='ocrx_word' id='word_1_172' title='bbox 1824 2183 1968 2237; x_wconf 85' lang='lat' dir='ltr'><strong>sedes</strong></span> <span class='ocrx_word' id='word_1_173' title='bbox 1982 2180 2178 2235; x_wconf 85' lang='lat' dir='ltr'><strong>duode-</strong></span> 
     </span>
    </p>
   </div>
   <div class='ocr_carea' id='block_1_23' title="bbox 578 2275 2172 2357">
    <p class='ocr_par' dir='ltr' id='par_1_23' title="bbox 578 2275 2172 2357">
     <span class='ocr_line' id='line_1_23' title="bbox 578 2275 2172 2357; baseline -0.008 -16"><span class='ocrx_word' id='word_1_174' title='bbox 578 2288 680 2341; x_wconf 88' lang='lat' dir='ltr'><strong>cint</strong></span> <span class='ocrx_word' id='word_1_175' title='bbox 701 2328 715 2352; x_wconf 95' lang='lat'><strong>,</strong></span> <span class='ocrx_word' id='word_1_176' title='bbox 747 2283 911 2357; x_wconf 62' lang='grc'><strong>574</strong></span> <span class='ocrx_word' id='word_1_177' title='bbox 928 2284 1229 2357; x_wconf 84' lang='lat' dir='ltr'><strong>judicantes</strong></span> <span class='ocrx_word' id='word_1_178' title='bbox 1260 2280 1529 2336; x_wconf 82' lang='lat' dir='ltr'><strong>duodecim</strong></span> <span class='ocrx_word' id='word_1_179' title='bbox 1559 2278 1721 2333; x_wconf 81' lang='lat' dir='ltr'><strong>tribus</strong></span> <span class='ocrx_word' id='word_1_180' title='bbox 1742 2276 1911 2331; x_wconf 83' lang='lat' dir='ltr'><strong>Israel</strong></span> <span class='ocrx_word' id='word_1_181' title='bbox 1943 2275 2172 2348; x_wconf 80' lang='lat' dir='ltr'><strong>(Matth.</strong></span> 
     </span>
    </p>
   </div>
   <div class='ocr_carea' id='block_1_24' title="bbox 576 2362 2172 2448">
    <p class='ocr_par' dir='ltr' id='par_1_24' title="bbox 576 2362 2172 2448">
     <span class='ocr_line' id='line_1_24' title="bbox 576 2362 2172 2448; baseline -0.008 -14"><span class='ocrx_word' id='word_1_182' title='bbox 576 2394 699 2445; x_wconf 74' lang='lat' dir='ltr'><strong>nx,</strong></span> <span class='ocrx_word' id='word_1_183' title='bbox 726 2377 844 2448; x_wconf 75' lang='lat'><strong>28).</strong></span> <span class='ocrx_word' id='word_1_184' title='bbox 868 2376 1053 2432; x_wconf 88' lang='lat' dir='ltr'><strong>Primo</strong></span> <span class='ocrx_word' id='word_1_185' title='bbox 1084 2374 1551 2445; x_wconf 88' lang='lat' dir='ltr'><strong>regenerationem</strong></span> <span class='ocrx_word' id='word_1_186' title='bbox 1582 2370 1784 2441; x_wconf 87' lang='lat' dir='ltr'><strong>posuit,</strong></span> <span class='ocrx_word' id='word_1_187' title='bbox 1805 2362 1835 2403; x_wconf 69' lang='grc' dir='ltr'>δ</span> <span class='ocrx_word' id='word_1_188' title='bbox 1859 2368 1911 2423; x_wconf 91' lang='lat' dir='ltr'><strong>id</strong></span> <span class='ocrx_word' id='word_1_189' title='bbox 1940 2378 2061 2435; x_wconf 89' lang='lat' dir='ltr'><strong>est,</strong></span> <span class='ocrx_word' id='word_1_190' title='bbox 2091 2383 2172 2423; x_wconf 84' lang='lat' dir='ltr'><strong>re-</strong></span> 
     </span>
    </p>
   </div>
   <div class='ocr_carea' id='block_1_25' title="bbox 578 2463 2178 2551">
    <p class='ocr_par' dir='ltr' id='par_1_25' title="bbox 578 2463 2178 2551">
     <span class='ocr_line' id='line_1_25' title="bbox 578 2463 2178 2551; baseline -0.008 -23"><span class='ocrx_word' id='word_1_191' title='bbox 578 2471 978 2528; x_wconf 87' lang='lat' dir='ltr'><strong>surrectionem</strong></span> <span class='ocrx_word' id='word_1_192' title='bbox 1001 2484 1017 2535; x_wconf 93' lang='lat'><strong>;</strong></span> <span class='ocrx_word' id='word_1_193' title='bbox 1049 2476 1233 2551; x_wconf 68' lang='lat' dir='ltr'><strong>postea</strong></span> <span class='ocrx_word' id='word_1_194' title='bbox 1256 2465 1323 2520; x_wconf 87' lang='lat' dir='ltr'><strong>ad</strong></span> <span class='ocrx_word' id='word_1_195' title='bbox 1350 2464 1675 2535; x_wconf 77' lang='lat' dir='ltr'><strong>iudicandos</strong></span> <span class='ocrx_word' id='word_1_196' title='bbox 1701 2463 1927 2533; x_wconf 92' lang='lat' dir='ltr'><strong>populos</strong></span> <span class='ocrx_word' id='word_1_197' title='bbox 1947 2477 2042 2517; x_wconf 91' lang='lat' dir='ltr'><strong>eos</strong></span> <span class='ocrx_word' id='word_1_198' title='bbox 2058 2476 2178 2517; x_wconf 88' lang='lat' dir='ltr'><strong>ses-</strong></span> 
     </span>
    </p>
   </div>
   <div class='ocr_carea' id='block_1_26' title="bbox 575 2558 2175 2631">
    <p class='ocr_par' dir='ltr' id='par_1_26' title="bbox 575 2558 2175 2631">
     <span class='ocr_line' id='line_1_26' title="bbox 575 2558 2175 2631; baseline -0.006 -10"><span class='ocrx_word' id='word_1_199' title='bbox 575 2579 738 2621; x_wconf 87' lang='lat' dir='ltr'><strong>suros</strong></span> <span class='ocrx_word' id='word_1_200' title='bbox 768 2578 891 2621; x_wconf 90' lang='lat' dir='ltr'><strong>esse</strong></span> <span class='ocrx_word' id='word_1_201' title='bbox 920 2563 1076 2619; x_wconf 79' lang='lat' dir='ltr'><strong>dixit.</strong></span> <span class='ocrx_word' id='word_1_202' title='bbox 1103 2561 1171 2617; x_wconf 84' lang='lat' dir='ltr'><strong>Et</strong></span> <span class='ocrx_word' id='word_1_203' title='bbox 1198 2562 1251 2616; x_wconf 93' lang='lat' dir='ltr'><strong>in</strong></span> <span class='ocrx_word' id='word_1_204' title='bbox 1290 2560 1588 2631; x_wconf 87' lang='lat' dir='ltr'><strong>Evangelio</strong></span> <span class='ocrx_word' id='word_1_205' title='bbox 1621 2560 1781 2630; x_wconf 85' lang='lat' dir='ltr'><strong>hujus</strong></span> <span class='ocrx_word' id='word_1_206' title='bbox 1812 2558 2040 2614; x_wconf 86' lang='lat' dir='ltr'><strong>Joannis</strong></span> <span class='ocrx_word' id='word_1_207' title='bbox 2066 2558 2175 2613; x_wconf 91' lang='lat' dir='ltr'><strong>Do-</strong></span> 
     </span>
    </p>
   </div>
   <div class='ocr_carea' id='block_1_27' title="bbox 577 2651 2171 2729">
    <p class='ocr_par' dir='ltr' id='par_1_27' title="bbox 577 2651 2171 2729">
     <span class='ocr_line' id='line_1_27' title="bbox 577 2651 2171 2729; baseline -0.007 -15"><span class='ocrx_word' id='word_1_208' title='bbox 577 2659 759 2714; x_wconf 89' lang='lat' dir='ltr'><strong>minus</strong></span> <span class='ocrx_word' id='word_1_209' title='bbox 787 2656 1030 2729; x_wconf 81' lang='lat' dir='ltr'><strong>loquitur</strong></span> <span class='ocrx_word' id='word_1_210' title='bbox 1059 2656 1250 2712; x_wconf 86' lang='lat' dir='ltr'><strong>dicens</strong></span> <span class='ocrx_word' id='word_1_211' title='bbox 1285 2671 1297 2708; x_wconf 91' lang='lat'><strong>:</strong></span> <span class='ocrx_word' id='word_1_212' title='bbox 1338 2653 1491 2708; x_wconf 82' lang='lat' dir='ltr'><strong>Venit</strong></span> <span class='ocrx_word' id='word_1_213' title='bbox 1519 2653 1648 2706; x_wconf 83' lang='lat' dir='ltr'><strong>hora</strong></span> <span class='ocrx_word' id='word_1_214' title='bbox 1697 2651 1904 2721; x_wconf 84' lang='lat' dir='ltr'><strong>quando</strong></span> <span class='ocrx_word' id='word_1_215' title='bbox 1950 2666 2131 2705; x_wconf 87' lang='lat' dir='ltr'><strong>omnes</strong></span> <span class='ocrx_word' id='word_1_216' title='bbox 2155 2691 2171 2717; x_wconf 89' lang='lat'><strong>,</strong></span> 
     </span>
    </p>
   </div>
   <div class='ocr_carea' id='block_1_28' title="bbox 574 2741 2174 2820">
    <p class='ocr_par' dir='ltr' id='par_1_28' title="bbox 574 2741 2174 2820">
     <span class='ocr_line' id='line_1_28' title="bbox 574 2741 2174 2820; baseline -0.006 -15"><span class='ocrx_word' id='word_1_217' title='bbox 574 2751 663 2820; x_wconf 86' lang='lat' dir='ltr'><strong>qui</strong></span> <span class='ocrx_word' id='word_1_218' title='bbox 692 2751 746 2804; x_wconf 90' lang='lat' dir='ltr'><strong>in</strong></span> <span class='ocrx_word' id='word_1_219' title='bbox 774 2747 1117 2804; x_wconf 81' lang='lat' dir='ltr'><strong>monumentis</strong></span> <span class='ocrx_word' id='word_1_220' title='bbox 1144 2755 1304 2814; x_wconf 86' lang='lat' dir='ltr'><strong>sunt,</strong></span> <span class='ocrx_word' id='word_1_221' title='bbox 1338 2746 1551 2799; x_wconf 87' lang='lat' dir='ltr'><strong>audient</strong></span> <span class='ocrx_word' id='word_1_222' title='bbox 1600 2759 1772 2798; x_wconf 80' lang='lat' dir='ltr'><strong>vocem</strong></span> <span class='ocrx_word' id='word_1_223' title='bbox 1802 2742 1931 2797; x_wconf 84' lang='lat' dir='ltr'><strong>Filii</strong></span> <span class='ocrx_word' id='word_1_224' title='bbox 1956 2741 2054 2797; x_wconf 83' lang='lat' dir='ltr'><strong>Dei</strong></span> <span class='ocrx_word' id='word_1_225' title='bbox 2078 2759 2096 2796; x_wconf 89' lang='lat'><strong>:</strong></span> <span class='ocrx_word' id='word_1_226' title='bbox 2127 2752 2174 2797; x_wconf 87' lang='lat' dir='ltr'><strong>et</strong></span> 
     </span>
    </p>
   </div>
   <div class='ocr_carea' id='block_1_29' title="bbox 575 2836 2174 2913">
    <p class='ocr_par' dir='ltr' id='par_1_29' title="bbox 575 2836 2174 2913">
     <span class='ocr_line' id='line_1_29' title="bbox 575 2836 2174 2913; baseline -0.006 -16"><span class='ocrx_word' id='word_1_227' title='bbox 575 2842 853 2913; x_wconf 87' lang='lat' dir='ltr'><strong>procedent</strong></span> <span class='ocrx_word' id='word_1_228' title='bbox 874 2841 961 2911; x_wconf 88' lang='lat' dir='ltr'><strong>qui</strong></span> <span class='ocrx_word' id='word_1_229' title='bbox 981 2842 1113 2895; x_wconf 85' lang='lat' dir='ltr'><strong>bona</strong></span> <span class='ocrx_word' id='word_1_230' title='bbox 1135 2842 1391 2910; x_wconf 80' lang='lat' dir='ltr'><strong>fecerunt,</strong></span> <span class='ocrx_word' id='word_1_231' title='bbox 1411 2838 1464 2890; x_wconf 89' lang='lat' dir='ltr'><strong>in</strong></span> <span class='ocrx_word' id='word_1_232' title='bbox 1482 2836 1907 2891; x_wconf 84' lang='lat' dir='ltr'><strong>resurrectionem</strong></span> <span class='ocrx_word' id='word_1_233' title='bbox 1927 2836 2066 2899; x_wconf 77' lang='lat' dir='ltr'><strong>uiue;</strong></span> <span class='ocrx_word' id='word_1_234' title='bbox 2086 2836 2174 2905; x_wconf 89' lang='lat' dir='ltr'><strong>qui</strong></span> 
     </span>
    </p>
   </div>
   <div class='ocr_carea' id='block_1_30' title="bbox 574 2928 2170 3005">
    <p class='ocr_par' dir='ltr' id='par_1_30' title="bbox 574 2928 2170 3005">
     <span class='ocr_line' id='line_1_30' title="bbox 574 2928 2170 3005; baseline -0.004 -16"><span class='ocrx_word' id='word_1_235' title='bbox 574 2951 691 2990; x_wconf 80' lang='lat' dir='ltr'><strong>vero</strong></span> <span class='ocrx_word' id='word_1_236' title='bbox 722 2936 863 2988; x_wconf 85' lang='lat' dir='ltr'><strong>mala</strong></span> <span class='ocrx_word' id='word_1_237' title='bbox 882 2942 1093 3005; x_wconf 86' lang='lat' dir='ltr'><strong>egerunt</strong></span> <span class='ocrx_word' id='word_1_238' title='bbox 1112 2932 1200 3000; x_wconf 91' lang='lat' dir='ltr'><strong>,in</strong></span> <span class='ocrx_word' id='word_1_239' title='bbox 1230 2932 1655 2986; x_wconf 84' lang='lat' dir='ltr'><strong>resurrectionem</strong></span> <span class='ocrx_word' id='word_1_240' title='bbox 1668 2931 1860 3003; x_wconf 87' lang='lat' dir='ltr'><strong>judicii</strong></span> <span class='ocrx_word' id='word_1_241' title='bbox 1884 2930 1903 3003; x_wconf 97' lang='lat'>(</span> <span class='ocrx_word' id='word_1_242' title='bbox 1929 2928 2091 2985; x_wconf 78' lang='lat' dir='ltr'><strong>Joan.</strong></span> <span class='ocrx_word' id='word_1_243' title='bbox 2115 2945 2170 2996; x_wconf 89' lang='lat' dir='ltr'><strong>v,</strong></span> 
     </span>
    </p>
   </div>
   <div class='ocr_carea' id='block_1_31' title="bbox 570 3025 2175 3100">
    <p class='ocr_par' dir='ltr' id='par_1_31' title="bbox 570 3025 2175 3100">
     <span class='ocr_line' id='line_1_31' title="bbox 570 3025 2175 3100; baseline -0.002 -17"><span class='ocrx_word' id='word_1_244' title='bbox 570 3029 643 3085; x_wconf 70' lang='lat'><strong>29</strong></span> <span class='ocrx_word' id='word_1_245' title='bbox 666 3030 706 3100; x_wconf 94' lang='lat'><strong>).</strong></span> <span class='ocrx_word' id='word_1_246' title='bbox 740 3028 822 3084; x_wconf 82' lang='lat' dir='ltr'><strong>Ad</strong></span> <span class='ocrx_word' id='word_1_247' title='bbox 842 3028 1131 3099; x_wconf 87' lang='lat' dir='ltr'><strong>imperium</strong></span> <span class='ocrx_word' id='word_1_248' title='bbox 1154 3026 1318 3097; x_wconf 92' lang='lat' dir='ltr'><strong>igitur</strong></span> <span class='ocrx_word' id='word_1_249' title='bbox 1341 3025 1556 3081; x_wconf 90' lang='lat' dir='ltr'><strong>Domini</strong></span> <span class='ocrx_word' id='word_1_250' title='bbox 1584 3026 1653 3081; x_wconf 90' lang='lat' dir='ltr'><strong>de</strong></span> <span class='ocrx_word' id='word_1_251' title='bbox 1673 3025 2041 3082; x_wconf 88' lang='lat' dir='ltr'><strong>monumentis</strong></span> <span class='ocrx_word' id='word_1_252' title='bbox 2059 3025 2175 3080; x_wconf 88' lang='lat' dir='ltr'><strong>suis</strong></span> 
     </span>
    </p>
   </div>
   <div class='ocr_carea' id='block_1_32' title="bbox 574 3117 2172 3193">
    <p class='ocr_par' dir='ltr' id='par_1_32' title="bbox 574 3117 2172 3193">
     <span class='ocr_line' id='line_1_32' title="bbox 574 3117 2172 3193; baseline -0.003 -15"><span class='ocrx_word' id='word_1_253' title='bbox 574 3122 874 3193; x_wconf 91' lang='lat' dir='ltr'><strong>procedeut</strong></span> <span class='ocrx_word' id='word_1_254' title='bbox 899 3120 1097 3175; x_wconf 87' lang='lat' dir='ltr'><strong>mortui</strong></span> <span class='ocrx_word' id='word_1_255' title='bbox 1119 3135 1135 3183; x_wconf 94' lang='lat'><strong>;</strong></span> <span class='ocrx_word' id='word_1_256' title='bbox 1157 3117 1282 3189; x_wconf 85' lang='lat' dir='ltr'><strong>quia</strong></span> <span class='ocrx_word' id='word_1_257' title='bbox 1311 3132 1543 3188; x_wconf 90' lang='lat' dir='ltr'><strong>corpora</strong></span> <span class='ocrx_word' id='word_1_258' title='bbox 1572 3117 1813 3173; x_wconf 91' lang='lat' dir='ltr'><strong>omnium</strong></span> <span class='ocrx_word' id='word_1_259' title='bbox 1834 3125 2172 3173; x_wconf 91' lang='lat' dir='ltr'><strong>mortuorum</strong></span> 
     </span>
    </p>
   </div>
   <div class='ocr_carea' id='block_1_33' title="bbox 577 3213 2242 3291">
    <p class='ocr_par' dir='ltr' id='par_1_33' title="bbox 577 3213 2242 3291">
     <span class='ocr_line' id='line_1_33' title="bbox 577 3213 2242 3291; baseline -0.002 -18"><span class='ocrx_word' id='word_1_260' title='bbox 577 3232 677 3288; x_wconf 91' lang='lat' dir='ltr'><strong>per</strong></span> <span class='ocrx_word' id='word_1_261' title='bbox 704 3215 1074 3285; x_wconf 90' lang='lat' dir='ltr'><strong>receptiouem</strong></span> <span class='ocrx_word' id='word_1_262' title='bbox 1105 3214 1412 3268; x_wconf 91' lang='lat' dir='ltr'><strong>animarum</strong></span> <span class='ocrx_word' id='word_1_263' title='bbox 1438 3214 1710 3269; x_wconf 89' lang='lat' dir='ltr'><strong>vivilicata</strong></span> <span class='ocrx_word' id='word_1_264' title='bbox 1729 3255 1743 3280; x_wconf 94' lang='lat'><strong>,</strong></span> <span class='ocrx_word' id='word_1_265' title='bbox 1798 3214 1865 3268; x_wconf 91' lang='lat' dir='ltr'><strong>dc</strong></span> <span class='ocrx_word' id='word_1_266' title='bbox 1902 3213 2171 3284; x_wconf 89' lang='lat' dir='ltr'><strong>sepulcris</strong></span> <span class='ocrx_word' id='word_1_267' title='bbox 2198 3228 2242 3291; x_wconf 70' lang='grc' dir='ltr'><strong>ρ</strong></span> 
     </span>
    </p>
   </div>
   <div class='ocr_carea' id='block_1_34' title="bbox 574 3306 2167 3377">
    <p class='ocr_par' dir='ltr' id='par_1_34' title="bbox 574 3306 2167 3377">
     <span class='ocr_line' id='line_1_34' title="bbox 574 3306 2167 3377; baseline -0.003 -9"><span class='ocrx_word' id='word_1_268' title='bbox 574 3312 694 3368; x_wconf 89' lang='lat' dir='ltr'><strong>suis</strong></span> <span class='ocrx_word' id='word_1_269' title='bbox 731 3309 940 3366; x_wconf 78' lang='lat' dir='ltr'><strong>exienl.</strong></span> <span class='ocrx_word' id='word_1_270' title='bbox 964 3308 1065 3377; x_wconf 88' lang='lat' dir='ltr'><strong>Qui</strong></span> <span class='ocrx_word' id='word_1_271' title='bbox 1099 3323 1229 3362; x_wconf 81' lang='lat' dir='ltr'><strong>vero</strong></span> <span class='ocrx_word' id='word_1_272' title='bbox 1276 3306 1417 3362; x_wconf 90' lang='lat' dir='ltr'><strong>mala</strong></span> <span class='ocrx_word' id='word_1_273' title='bbox 1461 3306 1747 3371; x_wconf 79' lang='lat' dir='ltr'><strong>fecerunt,</strong></span> <span class='ocrx_word' id='word_1_274' title='bbox 1798 3307 1851 3361; x_wconf 92' lang='lat' dir='ltr'><strong>in</strong></span> <span class='ocrx_word' id='word_1_275' title='bbox 1884 3322 2167 3363; x_wconf 86' lang='lat' dir='ltr'><strong>resurrec-</strong></span> 
     </span>
    </p>
   </div>
   <div class='ocr_carea' id='block_1_35' title="bbox 577 3400 2168 3472">
    <p class='ocr_par' dir='ltr' id='par_1_35' title="bbox 577 3400 2168 3472">
     <span class='ocr_line' id='line_1_35' title="bbox 577 3400 2168 3472; baseline -0.003 -13"><span class='ocrx_word' id='word_1_276' title='bbox 577 3404 780 3459; x_wconf 90' lang='lat' dir='ltr'><strong>tionem</strong></span> <span class='ocrx_word' id='word_1_277' title='bbox 807 3402 998 3472; x_wconf 87' lang='lat' dir='ltr'><strong>jttdicii</strong></span> <span class='ocrx_word' id='word_1_278' title='bbox 1027 3400 1366 3472; x_wconf 88' lang='lat' dir='ltr'><strong>procedent;</strong></span> <span class='ocrx_word' id='word_1_279' title='bbox 1410 3402 1534 3471; x_wconf 91' lang='lat' dir='ltr'><strong>quia</strong></span> <span class='ocrx_word' id='word_1_280' title='bbox 1564 3400 1633 3456; x_wconf 92' lang='lat' dir='ltr'><strong>ad</strong></span> <span class='ocrx_word' id='word_1_281' title='bbox 1680 3400 1783 3455; x_wconf 90' lang='lat' dir='ltr'><strong>hoc</strong></span> <span class='ocrx_word' id='word_1_282' title='bbox 1830 3411 2127 3471; x_wconf 83' lang='lat' dir='ltr'><strong>resurgent</strong></span> <span class='ocrx_word' id='word_1_283' title='bbox 2154 3441 2168 3467; x_wconf 92' lang='lat'><strong>,</strong></span> 
     </span>
    </p>
   </div>
   <div class='ocr_carea' id='block_1_36' title="bbox 574 3492 2168 3565">
    <p class='ocr_par' dir='ltr' id='par_1_36' title="bbox 574 3492 2168 3565">
     <span class='ocr_line' id='line_1_36' title="bbox 574 3492 2168 3565; baseline -0.002 -14"><span class='ocrx_word' id='word_1_284' title='bbox 574 3507 633 3551; x_wconf 92' lang='lat' dir='ltr'><strong>ut</strong></span> <span class='ocrx_word' id='word_1_285' title='bbox 665 3495 720 3551; x_wconf 86' lang='lat' dir='ltr'><strong>in</strong></span> <span class='ocrx_word' id='word_1_286' title='bbox 748 3494 1073 3565; x_wconf 87' lang='lat' dir='ltr'><strong>corporibus</strong></span> <span class='ocrx_word' id='word_1_287' title='bbox 1101 3494 1154 3548; x_wconf 93' lang='lat' dir='ltr'><strong>in</strong></span> <span class='ocrx_word' id='word_1_288' title='bbox 1185 3493 1382 3565; x_wconf 85' lang='lat' dir='ltr'><strong>quibus</strong></span> <span class='ocrx_word' id='word_1_289' title='bbox 1412 3494 1607 3549; x_wconf 77' lang='lat' dir='ltr'><strong>anima:</strong></span> <span class='ocrx_word' id='word_1_290' title='bbox 1656 3504 2057 3562; x_wconf 85' lang='lat' dir='ltr'><strong>peccaverunt,</strong></span> <span class='ocrx_word' id='word_1_291' title='bbox 2112 3492 2168 3548; x_wconf 92' lang='lat' dir='ltr'><strong>in</strong></span> 
     </span>
    </p>
   </div>
   <div class='ocr_carea' id='block_1_37' title="bbox 569 3585 2171 3659">
    <p class='ocr_par' dir='ltr' id='par_1_37' title="bbox 569 3585 2171 3659">
     <span class='ocr_line' id='line_1_37' title="bbox 569 3585 2171 3659; baseline -0.003 -15"><span class='ocrx_word' id='word_1_292' title='bbox 569 3589 705 3659; x_wconf 88' lang='lat' dir='ltr'><strong>ipsis</strong></span> <span class='ocrx_word' id='word_1_293' title='bbox 734 3596 789 3645; x_wconf 93' lang='lat' dir='ltr'><strong>et</strong></span> <span class='ocrx_word' id='word_1_294' title='bbox 809 3586 1161 3659; x_wconf 75' lang='lat' dir='ltr'><strong>iudicentur;</strong></span> <span class='ocrx_word' id='word_1_295' title='bbox 1199 3597 1254 3643; x_wconf 91' lang='lat' dir='ltr'><strong>ut</strong></span> <span class='ocrx_word' id='word_1_296' title='bbox 1275 3600 1413 3657; x_wconf 92' lang='lat' dir='ltr'><strong>quos</strong></span> <span class='ocrx_word' id='word_1_297' title='bbox 1442 3586 1746 3642; x_wconf 90' lang='lat' dir='ltr'><strong>habuerunt</strong></span> <span class='ocrx_word' id='word_1_298' title='bbox 1773 3586 1953 3642; x_wconf 84' lang='lat' dir='ltr'><strong>socios</strong></span> <span class='ocrx_word' id='word_1_299' title='bbox 1984 3586 2036 3640; x_wconf 93' lang='lat' dir='ltr'><strong>in</strong></span> <span class='ocrx_word' id='word_1_300' title='bbox 2069 3585 2171 3639; x_wconf 86' lang='lat' dir='ltr'><strong>ini-</strong></span> 
     </span>
    </p>
   </div>
   <div class='ocr_carea' id='block_1_38' title="bbox 566 3679 2169 3753">
    <p class='ocr_par' dir='ltr' id='par_1_38' title="bbox 566 3679 2169 3753">
     <span class='ocr_line' id='line_1_38' title="bbox 566 3679 2169 3753; baseline -0.001 -16"><span class='ocrx_word' id='word_1_301' title='bbox 566 3680 890 3753; x_wconf 85' lang='lat' dir='ltr'><strong>quitatibus,</strong></span> <span class='ocrx_word' id='word_1_302' title='bbox 920 3679 1157 3736; x_wconf 89' lang='lat' dir='ltr'><strong>habeant</strong></span> <span class='ocrx_word' id='word_1_303' title='bbox 1180 3679 1475 3750; x_wconf 90' lang='lat' dir='ltr'><strong>participes</strong></span> <span class='ocrx_word' id='word_1_304' title='bbox 1498 3680 1551 3734; x_wconf 91' lang='lat' dir='ltr'><strong>in</strong></span> <span class='ocrx_word' id='word_1_305' title='bbox 1584 3680 1893 3736; x_wconf 82' lang='lat' dir='ltr'><strong>tormentis.</strong></span> <span class='ocrx_word' id='word_1_306' title='bbox 1918 3679 2169 3736; x_wconf 72' lang='lat' dir='ltr'><strong>Przesens</strong></span> 
     </span>
    </p>
   </div>
   <div class='ocr_carea' id='block_1_39' title="bbox 566 3772 2171 3848">
    <p class='ocr_par' dir='ltr' id='par_1_39' title="bbox 566 3772 2171 3848">
     <span class='ocr_line' id='line_1_39' title="bbox 566 3772 2171 3848; baseline -0.002 -18"><span class='ocrx_word' id='word_1_307' title='bbox 566 3791 789 3848; x_wconf 91' lang='lat' dir='ltr'><strong>quoque</strong></span> <span class='ocrx_word' id='word_1_308' title='bbox 821 3775 986 3831; x_wconf 89' lang='lat' dir='ltr'><strong>lectio</strong></span> <span class='ocrx_word' id='word_1_309' title='bbox 1010 3774 1159 3845; x_wconf 90' lang='lat' dir='ltr'><strong>quod</strong></span> <span class='ocrx_word' id='word_1_310' title='bbox 1210 3785 1336 3828; x_wconf 87' lang='lat' dir='ltr'><strong>ante</strong></span> <span class='ocrx_word' id='word_1_311' title='bbox 1359 3772 1622 3843; x_wconf 89' lang='lat' dir='ltr'><strong>judicium</strong></span> <span class='ocrx_word' id='word_1_312' title='bbox 1653 3772 1835 3829; x_wconf 84' lang='lat' dir='ltr'><strong>futura</strong></span> <span class='ocrx_word' id='word_1_313' title='bbox 1882 3774 1957 3828; x_wconf 85' lang='lat' dir='ltr'><strong>sit</strong></span> <span class='ocrx_word' id='word_1_314' title='bbox 1988 3787 2171 3828; x_wconf 90' lang='lat' dir='ltr'><strong>resur-</strong></span> 
     </span>
    </p>
   </div>
   <div class='ocr_carea' id='block_1_40' title="bbox 568 3864 2167 3937">
    <p class='ocr_par' dir='ltr' id='par_1_40' title="bbox 568 3864 2167 3937">
     <span class='ocr_line' id='line_1_40' title="bbox 568 3864 2167 3937; baseline -0.003 -12"><span class='ocrx_word' id='word_1_315' title='bbox 568 3869 775 3935; x_wconf 89' lang='lat' dir='ltr'><strong>rectio,</strong></span> <span class='ocrx_word' id='word_1_316' title='bbox 799 3866 1069 3932; x_wconf 88' lang='lat' dir='ltr'><strong>ostendit;</strong></span> <span class='ocrx_word' id='word_1_317' title='bbox 1101 3881 1223 3921; x_wconf 92' lang='lat' dir='ltr'><strong>cum</strong></span> <span class='ocrx_word' id='word_1_318' title='bbox 1255 3874 1381 3937; x_wconf 90' lang='lat' dir='ltr'><strong>post</strong></span> <span class='ocrx_word' id='word_1_319' title='bbox 1409 3864 1776 3923; x_wconf 90' lang='lat' dir='ltr'><strong>redditionem</strong></span> <span class='ocrx_word' id='word_1_320' title='bbox 1804 3876 2167 3934; x_wconf 88' lang='lat' dir='ltr'><strong>mortuorum,</strong></span> 
     </span>
    </p>
   </div>
   <div class='ocr_carea' id='block_1_41' title="bbox 570 3957 2165 4034">
    <p class='ocr_par' dir='ltr' id='par_1_41' title="bbox 570 3957 2165 4034">
     <span class='ocr_line' id='line_1_41' title="bbox 570 3957 2165 4034; baseline -0.003 -16"><span class='ocrx_word' id='word_1_321' title='bbox 570 3976 709 4034; x_wconf 90' lang='lat' dir='ltr'><strong>quos</strong></span> <span class='ocrx_word' id='word_1_322' title='bbox 738 3976 919 4027; x_wconf 91' lang='lat' dir='ltr'><strong>mare,</strong></span> <span class='ocrx_word' id='word_1_323' title='bbox 978 3966 1211 4014; x_wconf 89' lang='lat' dir='ltr'><strong>mortem</strong></span> <span class='ocrx_word' id='word_1_324' title='bbox 1242 3966 1297 4014; x_wconf 90' lang='lat' dir='ltr'><strong>et</strong></span> <span class='ocrx_word' id='word_1_325' title='bbox 1326 3957 1599 4013; x_wconf 83' lang='lat' dir='ltr'><strong>infernum</strong></span> <span class='ocrx_word' id='word_1_326' title='bbox 1649 3958 1955 4015; x_wconf 88' lang='lat' dir='ltr'><strong>reddidisse</strong></span> <span class='ocrx_word' id='word_1_327' title='bbox 2000 3960 2165 4025; x_wconf 91' lang='lat' dir='ltr'><strong>dicit,</strong></span> 
     </span>
    </p>
   </div>
   <div class='ocr_carea' id='block_1_42' title="bbox 568 4050 2165 4127">
    <p class='ocr_par' dir='ltr' id='par_1_42' title="bbox 568 4050 2165 4127">
     <span class='ocr_line' id='line_1_42' title="bbox 568 4050 2165 4127; baseline -0.003 -16"><span class='ocrx_word' id='word_1_328' title='bbox 568 4057 767 4127; x_wconf 90' lang='lat' dir='ltr'><strong>impios</strong></span> <span class='ocrx_word' id='word_1_329' title='bbox 797 4068 921 4110; x_wconf 89' lang='lat' dir='ltr'><strong>esse</strong></span> <span class='ocrx_word' id='word_1_330' title='bbox 947 4052 1273 4124; x_wconf 75' lang='lat' dir='ltr'><strong>iudicandos</strong></span> <span class='ocrx_word' id='word_1_331' title='bbox 1299 4060 1506 4107; x_wconf 88' lang='lat' dir='ltr'><strong>narrat.</strong></span> <span class='ocrx_word' id='word_1_332' title='bbox 1527 4050 1633 4108; x_wconf 90' lang='lat' dir='ltr'><strong>Sed</strong></span> <span class='ocrx_word' id='word_1_333' title='bbox 1660 4061 1717 4107; x_wconf 94' lang='lat' dir='ltr'><strong>et</strong></span> <span class='ocrx_word' id='word_1_334' title='bbox 1744 4050 1879 4109; x_wconf 82' lang='lat' dir='ltr'><strong>ﬁdes</strong></span> <span class='ocrx_word' id='word_1_335' title='bbox 1895 4051 2165 4108; x_wconf 89' lang='lat' dir='ltr'><strong>catholica</strong></span> 
     </span>
    </p>
   </div>
   <div class='ocr_carea' id='block_1_43' title="bbox 566 4146 2163 4224">
    <p class='ocr_par' dir='ltr' id='par_1_43' title="bbox 566 4146 2163 4224">
     <span class='ocr_line' id='line_1_43' title="bbox 566 4146 2163 4224; baseline -0.004 -17"><span class='ocrx_word' id='word_1_336' title='bbox 566 4167 729 4224; x_wconf 91' lang='lat' dir='ltr'><strong>quam</strong></span> <span class='ocrx_word' id='word_1_337' title='bbox 759 4150 1075 4221; x_wconf 80' lang='lat' dir='ltr'><strong>frequenter</strong></span> <span class='ocrx_word' id='word_1_338' title='bbox 1106 4148 1485 4213; x_wconf 90' lang='lat' dir='ltr'><strong>decantamus,</strong></span> <span class='ocrx_word' id='word_1_339' title='bbox 1504 4146 1609 4203; x_wconf 91' lang='lat' dir='ltr'><strong>hoc</strong></span> <span class='ocrx_word' id='word_1_340' title='bbox 1627 4146 2007 4212; x_wconf 85' lang='lat' dir='ltr'><strong>demonstrat;</strong></span> <span class='ocrx_word' id='word_1_341' title='bbox 2038 4162 2163 4202; x_wconf 91' lang='lat' dir='ltr'><strong>cum</strong></span> 
     </span>
    </p>
   </div>
   <div class='ocr_carea' id='block_1_44' title="bbox 567 4242 2165 4314">
    <p class='ocr_par' dir='ltr' id='par_1_44' title="bbox 567 4242 2165 4314">
     <span class='ocr_line' id='line_1_44' title="bbox 567 4242 2165 4314; baseline -0.002 -13"><span class='ocrx_word' id='word_1_342' title='bbox 567 4246 702 4302; x_wconf 89' lang='lat' dir='ltr'><strong>dicit</strong></span> <span class='ocrx_word' id='word_1_343' title='bbox 726 4245 794 4301; x_wconf 91' lang='lat' dir='ltr'><strong>de</strong></span> <span class='ocrx_word' id='word_1_344' title='bbox 816 4244 1043 4301; x_wconf 91' lang='lat' dir='ltr'><strong>Domino</strong></span> <span class='ocrx_word' id='word_1_345' title='bbox 1065 4261 1081 4298; x_wconf 87' lang='lat'><strong>:</strong></span> <span class='ocrx_word' id='word_1_346' title='bbox 1106 4243 1188 4298; x_wconf 84' lang='lat' dir='ltr'><strong>Ad</strong></span> <span class='ocrx_word' id='word_1_347' title='bbox 1209 4243 1364 4314; x_wconf 89' lang='lat' dir='ltr'><strong>cujus</strong></span> <span class='ocrx_word' id='word_1_348' title='bbox 1386 4242 1676 4299; x_wconf 82' lang='lat' dir='ltr'><strong>adventum</strong></span> <span class='ocrx_word' id='word_1_349' title='bbox 1704 4257 1895 4299; x_wconf 89' lang='lat' dir='ltr'><strong>omnes</strong></span> <span class='ocrx_word' id='word_1_350' title='bbox 1917 4243 2165 4298; x_wconf 87' lang='lat' dir='ltr'><strong>homines</strong></span> 
     </span>
    </p>
   </div>
   <div class='ocr_carea' id='block_1_45' title="bbox 531 4336 2165 4412">
    <p class='ocr_par' dir='ltr' id='par_1_45' title="bbox 531 4336 2165 4412">
     <span class='ocr_line' id='line_1_45' title="bbox 531 4336 2165 4412; baseline -0.002 -15"><span class='ocrx_word' id='word_1_351' title='bbox 531 4351 537 4361; x_wconf 84' lang='lat'><strong>‘</strong></span> <span class='ocrx_word' id='word_1_352' title='bbox 570 4354 860 4412; x_wconf 87' lang='lat' dir='ltr'><strong>resurgere</strong></span> <span class='ocrx_word' id='word_1_353' title='bbox 905 4337 1111 4395; x_wconf 88' lang='lat' dir='ltr'><strong>habent</strong></span> <span class='ocrx_word' id='word_1_354' title='bbox 1136 4351 1259 4393; x_wconf 92' lang='lat' dir='ltr'><strong>cum</strong></span> <span class='ocrx_word' id='word_1_355' title='bbox 1290 4338 1616 4408; x_wconf 89' lang='lat' dir='ltr'><strong>corporibus</strong></span> <span class='ocrx_word' id='word_1_356' title='bbox 1643 4338 1778 4406; x_wconf 89' lang='lat' dir='ltr'><strong>suis,</strong></span> <span class='ocrx_word' id='word_1_357' title='bbox 1811 4346 1867 4394; x_wconf 90' lang='lat' dir='ltr'><strong>et</strong></span> <span class='ocrx_word' id='word_1_358' title='bbox 1896 4336 2165 4393; x_wconf 90' lang='lat' dir='ltr'><strong>reddituri</strong></span> 
     </span>
    </p>
   </div>
   <div class='ocr_carea' id='block_1_46' title="bbox 572 4430 2159 4505">
    <p class='ocr_par' dir='ltr' id='par_1_46' title="bbox 572 4430 2159 4505">
     <span class='ocr_line' id='line_1_46' title="bbox 572 4430 2159 4505; baseline -0.003 -14"><span class='ocrx_word' id='word_1_359' title='bbox 572 4442 703 4491; x_wconf 92' lang='lat' dir='ltr'><strong>sunt</strong></span> <span class='ocrx_word' id='word_1_360' title='bbox 755 4433 825 4488; x_wconf 92' lang='lat' dir='ltr'><strong>de</strong></span> <span class='ocrx_word' id='word_1_361' title='bbox 856 4432 1014 4488; x_wconf 83' lang='lat' dir='ltr'><strong>lactis</strong></span> <span class='ocrx_word' id='word_1_362' title='bbox 1057 4431 1297 4503; x_wconf 88' lang='lat' dir='ltr'><strong>propriis</strong></span> <span class='ocrx_word' id='word_1_363' title='bbox 1348 4430 1613 4487; x_wconf 89' lang='lat' dir='ltr'><strong>rationem</strong></span> <span class='ocrx_word' id='word_1_364' title='bbox 1653 4432 1887 4505; x_wconf 84' lang='lat' dir='ltr'><strong>(Athan.</strong></span> <span class='ocrx_word' id='word_1_365' title='bbox 1927 4432 2159 4503; x_wconf 86' lang='lat' dir='ltr'><strong>Symb.).</strong></span> 
     </span>
    </p>
   </div>
   <div class='ocr_carea' id='block_1_47' title="bbox 640 4523 2164 4596">
    <p class='ocr_par' dir='ltr' id='par_1_47' title="bbox 640 4523 2164 4596">
     <span class='ocr_line' id='line_1_47' title="bbox 640 4523 2164 4596; baseline -0.002 -14"><span class='ocrx_word' id='word_1_366' title='bbox 640 4525 843 4582; x_wconf 78' lang='lat' dir='ltr'><strong>Verum</strong></span> <span class='ocrx_word' id='word_1_367' title='bbox 908 4524 1257 4594; x_wconf 86' lang='lat' dir='ltr'><strong>quaerendum</strong></span> <span class='ocrx_word' id='word_1_368' title='bbox 1308 4523 1466 4580; x_wconf 89' lang='lat' dir='ltr'><strong>nobis</strong></span> <span class='ocrx_word' id='word_1_369' title='bbox 1514 4534 1618 4591; x_wconf 88' lang='lat' dir='ltr'><strong>est,</strong></span> <span class='ocrx_word' id='word_1_370' title='bbox 1668 4525 1799 4595; x_wconf 90' lang='lat' dir='ltr'><strong>quid</strong></span> <span class='ocrx_word' id='word_1_371' title='bbox 1852 4526 2164 4596; x_wconf 84' lang='lat' dir='ltr'><strong>signiﬁcent</strong></span> 
     </span>
    </p>
   </div>
   <div class='ocr_carea' id='block_1_48' title="bbox 569 4614 3817 4691">
    <p class='ocr_par' dir='ltr' id='par_1_48' title="bbox 569 4614 3817 4691">
     <span class='ocr_line' id='line_1_48' title="bbox 569 4614 3817 4691; baseline 0 -16"><span class='ocrx_word' id='word_1_372' title='bbox 569 4634 719 4676; x_wconf 89' lang='lat' dir='ltr'><strong>mors</strong></span> <span class='ocrx_word' id='word_1_373' title='bbox 742 4660 758 4687; x_wconf 92' lang='lat'><strong>,</strong></span> <span class='ocrx_word' id='word_1_374' title='bbox 792 4632 977 4684; x_wconf 89' lang='lat' dir='ltr'><strong>mare,</strong></span> <span class='ocrx_word' id='word_1_375' title='bbox 1011 4624 1067 4673; x_wconf 91' lang='lat' dir='ltr'><strong>et</strong></span> <span class='ocrx_word' id='word_1_376' title='bbox 1092 4614 1362 4672; x_wconf 85' lang='lat' dir='ltr'><strong>infernus.</strong></span> <span class='ocrx_word' id='word_1_377' title='bbox 1410 4616 1625 4673; x_wconf 90' lang='lat' dir='ltr'><strong>Scimus</strong></span> <span class='ocrx_word' id='word_1_378' title='bbox 1652 4617 1853 4689; x_wconf 88' lang='lat' dir='ltr'><strong>quippe</strong></span> <span class='ocrx_word' id='word_1_379' title='bbox 1880 4632 2052 4689; x_wconf 90' lang='lat' dir='ltr'><strong>aquas</strong></span> <span class='ocrx_word' id='word_1_380' title='bbox 2092 4617 2161 4673; x_wconf 92' lang='lat' dir='ltr'><strong>ad</strong></span> <span class='ocrx_word' id='word_1_381' title='bbox 2186 4624 2238 4687; x_wconf 81' lang='grc' dir='ltr'>ι)</span> <span class='ocrx_word' id='word_1_382' title='bbox 2265 4627 2582 4672; x_wconf 89' lang='lat' dir='ltr'><strong>sanctorum</strong></span> <span class='ocrx_word' id='word_1_383' title='bbox 2633 4632 2730 4687; x_wconf 87' lang='lat' dir='ltr'><strong>per</strong></span> <span class='ocrx_word' id='word_1_384' title='bbox 2758 4620 3126 4689; x_wconf 89' lang='lat' dir='ltr'><strong>receptionem</strong></span> <span class='ocrx_word' id='word_1_385' title='bbox 3181 4636 3469 4691; x_wconf 83' lang='lat' dir='ltr'><strong>corporum</strong></span> <span class='ocrx_word' id='word_1_386' title='bbox 3525 4625 3581 4679; x_wconf 87' lang='lat' dir='ltr'><strong>in</strong></span> <span class='ocrx_word' id='word_1_387' title='bbox 3629 4624 3817 4679; x_wconf 69' lang='lat' dir='ltr'><strong>hominis</strong></span> 
     </span>
    </p>
   </div>
   <div class='ocr_carea' id='block_1_49' title="bbox 565 4712 2155 4782">
    <p class='ocr_par' dir='ltr' id='par_1_49' title="bbox 565 4712 2155 4782">
     <span class='ocr_line' id='line_1_49' title="bbox 565 4712 2155 4782; baseline -0.001 -13"><span class='ocrx_word' id='word_1_388' title='bbox 565 4712 898 4769; x_wconf 86' lang='lat' dir='ltr'><strong>ablutionem</strong></span> <span class='ocrx_word' id='word_1_389' title='bbox 924 4719 1270 4782; x_wconf 88' lang='lat' dir='ltr'><strong>peccatorum</strong></span> <span class='ocrx_word' id='word_1_390' title='bbox 1298 4720 1605 4766; x_wconf 92' lang='lat' dir='ltr'><strong>nostrorum</strong></span> <span class='ocrx_word' id='word_1_391' title='bbox 1632 4725 1755 4767; x_wconf 90' lang='lat' dir='ltr'><strong>esse</strong></span> <span class='ocrx_word' id='word_1_392' title='bbox 1784 4721 2155 4778; x_wconf 86' lang='lat' dir='ltr'><strong>consecratas,</strong></span> 
     </span>
    </p>
   </div>
   <div class='ocr_carea' id='block_1_50' title="bbox 565 4790 2160 4875">
    <p class='ocr_par' dir='ltr' id='par_1_50' title="bbox 565 4790 2160 4875">
     <span class='ocr_line' id='line_1_50' title="bbox 565 4790 2160 4875; baseline -0.003 -13"><span class='ocrx_word' id='word_1_393' title='bbox 565 4805 706 4862; x_wconf 88' lang='lat' dir='ltr'><strong>sicut</strong></span> <span class='ocrx_word' id='word_1_394' title='bbox 731 4803 861 4861; x_wconf 86' lang='lat' dir='ltr'><strong>dicit</strong></span> <span class='ocrx_word' id='word_1_395' title='bbox 884 4803 1149 4859; x_wconf 89' lang='lat' dir='ltr'><strong>Dominus</strong></span> <span class='ocrx_word' id='word_1_396' title='bbox 1178 4802 1232 4858; x_wconf 88' lang='lat' dir='ltr'><strong>itt</strong></span> <span class='ocrx_word' id='word_1_397' title='bbox 1261 4790 1556 4875; x_wconf 86' lang='lat' dir='ltr'><strong>Evangelio</strong></span> <span class='ocrx_word' id='word_1_398' title='bbox 1582 4820 1595 4857; x_wconf 93' lang='lat'><strong>:</strong></span> <span class='ocrx_word' id='word_1_399' title='bbox 1626 4802 1748 4858; x_wconf 76' lang='lat' dir='ltr'><strong>Nisi</strong></span> <span class='ocrx_word' id='word_1_400' title='bbox 1791 4806 1903 4874; x_wconf 87' lang='lat' dir='ltr'><strong>quis</strong></span> <span class='ocrx_word' id='word_1_401' title='bbox 1950 4814 2160 4859; x_wconf 77' lang='lat' dir='ltr'><strong>renatus</strong></span> 
     </span>
    </p>
   </div>
   <div class='ocr_carea' id='block_1_51' title="bbox 565 4894 2160 4969">
    <p class='ocr_par' dir='ltr' id='par_1_51' title="bbox 565 4894 2160 4969">
     <span class='ocr_line' id='line_1_51' title="bbox 565 4894 2160 4969; baseline -0.001 -16"><span class='ocrx_word' id='word_1_402' title='bbox 565 4899 721 4969; x_wconf 77' lang='lat' dir='ltr'><strong>fuerit</strong></span> <span class='ocrx_word' id='word_1_403' title='bbox 746 4914 809 4953; x_wconf 79' lang='lat' dir='ltr'><strong>ea:</strong></span> <span class='ocrx_word' id='word_1_404' title='bbox 830 4913 965 4969; x_wconf 87' lang='lat' dir='ltr'><strong>aqua</strong></span> <span class='ocrx_word' id='word_1_405' title='bbox 992 4906 1039 4950; x_wconf 88' lang='lat' dir='ltr'><strong>et</strong></span> <span class='ocrx_word' id='word_1_406' title='bbox 1070 4894 1270 4967; x_wconf 86' lang='lat' dir='ltr'><strong>Spiritu</strong></span> <span class='ocrx_word' id='word_1_407' title='bbox 1300 4906 1478 4951; x_wconf 87' lang='lat' dir='ltr'><strong>sancto</strong></span> <span class='ocrx_word' id='word_1_408' title='bbox 1498 4937 1514 4964; x_wconf 93' lang='lat'><strong>,</strong></span> <span class='ocrx_word' id='word_1_409' title='bbox 1548 4912 1650 4950; x_wconf 91' lang='lat' dir='ltr'><strong>non</strong></span> <span class='ocrx_word' id='word_1_410' title='bbox 1679 4906 1841 4964; x_wconf 88' lang='lat' dir='ltr'><strong>potest</strong></span> <span class='ocrx_word' id='word_1_411' title='bbox 1867 4897 2079 4952; x_wconf 86' lang='lat' dir='ltr'><strong>introire</strong></span> <span class='ocrx_word' id='word_1_412' title='bbox 2106 4899 2160 4952; x_wconf 92' lang='lat' dir='ltr'><strong>in</strong></span> 
     </span>
    </p>
   </div>
   <div class='ocr_carea' id='block_1_52' title="bbox 565 4988 2161 5067">
    <p class='ocr_par' dir='ltr' id='par_1_52' title="bbox 565 4988 2161 5067">
     <span class='ocr_line' id='line_1_52' title="bbox 565 4988 2161 5067; baseline 0.001 -20"><span class='ocrx_word' id='word_1_413' title='bbox 565 5010 782 5067; x_wconf 88' lang='lat' dir='ltr'><strong>regnum</strong></span> <span class='ocrx_word' id='word_1_414' title='bbox 806 4991 901 5047; x_wconf 90' lang='lat' dir='ltr'><strong>Dei</strong></span> <span class='ocrx_word' id='word_1_415' title='bbox 932 4989 1113 5064; x_wconf 80' lang='lat' dir='ltr'><strong>(Joan.</strong></span> <span class='ocrx_word' id='word_1_416' title='bbox 1140 5006 1232 5061; x_wconf 90' lang='grc' dir='ltr'>ιιι,</span> <span class='ocrx_word' id='word_1_417' title='bbox 1255 4988 1356 5063; x_wconf 83' lang='grc'><strong>5).</strong></span> <span class='ocrx_word' id='word_1_418' title='bbox 1391 4989 1538 5045; x_wconf 80' lang='lat' dir='ltr'><strong>Mare</strong></span> <span class='ocrx_word' id='word_1_419' title='bbox 1568 4988 1751 5062; x_wconf 87' lang='lat' dir='ltr'><strong>itaque</strong></span> <span class='ocrx_word' id='word_1_420' title='bbox 1782 4992 1851 5045; x_wconf 88' lang='lat' dir='ltr'><strong>ad</strong></span> <span class='ocrx_word' id='word_1_421' title='bbox 1884 5007 2161 5049; x_wconf 85' lang='lat' dir='ltr'><strong>resurrec—</strong></span> 
     </span>
    </p>
   </div>
   <div class='ocr_carea' id='block_1_53' title="bbox 564 5084 2157 5155">
    <p class='ocr_par' dir='ltr' id='par_1_53' title="bbox 564 5084 2157 5155">
     <span class='ocr_line' id='line_1_53' title="bbox 564 5084 2157 5155; baseline -0.001 -12"><span class='ocrx_word' id='word_1_422' title='bbox 564 5090 768 5145; x_wconf 87' lang='lat' dir='ltr'><strong>tionem</strong></span> <span class='ocrx_word' id='word_1_423' title='bbox 793 5086 1093 5144; x_wconf 87' lang='lat' dir='ltr'><strong>electorum</strong></span> <span class='ocrx_word' id='word_1_424' title='bbox 1119 5102 1132 5139; x_wconf 91' lang='lat'><strong>:</strong></span> <span class='ocrx_word' id='word_1_425' title='bbox 1157 5099 1307 5141; x_wconf 90' lang='lat' dir='ltr'><strong>mors</strong></span> <span class='ocrx_word' id='word_1_426' title='bbox 1339 5099 1507 5151; x_wconf 87' lang='lat' dir='ltr'><strong>vero,</strong></span> <span class='ocrx_word' id='word_1_427' title='bbox 1548 5094 1710 5155; x_wconf 90' lang='lat' dir='ltr'><strong>atque</strong></span> <span class='ocrx_word' id='word_1_428' title='bbox 1757 5084 2005 5142; x_wconf 82' lang='lat' dir='ltr'><strong>infernus</strong></span> <span class='ocrx_word' id='word_1_429' title='bbox 2036 5098 2056 5125; x_wconf 78' lang='grc' dir='ltr'><em>ε</em></span> <span class='ocrx_word' id='word_1_430' title='bbox 2089 5088 2157 5142; x_wconf 87' lang='lat' dir='ltr'><strong>ad</strong></span> 
     </span>
    </p>
   </div>
   <div class='ocr_carea' id='block_1_54' title="bbox 562 5174 2158 5251">
    <p class='ocr_par' dir='ltr' id='par_1_54' title="bbox 562 5174 2158 5251">
     <span class='ocr_line' id='line_1_54' title="bbox 562 5174 2158 5251; baseline -0.001 -16"><span class='ocrx_word' id='word_1_431' title='bbox 562 5179 915 5251; x_wconf 89' lang='lat' dir='ltr'><strong>reproborum</strong></span> <span class='ocrx_word' id='word_1_432' title='bbox 946 5176 1241 5249; x_wconf 90' lang='lat' dir='ltr'><strong>pertinent.</strong></span> <span class='ocrx_word' id='word_1_433' title='bbox 1268 5175 1417 5232; x_wconf 86' lang='lat' dir='ltr'><strong>Mare</strong></span> <span class='ocrx_word' id='word_1_434' title='bbox 1439 5189 1572 5246; x_wconf 86' lang='lat' dir='ltr'><strong>ergo</strong></span> <span class='ocrx_word' id='word_1_435' title='bbox 1601 5176 1652 5231; x_wconf 87' lang='lat' dir='ltr'><strong>itt</strong></span> <span class='ocrx_word' id='word_1_436' title='bbox 1681 5174 1785 5231; x_wconf 94' lang='lat' dir='ltr'><strong>hoc</strong></span> <span class='ocrx_word' id='word_1_437' title='bbox 1812 5177 1928 5232; x_wconf 90' lang='lat' dir='ltr'><strong>loco</strong></span> <span class='ocrx_word' id='word_1_438' title='bbox 1956 5178 2158 5249; x_wconf 86' lang='lat' dir='ltr'><strong>baptis-</strong></span> 
     </span>
    </p>
   </div>
   <div class='ocr_carea' id='block_1_55' title="bbox 565 5268 2157 5341">
    <p class='ocr_par' dir='ltr' id='par_1_55' title="bbox 565 5268 2157 5341">
     <span class='ocr_line' id='line_1_55' title="bbox 565 5268 2157 5341; baseline 0.001 -15"><span class='ocrx_word' id='word_1_439' title='bbox 565 5286 713 5327; x_wconf 89' lang='lat' dir='ltr'><strong>mum</strong></span> <span class='ocrx_word' id='word_1_440' title='bbox 743 5269 1017 5341; x_wconf 87' lang='lat' dir='ltr'><strong>designat.</strong></span> <span class='ocrx_word' id='word_1_441' title='bbox 1042 5269 1209 5336; x_wconf 83' lang='lat' dir='ltr'><strong>Quasi</strong></span> <span class='ocrx_word' id='word_1_442' title='bbox 1240 5268 1407 5339; x_wconf 90' lang='lat' dir='ltr'><strong>igitur</strong></span> <span class='ocrx_word' id='word_1_443' title='bbox 1436 5283 1586 5324; x_wconf 90' lang='lat' dir='ltr'><strong>mare</strong></span> <span class='ocrx_word' id='word_1_444' title='bbox 1614 5278 1860 5324; x_wconf 87' lang='lat' dir='ltr'><strong>mortuos</strong></span> <span class='ocrx_word' id='word_1_445' title='bbox 1894 5285 2022 5326; x_wconf 89' lang='lat' dir='ltr'><strong>suos</strong></span> <span class='ocrx_word' id='word_1_446' title='bbox 2043 5272 2157 5327; x_wconf 89' lang='lat' dir='ltr'><strong>red-</strong></span> 
     </span>
    </p>
   </div>
   <div class='ocr_carea' id='block_1_56' title="bbox 562 5360 2155 5444">
    <p class='ocr_par' dir='ltr' id='par_1_56' title="bbox 562 5360 2155 5444">
     <span class='ocr_line' id='line_1_56' title="bbox 562 5360 2155 5444; baseline -0.001 -23"><span class='ocrx_word' id='word_1_447' title='bbox 562 5364 687 5430; x_wconf 89' lang='lat' dir='ltr'><strong>det,</strong></span> <span class='ocrx_word' id='word_1_448' title='bbox 718 5378 840 5419; x_wconf 90' lang='lat' dir='ltr'><strong>cum</strong></span> <span class='ocrx_word' id='word_1_449' title='bbox 866 5363 1024 5418; x_wconf 89' lang='lat' dir='ltr'><strong>electi</strong></span> <span class='ocrx_word' id='word_1_450' title='bbox 1043 5362 1139 5434; x_wconf 88' lang='lat' dir='ltr'><strong>qui</strong></span> <span class='ocrx_word' id='word_1_451' title='bbox 1158 5362 1214 5417; x_wconf 91' lang='lat' dir='ltr'><strong>in</strong></span> <span class='ocrx_word' id='word_1_452' title='bbox 1264 5376 1328 5418; x_wconf 88' lang='lat' dir='ltr'><strong>ea</strong></span> <span class='ocrx_word' id='word_1_453' title='bbox 1370 5360 1635 5417; x_wconf 87' lang='lat' dir='ltr'><strong>munditia</strong></span> <span class='ocrx_word' id='word_1_454' title='bbox 1664 5376 1821 5444; x_wconf 87' lang='lat' dir='ltr'><strong>quam</strong></span> <span class='ocrx_word' id='word_1_455' title='bbox 1870 5362 1924 5417; x_wconf 92' lang='lat' dir='ltr'><strong>in</strong></span> <span class='ocrx_word' id='word_1_456' title='bbox 1952 5363 2155 5434; x_wconf 88' lang='lat' dir='ltr'><strong>baptis-</strong></span> 
     </span>
    </p>
   </div>
   <div class='ocr_carea' id='block_1_57' title="bbox 565 5458 2149 5529">
    <p class='ocr_par' dir='ltr' id='par_1_57' title="bbox 565 5458 2149 5529">
     <span class='ocr_line' id='line_1_57' title="bbox 565 5458 2149 5529; baseline 0.001 -14"><span class='ocrx_word' id='word_1_457' title='bbox 565 5466 708 5516; x_wconf 83' lang='lat' dir='ltr'><strong>mate</strong></span> <span class='ocrx_word' id='word_1_458' title='bbox 731 5466 1119 5529; x_wconf 86' lang='lat' dir='ltr'><strong>perceperunt,</strong></span> <span class='ocrx_word' id='word_1_459' title='bbox 1149 5459 1201 5514; x_wconf 93' lang='lat' dir='ltr'><strong>in</strong></span> <span class='ocrx_word' id='word_1_460' title='bbox 1232 5472 1299 5516; x_wconf 88' lang='lat' dir='ltr'><strong>ea</strong></span> <span class='ocrx_word' id='word_1_461' title='bbox 1324 5458 1485 5515; x_wconf 90' lang='lat' dir='ltr'><strong>etiam</strong></span> <span class='ocrx_word' id='word_1_462' title='bbox 1517 5467 1571 5514; x_wconf 91' lang='lat' dir='ltr'><strong>et</strong></span> <span class='ocrx_word' id='word_1_463' title='bbox 1600 5467 1886 5529; x_wconf 87' lang='lat' dir='ltr'><strong>resurgent</strong></span> <span class='ocrx_word' id='word_1_464' title='bbox 1904 5500 1920 5526; x_wconf 89' lang='lat'><strong>,</strong></span> <span class='ocrx_word' id='word_1_465' title='bbox 1945 5459 2149 5517; x_wconf 91' lang='lat' dir='ltr'><strong>nullam</strong></span> 
     </span>
    </p>
   </div>
   <div class='ocr_carea' id='block_1_58' title="bbox 639 5638 2156 5712">
    <p class='ocr_par' dir='ltr' id='par_1_58' title="bbox 639 5638 2156 5712">
     <span class='ocr_line' id='line_1_58' title="bbox 639 5638 2156 5712; baseline 0.003 -19"><span class='ocrx_word' id='word_1_466' title='bbox 639 5639 667 5669; x_wconf 81' lang='grc'><strong>⁸</strong></span> <span class='ocrx_word' id='word_1_467' title='bbox 702 5638 946 5712; x_wconf 76' lang='lat' dir='ltr'><strong>Judicati</strong></span> <span class='ocrx_word' id='word_1_468' title='bbox 959 5648 1079 5695; x_wconf 85' lang='lat' dir='ltr'><strong>sunt</strong></span> <span class='ocrx_word' id='word_1_469' title='bbox 1107 5641 1389 5697; x_wconf 85' lang='lat' dir='ltr'><strong>secundum</strong></span> <span class='ocrx_word' id='word_1_470' title='bbox 1417 5658 1477 5696; x_wconf 90' lang='lat' dir='ltr'><strong>ea</strong></span> <span class='ocrx_word' id='word_1_471' title='bbox 1499 5682 1516 5709; x_wconf 91' lang='lat'><strong>,</strong></span> <span class='ocrx_word' id='word_1_472' title='bbox 1545 5656 1659 5710; x_wconf 72' lang='lat' dir='ltr'><strong>qua:</strong></span> <span class='ocrx_word' id='word_1_473' title='bbox 1690 5641 1884 5712; x_wconf 86' lang='lat' dir='ltr'><strong>scripta</strong></span> <span class='ocrx_word' id='word_1_474' title='bbox 1928 5652 2075 5696; x_wconf 89' lang='lat' dir='ltr'><strong>erant</strong></span> <span class='ocrx_word' id='word_1_475' title='bbox 2102 5646 2156 5698; x_wconf 89' lang='lat' dir='ltr'><strong>in</strong></span> 
     </span>
    </p>
   </div>
   <div class='ocr_carea' id='block_1_59' title="bbox 566 5710 2159 5779">
    <p class='ocr_par' dir='ltr' id='par_1_59' title="bbox 566 5710 2159 5779">
     <span class='ocr_line' id='line_1_59' title="bbox 566 5710 2159 5779; baseline 0.002 -12"><span class='ocrx_word' id='word_1_476' title='bbox 566 5712 741 5779; x_wconf 81' lang='lat' dir='ltr'><strong>libris,</strong></span> <span class='ocrx_word' id='word_1_477' title='bbox 803 5710 857 5765; x_wconf 93' lang='lat' dir='ltr'><strong>in</strong></span> <span class='ocrx_word' id='word_1_478' title='bbox 884 5710 1014 5766; x_wconf 87' lang='lat' dir='ltr'><strong>edit.</strong></span> <span class='ocrx_word' id='word_1_479' title='bbox 1051 5727 1162 5767; x_wconf 93' lang='lat' dir='ltr'><strong>non</strong></span> <span class='ocrx_word' id='word_1_480' title='bbox 1194 5712 1522 5778; x_wconf 85' lang='lat' dir='ltr'><strong>iterabatur,</strong></span> <span class='ocrx_word' id='word_1_481' title='bbox 1571 5712 1666 5768; x_wconf 89' lang='lat' dir='ltr'><strong>sed</strong></span> <span class='ocrx_word' id='word_1_482' title='bbox 1715 5710 1804 5768; x_wconf 83' lang='lat' dir='ltr'><strong>sic</strong></span> <span class='ocrx_word' id='word_1_483' title='bbox 1840 5714 2073 5770; x_wconf 86' lang='lat' dir='ltr'><strong>iteratur</strong></span> <span class='ocrx_word' id='word_1_484' title='bbox 2103 5714 2159 5771; x_wconf 91' lang='lat' dir='ltr'><strong>in</strong></span> 
     </span>
    </p>
   </div>
   <div class='ocr_carea' id='block_1_60' title="bbox 567 5798 1888 5924">
    <p class='ocr_par' dir='ltr' id='par_1_60' title="bbox 567 5798 1888 5924">
     <span class='ocr_line' id='line_1_60' title="bbox 567 5798 1888 5924; baseline 0 -14"><span class='ocrx_word' id='word_1_485' title='bbox 567 5798 1017 5911; x_wconf 59' lang='lat' dir='ltr'><strong>msbsbtniserant</strong></span> <span class='ocrx_word' id='word_1_486' title='bbox 1040 5853 1201 5923; x_wconf 88' lang='lat' dir='ltr'><strong>edit.,</strong></span> <span class='ocrx_word' id='word_1_487' title='bbox 1233 5854 1288 5909; x_wconf 88' lang='lat' dir='ltr'><strong>id</strong></span> <span class='ocrx_word' id='word_1_488' title='bbox 1316 5865 1389 5911; x_wconf 86' lang='lat' dir='ltr'><strong>est</strong></span> <span class='ocrx_word' id='word_1_489' title='bbox 1413 5896 1430 5924; x_wconf 96' lang='lat'><strong>,</strong></span> <span class='ocrx_word' id='word_1_490' title='bbox 1449 5856 1888 5914; x_wconf 85' lang='lat' dir='ltr'><strong>resurrectionem.</strong></span> 
     </span>
    </p>
   </div>
   <div class='ocr_carea' id='block_1_61' title="bbox 2288 500 3809 575">
    <p class='ocr_par' dir='ltr' id='par_1_61' title="bbox 2288 500 3809 575">
     <span class='ocr_line' id='line_1_61' title="bbox 2288 500 3809 575; baseline 0.003 -21"><span class='ocrx_word' id='word_1_491' title='bbox 2288 500 2401 566; x_wconf 92' lang='lat' dir='ltr'><strong>det,</strong></span> <span class='ocrx_word' id='word_1_492' title='bbox 2426 501 2551 571; x_wconf 89' lang='lat' dir='ltr'><strong>quia</strong></span> <span class='ocrx_word' id='word_1_493' title='bbox 2572 501 2712 556; x_wconf 90' lang='lat' dir='ltr'><strong>sacri</strong></span> <span class='ocrx_word' id='word_1_494' title='bbox 2738 501 3081 572; x_wconf 88' lang='lat' dir='ltr'><strong>baptismatis</strong></span> <span class='ocrx_word' id='word_1_495' title='bbox 3102 500 3308 556; x_wconf 91' lang='lat' dir='ltr'><strong>ablutio</strong></span> <span class='ocrx_word' id='word_1_496' title='bbox 3327 544 3343 569; x_wconf 95' lang='lat'><strong>,</strong></span> <span class='ocrx_word' id='word_1_497' title='bbox 3365 511 3419 556; x_wconf 91' lang='lat' dir='ltr'><strong>et</strong></span> <span class='ocrx_word' id='word_1_498' title='bbox 3446 505 3607 557; x_wconf 86' lang='lat' dir='ltr'><strong>sancti</strong></span> <span class='ocrx_word' id='word_1_499' title='bbox 3634 504 3809 575; x_wconf 72' lang='lat' dir='ltr'><strong>Spiritus</strong></span> 
     </span>
    </p>
   </div>
   <div class='ocr_carea' id='block_1_62' title="bbox 2284 592 3810 663">
    <p class='ocr_par' dir='ltr' id='par_1_62' title="bbox 2284 592 3810 663">
     <span class='ocr_line' id='line_1_62' title="bbox 2284 592 3810 663; baseline 0.005 -18"><span class='ocrx_word' id='word_1_500' title='bbox 2284 592 2453 663; x_wconf 87' lang='lat' dir='ltr'><strong>gratia</strong></span> <span class='ocrx_word' id='word_1_501' title='bbox 2480 635 2495 660; x_wconf 95' lang='lat'><strong>,</strong></span> <span class='ocrx_word' id='word_1_502' title='bbox 2568 594 2774 648; x_wconf 87' lang='lat' dir='ltr'><strong>electos</strong></span> <span class='ocrx_word' id='word_1_503' title='bbox 2827 608 3018 649; x_wconf 90' lang='lat' dir='ltr'><strong>omnes</strong></span> <span class='ocrx_word' id='word_1_504' title='bbox 3052 602 3301 663; x_wconf 85' lang='lat' dir='ltr'><strong>tempore</strong></span> <span class='ocrx_word' id='word_1_505' title='bbox 3352 596 3737 651; x_wconf 75' lang='lat' dir='ltr'><strong>resurrecuonis</strong></span> <span class='ocrx_word' id='word_1_506' title='bbox 3776 600 3810 652; x_wconf 81' lang='lat' dir='ltr'><strong>in</strong></span> 
     </span>
    </p>
   </div>
   <div class='ocr_carea' id='block_1_63' title="bbox 2285 688 3814 757">
    <p class='ocr_par' dir='ltr' id='par_1_63' title="bbox 2285 688 3814 757">
     <span class='ocr_line' id='line_1_63' title="bbox 2285 688 3814 757; baseline 0.003 -15"><span class='ocrx_word' id='word_1_507' title='bbox 2285 697 2586 757; x_wconf 79' lang='lat' dir='ltr'><strong>conSpectu</strong></span> <span class='ocrx_word' id='word_1_508' title='bbox 2617 688 2899 744; x_wconf 87' lang='lat' dir='ltr'><strong>Creatoris</strong></span> <span class='ocrx_word' id='word_1_509' title='bbox 2927 690 3009 745; x_wconf 92' lang='lat' dir='ltr'><strong>sui</strong></span> <span class='ocrx_word' id='word_1_510' title='bbox 3058 690 3291 745; x_wconf 82' lang='lat' dir='ltr'><strong>mundos</strong></span> <span class='ocrx_word' id='word_1_511' title='bbox 3314 700 3372 746; x_wconf 88' lang='lat' dir='ltr'><strong>et</strong></span> <span class='ocrx_word' id='word_1_512' title='bbox 3393 691 3814 748; x_wconf 72' lang='lat' dir='ltr'><strong>immaculatum-</strong></span> 
     </span>
    </p>
   </div>
   <div class='ocr_carea' id='block_1_64' title="bbox 2284 782 3811 857">
    <p class='ocr_par' dir='ltr' id='par_1_64' title="bbox 2284 782 3811 857">
     <span class='ocr_line' id='line_1_64' title="bbox 2284 782 3811 857; baseline 0.005 -21"><span class='ocrx_word' id='word_1_513' title='bbox 2284 782 2509 838; x_wconf 89' lang='lat' dir='ltr'><strong>hihehit.</strong></span> <span class='ocrx_word' id='word_1_514' title='bbox 2543 782 2645 837; x_wconf 87' lang='lat' dir='ltr'><strong>Per</strong></span> <span class='ocrx_word' id='word_1_515' title='bbox 2677 791 2908 839; x_wconf 89' lang='lat' dir='ltr'><strong>mortem</strong></span> <span class='ocrx_word' id='word_1_516' title='bbox 2940 793 3126 839; x_wconf 89' lang='lat' dir='ltr'><strong>autem</strong></span> <span class='ocrx_word' id='word_1_517' title='bbox 3158 799 3394 855; x_wconf 90' lang='lat' dir='ltr'><strong>corpora</strong></span> <span class='ocrx_word' id='word_1_518' title='bbox 3424 786 3707 855; x_wconf 87' lang='lat' dir='ltr'><strong>impiorum,</strong></span> <span class='ocrx_word' id='word_1_519' title='bbox 3731 804 3811 857; x_wconf 70' lang='lat' dir='ltr'><strong>qua</strong></span> 
     </span>
    </p>
   </div>
   <div class='ocr_carea' id='block_1_65' title="bbox 2285 876 3807 949">
    <p class='ocr_par' dir='ltr' id='par_1_65' title="bbox 2285 876 3807 949">
     <span class='ocr_line' id='line_1_65' title="bbox 2285 876 3807 949; baseline 0.003 -18"><span class='ocrx_word' id='word_1_520' title='bbox 2285 876 2339 931; x_wconf 92' lang='lat' dir='ltr'><strong>in</strong></span> <span class='ocrx_word' id='word_1_521' title='bbox 2365 887 2524 931; x_wconf 70' lang='lat' dir='ltr'><strong>terra:</strong></span> <span class='ocrx_word' id='word_1_522' title='bbox 2550 876 2760 931; x_wconf 86' lang='lat' dir='ltr'><strong>sinibus</strong></span> <span class='ocrx_word' id='word_1_523' title='bbox 2817 888 3027 932; x_wconf 86' lang='lat' dir='ltr'><strong>mortua</strong></span> <span class='ocrx_word' id='word_1_524' title='bbox 3069 877 3421 933; x_wconf 87' lang='lat' dir='ltr'><strong>detinentur:</strong></span> <span class='ocrx_word' id='word_1_525' title='bbox 3469 894 3562 949; x_wconf 89' lang='lat' dir='ltr'><strong>per</strong></span> <span class='ocrx_word' id='word_1_526' title='bbox 3602 880 3807 935; x_wconf 64' lang='lat' dir='ltr'><strong>internae</strong></span> 
     </span>
    </p>
   </div>
   <div class='ocr_carea' id='block_1_66' title="bbox 2284 972 3813 1043">
    <p class='ocr_par' dir='ltr' id='par_1_66' title="bbox 2284 972 3813 1043">
     <span class='ocr_line' id='line_1_66' title="bbox 2284 972 3813 1043; baseline 0.005 -19"><span class='ocrx_word' id='word_1_527' title='bbox 2284 986 2416 1025; x_wconf 89' lang='lat' dir='ltr'><strong>vero</strong></span> <span class='ocrx_word' id='word_1_528' title='bbox 2444 986 2630 1025; x_wconf 90' lang='lat' dir='ltr'><strong>eorum</strong></span> <span class='ocrx_word' id='word_1_529' title='bbox 2662 972 2875 1026; x_wconf 82' lang='lat' dir='ltr'><strong>animas</strong></span> <span class='ocrx_word' id='word_1_530' title='bbox 2896 1014 2911 1038; x_wconf 90' lang='lat'><strong>,</strong></span> <span class='ocrx_word' id='word_1_531' title='bbox 2939 988 3005 1027; x_wconf 90' lang='lat' dir='ltr'><strong>eo</strong></span> <span class='ocrx_word' id='word_1_532' title='bbox 3035 972 3180 1043; x_wconf 88' lang='lat' dir='ltr'><strong>quod</strong></span> <span class='ocrx_word' id='word_1_533' title='bbox 3215 974 3267 1028; x_wconf 90' lang='lat' dir='ltr'><strong>in</strong></span> <span class='ocrx_word' id='word_1_534' title='bbox 3301 972 3503 1028; x_wconf 81' lang='lat' dir='ltr'><strong>inferni</strong></span> <span class='ocrx_word' id='word_1_535' title='bbox 3523 974 3813 1031; x_wconf 81' lang='lat' dir='ltr'><strong>claustrisdc—</strong></span> 
     </span>
    </p>
   </div>
   <div class='ocr_carea' id='block_1_67' title="bbox 2286 1063 3810 1135">
    <p class='ocr_par' dir='ltr' id='par_1_67' title="bbox 2286 1063 3810 1135">
     <span class='ocr_line' id='line_1_67' title="bbox 2286 1063 3810 1135; baseline 0.005 -20"><span class='ocrx_word' id='word_1_536' title='bbox 2286 1063 2575 1130; x_wconf 88' lang='lat' dir='ltr'><strong>tineantur,</strong></span> <span class='ocrx_word' id='word_1_537' title='bbox 2603 1064 2909 1135; x_wconf 90' lang='lat' dir='ltr'><strong>intelligere</strong></span> <span class='ocrx_word' id='word_1_538' title='bbox 2940 1079 3247 1134; x_wconf 81' lang='lat' dir='ltr'><strong>possumus.</strong></span> <span class='ocrx_word' id='word_1_539' title='bbox 3271 1064 3520 1119; x_wconf 78' lang='lat' dir='ltr'><strong>lnl’ernus</strong></span> <span class='ocrx_word' id='word_1_540' title='bbox 3541 1066 3699 1135; x_wconf 81' lang='lat' dir='ltr'><strong>itaque</strong></span> <span class='ocrx_word' id='word_1_541' title='bbox 3715 1083 3810 1121; x_wconf 77' lang='lat' dir='ltr'><strong>mor-</strong></span> 
     </span>
    </p>
   </div>
   <div class='ocr_carea' id='block_1_68' title="bbox 2286 1156 3807 1229">
    <p class='ocr_par' dir='ltr' id='par_1_68' title="bbox 2286 1156 3807 1229">
     <span class='ocr_line' id='line_1_68' title="bbox 2286 1156 3807 1229; baseline 0.004 -20"><span class='ocrx_word' id='word_1_542' title='bbox 2286 1163 2407 1210; x_wconf 88' lang='lat' dir='ltr'><strong>tuos</strong></span> <span class='ocrx_word' id='word_1_543' title='bbox 2427 1170 2556 1210; x_wconf 91' lang='lat' dir='ltr'><strong>suos</strong></span> <span class='ocrx_word' id='word_1_544' title='bbox 2577 1156 2757 1221; x_wconf 87' lang='lat' dir='ltr'><strong>dabit;</strong></span> <span class='ocrx_word' id='word_1_545' title='bbox 2781 1159 2907 1228; x_wconf 89' lang='lat' dir='ltr'><strong>quia</strong></span> <span class='ocrx_word' id='word_1_546' title='bbox 2938 1158 3148 1213; x_wconf 88' lang='lat' dir='ltr'><strong>animas</strong></span> <span class='ocrx_word' id='word_1_547' title='bbox 3168 1158 3342 1229; x_wconf 89' lang='lat' dir='ltr'><strong>prima</strong></span> <span class='ocrx_word' id='word_1_548' title='bbox 3374 1170 3544 1214; x_wconf 88' lang='lat' dir='ltr'><strong>morte</strong></span> <span class='ocrx_word' id='word_1_549' title='bbox 3569 1160 3807 1223; x_wconf 62' lang='lat' dir='ltr'><strong>devoratus.</strong></span> 
     </span>
    </p>
   </div>
   <div class='ocr_carea' id='block_1_69' title="bbox 2284 1247 3807 1323">
    <p class='ocr_par' dir='ltr' id='par_1_69' title="bbox 2284 1247 3807 1323">
     <span class='ocr_line' id='line_1_69' title="bbox 2284 1247 3807 1323; baseline 0.007 -25"><span class='ocrx_word' id='word_1_550' title='bbox 2284 1263 2417 1317; x_wconf 84' lang='lat' dir='ltr'><strong>quas</strong></span> <span class='ocrx_word' id='word_1_551' title='bbox 2434 1247 2674 1315; x_wconf 89' lang='lat' dir='ltr'><strong>detinet,</strong></span> <span class='ocrx_word' id='word_1_552' title='bbox 2704 1248 2769 1303; x_wconf 92' lang='lat' dir='ltr'><strong>ad</strong></span> <span class='ocrx_word' id='word_1_553' title='bbox 2792 1250 3101 1320; x_wconf 84' lang='lat' dir='ltr'><strong>recipienda</strong></span> <span class='ocrx_word' id='word_1_554' title='bbox 3128 1252 3344 1322; x_wconf 87' lang='lat' dir='ltr'><strong>propria</strong></span> <span class='ocrx_word' id='word_1_555' title='bbox 3367 1266 3587 1323; x_wconf 85' lang='lat' dir='ltr'><strong>corpora</strong></span> <span class='ocrx_word' id='word_1_556' title='bbox 3614 1256 3807 1309; x_wconf 72' lang='lat' dir='ltr'><strong>remittet</strong></span> 
     </span>
    </p>
   </div>
   <div class='ocr_carea' id='block_1_70' title="bbox 2284 1340 3807 1417">
    <p class='ocr_par' dir='ltr' id='par_1_70' title="bbox 2284 1340 3807 1417">
     <span class='ocr_line' id='line_1_70' title="bbox 2284 1340 3807 1417; baseline 0.005 -21"><span class='ocrx_word' id='word_1_557' title='bbox 2284 1340 2431 1397; x_wconf 81' lang='lat' dir='ltr'><strong>Mors</strong></span> <span class='ocrx_word' id='word_1_558' title='bbox 2461 1342 2623 1396; x_wconf 83' lang='lat' dir='ltr'><strong>etiam</strong></span> <span class='ocrx_word' id='word_1_559' title='bbox 2652 1352 2898 1397; x_wconf 90' lang='lat' dir='ltr'><strong>mortuos</strong></span> <span class='ocrx_word' id='word_1_560' title='bbox 2937 1359 3067 1399; x_wconf 91' lang='lat' dir='ltr'><strong>suos</strong></span> <span class='ocrx_word' id='word_1_561' title='bbox 3100 1344 3252 1398; x_wconf 86' lang='lat' dir='ltr'><strong>dabit</strong></span> <span class='ocrx_word' id='word_1_562' title='bbox 3279 1361 3293 1409; x_wconf 89' lang='lat'><strong>;</strong></span> <span class='ocrx_word' id='word_1_563' title='bbox 3344 1346 3469 1414; x_wconf 90' lang='lat' dir='ltr'><strong>quia</strong></span> <span class='ocrx_word' id='word_1_564' title='bbox 3498 1362 3703 1417; x_wconf 79' lang='lat' dir='ltr'><strong>corpora</strong></span> <span class='ocrx_word' id='word_1_565' title='bbox 3729 1365 3807 1416; x_wconf 63' lang='lat' dir='ltr'><strong>qua</strong></span> 
     </span>
    </p>
   </div>
   <div class='ocr_carea' id='block_1_71' title="bbox 2284 1434 3809 1509">
    <p class='ocr_par' dir='ltr' id='par_1_71' title="bbox 2284 1434 3809 1509">
     <span class='ocr_line' id='line_1_71' title="bbox 2284 1434 3809 1509; baseline 0.003 -21"><span class='ocrx_word' id='word_1_566' title='bbox 2284 1434 2338 1488; x_wconf 92' lang='lat' dir='ltr'><strong>in</strong></span> <span class='ocrx_word' id='word_1_567' title='bbox 2366 1435 2641 1505; x_wconf 88' lang='lat' dir='ltr'><strong>pulverem</strong></span> <span class='ocrx_word' id='word_1_568' title='bbox 2665 1436 2985 1507; x_wconf 85' lang='lat' dir='ltr'><strong>redegerat,</strong></span> <span class='ocrx_word' id='word_1_569' title='bbox 3015 1446 3073 1491; x_wconf 91' lang='lat' dir='ltr'><strong>ut</strong></span> <span class='ocrx_word' id='word_1_570' title='bbox 3100 1438 3303 1493; x_wconf 88' lang='lat' dir='ltr'><strong>virtute</strong></span> <span class='ocrx_word' id='word_1_571' title='bbox 3334 1438 3517 1493; x_wconf 86' lang='lat' dir='ltr'><strong>divina</strong></span> <span class='ocrx_word' id='word_1_572' title='bbox 3552 1456 3639 1509; x_wconf 82' lang='lat' dir='ltr'><strong>per</strong></span> <span class='ocrx_word' id='word_1_573' title='bbox 3660 1443 3809 1495; x_wconf 75' lang='lat' dir='ltr'><strong>auina-</strong></span> 
     </span>
    </p>
   </div>
   <div class='ocr_carea' id='block_1_72' title="bbox 2285 1528 3561 1599">
    <p class='ocr_par' dir='ltr' id='par_1_72' title="bbox 2285 1528 3561 1599">
     <span class='ocr_line' id='line_1_72' title="bbox 2285 1528 3561 1599; baseline 0.002 -17"><span class='ocrx_word' id='word_1_574' title='bbox 2285 1543 2403 1582; x_wconf 91' lang='lat' dir='ltr'><strong>rum</strong></span> <span class='ocrx_word' id='word_1_575' title='bbox 2433 1528 2835 1599; x_wconf 86' lang='lat' dir='ltr'><strong>susceptionem</strong></span> <span class='ocrx_word' id='word_1_576' title='bbox 2858 1530 3227 1599; x_wconf 90' lang='lat' dir='ltr'><strong>vivilicentur,</strong></span> <span class='ocrx_word' id='word_1_577' title='bbox 3263 1530 3561 1587; x_wconf 79' lang='lat' dir='ltr'><strong>exhibebit.</strong></span> 
     </span>
    </p>
   </div>
   <div class='ocr_carea' id='block_1_73' title="bbox 2356 1666 3806 1739">
    <p class='ocr_par' dir='ltr' id='par_1_73' title="bbox 2356 1666 3806 1739">
     <span class='ocr_line' id='line_1_73' title="bbox 2356 1666 3806 1739; baseline 0.002 -19"><span class='ocrx_word' id='word_1_578' title='bbox 2356 1668 2373 1736; x_wconf 93' lang='lat'>(</span> <span class='ocrx_word' id='word_1_579' title='bbox 2397 1666 2552 1721; x_wconf 83' lang='lat' dir='ltr'><strong>Vcrs.</strong></span> <span class='ocrx_word' id='word_1_580' title='bbox 2579 1667 2647 1722; x_wconf 72' lang='grc' dir='ltr'>Η</span> <span class='ocrx_word' id='word_1_581' title='bbox 2666 1709 2680 1732; x_wconf 90' lang='grc'>,</span> <span class='ocrx_word' id='word_1_582' title='bbox 2710 1668 2798 1723; x_wconf 80' lang='lat' dir='ltr'><strong>l5.</strong></span> <span class='ocrx_word' id='word_1_583' title='bbox 2822 1667 2842 1738; x_wconf 90' lang='lat'>)</span> <span class='ocrx_word' id='word_1_584' title='bbox 2876 1668 2943 1722; x_wconf 81' lang='lat' dir='ltr'><strong>Et</strong></span> <span class='ocrx_word' id='word_1_585' title='bbox 2972 1685 3108 1723; x_wconf 89' lang='lat' dir='ltr'><strong>mors</strong></span> <span class='ocrx_word' id='word_1_586' title='bbox 3135 1679 3182 1723; x_wconf 89' lang='lat' dir='ltr'><strong>et</strong></span> <span class='ocrx_word' id='word_1_587' title='bbox 3205 1668 3445 1739; x_wconf 76' lang='lat' dir='ltr'><strong>infernus</strong></span> <span class='ocrx_word' id='word_1_588' title='bbox 3489 1671 3622 1724; x_wconf 79' lang='lat' dir='ltr'><strong>missi</strong></span> <span class='ocrx_word' id='word_1_589' title='bbox 3650 1682 3744 1725; x_wconf 79' lang='lat' dir='ltr'><strong>snt</strong></span> <span class='ocrx_word' id='word_1_590' title='bbox 3775 1673 3806 1723; x_wconf 78' lang='lat' dir='ltr'><strong>is</strong></span> 
     </span>
    </p>
   </div>
   <div class='ocr_carea' id='block_1_74' title="bbox 2284 1761 3807 1834">
    <p class='ocr_par' dir='ltr' id='par_1_74' title="bbox 2284 1761 3807 1834">
     <span class='ocr_line' id='line_1_74' title="bbox 2284 1761 3807 1834; baseline 0.005 -22"><span class='ocrx_word' id='word_1_591' title='bbox 2284 1769 2522 1830; x_wconf 85' lang='lat' dir='ltr'><strong>stagnum</strong></span> <span class='ocrx_word' id='word_1_592' title='bbox 2540 1761 2718 1832; x_wconf 88' lang='lat' dir='ltr'><strong>ignis..</strong></span> <span class='ocrx_word' id='word_1_593' title='bbox 2733 1803 2745 1816; x_wconf 95' lang='lat'><strong>.</strong></span> <span class='ocrx_word' id='word_1_594' title='bbox 2765 1770 2810 1815; x_wconf 86' lang='lat' dir='ltr'><strong>et</strong></span> <span class='ocrx_word' id='word_1_595' title='bbox 2835 1763 3001 1816; x_wconf 90' lang='lat' dir='ltr'><strong>omnis</strong></span> <span class='ocrx_word' id='word_1_596' title='bbox 3022 1763 3107 1833; x_wconf 88' lang='lat' dir='ltr'><strong>qui</strong></span> <span class='ocrx_word' id='word_1_597' title='bbox 3132 1780 3237 1817; x_wconf 86' lang='lat' dir='ltr'><strong>non</strong></span> <span class='ocrx_word' id='word_1_598' title='bbox 3262 1774 3339 1818; x_wconf 89' lang='lat' dir='ltr'><strong>est</strong></span> <span class='ocrx_word' id='word_1_599' title='bbox 3361 1764 3414 1817; x_wconf 88' lang='lat' dir='ltr'><strong>in</strong></span> <span class='ocrx_word' id='word_1_600' title='bbox 3434 1764 3562 1817; x_wconf 84' lang='lat' dir='ltr'><strong>libro</strong></span> <span class='ocrx_word' id='word_1_601' title='bbox 3578 1765 3680 1819; x_wconf 68' lang='lat' dir='ltr'><strong>vita!</strong></span> <span class='ocrx_word' id='word_1_602' title='bbox 3694 1766 3807 1834; x_wconf 70' lang='lat' dir='ltr'><strong>scrip-</strong></span> 
     </span>
    </p>
   </div>
   <div class='ocr_carea' id='block_1_75' title="bbox 2284 1854 3804 1928">
    <p class='ocr_par' dir='ltr' id='par_1_75' title="bbox 2284 1854 3804 1928">
     <span class='ocr_line' id='line_1_75' title="bbox 2284 1854 3804 1928; baseline 0.003 -22"><span class='ocrx_word' id='word_1_603' title='bbox 2284 1862 2365 1907; x_wconf 87' lang='lat' dir='ltr'><strong>tus</strong></span> <span class='ocrx_word' id='word_1_604' title='bbox 2391 1895 2407 1919; x_wconf 92' lang='lat'><strong>,</strong></span> <span class='ocrx_word' id='word_1_605' title='bbox 2437 1854 2625 1908; x_wconf 88' lang='lat' dir='ltr'><strong>missus</strong></span> <span class='ocrx_word' id='word_1_606' title='bbox 2655 1864 2728 1909; x_wconf 90' lang='lat' dir='ltr'><strong>est</strong></span> <span class='ocrx_word' id='word_1_607' title='bbox 2760 1856 2810 1908; x_wconf 89' lang='lat' dir='ltr'><strong>in</strong></span> <span class='ocrx_word' id='word_1_608' title='bbox 2842 1856 3104 1909; x_wconf 85' lang='lat' dir='ltr'><strong>caminum</strong></span> <span class='ocrx_word' id='word_1_609' title='bbox 3152 1857 3309 1928; x_wconf 86' lang='lat' dir='ltr'><strong>ignis.</strong></span> <span class='ocrx_word' id='word_1_610' title='bbox 3345 1856 3489 1911; x_wconf 83' lang='lat' dir='ltr'><strong>Mors</strong></span> <span class='ocrx_word' id='word_1_611' title='bbox 3537 1868 3588 1912; x_wconf 92' lang='lat' dir='ltr'><strong>et</strong></span> <span class='ocrx_word' id='word_1_612' title='bbox 3624 1857 3804 1912; x_wconf 64' lang='lat' dir='ltr'><strong>internas</strong></span> 
     </span>
    </p>
   </div>
   <div class='ocr_carea' id='block_1_76' title="bbox 2285 1947 3806 2021">
    <p class='ocr_par' dir='ltr' id='par_1_76' title="bbox 2285 1947 3806 2021">
     <span class='ocr_line' id='line_1_76' title="bbox 2285 1947 3806 2021; baseline 0.002 -20"><span class='ocrx_word' id='word_1_613' title='bbox 2285 1947 2436 2002; x_wconf 92' lang='lat' dir='ltr'><strong>missi</strong></span> <span class='ocrx_word' id='word_1_614' title='bbox 2470 1956 2595 2002; x_wconf 92' lang='lat' dir='ltr'><strong>sunt</strong></span> <span class='ocrx_word' id='word_1_615' title='bbox 2622 1948 2674 2003; x_wconf 93' lang='lat' dir='ltr'><strong>in</strong></span> <span class='ocrx_word' id='word_1_616' title='bbox 2702 1959 2954 2021; x_wconf 90' lang='lat' dir='ltr'><strong>stagnum</strong></span> <span class='ocrx_word' id='word_1_617' title='bbox 2990 1951 3163 2020; x_wconf 90' lang='lat' dir='ltr'><strong>ignis,</strong></span> <span class='ocrx_word' id='word_1_618' title='bbox 3195 1950 3246 2005; x_wconf 92' lang='lat' dir='ltr'><strong>id</strong></span> <span class='ocrx_word' id='word_1_619' title='bbox 3276 1951 3588 2017; x_wconf 72' lang='lat' dir='ltr'><strong>est,animae</strong></span> <span class='ocrx_word' id='word_1_620' title='bbox 3607 1965 3707 2005; x_wconf 85' lang='lat' dir='ltr'><strong>cum</strong></span> <span class='ocrx_word' id='word_1_621' title='bbox 3728 1966 3806 2005; x_wconf 66' lang='lat' dir='ltr'><strong>tet-</strong></span> 
     </span>
    </p>
   </div>
   <div class='ocr_carea' id='block_1_77' title="bbox 2283 2042 3804 2116">
    <p class='ocr_par' dir='ltr' id='par_1_77' title="bbox 2283 2042 3804 2116">
     <span class='ocr_line' id='line_1_77' title="bbox 2283 2042 3804 2116; baseline 0.002 -20"><span class='ocrx_word' id='word_1_622' title='bbox 2283 2043 2531 2113; x_wconf 89' lang='lat' dir='ltr'><strong>poribus.</strong></span> <span class='ocrx_word' id='word_1_623' title='bbox 2562 2042 2863 2100; x_wconf 89' lang='lat' dir='ltr'><strong>Possumus</strong></span> <span class='ocrx_word' id='word_1_624' title='bbox 2881 2053 2936 2100; x_wconf 92' lang='lat' dir='ltr'><strong>et</strong></span> <span class='ocrx_word' id='word_1_625' title='bbox 2962 2060 3058 2115; x_wconf 91' lang='lat' dir='ltr'><strong>per</strong></span> <span class='ocrx_word' id='word_1_626' title='bbox 3080 2056 3312 2101; x_wconf 88' lang='lat' dir='ltr'><strong>mortem</strong></span> <span class='ocrx_word' id='word_1_627' title='bbox 3331 2045 3620 2113; x_wconf 75' lang='lat' dir='ltr'><strong>dzemones,</strong></span> <span class='ocrx_word' id='word_1_628' title='bbox 3637 2061 3693 2101; x_wconf 84' lang='lat' dir='ltr'><strong>eo</strong></span> <span class='ocrx_word' id='word_1_629' title='bbox 3708 2048 3804 2116; x_wconf 72' lang='lat' dir='ltr'><strong>quod</strong></span> 
     </span>
    </p>
   </div>
   <div class='ocr_carea' id='block_1_78' title="bbox 2280 2138 3806 2214">
    <p class='ocr_par' dir='ltr' id='par_1_78' title="bbox 2280 2138 3806 2214">
     <span class='ocr_line' id='line_1_78' title="bbox 2280 2138 3806 2214; baseline 0 -21"><span class='ocrx_word' id='word_1_630' title='bbox 2280 2138 2655 2208; x_wconf 89' lang='lat' dir='ltr'><strong>ipsiauctores</strong></span> <span class='ocrx_word' id='word_1_631' title='bbox 2688 2140 2891 2196; x_wconf 82' lang='lat' dir='ltr'><strong>fuerint</strong></span> <span class='ocrx_word' id='word_1_632' title='bbox 2928 2142 3151 2209; x_wconf 89' lang='lat' dir='ltr'><strong>mortis,</strong></span> <span class='ocrx_word' id='word_1_633' title='bbox 3184 2143 3513 2214; x_wconf 90' lang='lat' dir='ltr'><strong>intelligere.</strong></span> <span class='ocrx_word' id='word_1_634' title='bbox 3546 2144 3672 2197; x_wconf 80' lang='lat' dir='ltr'><strong>Mors</strong></span> <span class='ocrx_word' id='word_1_635' title='bbox 3693 2152 3735 2197; x_wconf 83' lang='lat' dir='ltr'><strong>et</strong></span> <span class='ocrx_word' id='word_1_636' title='bbox 3754 2145 3806 2193; x_wconf 70' lang='lat' dir='ltr'><strong>li.-</strong></span> 
     </span>
    </p>
   </div>
   <div class='ocr_carea' id='block_1_79' title="bbox 2278 2230 3804 2307">
    <p class='ocr_par' dir='ltr' id='par_1_79' title="bbox 2278 2230 3804 2307">
     <span class='ocr_line' id='line_1_79' title="bbox 2278 2230 3804 2307; baseline 0.001 -20"><span class='ocrx_word' id='word_1_637' title='bbox 2278 2230 2467 2288; x_wconf 84' lang='lat' dir='ltr'><strong>l&#39;ernus</strong></span> <span class='ocrx_word' id='word_1_638' title='bbox 2490 2232 2541 2287; x_wconf 93' lang='lat' dir='ltr'><strong>iu</strong></span> <span class='ocrx_word' id='word_1_639' title='bbox 2568 2244 2816 2305; x_wconf 90' lang='lat' dir='ltr'><strong>stagnum</strong></span> <span class='ocrx_word' id='word_1_640' title='bbox 2845 2234 3163 2299; x_wconf 88' lang='lat' dir='ltr'><strong>mittentur;</strong></span> <span class='ocrx_word' id='word_1_641' title='bbox 3192 2235 3318 2307; x_wconf 89' lang='lat' dir='ltr'><strong>quia</strong></span> <span class='ocrx_word' id='word_1_642' title='bbox 3341 2236 3719 2291; x_wconf 59' lang='lat' dir='ltr'><strong>demoncscum</strong></span> <span class='ocrx_word' id='word_1_643' title='bbox 3736 2250 3804 2289; x_wconf 71' lang='lat' dir='ltr'><strong>c2-</strong></span> 
     </span>
    </p>
   </div>
   <div class='ocr_carea' id='block_1_80' title="bbox 2281 2326 3450 2400">
    <p class='ocr_par' dir='ltr' id='par_1_80' title="bbox 2281 2326 3450 2400">
     <span class='ocr_line' id='line_1_80' title="bbox 2281 2326 3450 2400; baseline 0.003 -22"><span class='ocrx_word' id='word_1_644' title='bbox 2281 2326 2411 2381; x_wconf 89' lang='lat' dir='ltr'><strong>teris</strong></span> <span class='ocrx_word' id='word_1_645' title='bbox 2443 2326 2621 2396; x_wconf 91' lang='lat' dir='ltr'><strong>impiis</strong></span> <span class='ocrx_word' id='word_1_646' title='bbox 2652 2327 2703 2381; x_wconf 92' lang='lat' dir='ltr'><strong>in</strong></span> <span class='ocrx_word' id='word_1_647' title='bbox 2736 2328 3008 2383; x_wconf 81' lang='lat' dir='ltr'><strong>infernum</strong></span> <span class='ocrx_word' id='word_1_648' title='bbox 3038 2328 3450 2400; x_wconf 83' lang='lat' dir='ltr'><strong>demergentur.</strong></span> 
     </span>
    </p>
   </div>
   <div class='ocr_carea' id='block_1_81' title="bbox 2349 2459 3802 2533">
    <p class='ocr_par' dir='ltr' id='par_1_81' title="bbox 2349 2459 3802 2533">
     <span class='ocr_line' id='line_1_81' title="bbox 2349 2459 3802 2533; baseline -0.001 -18"><span class='ocrx_word' id='word_1_649' title='bbox 2349 2459 2575 2515; x_wconf 84' lang='lat' dir='ltr'><strong>CAPUT</strong></span> <span class='ocrx_word' id='word_1_650' title='bbox 2602 2459 3025 2533; x_wconf 75' lang='lat' dir='ltr'><strong>XXl.-—(Vcrs.</strong></span> <span class='ocrx_word' id='word_1_651' title='bbox 3059 2461 3136 2532; x_wconf 82' lang='lat' dir='ltr'><strong>l.)</strong></span> <span class='ocrx_word' id='word_1_652' title='bbox 3165 2462 3227 2516; x_wconf 85' lang='lat' dir='ltr'><strong>Et</strong></span> <span class='ocrx_word' id='word_1_653' title='bbox 3252 2463 3358 2517; x_wconf 82' lang='lat' dir='ltr'><strong>vidi</strong></span> <span class='ocrx_word' id='word_1_654' title='bbox 3388 2463 3564 2516; x_wconf 72' lang='lat' dir='ltr'><strong>caelum</strong></span> <span class='ocrx_word' id='word_1_655' title='bbox 3589 2474 3802 2523; x_wconf 62' lang='lat' dir='ltr'><strong>nam.“</strong></span> 
     </span>
    </p>
   </div>
   <div class='ocr_carea' id='block_1_82' title="bbox 2279 2554 3804 2626">
    <p class='ocr_par' dir='ltr' id='par_1_82' title="bbox 2279 2554 3804 2626">
     <span class='ocr_line' id='line_1_82' title="bbox 2279 2554 3804 2626; baseline 0.001 -22"><span class='ocrx_word' id='word_1_656' title='bbox 2279 2560 2469 2605; x_wconf 88' lang='lat' dir='ltr'><strong>terram</strong></span> <span class='ocrx_word' id='word_1_657' title='bbox 2490 2568 2673 2607; x_wconf 81' lang='lat' dir='ltr'><strong>novam</strong></span> <span class='ocrx_word' id='word_1_658' title='bbox 2688 2570 2707 2619; x_wconf 90' lang='lat'><strong>;</strong></span> <span class='ocrx_word' id='word_1_659' title='bbox 2724 2554 2947 2622; x_wconf 86' lang='lat' dir='ltr'><strong>primunt</strong></span> <span class='ocrx_word' id='word_1_660' title='bbox 2962 2556 3094 2609; x_wconf 88' lang='lat' dir='ltr'><strong>enim</strong></span> <span class='ocrx_word' id='word_1_661' title='bbox 3111 2556 3316 2620; x_wconf 72' lang='lat' dir='ltr'><strong>cretum,</strong></span> <span class='ocrx_word' id='word_1_662' title='bbox 3340 2565 3388 2609; x_wconf 88' lang='lat' dir='ltr'><strong>et</strong></span> <span class='ocrx_word' id='word_1_663' title='bbox 3400 2558 3558 2626; x_wconf 85' lang='lat' dir='ltr'><strong>prima</strong></span> <span class='ocrx_word' id='word_1_664' title='bbox 3574 2568 3690 2609; x_wconf 82' lang='lat' dir='ltr'><strong>terra</strong></span> <span class='ocrx_word' id='word_1_665' title='bbox 3699 2557 3804 2620; x_wconf 55' lang='lat' dir='ltr'><strong>erat,</strong></span> 
     </span>
    </p>
   </div>
   <div class='ocr_carea' id='block_1_83' title="bbox 2278 2646 3801 2719">
    <p class='ocr_par' dir='ltr' id='par_1_83' title="bbox 2278 2646 3801 2719">
     <span class='ocr_line' id='line_1_83' title="bbox 2278 2646 3801 2719; baseline 0.002 -21"><span class='ocrx_word' id='word_1_666' title='bbox 2278 2654 2325 2698; x_wconf 87' lang='lat' dir='ltr'><strong>et</strong></span> <span class='ocrx_word' id='word_1_667' title='bbox 2354 2662 2497 2699; x_wconf 88' lang='lat' dir='ltr'><strong>mare</strong></span> <span class='ocrx_word' id='word_1_668' title='bbox 2515 2650 2629 2719; x_wconf 83' lang='lat' dir='ltr'><strong>jam</strong></span> <span class='ocrx_word' id='word_1_669' title='bbox 2662 2664 2764 2703; x_wconf 90' lang='lat' dir='ltr'><strong>non</strong></span> <span class='ocrx_word' id='word_1_670' title='bbox 2792 2658 2887 2703; x_wconf 89' lang='lat' dir='ltr'><strong>est.</strong></span> <span class='ocrx_word' id='word_1_671' title='bbox 2918 2646 3126 2703; x_wconf 75' lang='lat' dir='ltr'><strong>Ctelum</strong></span> <span class='ocrx_word' id='word_1_672' title='bbox 3150 2658 3205 2704; x_wconf 87' lang='lat' dir='ltr'><strong>et</strong></span> <span class='ocrx_word' id='word_1_673' title='bbox 3236 2660 3403 2715; x_wconf 89' lang='lat' dir='ltr'><strong>terra,</strong></span> <span class='ocrx_word' id='word_1_674' title='bbox 3430 2658 3483 2704; x_wconf 92' lang='lat' dir='ltr'><strong>et</strong></span> <span class='ocrx_word' id='word_1_675' title='bbox 3510 2657 3686 2704; x_wconf 65' lang='lat' dir='ltr'><strong>cetera</strong></span> <span class='ocrx_word' id='word_1_676' title='bbox 3722 2648 3801 2703; x_wconf 85' lang='lat' dir='ltr'><strong>ele-</strong></span> 
     </span>
    </p>
   </div>
   <div class='ocr_carea' id='block_1_84' title="bbox 2278 2740 3917 2811">
    <p class='ocr_par' dir='ltr' id='par_1_84' title="bbox 2278 2740 3917 2811">
     <span class='ocr_line' id='line_1_84' title="bbox 2278 2740 3917 2811; baseline 0.002 -21"><span class='ocrx_word' id='word_1_677' title='bbox 2278 2746 2459 2791; x_wconf 89' lang='lat' dir='ltr'><strong>menta</strong></span> <span class='ocrx_word' id='word_1_678' title='bbox 2480 2779 2495 2804; x_wconf 92' lang='lat'><strong>,</strong></span> <span class='ocrx_word' id='word_1_679' title='bbox 2530 2754 2651 2809; x_wconf 69' lang='lat' dir='ltr'><strong>qua:</strong></span> <span class='ocrx_word' id='word_1_680' title='bbox 2682 2740 2844 2795; x_wconf 91' lang='lat' dir='ltr'><strong>modo</strong></span> <span class='ocrx_word' id='word_1_681' title='bbox 2885 2740 3154 2806; x_wconf 91' lang='lat' dir='ltr'><strong>videmus,</strong></span> <span class='ocrx_word' id='word_1_682' title='bbox 3200 2742 3269 2796; x_wconf 83' lang='lat' dir='ltr'><strong>ab</strong></span> <span class='ocrx_word' id='word_1_683' title='bbox 3298 2741 3425 2811; x_wconf 81' lang='lat' dir='ltr'><strong>igne</strong></span> <span class='ocrx_word' id='word_1_684' title='bbox 3451 2755 3805 2803; x_wconf 75' lang='lat' dir='ltr'><strong>constituentur,</strong></span> <span class='ocrx_word' id='word_1_685' title='bbox 3916 2802 3917 2809; x_wconf 14' lang='grc' dir='ltr'>γ</span> 
     </span>
    </p>
   </div>
   <div class='ocr_carea' id='block_1_85' title="bbox 2279 2816 3917 2901">
    <p class='ocr_par' dir='ltr' id='par_1_85' title="bbox 2279 2816 3917 2901">
     <span class='ocr_line' id='line_1_85' title="bbox 2279 2816 3917 2901; baseline 0.003 -18"><span class='ocrx_word' id='word_1_686' title='bbox 2279 2846 2385 2884; x_wconf 92' lang='lat' dir='ltr'><strong>non</strong></span> <span class='ocrx_word' id='word_1_687' title='bbox 2414 2840 2472 2884; x_wconf 92' lang='lat' dir='ltr'><strong>ut</strong></span> <span class='ocrx_word' id='word_1_688' title='bbox 2504 2833 3040 2901; x_wconf 86' lang='lat' dir='ltr'><strong>peuitusdeleantur,</strong></span> <span class='ocrx_word' id='word_1_689' title='bbox 3064 2835 3160 2889; x_wconf 91' lang='lat' dir='ltr'><strong>sed</strong></span> <span class='ocrx_word' id='word_1_690' title='bbox 3186 2844 3245 2888; x_wconf 91' lang='lat' dir='ltr'><strong>ut</strong></span> <span class='ocrx_word' id='word_1_691' title='bbox 3272 2834 3325 2889; x_wconf 91' lang='lat' dir='ltr'><strong>iu</strong></span> <span class='ocrx_word' id='word_1_692' title='bbox 3349 2816 3619 2890; x_wconf 83' lang='lat' dir='ltr'><strong>meliorem</strong></span> <span class='ocrx_word' id='word_1_693' title='bbox 3632 2844 3803 2895; x_wconf 82' lang='lat' dir='ltr'><strong>statum,</strong></span> <span class='ocrx_word' id='word_1_694' title='bbox 3916 2824 3917 2901; x_wconf 64' lang='grc' dir='ltr'>Ῑ</span> 
     </span>
    </p>
   </div>
   <div class='ocr_carea' id='block_1_86' title="bbox 2277 2924 3803 2998">
    <p class='ocr_par' dir='ltr' id='par_1_86' title="bbox 2277 2924 3803 2998">
     <span class='ocr_line' id='line_1_86' title="bbox 2277 2924 3803 2998; baseline 0.001 -21"><span class='ocrx_word' id='word_1_695' title='bbox 2277 2927 2418 2979; x_wconf 88' lang='lat' dir='ltr'><strong>sicut</strong></span> <span class='ocrx_word' id='word_1_696' title='bbox 2440 2924 2690 2994; x_wconf 84' lang='lat' dir='ltr'><strong>superius</strong></span> <span class='ocrx_word' id='word_1_697' title='bbox 2727 2925 2840 2995; x_wconf 88' lang='lat' dir='ltr'><strong>jam</strong></span> <span class='ocrx_word' id='word_1_698' title='bbox 2871 2927 3107 2981; x_wconf 82' lang='lat' dir='ltr'><strong>diximus</strong></span> <span class='ocrx_word' id='word_1_699' title='bbox 3132 2967 3147 2992; x_wconf 90' lang='lat'><strong>,</strong></span> <span class='ocrx_word' id='word_1_700' title='bbox 3201 2942 3296 2997; x_wconf 81' lang='lat' dir='ltr'><strong>per</strong></span> <span class='ocrx_word' id='word_1_701' title='bbox 3323 2930 3496 2997; x_wconf 80' lang='lat' dir='ltr'><strong>ignem</strong></span> <span class='ocrx_word' id='word_1_702' title='bbox 3526 2938 3803 2998; x_wconf 75' lang='lat' dir='ltr'><strong>reparentur,</strong></span> 
     </span>
    </p>
   </div>
   <div class='ocr_carea' id='block_1_87' title="bbox 2277 3018 3805 3093">
    <p class='ocr_par' dir='ltr' id='par_1_87' title="bbox 2277 3018 3805 3093">
     <span class='ocr_line' id='line_1_87' title="bbox 2277 3018 3805 3093; baseline -0.001 -21"><span class='ocrx_word' id='word_1_703' title='bbox 2277 3018 2422 3072; x_wconf 86' lang='lat' dir='ltr'><strong>sicut</strong></span> <span class='ocrx_word' id='word_1_704' title='bbox 2451 3018 2737 3074; x_wconf 81' lang='lat' dir='ltr'><strong>Psaltuista</strong></span> <span class='ocrx_word' id='word_1_705' title='bbox 2766 3019 2966 3074; x_wconf 89' lang='lat' dir='ltr'><strong>indicat</strong></span> <span class='ocrx_word' id='word_1_706' title='bbox 2997 3020 3182 3075; x_wconf 89' lang='lat' dir='ltr'><strong>dicens</strong></span> <span class='ocrx_word' id='word_1_707' title='bbox 3207 3038 3220 3075; x_wconf 91' lang='lat'><strong>:</strong></span> <span class='ocrx_word' id='word_1_708' title='bbox 3252 3020 3366 3090; x_wconf 85' lang='lat' dir='ltr'><strong>Ipsi</strong></span> <span class='ocrx_word' id='word_1_709' title='bbox 3386 3021 3630 3093; x_wconf 83' lang='lat' dir='ltr'><strong>peribunt,</strong></span> <span class='ocrx_word' id='word_1_710' title='bbox 3657 3032 3703 3073; x_wconf 72' lang='lat' dir='ltr'><strong>tu</strong></span> <span class='ocrx_word' id='word_1_711' title='bbox 3738 3038 3805 3071; x_wconf 73' lang='lat' dir='ltr'><strong>as-</strong></span> 
     </span>
    </p>
   </div>
   <div class='ocr_carea' id='block_1_88' title="bbox 2278 3111 3806 3181">
    <p class='ocr_par' dir='ltr' id='par_1_88' title="bbox 2278 3111 3806 3181">
     <span class='ocr_line' id='line_1_88' title="bbox 2278 3111 3806 3181; baseline 0 -18"><span class='ocrx_word' id='word_1_712' title='bbox 2278 3118 2378 3163; x_wconf 90' lang='lat' dir='ltr'><strong>tem</strong></span> <span class='ocrx_word' id='word_1_713' title='bbox 2406 3111 2758 3181; x_wconf 88' lang='lat' dir='ltr'><strong>permanebis:</strong></span> <span class='ocrx_word' id='word_1_714' title='bbox 2789 3122 2837 3167; x_wconf 91' lang='lat' dir='ltr'><strong>et</strong></span> <span class='ocrx_word' id='word_1_715' title='bbox 2859 3128 3035 3167; x_wconf 89' lang='lat' dir='ltr'><strong>omnes</strong></span> <span class='ocrx_word' id='word_1_716' title='bbox 3066 3123 3122 3167; x_wconf 91' lang='lat' dir='ltr'><strong>ut</strong></span> <span class='ocrx_word' id='word_1_717' title='bbox 3151 3114 3505 3169; x_wconf 78' lang='lat' dir='ltr'><strong>vestimentum</strong></span> <span class='ocrx_word' id='word_1_718' title='bbox 3534 3125 3806 3177; x_wconf 58' lang='lat' dir='ltr'><strong>reteramt,</strong></span> 
     </span>
    </p>
   </div>
   <div class='ocr_carea' id='block_1_89' title="bbox 2276 3203 3806 3275">
    <p class='ocr_par' dir='ltr' id='par_1_89' title="bbox 2276 3203 3806 3275">
     <span class='ocr_line' id='line_1_89' title="bbox 2276 3203 3806 3275; baseline 0.001 -19"><span class='ocrx_word' id='word_1_719' title='bbox 2276 3213 2322 3256; x_wconf 90' lang='lat' dir='ltr'><strong>et</strong></span> <span class='ocrx_word' id='word_1_720' title='bbox 2350 3204 2483 3257; x_wconf 84' lang='lat' dir='ltr'><strong>velut</strong></span> <span class='ocrx_word' id='word_1_721' title='bbox 2504 3204 2752 3257; x_wconf 86' lang='lat' dir='ltr'><strong>amictum</strong></span> <span class='ocrx_word' id='word_1_722' title='bbox 2806 3205 3024 3259; x_wconf 85' lang='lat' dir='ltr'><strong>ntutabis</strong></span> <span class='ocrx_word' id='word_1_723' title='bbox 3054 3221 3139 3260; x_wconf 89' lang='lat' dir='ltr'><strong>eos</strong></span> <span class='ocrx_word' id='word_1_724' title='bbox 3158 3247 3173 3273; x_wconf 93' lang='lat'><strong>,</strong></span> <span class='ocrx_word' id='word_1_725' title='bbox 3219 3216 3269 3260; x_wconf 88' lang='lat' dir='ltr'><strong>et</strong></span> <span class='ocrx_word' id='word_1_726' title='bbox 3324 3206 3646 3259; x_wconf 78' lang='lat' dir='ltr'><strong>mutabuntur</strong></span> <span class='ocrx_word' id='word_1_727' title='bbox 3667 3203 3806 3275; x_wconf 67' lang='lat' dir='ltr'><strong>(Puri.</strong></span> 
     </span>
    </p>
   </div>
   <div class='ocr_carea' id='block_1_90' title="bbox 2276 3296 3915 3371">
    <p class='ocr_par' dir='ltr' id='par_1_90' title="bbox 2276 3296 3915 3371">
     <span class='ocr_line' id='line_1_90' title="bbox 2276 3296 3915 3371; baseline 0 -20"><span class='ocrx_word' id='word_1_728' title='bbox 2276 3310 2348 3360; x_wconf 85' lang='lat' dir='ltr'><strong>Cl,</strong></span> <span class='ocrx_word' id='word_1_729' title='bbox 2380 3296 2445 3349; x_wconf 73' lang='lat'><strong>27</strong></span> <span class='ocrx_word' id='word_1_730' title='bbox 2469 3298 2513 3367; x_wconf 91' lang='lat'><strong>).</strong></span> <span class='ocrx_word' id='word_1_731' title='bbox 2540 3296 2695 3364; x_wconf 83' lang='lat' dir='ltr'><strong>Quod</strong></span> <span class='ocrx_word' id='word_1_732' title='bbox 2726 3296 2896 3353; x_wconf 87' lang='lat' dir='ltr'><strong>dicit:</strong></span> <span class='ocrx_word' id='word_1_733' title='bbox 2940 3298 3180 3353; x_wconf 85' lang='lat' dir='ltr'><strong>Primum</strong></span> <span class='ocrx_word' id='word_1_734' title='bbox 3206 3300 3411 3368; x_wconf 65' lang='lat' dir='ltr'><strong>calum,</strong></span> <span class='ocrx_word' id='word_1_735' title='bbox 3446 3310 3491 3355; x_wconf 86' lang='lat' dir='ltr'><strong>et</strong></span> <span class='ocrx_word' id='word_1_736' title='bbox 3528 3301 3684 3371; x_wconf 76' lang='lat' dir='ltr'><strong>prima</strong></span> <span class='ocrx_word' id='word_1_737' title='bbox 3710 3311 3808 3353; x_wconf 78' lang='lat' dir='ltr'><strong>tem</strong></span> <span class='ocrx_word' id='word_1_738' title='bbox 3914 3308 3915 3371; x_wconf 44' lang='grc' dir='ltr'><strong>ι</strong></span> 
     </span>
    </p>
   </div>
   <div class='ocr_carea' id='block_1_91' title="bbox 2271 3362 3915 3551">
    <p class='ocr_par' dir='ltr' id='par_1_91' title="bbox 2271 3362 3915 3551">
     <span class='ocr_line' id='line_1_91' title="bbox 2271 3362 3915 3551; baseline 0.003 -108"><span class='ocrx_word' id='word_1_739' title='bbox 2271 3390 2426 3457; x_wconf 82' lang='lat' dir='ltr'><strong>abiit,</strong></span> <span class='ocrx_word' id='word_1_740' title='bbox 2460 3392 2701 3461; x_wconf 89' lang='lat' dir='ltr'><strong>speciem</strong></span> <span class='ocrx_word' id='word_1_741' title='bbox 2730 3392 2975 3462; x_wconf 86' lang='lat' dir='ltr'><strong>ejusdem</strong></span> <span class='ocrx_word' id='word_1_742' title='bbox 3025 3394 3146 3449; x_wconf 72' lang='grc' dir='ltr'><strong>εωΙὶ</strong></span> <span class='ocrx_word' id='word_1_743' title='bbox 3196 3410 3261 3450; x_wconf 88' lang='lat' dir='ltr'><strong>ac</strong></span> <span class='ocrx_word' id='word_1_744' title='bbox 3314 3404 3474 3450; x_wconf 85' lang='lat' dir='ltr'><strong>terrae</strong></span> <span class='ocrx_word' id='word_1_745' title='bbox 3509 3398 3802 3450; x_wconf 74' lang='lat' dir='ltr'><strong>transiturus</strong></span> 
     </span>
     <span class='ocr_line' id='line_1_92' title="bbox 2271 3483 3805 3551; baseline 0.002 -12"><span class='ocrx_word' id='word_1_746' title='bbox 2271 3485 2395 3539; x_wconf 73' lang='lat' dir='ltr'><strong>esSe</strong></span> <span class='ocrx_word' id='word_1_747' title='bbox 2420 3483 2763 3540; x_wconf 90' lang='lat' dir='ltr'><strong>demonstrat</strong></span> <span class='ocrx_word' id='word_1_748' title='bbox 2789 3502 2804 3550; x_wconf 90' lang='lat'><strong>;</strong></span> <span class='ocrx_word' id='word_1_749' title='bbox 2835 3486 3049 3551; x_wconf 88' lang='lat' dir='ltr'><strong>species</strong></span> <span class='ocrx_word' id='word_1_750' title='bbox 3070 3489 3216 3543; x_wconf 89' lang='lat' dir='ltr'><strong>enim</strong></span> <span class='ocrx_word' id='word_1_751' title='bbox 3246 3503 3462 3551; x_wconf 88' lang='lat' dir='ltr'><strong>eorum,</strong></span> <span class='ocrx_word' id='word_1_752' title='bbox 3492 3506 3597 3544; x_wconf 88' lang='lat' dir='ltr'><strong>non</strong></span> <span class='ocrx_word' id='word_1_753' title='bbox 3621 3492 3805 3545; x_wconf 70' lang='lat' dir='ltr'><strong>essentia</strong></span> 
     </span>
    </p>
   </div>
   <div class='ocr_carea' id='block_1_92' title="bbox 2271 3483 3805 3557">
    <p class='ocr_par' dir='ltr' id='par_1_92' title="bbox 2271 3483 3805 3557">
     <span class='ocr_line' id='line_1_93' title="bbox 2271 3483 3805 3557; baseline 0.002 -18"><span class='ocrx_word' id='word_1_754' title='bbox 2271 3485 2395 3539; x_wconf 73' lang='lat' dir='ltr'><strong>esSe</strong></span> <span class='ocrx_word' id='word_1_755' title='bbox 2420 3483 2763 3540; x_wconf 90' lang='lat' dir='ltr'><strong>demonstrat</strong></span> <span class='ocrx_word' id='word_1_756' title='bbox 2789 3502 2804 3550; x_wconf 90' lang='lat'><strong>;</strong></span> <span class='ocrx_word' id='word_1_757' title='bbox 2835 3486 3049 3556; x_wconf 88' lang='lat' dir='ltr'><strong>species</strong></span> <span class='ocrx_word' id='word_1_758' title='bbox 3070 3489 3216 3543; x_wconf 89' lang='lat' dir='ltr'><strong>enim</strong></span> <span class='ocrx_word' id='word_1_759' title='bbox 3246 3503 3462 3557; x_wconf 89' lang='lat' dir='ltr'><strong>eorum,</strong></span> <span class='ocrx_word' id='word_1_760' title='bbox 3492 3506 3597 3544; x_wconf 88' lang='lat' dir='ltr'><strong>non</strong></span> <span class='ocrx_word' id='word_1_761' title='bbox 3621 3492 3805 3545; x_wconf 70' lang='lat' dir='ltr'><strong>essentia</strong></span> 
     </span>
    </p>
   </div>
   <div class='ocr_carea' id='block_1_93' title="bbox 2273 3578 3805 3645">
    <p class='ocr_par' dir='ltr' id='par_1_93' title="bbox 2273 3578 3805 3645">
     <span class='ocr_line' id='line_1_94' title="bbox 2273 3578 3805 3645; baseline 0.003 -12"><span class='ocrx_word' id='word_1_762' title='bbox 2273 3578 2559 3645; x_wconf 90' lang='lat' dir='ltr'><strong>transibit,</strong></span> <span class='ocrx_word' id='word_1_763' title='bbox 2588 3594 2711 3634; x_wconf 91' lang='lat' dir='ltr'><strong>cum</strong></span> <span class='ocrx_word' id='word_1_764' title='bbox 2731 3579 2786 3634; x_wconf 93' lang='lat' dir='ltr'><strong>in</strong></span> <span class='ocrx_word' id='word_1_765' title='bbox 2817 3580 3098 3637; x_wconf 90' lang='lat' dir='ltr'><strong>meliorem</strong></span> <span class='ocrx_word' id='word_1_766' title='bbox 3130 3592 3334 3638; x_wconf 90' lang='lat' dir='ltr'><strong>statum</strong></span> <span class='ocrx_word' id='word_1_767' title='bbox 3367 3583 3805 3639; x_wconf 71' lang='lat' dir='ltr'><strong>con-mutabuntur.</strong></span> 
     </span>
    </p>
   </div>
   <div class='ocr_carea' id='block_1_94' title="bbox 2270 3672 3913 3751">
    <p class='ocr_par' dir='ltr' id='par_1_94' title="bbox 2270 3672 3913 3751">
     <span class='ocr_line' id='line_1_95' title="bbox 2270 3672 3913 3751; baseline 0.004 -24"><span class='ocrx_word' id='word_1_768' title='bbox 2270 3672 2426 3740; x_wconf 87' lang='lat' dir='ltr'><strong>Quod</strong></span> <span class='ocrx_word' id='word_1_769' title='bbox 2456 3689 2583 3729; x_wconf 90' lang='lat' dir='ltr'><strong>vero</strong></span> <span class='ocrx_word' id='word_1_770' title='bbox 2606 3674 2802 3730; x_wconf 84' lang='lat' dir='ltr'><strong>infert:</strong></span> <span class='ocrx_word' id='word_1_771' title='bbox 2830 3673 2900 3729; x_wconf 89' lang='lat' dir='ltr'><strong>Et</strong></span> <span class='ocrx_word' id='word_1_772' title='bbox 2925 3692 3066 3730; x_wconf 90' lang='lat' dir='ltr'><strong>mare</strong></span> <span class='ocrx_word' id='word_1_773' title='bbox 3079 3677 3193 3747; x_wconf 87' lang='lat' dir='ltr'><strong>jam</strong></span> <span class='ocrx_word' id='word_1_774' title='bbox 3211 3693 3314 3732; x_wconf 90' lang='lat' dir='ltr'><strong>non</strong></span> <span class='ocrx_word' id='word_1_775' title='bbox 3332 3688 3441 3745; x_wconf 89' lang='lat' dir='ltr'><strong>est,</strong></span> <span class='ocrx_word' id='word_1_776' title='bbox 3474 3694 3736 3749; x_wconf 85' lang='lat' dir='ltr'><strong>possumus</strong></span> <span class='ocrx_word' id='word_1_777' title='bbox 3750 3694 3811 3733; x_wconf 70' lang='grc' dir='ltr'><strong>εε-</strong></span> <span class='ocrx_word' id='word_1_778' title='bbox 3912 3744 3913 3751; x_wconf 23' lang='grc' dir='ltr'><strong>η</strong></span> 
     </span>
    </p>
   </div>
   <div class='ocr_carea' id='block_1_95' title="bbox 2271 3767 3913 3845">
    <p class='ocr_par' dir='ltr' id='par_1_95' title="bbox 2271 3767 3913 3845">
     <span class='ocr_line' id='line_1_96' title="bbox 2271 3767 3913 3845; baseline 0.004 -23"><span class='ocrx_word' id='word_1_779' title='bbox 2271 3767 2507 3823; x_wconf 91' lang='lat' dir='ltr'><strong>cundum</strong></span> <span class='ocrx_word' id='word_1_780' title='bbox 2537 3768 2773 3825; x_wconf 88' lang='lat' dir='ltr'><strong>litteram</strong></span> <span class='ocrx_word' id='word_1_781' title='bbox 2802 3769 3139 3842; x_wconf 83' lang='lat' dir='ltr'><strong>intelligere,</strong></span> <span class='ocrx_word' id='word_1_782' title='bbox 3175 3783 3232 3827; x_wconf 90' lang='lat' dir='ltr'><strong>ut</strong></span> <span class='ocrx_word' id='word_1_783' title='bbox 3262 3789 3413 3829; x_wconf 89' lang='lat' dir='ltr'><strong>mare</strong></span> <span class='ocrx_word' id='word_1_784' title='bbox 3442 3778 3647 3845; x_wconf 88' lang='lat' dir='ltr'><strong>penitus</strong></span> <span class='ocrx_word' id='word_1_785' title='bbox 3670 3775 3811 3830; x_wconf 75' lang='lat' dir='ltr'><strong>deles-</strong></span> <span class='ocrx_word' id='word_1_786' title='bbox 3912 3768 3913 3845; x_wconf 53' lang='grc' dir='ltr'><strong>ἦ</strong></span> 
     </span>
    </p>
   </div>
   <div class='ocr_carea' id='block_1_96' title="bbox 2272 3806 3913 3981">
    <p class='ocr_par' dir='ltr' id='par_1_96' title="bbox 2272 3806 3913 3981">
     <span class='ocr_line' id='line_1_97' title="bbox 2272 3806 3811 3845; baseline 0.005 -23"><span class='ocrx_word' id='word_1_787' title='bbox 2272 3806 2507 3823; x_wconf 66' lang='grc' dir='ltr'>υιιηυιιιιι</span> <span class='ocrx_word' id='word_1_788' title='bbox 2537 3806 2773 3825; x_wconf 73' lang='grc' dir='ltr'>ιιιιυισιιιι</span> <span class='ocrx_word' id='word_1_789' title='bbox 2802 3806 3139 3842; x_wconf 67' lang='grc' dir='ltr'>ιιιιυιυδῡισ,</span> <span class='ocrx_word' id='word_1_790' title='bbox 3176 3806 3232 3827; x_wconf 63' lang='lat' dir='ltr'><strong>ut</strong></span> <span class='ocrx_word' id='word_1_791' title='bbox 3262 3806 3413 3829; x_wconf 73' lang='grc' dir='ltr'>ιιιαιε</span> <span class='ocrx_word' id='word_1_792' title='bbox 3442 3806 3647 3845; x_wconf 71' lang='lat' dir='ltr'><strong>pcuuu:</strong></span> <span class='ocrx_word' id='word_1_793' title='bbox 3670 3806 3811 3830; x_wconf 70' lang='grc' dir='ltr'>υυιω-</span> 
     </span>
     <span class='ocr_line' id='line_1_98' title="bbox 2272 3806 3913 3981; baseline 0.004 -67"><span class='ocrx_word' id='word_1_794' title='bbox 2272 3867 2379 3915; x_wconf 90' lang='lat' dir='ltr'><strong>tur.</strong></span> <span class='ocrx_word' id='word_1_795' title='bbox 2411 3861 2618 3917; x_wconf 89' lang='lat' dir='ltr'><strong>Aliter:</strong></span> <span class='ocrx_word' id='word_1_796' title='bbox 2653 3879 2802 3919; x_wconf 91' lang='lat' dir='ltr'><strong>mare</strong></span> <span class='ocrx_word' id='word_1_797' title='bbox 2825 3865 2936 3934; x_wconf 84' lang='lat' dir='ltr'><strong>jam</strong></span> <span class='ocrx_word' id='word_1_798' title='bbox 2967 3880 3074 3921; x_wconf 93' lang='lat' dir='ltr'><strong>non</strong></span> <span class='ocrx_word' id='word_1_799' title='bbox 3110 3868 3245 3932; x_wconf 90' lang='lat' dir='ltr'><strong>erit;</strong></span> <span class='ocrx_word' id='word_1_800' title='bbox 3276 3870 3401 3939; x_wconf 92' lang='lat' dir='ltr'><strong>quia</strong></span> <span class='ocrx_word' id='word_1_801' title='bbox 3430 3870 3687 3941; x_wconf 75' lang='lat' dir='ltr'><strong>propriam</strong></span> <span class='ocrx_word' id='word_1_802' title='bbox 3714 3868 3811 3938; x_wconf 67' lang='lat' dir='ltr'><strong>ﬁgu-</strong></span> 
     </span>
     <span class='ocr_line' id='line_1_99' title="bbox 2272 3956 3789 3981; baseline 0 0"><span class='ocrx_word' id='word_1_803' title='bbox 2272 3969 2387 3981; x_wconf 69' lang='lat' dir='ltr'><strong>nnn.</strong></span> <span class='ocrx_word' id='word_1_804' title='bbox 2422 3956 2627 3981; x_wconf 54' lang='grc' dir='ltr'><strong>Λωίδι...</strong></span> <span class='ocrx_word' id='word_1_805' title='bbox 2695 3958 2828 3981; x_wconf 50' lang='lat'><strong>“2....-</strong></span> <span class='ocrx_word' id='word_1_806' title='bbox 2867 3959 3057 3981; x_wconf 59' lang='grc' dir='ltr'><strong>..ι.ι.1....Α</strong></span> <span class='ocrx_word' id='word_1_807' title='bbox 3095 3968 3139 3981; x_wconf 62' lang='grc' dir='ltr'>,ι</span> <span class='ocrx_word' id='word_1_808' title='bbox 3172 3970 3311 3981; x_wconf 65' lang='lat'><strong>.-__-</strong></span> <span class='ocrx_word' id='word_1_809' title='bbox 3413 3970 3464 3981; x_wconf 53' lang='grc' dir='ltr'><strong>η.</strong></span> <span class='ocrx_word' id='word_1_810' title='bbox 3496 3964 3539 3981; x_wconf 67' lang='grc'><strong>³-</strong></span> <span class='ocrx_word' id='word_1_811' title='bbox 3590 3979 3633 3981; x_wconf 37' lang='grc' dir='ltr'><strong>-λ</strong></span> <span class='ocrx_word' id='word_1_812' title='bbox 3659 3962 3789 3981; x_wconf 64' lang='lat' dir='ltr'><strong>I-L_&#39;-</strong></span> 
     </span>
    </p>
   </div>
   <div class='ocr_carea' id='block_1_97' title="bbox 2272 3956 3811 4033">
    <p class='ocr_par' dir='ltr' id='par_1_97' title="bbox 2272 3956 3811 4033">
     <span class='ocr_line' id='line_1_100' title="bbox 2272 3956 3811 4033; baseline 0.004 -26"><span class='ocrx_word' id='word_1_813' title='bbox 2272 3969 2389 4009; x_wconf 85' lang='lat' dir='ltr'><strong>ram</strong></span> <span class='ocrx_word' id='word_1_814' title='bbox 2421 3956 2666 4023; x_wconf 87' lang='lat' dir='ltr'><strong>amittet,</strong></span> <span class='ocrx_word' id='word_1_815' title='bbox 2694 3958 2833 4012; x_wconf 90' lang='lat' dir='ltr'><strong>sicut</strong></span> <span class='ocrx_word' id='word_1_816' title='bbox 2863 3959 3061 4014; x_wconf 69' lang='lat' dir='ltr'><strong>emtum</strong></span> <span class='ocrx_word' id='word_1_817' title='bbox 3090 3968 3145 4013; x_wconf 89' lang='lat' dir='ltr'><strong>et</strong></span> <span class='ocrx_word' id='word_1_818' title='bbox 3172 3970 3317 4015; x_wconf 88' lang='lat' dir='ltr'><strong>terra</strong></span> <span class='ocrx_word' id='word_1_819' title='bbox 3338 4002 3355 4027; x_wconf 86' lang='lat'><strong>,</strong></span> <span class='ocrx_word' id='word_1_820' title='bbox 3411 3970 3469 4016; x_wconf 89' lang='lat' dir='ltr'><strong>ut</strong></span> <span class='ocrx_word' id='word_1_821' title='bbox 3494 3964 3545 4018; x_wconf 90' lang='lat' dir='ltr'><strong>in</strong></span> <span class='ocrx_word' id='word_1_822' title='bbox 3590 3962 3811 4033; x_wconf 77' lang='lat' dir='ltr'><strong>pulchrio—</strong></span> 
     </span>
    </p>
   </div>
   <div class='ocr_carea' id='block_1_98' title="bbox 2272 4048 3812 4125">
    <p class='ocr_par' dir='ltr' id='par_1_98' title="bbox 2272 4048 3812 4125">
     <span class='ocr_line' id='line_1_101' title="bbox 2272 4048 3812 4125; baseline 0.004 -24"><span class='ocrx_word' id='word_1_823' title='bbox 2272 4062 2387 4104; x_wconf 88' lang='lat' dir='ltr'><strong>rem</strong></span> <span class='ocrx_word' id='word_1_824' title='bbox 2417 4048 2649 4105; x_wconf 83' lang='lat' dir='ltr'><strong>fortnam</strong></span> <span class='ocrx_word' id='word_1_825' title='bbox 2683 4062 2991 4123; x_wconf 88' lang='lat' dir='ltr'><strong>reparetur.</strong></span> <span class='ocrx_word' id='word_1_826' title='bbox 3052 4052 3158 4108; x_wconf 89' lang='lat' dir='ltr'><strong>Sed</strong></span> <span class='ocrx_word' id='word_1_827' title='bbox 3190 4056 3515 4125; x_wconf 84' lang='lat' dir='ltr'><strong>spiritaliter</strong></span> <span class='ocrx_word' id='word_1_828' title='bbox 3541 4057 3643 4111; x_wconf 88' lang='lat' dir='ltr'><strong>hoc</strong></span> <span class='ocrx_word' id='word_1_829' title='bbox 3661 4057 3812 4111; x_wconf 75' lang='lat' dir='ltr'><strong>intciti-</strong></span> 
     </span>
    </p>
   </div>
   <div class='ocr_carea' id='block_1_99' title="bbox 2268 4142 3814 4216">
    <p class='ocr_par' dir='ltr' id='par_1_99' title="bbox 2268 4142 3814 4216">
     <span class='ocr_line' id='line_1_102' title="bbox 2268 4142 3814 4216; baseline 0.003 -19"><span class='ocrx_word' id='word_1_830' title='bbox 2268 4142 2503 4211; x_wconf 83' lang='lat' dir='ltr'><strong>gendum</strong></span> <span class='ocrx_word' id='word_1_831' title='bbox 2527 4155 2690 4211; x_wconf 91' lang='lat' dir='ltr'><strong>puto;</strong></span> <span class='ocrx_word' id='word_1_832' title='bbox 2721 4145 2983 4216; x_wconf 91' lang='lat' dir='ltr'><strong>quidquid</strong></span> <span class='ocrx_word' id='word_1_833' title='bbox 3009 4148 3153 4202; x_wconf 89' lang='lat' dir='ltr'><strong>enim</strong></span> <span class='ocrx_word' id='word_1_834' title='bbox 3179 4147 3249 4204; x_wconf 90' lang='lat' dir='ltr'><strong>de</strong></span> <span class='ocrx_word' id='word_1_835' title='bbox 3280 4150 3625 4206; x_wconf 78' lang='lat' dir='ltr'><strong>innovatione</strong></span> <span class='ocrx_word' id='word_1_836' title='bbox 3652 4152 3756 4207; x_wconf 66' lang='grc' dir='ltr'><strong>ρωιί</strong></span> <span class='ocrx_word' id='word_1_837' title='bbox 3778 4160 3814 4202; x_wconf 68' lang='grc' dir='ltr'><strong>ιι</strong></span> 
     </span>
    </p>
   </div>
   <div class='ocr_carea' id='block_1_100' title="bbox 2270 4237 3813 4317">
    <p class='ocr_par' dir='ltr' id='par_1_100' title="bbox 2270 4237 3813 4317">
     <span class='ocr_line' id='line_1_103' title="bbox 2270 4237 3813 4317; baseline 0.011 -27"><span class='ocrx_word' id='word_1_838' title='bbox 2270 4243 2430 4292; x_wconf 75' lang='lat' dir='ltr'><strong>terra:</strong></span> <span class='ocrx_word' id='word_1_839' title='bbox 2457 4237 2661 4294; x_wconf 89' lang='lat' dir='ltr'><strong>dictum</strong></span> <span class='ocrx_word' id='word_1_840' title='bbox 2686 4250 2799 4307; x_wconf 88' lang='lat' dir='ltr'><strong>est,</strong></span> <span class='ocrx_word' id='word_1_841' title='bbox 2830 4248 2885 4296; x_wconf 90' lang='lat' dir='ltr'><strong>et</strong></span> <span class='ocrx_word' id='word_1_842' title='bbox 2906 4240 3265 4299; x_wconf 86' lang='lat' dir='ltr'><strong>bistorialitcr</strong></span> <span class='ocrx_word' id='word_1_843' title='bbox 3295 4246 3693 4317; x_wconf 86' lang='lat' dir='ltr'><strong>intelligendum</strong></span> <span class='ocrx_word' id='word_1_844' title='bbox 3722 4256 3813 4307; x_wconf 68' lang='lat' dir='ltr'><strong>est.</strong></span> 
     </span>
    </p>
   </div>
   <div class='ocr_carea' id='block_1_101' title="bbox 2267 4332 3814 4409">
    <p class='ocr_par' dir='ltr' id='par_1_101' title="bbox 2267 4332 3814 4409">
     <span class='ocr_line' id='line_1_104' title="bbox 2267 4332 3814 4409; baseline 0.004 -24"><span class='ocrx_word' id='word_1_845' title='bbox 2267 4332 2410 4387; x_wconf 87' lang='lat' dir='ltr'><strong>sicut</strong></span> <span class='ocrx_word' id='word_1_846' title='bbox 2450 4333 2702 4402; x_wconf 86' lang='lat' dir='ltr'><strong>superius</strong></span> <span class='ocrx_word' id='word_1_847' title='bbox 2728 4332 2965 4390; x_wconf 81' lang='lat' dir='ltr'><strong>diximus</strong></span> <span class='ocrx_word' id='word_1_848' title='bbox 2996 4379 3012 4403; x_wconf 92' lang='lat'><strong>,</strong></span> <span class='ocrx_word' id='word_1_849' title='bbox 3065 4345 3120 4391; x_wconf 91' lang='lat' dir='ltr'><strong>et</strong></span> <span class='ocrx_word' id='word_1_850' title='bbox 3175 4336 3518 4409; x_wconf 89' lang='lat' dir='ltr'><strong>spiritaliter.</strong></span> <span class='ocrx_word' id='word_1_851' title='bbox 3570 4340 3814 4397; x_wconf 73' lang='lat' dir='ltr'><strong>Possumss</strong></span> 
     </span>
    </p>
   </div>
   <div class='ocr_carea' id='block_1_102' title="bbox 2268 4426 3815 4505">
    <p class='ocr_par' dir='ltr' id='par_1_102' title="bbox 2268 4426 3815 4505">
     <span class='ocr_line' id='line_1_105' title="bbox 2268 4426 3815 4505; baseline 0.005 -24"><span class='ocrx_word' id='word_1_852' title='bbox 2268 4426 2450 4497; x_wconf 82' lang='lat' dir='ltr'><strong>itaque</strong></span> <span class='ocrx_word' id='word_1_853' title='bbox 2472 4442 2570 4498; x_wconf 89' lang='lat' dir='ltr'><strong>per</strong></span> <span class='ocrx_word' id='word_1_854' title='bbox 2596 4428 2793 4483; x_wconf 67' lang='lat' dir='ltr'><strong>malum</strong></span> <span class='ocrx_word' id='word_1_855' title='bbox 2815 4430 3025 4485; x_wconf 91' lang='lat' dir='ltr'><strong>animas</strong></span> <span class='ocrx_word' id='word_1_856' title='bbox 3038 4441 3378 4501; x_wconf 89' lang='lat' dir='ltr'><strong>sanctorum,</strong></span> <span class='ocrx_word' id='word_1_857' title='bbox 3400 4449 3496 4505; x_wconf 91' lang='lat' dir='ltr'><strong>per</strong></span> <span class='ocrx_word' id='word_1_858' title='bbox 3522 4444 3709 4491; x_wconf 87' lang='lat' dir='ltr'><strong>terram</strong></span> <span class='ocrx_word' id='word_1_859' title='bbox 3727 4451 3815 4489; x_wconf 66' lang='grc' dir='ltr'>αιτ-</span> 
     </span>
    </p>
   </div>
   <div class='ocr_carea' id='block_1_103' title="bbox 2266 4521 3815 4597">
    <p class='ocr_par' dir='ltr' id='par_1_103' title="bbox 2266 4521 3815 4597">
     <span class='ocr_line' id='line_1_106' title="bbox 2266 4521 3815 4597; baseline 0.005 -22"><span class='ocrx_word' id='word_1_860' title='bbox 2266 4535 2401 4590; x_wconf 85' lang='lat' dir='ltr'><strong>pora</strong></span> <span class='ocrx_word' id='word_1_861' title='bbox 2429 4521 2757 4593; x_wconf 90' lang='lat' dir='ltr'><strong>intelligere.</strong></span> <span class='ocrx_word' id='word_1_862' title='bbox 2810 4522 3025 4580; x_wconf 82' lang='lat' dir='ltr'><strong>C(elum</strong></span> <span class='ocrx_word' id='word_1_863' title='bbox 3072 4541 3270 4581; x_wconf 86' lang='lat' dir='ltr'><strong>novum</strong></span> <span class='ocrx_word' id='word_1_864' title='bbox 3316 4530 3413 4583; x_wconf 78' lang='lat' dir='ltr'><strong>[iet</strong></span> <span class='ocrx_word' id='word_1_865' title='bbox 3440 4572 3457 4597; x_wconf 86' lang='lat'><strong>,</strong></span> <span class='ocrx_word' id='word_1_866' title='bbox 3499 4547 3617 4586; x_wconf 91' lang='lat' dir='ltr'><strong>cum</strong></span> <span class='ocrx_word' id='word_1_867' title='bbox 3662 4530 3815 4584; x_wconf 67' lang='lat' dir='ltr'><strong>anime</strong></span> 
     </span>
    </p>
   </div>
   <div class='ocr_carea' id='block_1_104' title="bbox 2262 4712 3817 4783">
    <p class='ocr_par' dir='ltr' id='par_1_104' title="bbox 2262 4712 3817 4783">
     <span class='ocr_line' id='line_1_107' title="bbox 2262 4712 3817 4783; baseline 0.006 -19"><span class='ocrx_word' id='word_1_868' title='bbox 2262 4719 2515 4765; x_wconf 88' lang='lat' dir='ltr'><strong>naturam</strong></span> <span class='ocrx_word' id='word_1_869' title='bbox 2570 4719 2735 4783; x_wconf 87' lang='lat' dir='ltr'><strong>atque</strong></span> <span class='ocrx_word' id='word_1_870' title='bbox 2791 4712 3025 4769; x_wconf 81' lang='lat' dir='ltr'><strong>formam</strong></span> <span class='ocrx_word' id='word_1_871' title='bbox 3073 4716 3451 4771; x_wconf 89' lang='lat' dir='ltr'><strong>restituentur.</strong></span> <span class='ocrx_word' id='word_1_872' title='bbox 3496 4716 3657 4774; x_wconf 78' lang='lat' dir='ltr'><strong>Terra</strong></span> <span class='ocrx_word' id='word_1_873' title='bbox 3714 4733 3817 4773; x_wconf 62' lang='lat' dir='ltr'><strong>non</strong></span> 
     </span>
    </p>
   </div>
   <div class='ocr_carea' id='block_1_105' title="bbox 2263 4804 3817 4882">
    <p class='ocr_par' dir='ltr' id='par_1_105' title="bbox 2263 4804 3817 4882">
     <span class='ocr_line' id='line_1_108' title="bbox 2263 4804 3817 4882; baseline 0.002 -23"><span class='ocrx_word' id='word_1_874' title='bbox 2263 4804 2545 4873; x_wconf 87' lang='lat' dir='ltr'><strong>elticietur,</strong></span> <span class='ocrx_word' id='word_1_875' title='bbox 2592 4821 2715 4862; x_wconf 91' lang='lat' dir='ltr'><strong>cum</strong></span> <span class='ocrx_word' id='word_1_876' title='bbox 2755 4821 2985 4878; x_wconf 89' lang='lat' dir='ltr'><strong>corpora</strong></span> <span class='ocrx_word' id='word_1_877' title='bbox 3029 4818 3341 4866; x_wconf 85' lang='lat' dir='ltr'><strong>sanctorum</strong></span> <span class='ocrx_word' id='word_1_878' title='bbox 3387 4827 3509 4882; x_wconf 69' lang='lat' dir='ltr'><strong>qum</strong></span> <span class='ocrx_word' id='word_1_879' title='bbox 3526 4823 3674 4869; x_wconf 73' lang='lat' dir='ltr'><strong>ante:</strong></span> <span class='ocrx_word' id='word_1_880' title='bbox 3701 4821 3817 4866; x_wconf 78' lang='lat' dir='ltr'><strong>erant</strong></span> 
     </span>
    </p>
   </div>
   <div class='ocr_carea' id='block_1_106' title="bbox 2265 4901 3818 4975">
    <p class='ocr_par' dir='ltr' id='par_1_106' title="bbox 2265 4901 3818 4975">
     <span class='ocr_line' id='line_1_109' title="bbox 2265 4901 3818 4975; baseline 0.003 -20"><span class='ocrx_word' id='word_1_881' title='bbox 2265 4901 2513 4956; x_wconf 90' lang='lat' dir='ltr'><strong>mortalia</strong></span> <span class='ocrx_word' id='word_1_882' title='bbox 2584 4911 2750 4974; x_wconf 91' lang='lat' dir='ltr'><strong>atque</strong></span> <span class='ocrx_word' id='word_1_883' title='bbox 2804 4904 3214 4975; x_wconf 85' lang='lat' dir='ltr'><strong>corruptibitia,</strong></span> <span class='ocrx_word' id='word_1_884' title='bbox 3286 4908 3612 4963; x_wconf 80' lang='lat' dir='ltr'><strong>immortalia</strong></span> <span class='ocrx_word' id='word_1_885' title='bbox 3660 4918 3711 4964; x_wconf 87' lang='lat' dir='ltr'><strong>et</strong></span> <span class='ocrx_word' id='word_1_886' title='bbox 3764 4906 3818 4959; x_wconf 77' lang='lat' dir='ltr'><strong>in-</strong></span> 
     </span>
    </p>
   </div>
   <div class='ocr_carea' id='block_1_107' title="bbox 2264 4994 3818 5072">
    <p class='ocr_par' dir='ltr' id='par_1_107' title="bbox 2264 4994 3818 5072">
     <span class='ocr_line' id='line_1_110' title="bbox 2264 4994 3818 5072; baseline 0.002 -24"><span class='ocrx_word' id='word_1_887' title='bbox 2264 4994 2637 5065; x_wconf 88' lang='lat' dir='ltr'><strong>corruptibilia</strong></span> <span class='ocrx_word' id='word_1_888' title='bbox 2660 4995 2977 5052; x_wconf 87' lang='lat' dir='ltr'><strong>reddentur.</strong></span> <span class='ocrx_word' id='word_1_889' title='bbox 3031 4996 3189 5069; x_wconf 65' lang='lat' dir='ltr'><strong>Saepe</strong></span> <span class='ocrx_word' id='word_1_890' title='bbox 3219 5014 3353 5056; x_wconf 85' lang='lat' dir='ltr'><strong>vero</strong></span> <span class='ocrx_word' id='word_1_891' title='bbox 3385 5016 3485 5072; x_wconf 91' lang='lat' dir='ltr'><strong>per</strong></span> <span class='ocrx_word' id='word_1_892' title='bbox 3513 5017 3662 5057; x_wconf 88' lang='lat' dir='ltr'><strong>mare</strong></span> <span class='ocrx_word' id='word_1_893' title='bbox 3705 5001 3818 5069; x_wconf 67' lang='lat' dir='ltr'><strong>impii</strong></span> 
     </span>
    </p>
   </div>
   <div class='ocr_carea' id='block_1_108' title="bbox 2268 5083 3819 5165">
    <p class='ocr_par' dir='ltr' id='par_1_108' title="bbox 2268 5083 3819 5165">
     <span class='ocr_line' id='line_1_111' title="bbox 2268 5083 3819 5165; baseline 0.006 -26"><span class='ocrx_word' id='word_1_894' title='bbox 2268 5083 2638 5157; x_wconf 89' lang='lat' dir='ltr'><strong>designantur,</strong></span> <span class='ocrx_word' id='word_1_895' title='bbox 2690 5088 2906 5145; x_wconf 88' lang='lat' dir='ltr'><strong>dicente</strong></span> <span class='ocrx_word' id='word_1_896' title='bbox 2934 5089 3093 5145; x_wconf 88' lang='lat' dir='ltr'><strong>Esaia</strong></span> <span class='ocrx_word' id='word_1_897' title='bbox 3150 5096 3452 5163; x_wconf 83' lang='lat' dir='ltr'><strong>prapheta:</strong></span> <span class='ocrx_word' id='word_1_898' title='bbox 3510 5093 3664 5165; x_wconf 81' lang='lat' dir='ltr'><strong>Inspii</strong></span> <span class='ocrx_word' id='word_1_899' title='bbox 3708 5092 3819 5161; x_wconf 68' lang='lat' dir='ltr'><strong>qusi</strong></span> 
     </span>
    </p>
   </div>
   <div class='ocr_carea' id='block_1_109' title="bbox 2266 5183 3819 5257">
    <p class='ocr_par' dir='ltr' id='par_1_109' title="bbox 2266 5183 3819 5257">
     <span class='ocr_line' id='line_1_112' title="bbox 2266 5183 3819 5257; baseline 0.005 -26"><span class='ocrx_word' id='word_1_900' title='bbox 2266 5195 2407 5233; x_wconf 87' lang='lat' dir='ltr'><strong>mare</strong></span> <span class='ocrx_word' id='word_1_901' title='bbox 2430 5184 2628 5250; x_wconf 78' lang='lat' dir='ltr'><strong>fervens</strong></span> <span class='ocrx_word' id='word_1_902' title='bbox 2646 5223 2663 5250; x_wconf 91' lang='lat'><strong>,</strong></span> <span class='ocrx_word' id='word_1_903' title='bbox 2691 5183 2829 5252; x_wconf 85' lang='lat' dir='ltr'><strong>quod</strong></span> <span class='ocrx_word' id='word_1_904' title='bbox 2856 5184 3112 5253; x_wconf 85' lang='lat' dir='ltr'><strong>quiescere</strong></span> <span class='ocrx_word' id='word_1_905' title='bbox 3140 5201 3244 5240; x_wconf 89' lang='lat' dir='ltr'><strong>non</strong></span> <span class='ocrx_word' id='word_1_906' title='bbox 3268 5197 3437 5257; x_wconf 87' lang='lat' dir='ltr'><strong>potest</strong></span> <span class='ocrx_word' id='word_1_907' title='bbox 3466 5228 3484 5256; x_wconf 91' lang='lat'><strong>,</strong></span> <span class='ocrx_word' id='word_1_908' title='bbox 3511 5197 3556 5243; x_wconf 84' lang='lat' dir='ltr'><strong>et</strong></span> <span class='ocrx_word' id='word_1_909' title='bbox 3576 5186 3819 5243; x_wconf 68' lang='lat' dir='ltr'><strong>redundant</strong></span> 
     </span>
    </p>
   </div>
   <div class='ocr_carea' id='block_1_110' title="bbox 2260 5274 3819 5353">
    <p class='ocr_par' dir='ltr' id='par_1_110' title="bbox 2260 5274 3819 5353">
     <span class='ocr_line' id='line_1_113' title="bbox 2260 5274 3819 5353; baseline 0.003 -27"><span class='ocrx_word' id='word_1_910' title='bbox 2260 5274 2451 5341; x_wconf 86' lang='lat' dir='ltr'><strong>ﬂuctus</strong></span> <span class='ocrx_word' id='word_1_911' title='bbox 2471 5278 2582 5347; x_wconf 87' lang='lat' dir='ltr'><strong>ejus</strong></span> <span class='ocrx_word' id='word_1_912' title='bbox 2610 5277 2665 5330; x_wconf 90' lang='lat' dir='ltr'><strong>in</strong></span> <span class='ocrx_word' id='word_1_913' title='bbox 2693 5279 3129 5333; x_wconf 86' lang='lat' dir='ltr'><strong>conculcationem</strong></span> <span class='ocrx_word' id='word_1_914' title='bbox 3179 5289 3224 5333; x_wconf 88' lang='lat' dir='ltr'><strong>et</strong></span> <span class='ocrx_word' id='word_1_915' title='bbox 3269 5280 3441 5335; x_wconf 84' lang='lat' dir='ltr'><strong>lutum</strong></span> <span class='ocrx_word' id='word_1_916' title='bbox 3493 5282 3512 5353; x_wconf 96' lang='lat'>(</span> <span class='ocrx_word' id='word_1_917' title='bbox 3536 5279 3679 5336; x_wconf 83' lang='lat' dir='ltr'><strong>Esai.</strong></span> <span class='ocrx_word' id='word_1_918' title='bbox 3708 5292 3819 5339; x_wconf 76' lang='lat' dir='ltr'><strong>un,</strong></span> 
     </span>
    </p>
   </div>
   <div class='ocr_carea' id='block_1_111' title="bbox 2261 5367 3817 5461">
    <p class='ocr_par' dir='ltr' id='par_1_111' title="bbox 2261 5367 3817 5461">
     <span class='ocr_line' id='line_1_114' title="bbox 2261 5367 3817 5461; baseline 0.004 -39"><span class='ocrx_word' id='word_1_919' title='bbox 2261 5367 2333 5424; x_wconf 77' lang='lat'><strong>20</strong></span> <span class='ocrx_word' id='word_1_920' title='bbox 2358 5370 2400 5438; x_wconf 91' lang='lat'><strong>).</strong></span> <span class='ocrx_word' id='word_1_921' title='bbox 2426 5370 2574 5425; x_wconf 86' lang='lat' dir='ltr'><strong>Mare</strong></span> <span class='ocrx_word' id='word_1_922' title='bbox 2604 5370 2769 5442; x_wconf 91' lang='lat' dir='ltr'><strong>igitur</strong></span> <span class='ocrx_word' id='word_1_923' title='bbox 2782 5372 2897 5443; x_wconf 88' lang='lat' dir='ltr'><strong>jam</strong></span> <span class='ocrx_word' id='word_1_924' title='bbox 2927 5388 3033 5429; x_wconf 90' lang='lat' dir='ltr'><strong>non</strong></span> <span class='ocrx_word' id='word_1_925' title='bbox 3059 5375 3198 5441; x_wconf 90' lang='lat' dir='ltr'><strong>erit;</strong></span> <span class='ocrx_word' id='word_1_926' title='bbox 3222 5377 3349 5446; x_wconf 91' lang='lat' dir='ltr'><strong>quia</strong></span> <span class='ocrx_word' id='word_1_927' title='bbox 3372 5379 3555 5461; x_wconf 70' lang='lat' dir='ltr'><strong>omnis</strong></span> <span class='ocrx_word' id='word_1_928' title='bbox 3572 5374 3817 5433; x_wconf 66' lang='lat' dir='ltr'><strong>multitude</strong></span> 
     </span>
    </p>
   </div>
   <div class='ocr_carea' id='block_1_112' title="bbox 2261 5458 3816 5540">
    <p class='ocr_par' dir='ltr' id='par_1_112' title="bbox 2261 5458 3816 5540">
     <span class='ocr_line' id='line_1_115' title="bbox 2261 5458 3816 5540; baseline 0.003 -19"><span class='ocrx_word' id='word_1_929' title='bbox 2261 5465 2554 5536; x_wconf 90' lang='lat' dir='ltr'><strong>impiorum</strong></span> <span class='ocrx_word' id='word_1_930' title='bbox 2583 5481 2705 5522; x_wconf 92' lang='lat' dir='ltr'><strong>cum</strong></span> <span class='ocrx_word' id='word_1_931' title='bbox 2733 5465 3119 5540; x_wconf 89' lang='lat' dir='ltr'><strong>deceptoribus</strong></span> <span class='ocrx_word' id='word_1_932' title='bbox 3146 5472 3260 5527; x_wconf 90' lang='lat' dir='ltr'><strong>suis</strong></span> <span class='ocrx_word' id='word_1_933' title='bbox 3280 5458 3625 5529; x_wconf 68' lang='lat' dir='ltr'><strong>daemonibus</strong></span> <span class='ocrx_word' id='word_1_934' title='bbox 3668 5472 3716 5526; x_wconf 86' lang='lat' dir='ltr'><strong>in</strong></span> <span class='ocrx_word' id='word_1_935' title='bbox 3757 5468 3816 5522; x_wconf 71' lang='lat' dir='ltr'><strong>in-</strong></span> 
     </span>
    </p>
   </div>
   <div class='ocr_carea' id='block_1_113' title="bbox 2335 5647 3814 5730">
    <p class='ocr_par' dir='ltr' id='par_1_113' title="bbox 2335 5647 3814 5730">
     <span class='ocr_line' id='line_1_116' title="bbox 2335 5647 3814 5730; baseline -0.004 -24"><span class='ocrx_word' id='word_1_936' title='bbox 2335 5656 2357 5684; x_wconf 78' lang='lat'><em>°</em></span> <span class='ocrx_word' id='word_1_937' title='bbox 2399 5647 2603 5730; x_wconf 66' lang='lat' dir='ltr'><strong>Eadem</strong></span> <span class='ocrx_word' id='word_1_938' title='bbox 2634 5649 2893 5730; x_wconf 87' lang='lat' dir='ltr'><strong>edit.,_a_d</strong></span> <span class='ocrx_word' id='word_1_939' title='bbox 2912 5652 3250 5730; x_wconf 69' lang='lat' dir='ltr'><strong>reproborum</strong></span> <span class='ocrx_word' id='word_1_940' title='bbox 3294 5658 3665 5730; x_wconf 80' lang='lat' dir='ltr'><strong>dejectionem;</strong></span> <span class='ocrx_word' id='word_1_941' title='bbox 3714 5667 3814 5709; x_wconf 77' lang='lat' dir='ltr'><strong>mss.</strong></span> 
     </span>
    </p>
   </div>
   <div class='ocr_carea' id='block_1_114' title="bbox 2260 5719 3813 5803">
    <p class='ocr_par' dir='ltr' id='par_1_114' title="bbox 2260 5719 3813 5803">
     <span class='ocr_line' id='line_1_117' title="bbox 2260 5719 3813 5803; baseline 0.004 -31"><span class='ocrx_word' id='word_1_942' title='bbox 2260 5732 2414 5803; x_wconf 69' lang='lat' dir='ltr'><strong>vero,</strong></span> <span class='ocrx_word' id='word_1_943' title='bbox 2442 5719 2490 5774; x_wconf 89' lang='lat' dir='ltr'><strong>si</strong></span> <span class='ocrx_word' id='word_1_944' title='bbox 2519 5720 2654 5792; x_wconf 80' lang='lat' dir='ltr'><strong>Reg.</strong></span> <span class='ocrx_word' id='word_1_945' title='bbox 2685 5719 2951 5795; x_wconf 82' lang='lat' dir='ltr'><strong>excipias,</strong></span> <span class='ocrx_word' id='word_1_946' title='bbox 2970 5719 2979 5723; x_wconf 71' lang='grc'>⁷</span> <span class='ocrx_word' id='word_1_947' title='bbox 3001 5726 3337 5803; x_wconf 76' lang='lat' dir='ltr'><strong>dejectionem</strong></span> <span class='ocrx_word' id='word_1_948' title='bbox 3352 5719 3487 5803; x_wconf 66' lang='lat' dir='ltr'><strong>&#39;non</strong></span> <span class='ocrx_word' id='word_1_949' title='bbox 3506 5719 3783 5803; x_wconf 78' lang='lat' dir='ltr'><strong>agnoscunt</strong></span> <span class='ocrx_word' id='word_1_950' title='bbox 3807 5739 3813 5771; x_wconf 78' lang='grc' dir='ltr'>τ</span> 
     </span>
    </p>
   </div>
   <div class='ocr_carea' id='block_1_115' title="bbox 2258 5790 3815 5858">
    <p class='ocr_par' dir='ltr' id='par_1_115' title="bbox 2258 5790 3815 5858">
     <span class='ocr_line' id='line_1_118' title="bbox 2258 5790 3815 5858; baseline 0.008 -14"><span class='ocrx_word' id='word_1_951' title='bbox 2258 5790 2357 5846; x_wconf 90' lang='lat' dir='ltr'><strong>sed</strong></span> <span class='ocrx_word' id='word_1_952' title='bbox 2408 5790 2957 5853; x_wconf 42' lang='lat' dir='ltr'><strong>vocem—mortuorum</strong></span> <span class='ocrx_word' id='word_1_953' title='bbox 2986 5790 3195 5855; x_wconf 72' lang='lat' dir='ltr'><strong>referre</strong></span> <span class='ocrx_word' id='word_1_954' title='bbox 3245 5798 3378 5857; x_wconf 90' lang='lat' dir='ltr'><strong>licet</strong></span> <span class='ocrx_word' id='word_1_955' title='bbox 3424 5802 3496 5858; x_wconf 85' lang='lat' dir='ltr'><strong>ad</strong></span> <span class='ocrx_word' id='word_1_956' title='bbox 3524 5790 3815 5858; x_wconf 44' lang='lat' dir='ltr'><strong>resurrectu-</strong></span> 
     </span>
    </p>
   </div>
   <div class='ocr_carea' id='block_1_116' title="bbox 2259 5877 2393 5917">
    <p class='ocr_par' dir='ltr' id='par_1_116' title="bbox 2259 5877 2393 5917">
     <span class='ocr_line' id='line_1_119' title="bbox 2259 5877 2393 5917; baseline 0.015 -2"><span class='ocrx_word' id='word_1_957' title='bbox 2259 5877 2393 5917; x_wconf 86' lang='lat' dir='ltr'><strong>nem.</strong></span> 
     </span>
    </p>
   </div>
  </div>
