3950 6314
79 280 181 337 9'57

842 273 910 330 IN
950 271 1428 366 APOCALXPSIN
1468 272 1852 332 EXPOSITIO.
1899 275 1984 332 DE
2025 276 2297 337 VISIONE
2338 280 2589 338 SEXTA.

3262 283 3370 340 958

81 397 281 452 fernum
313 391 562 461 detrusa,
585 400 913 464 praesentem
940 392 1129 448 mundi
1152 391 1348 449 faciem
1397 407 1426 448 a
1459 407 1556 448 sua
1580 392 1660 448 in—
1688 395 1738 458 Α
1837 391 1907 448 Et
1929 409 2068 449 mors
2099 396 2238 451 ultra
2267 413 2369 451 non
2391 398 2510 453 erit.
2559 395 2775 452 Primus
2827 396 2990 452 homo
3043 397 3372 455 immortalis

80 490 286 562 quinata
312 487 645 544 habitatione
670 489 925 544 mundam
956 486 1316 559 praestabunt.

147 583 320 656 (Vers.
347 580 428 652 2.)
486 580 554 636 Et
581 583 838 638 civitatem
891 591 1127 636 sanctam
1170 580 1506 637 Hierusalem
1554 580 1663 636 uidi

79 677 448 732 descendentem
469 675 534 731 de
570 677 696 732 caelo
721 693 752 730 a
779 673 889 731 Deo
908 717 922 743 ,
947 684 1186 748 paratam
1235 675 1368 730 sicut
1415 691 1658 745 sponsam

79 780 301 825 omalant
327 768 432 824 viro
452 785 566 824 suo.
597 768 802 826 Civitas
832 768 1172 824 Hierusalem
1217 767 1460 824 Ecclesia
1481 777 1566 824 est
1591 775 1660 824 ex

77 863 316 920 omnibus
336 861 499 934 justis
525 871 873 919 constructa:
902 861 971 918 de
992 862 1133 918 caelo
1155 859 1483 926 descendet;
1533 858 1660 931 quia

79 959 294 1016 Domino
317 958 382 1014 ad
405 957 674 1029 judicium
698 957 952 1015 veniente
973 998 990 1026 ,
1013 971 1137 1014 cum
1170 957 1264 1012 illo
1301 956 1482 1011 omnis
1516 954 1659 1009 mul-

77 1053 240 1110 titudo
267 1061 577 1109 sanctorum
607 1054 820 1118 veniet,
838 1051 978 1108 sicut
1002 1051 1135 1106 dicit
1157 1049 1344 1107 Esaias
1364 1047 1657 1121 propheta:

75 1149 314 1204 Dominus
341 1149 410 1204 ad
429 1149 693 1223 judicium
719 1149 883 1204 veniet
928 1163 1045 1202 cum
1064 1146 1269 1202 senibus
1295 1145 1473 1218 pepuli
1496 1144 1596 1208 sui,
1614 1151 1660 1198 et

77 1243 384 1315 principibus
427 1246 539 1316 ejus
574 1244 592 1314 (
621 1241 769 1296 Esai.
795 1258 880 1306 ιιι,
937 1240 1066 1311 ﬂ).
1124 1241 1193 1295 Et
1225 1237 1660 1310 sapientissimus

77 1336 322 1392 Salomon
360 1337 413 1391 in
444 1335 788 1391 PrOVerbiis:
838 1333 1043 1389 Nobilis
1081 1335 1136 1387 in
1181 1334 1344 1397 portis
1385 1333 1462 1386 vir
1507 1333 1618 1403 ejus
1644 1369 1658 1396 ,

74 1429 269 1498 quando
294 1428 479 1483 sederit
505 1444 624 1482 cum
648 1426 965 1483 senatoribus
993 1424 1333 1498 terra:(Prov.
1362 1439 1513 1489 snt,
1533 1421 1660 1492 23).

75 1519 198 1590 Quae
223 1521 360 1576 sicut
388 1535 586 1592 sponsa
612 1529 806 1593 parata
831 1529 885 1575 et
907 1527 1100 1575 ornata
1123 1534 1246 1576 esse
1274 1517 1474 1574 dicitur
1498 1533 1513 1583 ;
1538 1515 1662 1587 quia

74 1615 211 1672 sicut
231 1629 429 1687 sponsa
458 1614 690 1671 diversis
715 1613 1006 1670 monilibus
1029 1621 1085 1670 et
1107 1611 1445 1669 ornamentis
1465 1618 1665 1667 semet-

75 1709 236 1780 ipsam
289 1718 545 1779 exornat,
598 1719 656 1765 ut
677 1723 880 1782 sponso
917 1724 1018 1764 suo
1048 1708 1293 1779 placeat:
1325 1707 1399 1762 ita
1447 1714 1503 1762 et
1557 1705 1665 1762 Ec-

1762 485 1938 543 factus
1961 495 2072 543 est:
2100 490 2378 559 peccando
2394 499 2576 547 autem
2603 499 2658 546 et
2674 489 3140 548 immortalitatem
3157 493 3365 561 amisit,

1760 588 1814 636 et
1842 589 2072 636 mortem
2103 581 2306 638 mundo
2334 583 2536 638 intulit.
2569 583 3364 643 Postresurrectionemautem

1763 689 1913 730 mors
1936 689 2043 730 non
2073 675 2220 742 erit;
2246 677 2372 747 quia
2403 686 2460 734 et
2484 678 2601 748 ipse
2627 677 2878 749 princeps
2904 681 3100 736 mortis
3120 679 3370 737 diabolus

1761 781 1885 823 cum
1907 768 2162 824 omnibus
2185 768 2516 826 satellitibus
2544 771 2658 826 suis
2687 772 2742 827 in
2774 771 3044 831 infernum
3096 785 3368 847 perpetuo

1762 863 2014 920 reclusus
2063 862 2361 928 tenebitur,
2412 872 2469 918 et
2513 864 2896 924 immortalitas
2953 884 3114 940 quam
3156 871 3367 941 primus

1763 957 1928 1013 homo
1978 956 2262 1028 peccando
2316 957 2523 1026 amisit,
2574 958 2739 1030 justis
2785 960 3081 1018 reddetur:
3133 971 3190 1020 et
3245 978 3372 1032 pos—

1761 1052 1994 1110 sibilitas
2063 1053 2348 1124 peccandi,
2415 1068 2536 1124 quae
2611 1064 2840 1112 mortem
2919 1060 3121 1115 mundo
3167 1059 3369 1128 intulit,

1763 1147 1832 1203 ab
1853 1148 1933 1204 eis
1955 1147 2249 1205 auferetur.
2288 1147 2469 1218 Neque
2513 1148 2702 1204 luctus.
2748 1150 2882 1207 Cum
2925 1156 3179 1224 superius
3229 1155 3378 1211 dicat

1763 1243 1910 1314 quod
1955 1243 2232 1316 absterget
2269 1245 2414 1300 Deus
2468 1259 2685 1300 omnem
2744 1245 3034 1319 lacrymam
3092 1248 3161 1303 ab
3197 1249 3374 1305 oculis

1763 1347 2098 1401 sanctorum,
2126 1337 2255 1407 quid
2276 1351 2504 1393 necesse
2527 1336 2813 1394 fuitinhoc
2838 1340 2959 1396 loco
2973 1341 3176 1395 luctum
3208 1355 3380 1412 pone-

1767 1427 1866 1482 re?
1896 1428 2001 1484 Sed
2019 1429 2162 1485 inter
2185 1428 2506 1486 eﬂusionem
2535 1431 2900 1502 laerymarum
2932 1440 2988 1487 et
3036 1433 3236 1488 luctum
3262 1434 3379 1489 ali-

1763 1535 1869 1592 qua
1898 1521 2151 1577 distantia
2178 1532 2294 1589 est;
2327 1539 2452 1578 nam
2485 1523 2702 1578 tristitia
2728 1524 3382 1597 saepelacrymascducit,

1768 1622 1794 1649 α
1825 1615 2418 1688 saepegaudium,stepe
2447 1616 2810 1684 desiderium,
2843 1633 2991 1690 saepe
3023 1619 3244 1686 laetitia;
3265 1622 3382 1677 luc-

1767 1719 1852 1765 tus
1881 1723 2009 1764 vero
2036 1723 2253 1778 semper
2279 1725 2348 1767 ex
2376 1725 2575 1782 magno
2603 1726 2838 1768 maerore
2866 1713 3149 1781 nascitur;
3200 1715 3380 1770 luctus

74 1805 228 1862 clesia
258 1803 490 1861 diversis
513 1805 806 1861 virtutibus
831 1804 1145 1873 decoratur,
1181 1813 1240 1860 ut
1265 1800 1511 1860 Creatori
1538 1816 1661 1869 suo,
1695 1797 2001 1874 B‘namque
2023 1811 2106 1860 est
2131 1802 2290 1860 ﬂetus
2317 1804 2529 1861 dierum
2552 1805 2874 1862 multorum.
2908 1806 3153 1878 Lugebat
3181 1807 3382 1863 Paulus

75 1896 159 1968 qui
179 1906 262 1952 est
290 1911 523 1968 sponsus
547 1897 667 1969 ejus
691 1940 707 1966 ,
757 1898 972 1968 placere
1001 1897 1198 1952 valeat.

142 1988 417 2061 (Vers.3.)
448 1988 520 2044 Et
539 1989 902 2045 audioivocem
914 2005 1158 2061 magnam
1179 1988 1242 2043 de
1272 1988 1458 2044 throno
1485 1989 1661 2044 dicen-

76 2093 167 2139 tem
196 2083 368 2140 :Ecce
385 2083 774 2140 tabernaculum
791 2084 886 2140 Dei
909 2101 1026 2139 cum
1047 2083 1358 2149 hominibus,
1386 2092 1431 2138 et
1463 2083 1664 2138 habita-

77 2179 140 2234 bit
154 2195 264 2234 cum
283 2180 396 2247 eis;
418 2188 465 2235 et
489 2180 591 2252 ipsi
610 2178 834 2250 papulus
859 2180 972 2249 ejus
991 2187 1173 2244 erunt,
1203 2186 1248 2232 et
1273 2178 1384 2247 ipse
1408 2175 1666 2232 Dominus

78 2287 186 2326 cum
215 2274 286 2328 eis
314 2273 409 2328 erit
452 2289 626 2328 eorum
657 2270 820 2328 Deus.
843 2273 1060 2329 Scimus
1100 2287 1196 2344 per
1221 2271 1494 2328 civitatem
1542 2269 1669 2326 Hie-

80 2369 311 2425 rusalem
371 2377 426 2423 et
475 2367 885 2424 tabernaculum
925 2367 1139 2422 Domini
1169 2365 1468 2422 Ecclesiam
1520 2378 1668 2435 saepe

77 2476 191 2517 esse
217 2461 583 2532 designatam.
619 2457 826 2516 Civitas
855 2475 988 2531 ergo
1021 2459 1073 2515 in
1102 2458 1205 2515 hoc
1244 2458 1362 2514 loco
1389 2466 1445 2515 et
1490 2458 1674 2514 taber-

78 2555 328 2612 naculum
382 2554 625 2611 Ecclesia
671 2563 927 2620 vocatur;
960 2567 1026 2610 eo
1053 2551 1198 2624 quod
1245 2552 1299 2608 in
1341 2551 1430 2606 illa
1467 2550 1674 2608 habitet

78 2648 234 2718 Deus,
264 2649 409 2704 sicut
432 2648 547 2719 ipse
568 2647 726 2717 jdicit
746 2661 843 2718 per
870 2646 1190 2718 prophetam
1219 2663 1232 2700 :
1260 2642 1567 2699 Inhabitabo
1619 2643 1673 2697 in

78 2742 211 2807 illis,
265 2750 318 2797 et
356 2739 720 2806 inambulabo,
763 2749 835 2812 ,ετ
889 2754 975 2793 ero
1025 2735 1238 2792 illorum
1277 2734 1446 2803 Deus,
1495 2741 1544 2790 et
1575 2733 1675 2805 ipsi

78 2843 219 2889 erunt
242 2834 373 2889 mihi
387 2833 610 2906 populus
635 2831 826 2904 (Leuit.
843 2845 992 2898 xxvr,
1011 2829 1122 2901 12).

143 2927 330 2997 (Vers.
365 2926 447 2998 4.)
474 2925 542 2980 Et
570 2925 822 2998 absterget
879 2922 1016 2979 Deus
1042 2938 1244 2977 omnent
1297 2922 1583 2992 lacrymam
1611 2920 1676 2974 ab

80 3022 234 3076 oculis
264 3036 466 3077 eorum.
500 3019 711 3076 Anima:
731 3017 973 3074 omnium
1022 3015 1301 3072 hominum
1342 3013 1678 3070 immortales

78 3129 270 3174 creatae
298 3125 446 3186 sunt,
469 3117 614 3175 sicut
639 3116 905 3172 Dominus
929 3113 1063 3170 dicit
1110 3113 1166 3169 in
1192 3113 1526 3184 Evangelio:
1558 3109 1678 3168 No-

1765 1911 1882 1962 eos,
1927 1897 2021 1970 qui
2051 1907 2435 1968 peccaverunt,
2467 1907 2524 1954 et
2550 1913 2659 1955 non
2693 1909 2927 1971 egerunt
2976 1900 3374 1971 paenitentiam.

1765 1989 1833 2045 Et
1863 1989 2126 2047 Salomon
2161 1991 2403 2063 loquitur
2429 1992 2649 2049 dicens:
2685 1991 2884 2049 Luctus
2928 1996 3125 2048 mortui
3179 2006 3380 2065 septem

1768 2083 1966 2152 diebus,
2001 2085 2172 2142 luctus
2198 2096 2372 2141 autem
2418 2087 2556 2158 fatui
2609 2087 2846 2141 omnibus
2893 2088 3073 2142 diebus
3104 2089 3222 2143 uitte
3267 2090 3384 2154 eius

1769 2176 1962 2246 (Eccli.
1996 2194 2130 2246 χιιι,
2161 2180 2273 2248 15).
2299 2178 2544 2236 Ecclesia
2574 2195 2722 2236 nunc
2747 2180 2802 2236 in
2835 2180 2980 2236 luctu
3007 2189 3114 2247 est,
3145 2196 3212 2237 eo
3235 2183 3382 2252 quod

1769 2284 1866 2341 per
1881 2270 2230 2343 deceptiones
2248 2272 2556 2330 daemonum
2581 2274 2825 2345 quotidie
2851 2276 3142 2330 maximam
3169 2287 3382 2346 partem

1771 2378 1839 2420 ex
1861 2365 1976 2420 suis
2001 2366 2248 2421 amittat:
2303 2367 2355 2422 in
2383 2366 2472 2422 illa
2504 2375 2687 2422 autem
2717 2369 2827 2421 vita
2881 2367 3061 2424 luctus
3102 2384 3211 2424 non
3253 2370 3381 2434 erit,

1771 2456 1895 2528 quia
1925 2473 2022 2528 per
2042 2456 2392 2530 deceptiones
2419 2460 2726 2516 daemonum
2761 2460 2967 2515 nullum
2986 2476 3052 2518 ex
3087 2463 3200 2517 suis
3226 2463 3385 2518 amit-

1777 2561 1891 2608 tere
1915 2554 2135 2624 poterit.
2172 2551 2352 2626 Neque
2381 2555 2600 2610 clamor.
2633 2555 2689 2610 In
2732 2553 2930 2611 Genesi
2985 2557 3252 2628 scriptum
3298 2567 3387 2615 est

1774 2647 1919 2717 quod
1950 2646 2150 2704 dixerit
2169 2649 2316 2705 Deus
2346 2649 2414 2705 ad
2437 2650 2746 2706 Abraham:
2771 2648 2981 2706 Clamor
3031 2651 3386 2709 Sodomorum

1777 2748 1824 2793 et
1839 2737 2146 2818 Gomorrha:
2166 2743 2300 2796 uenit
2319 2743 2387 2796 ad
2413 2759 2492 2798 me
2515 2740 2670 2815 (Gen.
2698 2759 2851 2811 xvnt,
2885 2743 3003 2815 20).
3035 2744 3228 2801 Esaias
3255 2762 3387 2802 vero

1777 2834 2040 2904 propheta
2069 2835 2199 2907 quid
2229 2838 2300 2891 sit
2323 2836 2534 2892 clamor
2563 2836 2953 2906 Sodomorum,
2985 2841 3233 2910 exponit,
3259 2855 3386 2896 cum

1779 2926 2022 2999 loquitur
2039 2928 2108 2984 de
2163 2928 2362 2986 Israel:
2424 2931 2703 2986 Peccatum
2751 2949 2904 2986 suum
2953 2936 3104 3004 quasi
3149 2933 3387 2991 Sodoma

1781 3023 2210 3092 praedicaverunt,
2242 3041 2334 3080 nec
2351 3025 2733 3081 absconderant
2760 3026 2933 3100 (Esai.
2963 3045 3044 3095 nt,
3074 3031 3152 3101 9)‘.
3185 3029 3392 3087 Praedi-

1781 3116 1926 3171 catio
1958 3116 2122 3188 igitur
2152 3117 2357 3188 peccati
2391 3118 2602 3174 clamor
2633 3129 2878 3175 vocatur.
2908 3121 3203 3178 Possumus
3223 3123 3388 3179 etiam

82 3213 164 3267 lite
205 3213 385 3268 timere
437 3228 556 3279 eos,
613 3211 702 3280 qui
732 3211 970 3266 occidunt
991 3225 1198 3283 corpus,
1251 3209 1479 3264 animum
1506 3217 1673 3264 autent
1702 3199 1748 3264 C
1779 3211 2072 3266 clamorem
2097 3210 2255 3266 aliter
2276 3209 2615 3282 intelligere;
2643 3211 2930 3268 Psalmista
2976 3215 3390 3286 namquedicit:

80 3326 178 3364 non
203 3319 417 3379 possunt
443 3307 676 3364 occidere
701 3305 914 3379 (Matth.
946 3321 978 3360 ι
999 3345 1014 3370 ,
1054 3305 1127 3361 28
1148 3303 1194 3375 ).
1241 3303 1501 3372 Quamvis
1527 3302 1675 3358 enim

82 3402 380 3458 moriantur
411 3407 670 3472 peccato,
717 3407 814 3454 aut
843 3412 908 3454 ea
958 3404 1139 3452 morte
1165 3410 1325 3467 quam
1362 3395 1592 3466 primam
1623 3403 1679 3450 et

79 3495 374 3552 secundam
432 3493 707 3561 diximus;
766 3503 945 3548 tamen
994 3506 1102 3547 non
1144 3491 1217 3546 ita
1251 3489 1583 3557 moriuntur,
1620 3498 1678 3545 ut

79 3591 294 3662 penitus
325 3605 433 3646 non
455 3588 567 3645 sint
595 3607 608 3643 :
637 3587 734 3644 sed
775 3601 965 3644 earum
996 3584 1142 3641 male
1173 3599 1298 3641 esse
1343 3598 1491 3639 mors
1516 3598 1678 3638 voca-

80 3692 181 3738 tur.
214 3683 332 3738 Duo
359 3696 580 3754 quoque
612 3689 859 3751 tempora
901 3679 970 3736 iis
996 3676 1284 3734 constituit
1312 3676 1455 3734 Deus
1479 3718 1494 3742 ,
1538 3690 1678 3747 pra:-

79 3779 252 3834 sentis
277 3777 434 3844 vitae,
469 3776 618 3850 quod
648 3776 758 3833 cito
784 3775 969 3831 finitur
993 3791 1006 3829 :
1032 3785 1086 3830 et
1111 3773 1307 3828 futurae
1324 3814 1340 3840 ,
1362 3770 1508 3844 quod
1532 3770 1678 3826 ﬁniri

79 3887 182 3927 non
217 3879 432 3943 potest;
456 3886 735 3944 unumque
752 3870 907 3928 ﬂetui
927 3878 981 3926 et
1009 3869 1233 3925 maerori
1250 3909 1266 3936 ,
1289 3868 1522 3924 alterum
1547 3881 1680 3939 gau-

78 3966 167 4022 dio
205 3979 367 4040 atque
392 3967 598 4024 laetitiae
641 3965 940 4038 deputavit.
977 3964 1138 4038 575
1169 3962 1335 4020 Verbi
1387 3964 1598 4035 gratia,
1631 3963 1677 4019 si

78 4062 195 4132 quis
223 4063 389 4119 vellet
409 4062 464 4118 in
494 4062 599 4118 hoc
630 4068 912 4132 tempore,
947 4059 1095 4128 quod
1147 4057 1530 4114 brevissimum
1551 4067 1636 4114 est
1659 4097 1676 4124 ,

79 4169 178 4224 pro
202 4157 440 4228 peccatis
459 4158 574 4213 suis
599 4155 735 4212 ﬂere
755 4164 812 4211 et
836 4155 1048 4227 lugere,
1070 4162 1127 4209 et
1153 4153 1449 4226 afﬂigendo
1469 4162 1677 4210 semet-

76 4250 251 4323 ipsum
275 4253 513 4309 carnalia
543 4250 818 4308 desideria
863 4250 1248 4320 exstinguere;
1300 4247 1356 4304 in
1387 4249 1494 4306 alio
1540 4259 1678 4305 tem-

79 4359 209 4414 pore
255 4343 398 4416 quod
432 4343 577 4401 istud
609 4343 880 4415 sequitur,
925 4341 1182 4414 quodque
1231 4341 1503 4398 inﬁnitum
1550 4349 1674 4407 est,

74 4441 337 4510 gauderet
361 4449 420 4497 et
447 4439 756 4498 exsultaret
809 4438 862 4494 in
886 4447 1195 4495 aeternum:
1251 4438 1298 4494 si
1342 4438 1466 4510 quis
1497 4447 1678 4494 autem

1781 3304 1861 3358 Ad
1887 3304 2162 3359 Dominum
2192 3322 2310 3360 cum
2332 3305 2631 3369 tribularer,
2663 3307 2904 3372 clamavi,
2954 3317 3002 3362 et
3033 3309 3397 3365 exaudivitme

1777 3396 1953 3471 (Psal.
1975 3416 2122 3467 ωαχ,
2153 3398 2234 3471 1.)
2258 3401 2324 3456 Et
2345 3401 2560 3473 Moyses
2579 3402 2632 3457 in
2649 3401 2899 3473 angustia
2933 3404 3147 3473 positus
3181 3405 3388 3461 clama-

1777 3491 1871 3546 bat
1895 3491 1962 3546 ad
1985 3491 2302 3548 Dominum.
2342 3493 2446 3550 Ubi
2477 3509 2614 3566 ergo~
2661 3511 2838 3566 neque
2891 3507 3200 3566 peccatum,
3242 3499 3392 3569 quod

1781 3584 2125 3654 praedicetur,
2162 3601 2340 3657 neque
2369 3587 2646 3643 tribulatio
2693 3589 2798 3643 erit
2839 3589 2970 3656 ulla,
3021 3591 3226 3646 clamor
3243 3592 3394 3650 ullus

1778 3681 2119 3736 necessarius
2145 3695 2253 3736 non
2277 3681 2402 3737 erit.
2434 3680 2616 3752 Neque
2635 3681 2787 3736 dolor
2807 3683 2924 3738 erit.
2961 3684 3057 3739 Est
3086 3683 3243 3740 dolor
3266 3701 3392 3741 cor-

1779 3771 1927 3843 poris
1947 3814 1962 3840 ,
1991 3782 2077 3830 est
2097 3782 2152 3829 et
2175 3775 2393 3830 mentis.
2420 3774 2621 3846 Istique
2647 3774 2865 3831 dolores
2891 3776 2962 3831 ita
2993 3779 3387 3844 suntconncxi,

1778 3877 1840 3922 ut
1869 3881 2010 3940 unus
2030 3867 2149 3924 sine
2162 3868 2336 3924 altero
2360 3883 2482 3924 esse
2501 3883 2607 3924 non
2630 3869 2839 3939 possit;
2859 3869 3016 3926 dolor
3039 3871 3242 3942 quippe
3257 3887 3387 3929 cor-

1781 3958 1932 4031 poris
1984 3958 2178 4030 alﬂigit
2197 3969 2464 4026 mentem;
2494 3960 2746 4016 similiter
2771 3969 2825 4016 et
2851 3960 3010 4017 dolor
3033 3965 3232 4019 mentis
3266 3979 3386 4021 cor-

1780 4068 1880 4124 pus
1911 4054 2206 4110 excruciat.
2238 4052 2296 4108 In
2325 4052 2415 4108 illa
2448 4053 2610 4125 igitur
2637 4055 2749 4111 vita
2779 4055 2938 4112 dolor
2991 4072 3095 4113 non
3119 4061 3256 4126 erit,
3291 4061 3386 4117 ubi

1780 4161 1957 4218 neque
1985 4146 2224 4218 corpori,
2253 4160 2430 4217 neque
2459 4147 2654 4202 animae
2673 4147 2782 4202 ulla
2805 4147 3110 4206 adversitas
3135 4150 3388 4211 accidere

1781 4242 1996 4312 poterit.
2031 4239 2161 4308 Qum
2189 4242 2360 4314 prima
2398 4241 2656 4297 abierunt.
2714 4241 2896 4298 Prima
2942 4244 3045 4300 ista
3098 4245 3383 4317 abierunt,

1781 4336 1906 4406 quia
1926 4349 2048 4390 cum
2079 4335 2281 4390 saeculo
2305 4337 2662 4402 transierunt;
2691 4335 2851 4393 electi
2902 4338 3048 4393 enim
3095 4341 3186 4408 qui
3241 4354 3385 4410 prae-

1781 4435 1996 4483 sentem
2019 4426 2212 4492 vitam,
2240 4427 2382 4482 sicut
2427 4427 2677 4499 superius
2698 4427 2810 4498 jam
2838 4427 3094 4496 diximus,
3131 4430 3183 4486 in
3228 4429 3387 4486 dolo-

79 4530 185 4587 hoc
206 4531 466 4604 elegerit,
526 4539 586 4586 ut
633 4531 690 4587 in
743 4532 1005 4605 praesenti
1048 4539 1298 4602 tempore
1324 4530 1594 4604 gaudeat,
1625 4538 1684 4586 et
1715 4604 1726 4605 ί
1784 4521 1934 4576 ribus
1959 4527 2014 4575 et
2039 4519 2432 4577 afﬂictionibus
2459 4520 2878 4591 deputaverunt,
2906 4531 3028 4592 post
3052 4524 3212 4580 tinem
3239 4540 3382 4596 prm-

77 4624 350 4681 desideria
377 4625 564 4681 carnis
595 4639 711 4680 suae
738 4604 1015 4696 perﬁciat;
1040 4624 1096 4681 in
1142 4625 1326 4680 futuro
1359 4624 1597 4695 lugebit,
1625 4633 1672 4681 et

1782 4613 1955 4670 sentis
1976 4613 2099 4668 vita:
2121 4611 2378 4684 gaudium
2409 4613 2800 4683 sempiternum
2827 4613 3175 4672 invenerunt.

77 4720 388 4776 tristabitur
419 4720 470 4776 in
500 4721 922 4792 sempiternum.
976 4720 1053 4777 De
1082 4720 1150 4776 iis
1178 4720 1390 4778 duobus
1420 4721 1683 4791 tempori-

78 4813 184 4871 bus
206 4815 420 4872 videtur
450 4814 582 4871 mihi
614 4815 966 4872 Salomonem
987 4815 1197 4872 dixisse
1222 4834 1234 4870 :
1258 4815 1481 4887 Tempus
1496 4816 1680 4886 ﬂendi,

83 4920 130 4964 et
151 4920 356 4980 tempus
380 4911 586 4966 ridendi
616 4910 790 4983 (Eccl.
823 4925 914 4976 nt,
946 4909 982 4964 2
1006 4910 1044 4979 ).
1070 4909 1311 4981 Tempus
1340 4909 1504 4965 ﬂendi
1536 4909 1682 4964 elec-

79 5013 262 5059 torum
287 5020 428 5060 nunc
451 5013 538 5060 est
564 5023 576 5059 :
609 5014 826 5075 tempus
880 5003 1101 5060 ridendi
1132 5011 1261 5059 tunc
1289 5003 1428 5071 erit,
1460 5001 1683 5074 quando

85 5096 221 5152 illud
252 5097 588 5167 implebitur,
621 5098 765 5169 quod
797 5097 1061 5154 Dominus
1090 5095 1226 5153 dicit
1251 5096 1307 5152 in
1338 5095 1640 5166 Evangelio
1666 5112 1679 5148 :

86 5189 240 5246 Beati
285 5194 370 5263 qui
410 5193 586 5264 lugent
623 5208 799 5259 nunc,
861 5192 1105 5264 quoniam
1126 5191 1230 5262 ipsi
1284 5189 1685 5247 consolabuntur

83 5286 310 5357 (Matth.
333 5302 384 5353 v,
416 5287 514 5360 5).
547 5286 940 5343 Peccatoribus
969 5301 1103 5342 vero
1128 5283 1262 5341 dicit
1286 5303 1300 5340 :
1326 5283 1416 5341 Va,
1440 5285 1578 5340 vobis
1598 5284 1686 5355 qui

79 5379 269 5433 ridetis
297 5396 427 5435 nunc
444 5421 460 5448 ,
477 5380 602 5450 quia
629 5379 900 5451 plorabitis
921 5387 970 5433 et
991 5377 1182 5449 ﬂebitis
1204 5377 1225 5451 (
1249 5377 1379 5432 Luc.
1409 5393 1461 5433 vr
1480 5418 1495 5444 ,
1525 5377 1598 5434 25
1623 5377 1640 5446 )
1668 5378 1682 5432 ε

81 5470 377 5542 Abstcrget
427 5488 558 5545 ergo
604 5473 746 5528 Deus
795 5488 1014 5528 omnem
1067 5473 1364 5544 lacrymam
1409 5471 1478 5527 ab
1509 5469 1687 5526 oculis

85 5574 442 5632 sanctorum;
474 5565 603 5636 quia
653 5573 779 5634 post
821 5562 1285 5621 resurrectionem
1334 5561 1475 5618 nihil
1501 5561 1688 5631 [triste

88 5655 301 5713 sanctis
326 5658 578 5716 accidere
599 5658 819 5732 poterit,
848 5657 995 5715 unde
1012 5657 1276 5728 lacrymte
1293 5657 1428 5714 oriri
1449 5655 1684 5728 possint.

1854 4707 2035 4779 (Vers.
2064 4706 2120 4774 5,
2143 4706 2227 4775 6.)
2256 4706 2326 4760 Et
2369 4705 2505 4760 dixit
2553 4706 2643 4776 qui
2669 4705 2877 4760 sedebat
2903 4708 2956 4761 in
2978 4708 3162 4764 throno
3199 4725 3218 4764 :
3244 4709 3383 4766 Ecce

1784 4815 1914 4854 noua
1927 4799 2062 4870 facio
2073 4799 2266 4854 omnia.
2291 4799 2369 4855 De
2383 4798 2730 4854 innovatione
2746 4809 2991 4856 creatura
3000 4818 3115 4857 rum
3131 4803 3385 4873 superius

1781 4893 1962 4964 aliqua
1992 4893 2250 4949 diximus.
2283 4893 2352 4947 Et
2374 4893 2504 4948 dixit
2532 4893 2658 4948 mihi
2683 4912 2698 4950 :
2727 4894 2910 4951 Scribe
2932 4897 3054 4968 quia
3097 4897 3205 4952 [nec
3234 4899 3384 4953 verba

1785 4988 2084 5059 ﬁdelissima
2095 4997 2236 5056 sunt,
2252 4999 2297 5042 et
2319 5004 2456 5044 vera.
2477 4989 2582 5046 Sed
2597 4998 2652 5044 et
2673 4989 2775 5046 hoc
2795 4992 3047 5062 superius
3059 4991 3258 5045 dictum
3275 5001 3382 5048 est.

1795 5081 1860 5136 Et
1880 5082 2011 5137 dixit
2038 5081 2200 5137 mihi:
2223 5081 2335 5154 Ego
2348 5082 2653 5153 sumAlpha
2669 5094 2714 5138 et
2732 5083 3100 5158 0mega.Quid
3128 5083 3387 5154 sitAlpha

1791 5187 1839 5233 et
1867 5177 2064 5249 Ome'ga
2093 5160 2378 5233 subdendo
2400 5177 2728 5244 manifestat,
2759 5193 2882 5232 cttm
2911 5176 3072 5231 dicit:
3110 5174 3324 5232 Initium
3342 5189 3393 5233 et

1792 5275 1933 5347 ﬁnis.
1962 5273 2075 5346 Ego
2104 5274 2300 5328 sitienti
2330 5272 2462 5327 dabo
2500 5273 2566 5327 de
2601 5273 2742 5342 [ante
2760 5287 2910 5340 aqua:
2934 5272 3059 5327 vim
3077 5271 3258 5344 gratis.
3284 5272 3391 5330 Per

1793 5368 1998 5424 fontem
2029 5382 2187 5438 aqua:
2214 5365 2349 5421 vivae
2370 5380 2514 5436 saepe
2534 5364 2811 5435 Scriptura
2835 5371 3022 5419 sancta
3051 5361 3388 5435 designatur,

1793 5463 1936 5519 sicut
1961 5461 2218 5519 Dominus
2239 5460 2370 5517 dicit
2413 5457 2468 5513 in
2497 5454 2826 5527 Evangelio:
2861 5455 2964 5522 Qui
2993 5456 3156 5513 credit
3187 5456 3242 5512 in
3283 5475 3387 5530 me,

1793 5560 1924 5614 sicut
1947 5557 2221 5629 Scriptura
2247 5555 2392 5622 dicit,
2411 5552 2629 5623 ﬂumina
2657 5549 2722 5603 de
2735 5559 2910 5605 ventre
2935 5554 3045 5625 ejus
3065 5552 3396 5624 ﬂuentaque;

1793 5654 1918 5710 vitae
1945 5651 2127 5724 (loan.
2150 5665 2248 5716 vn,
2274 5647 2390 5719 58).
2442 5645 2549 5702 Sed
2578 5653 2635 5700 ut
2665 5640 2916 5700 ordinem
2964 5658 3264 5715 servemus,
3300 5661 3402 5718 per

167 5875 194 5905 ιι
221 5863 301 5922 Ita
326 5879 457 5922 mss.
477 5881 493 5925 ;
512 5864 646 5921 edit.
667 5869 1024 5937 authm,stepe
1053 5863 1321 5938 gaudium,
1340 5876 1478 5934 stepe
1499 5855 1754 5916 laetitiam.
1783 5856 1902 5915 Non
1923 5853 2079 5913 bene.

464 5959 742 6021 PATROL.
789 5956 996 6020 XVII.

2895 5936 2977 5998 30
