3950 6314
543 259 649 317 939
1141 247 1148 253 ’
1456 249 1551 308 AD
1586 249 1824 309 OPEBA
1865 248 2116 308 SANCTI
2153 247 2478 306 AHBROSII
2518 247 2887 306 APPENDIX.
3717 244 3798 298 Si!

538 369 747 426 fontem
772 383 925 440 aqua:
951 368 1086 424 vivae
1110 365 1338 439 gloriam
1367 364 1608 422 caelestis
1647 364 1835 436 patria:
1881 362 2143 420 debemus
2175 366 2220 426 Α
2250 363 2316 420 iis
2365 379 2488 422 esse
2535 363 2901 428 damnandos;
2951 377 3076 418 nam
3142 359 3424 420 libidinosi
3474 360 3649 417 dicunt
3683 364 3797 418 nullo

550 463 895 535 intelligere:
928 461 1020 533 qui
1072 461 1194 516 fons
1240 460 1309 516 ab
1363 458 1483 529 ipso
1525 455 1759 514 Domino
1818 456 2144 528 procedens,
2248 459 2408 516 modo
2437 475 2532 530 pro
2556 474 2654 515 usu
2679 457 3436 528 concumbendiquemquam
3466 469 3586 511 esse
3632 457 3797 525 peritu-

541 568 755 613 menles
776 557 1016 613 omnium
1035 555 1308 625 justorum
1337 569 1433 610 sua
1457 553 1810 609 inenarrabili
1853 553 2146 610 dulcedine
2247 568 2402 609 rum:
2428 552 2522 608 sed
2550 563 2605 610 et
2625 553 2826 611 ebriosi
2853 553 3038 610 dicunt
3061 551 3215 609 ttullo
3258 550 3424 606 modo
3443 565 3506 606 se
3546 565 3635 621 pro
3668 551 3792 605 nimia

543 652 745 708 satiare
766 667 875 707 non
900 649 1124 706 desistit.
1156 648 1354 705 Verum
1385 647 1656 719 quomodo
1682 647 1853 719 gloria
1884 647 1985 703 ista
2013 663 2141 718 gra-
2247 647 2353 702 vini
2378 646 2655 718 potatione
2675 661 2798 703 esse
2823 645 3157 718 puniendos:
3192 644 3452 701 similiter
3480 652 3534 698 et
3559 643 3709 710 avari,
3735 642 3794 698 lu-

548 745 617 802 tis
637 745 798 816 justis
825 744 1003 810 datur,
1036 758 1135 815 pro
1172 743 1327 814 cujus
1373 742 1692 813 acceptione
1718 741 1883 797 multa
1914 740 2143 798 adversa
2246 739 2473 808 xuriosi,
2503 748 2666 811 atque
2687 740 2910 812 superbi
2937 739 3245 797 defendunt
3272 739 3402 794 vitia
3423 753 3542 794 sua.

546 840 847 912 perierunt,
880 839 1076 895 multas
1105 839 1375 910 laerymas
1406 837 1660 903 fundunt,
1680 837 1997 892 innumeras
2023 851 2143 907 pre-
2317 834 2643 891 Exsecratos
2691 843 2875 890 autem
2921 849 3015 890 eos
3043 849 3171 891 esse
3193 844 3347 904 puto,
3376 833 3467 902 qui
3497 842 3795 888 exsecrantur

541 951 632 993 ces
657 934 910 999 oli‘erunt,
938 933 1135 989 multas
1159 933 1537 1004 eleemosynas
1565 930 1960 1002 largiuntur:et
1989 940 2145 985 caete-
2246 926 2496 982 mandata
2522 925 2829 982 divinarum
2859 926 3308 998 Scripturarum,
3365 925 3798 996 eorrectionesqae

541 1029 619 1086 ris
647 1028 806 1084 bonis
842 1025 1102 1098 Operibns
1123 1023 1453 1094 semetipsos
1476 1022 1780 1080 exercent?
1827 1019 1934 1078 Sed
1972 1018 2142 1090 gratis
2244 1018 2524 1075 hominum
2545 1020 2833 1096 bonorum.
2865 1019 3165 1075 Possumus
3194 1027 3254 1075 et
3283 1033 3380 1087 per
3409 1027 3707 1074 exsecutos
3727 1032 3795 1073 ets

538 1123 703 1179 vitam
733 1129 995 1178 agternam
1028 1118 1368 1190 percipiunt;
1401 1117 1526 1187 quia
1560 1115 1794 1186 pretium
1823 1114 1946 1169 vita:
1983 1124 2144 1169 :eter-
2243 1111 2566 1184 intelligere,
2606 1113 2699 1184 qui
2726 1112 2780 1168 in
2805 1120 3012 1168 tantum
3041 1119 3173 1169 sunt
3213 1109 3586 1176 iuverecundi,
3635 1120 3687 1164 ut
3718 1126 3795 1165 nos

539 1230 645 1282 nte,
679 1212 826 1284 quod
853 1221 981 1267 sunt
1027 1210 1168 1266 bona
1195 1224 1382 1279 onera,
1415 1208 1486 1264 ab
1541 1209 1660 1278 ipso
1701 1205 1999 1277 accipiunt,
2049 1205 2142 1276 qui
2244 1207 2440 1277 pudeat
2470 1222 2565 1263 eos
2587 1207 2831 1280 quaedam
2847 1207 3586 1277 exsecrabiliainconspeetu
3600 1207 3794 1262 omniin

532 1309 700 1366 dixit:
733 1307 858 1364 Sine
880 1324 958 1362 me
979 1306 1108 1360 nihil
1135 1304 1344 1377 potestis
1366 1303 1536 1374 facere
1561 1300 1742 1373 (Joan.
1797 1317 1886 1368 xv,
1916 1299 1993 1372 5).
2019 1301 2141 1371 Ipse
2245 1309 2591 1372 perpetrare:
2623 1302 2712 1373 qui
2753 1317 2860 1357 non
2891 1302 3068 1357 solum
3100 1317 3129 1356 a
3158 1301 3347 1370 justis,
3379 1315 3564 1357 verum
3605 1302 3742 1355 etiam
3773 1316 3793 1352 ι

535 1408 735 1476 quippe
766 1413 792 1443 α
822 1405 914 1460 dat
945 1402 1199 1475 pretium,
1229 1401 1345 1474 ipse
1361 1410 1417 1458 et
1455 1415 1554 1472 pro
1574 1401 1747 1472 pretio
1770 1401 1934 1456 vitam
1981 1408 2140 1456 :eter-
2242 1392 2562 1463 quibusdam
2591 1393 2809 1464 injustis
2839 1408 2986 1464 sarpe
3011 1403 3396 1450 exsecrantur.

537 1513 666 1555 nam
690 1497 936 1570 largitur.
2317 1486 2629 1543 Homicidas
2682 1496 2867 1545 autem
2899 1496 3058 1544 vocat
3105 1502 3216 1544 non
3246 1487 3430 1544 solum
3471 1485 3796 1544 interfectores

609 1591 791 1663 (Veri.
823 1593 852 1644 7
872 1633 887 1658 ,
919 1591 996 1662 8).
1030 1589 1131 1655 Qui
1161 1589 1354 1655 uicerit,
1388 1587 1665 1657 possidebit
1691 1588 1820 1655 Ith,
1866 1594 1912 1642 et
1947 1603 2032 1641 ero
2060 1586 2139 1641 illi
2241 1580 2597 1650 quorumdam
2628 1581 2930 1650 hominum,
2962 1581 3056 1636 sed
3087 1590 3144 1637 et
3157 1597 3254 1638 eos
3286 1584 3378 1653 qui
3409 1580 3592 1636 odium
3619 1591 3795 1650 portant

533 1683 701 1751 Deus,
732 1693 777 1738 et
798 1685 909 1752 ipse
936 1685 1032 1738 erit
1061 1683 1187 1737 mihi
1237 1682 1399 1751 ﬁlius.
1449 1679 1552 1747 Qui
1601 1680 1789 1735 vicerit
1833 1679 2133 1746 diabolum,
2241 1671 2296 1726 in
2323 1671 2578 1729 cordibus
2618 1674 2752 1741 suis,
2783 1674 2924 1728 sicut
2952 1673 3057 1728 iste
3084 1672 3326 1730 Joannes
3345 1673 3590 1744 loquitur
3621 1671 3793 1728 dicens:

528 1781 823 1852 omniaque
853 1780 976 1834 vitia
1004 1794 1288 1849 superans,
1317 1777 1370 1832 in
1396 1777 1554 1832 bonis
1582 1775 1841 1846 operibus
1884 1771 2213 1846 perseve-‘D
2244 1764 2423 1820 Οηιηὶδ
2450 1769 2540 1838 qui
2569 1769 2676 1823 odit
2705 1772 2918 1841 fratrem
2941 1785 3116 1836 suum,
3139 1767 3406 1825 homicida
3431 1778 3506 1825 ut
3538 1769 3580 1839 (1
3595 1766 3734 1824 10a-
3755 1770 3794 1834 ⁵,

532 1875 758 1942 raverit,
792 1873 1088 1942 possidebit
1112 1872 1247 1939 hmc,
1275 1870 1327 1926 id
1360 1882 1465 1938 est,
1491 1886 1553 1926 ea
1576 1886 1696 1942 qua:
1715 1872 1967 1939 superius
1988 1869 2132 1923 dicta
2240 1860 2354 1930 15).

530 1979 698 2033 sunt;
734 1968 981 2024 videlicet
1005 1977 1064 2022 ut
1092 1966 1242 2021 bibat
1270 1966 1385 2036 ipse
1436 1964 1506 2020 de
1536 1963 1684 2020 fonte
1709 1965 1832 2018 vitae
1888 1973 2130 2030 teternte,
2308 1952 2564 2024 Sequitur
2594 1953 2900 2010 fornicatio.
2931 1955 3390 2012 Fornicationum
3415 1970 3620 2027 genera
3665 1954 3796 2010 multa

515 2065 678 2138 .quod
705 2072 788 2122 est
806 2063 976 2136 gloria
1006 2069 1290 2134 perpetua.
2237 2056 2391 2112 sunt;
2423 2046 2859 2119 quibuscumque
2885 2049 3031 2104 enim
3072 2049 3273 2117 modis,
3329 2059 3564 2119 excepta
3603 2049 3794 2120 legitima

602 2161 821 2217 Timidis
851 2170 1044 2226 autem,
1078 2174 1123 2213 et
1147 2157 1448 2223 incredulis,
1476 2165 1527 2212 et
1557 2155 1858 2223 exsecratis,
1890 2165 1938 2210 et
1967 2153 2132 2210 homi-

2239 2157 2425 2206 uxore,
2461 2141 2790 2199 desiderium
2820 2143 3063 2200 libidinis
3079 2144 3354 2214 expletur,
3382 2142 3795 2199 fornicationem-

526 2254 682 2322 cidis,
715 2262 762 2308 et
793 2251 1224 2324 fornicatoribus,
1247 2263 1293 2305 et
1326 2249 1584 2318 veneﬁcis,
1615 2258 1664 2303 et
1690 2247 2010 2316 idololatris,
2036 2246 2062 2284 ι)
2089 2257 2136 2301 ct
2240 2245 2349 2290 ῑυνο
2378 2235 2460 2293 De
2489 2235 2870 2293 Ῑοηιῖοθιίοηίδ
2901 2238 3046 2292 malo
3067 2237 3271 2293 Ρδυιυε
3297 2237 3584 2308 θροειοιυε
3605 2235 3797 2306 ιοίιηὶιυ

527 2347 765 2403 omnibus
790 2345 1123 2400 mendacibus
1142 2360 1159 2398 :
1174 2360 1296 2416 pars
1316 2343 1528 2398 illorum
1555 2343 1649 2396 erit
1665 2342 1716 2396 in
1733 2350 1975 2412 stagnum
1999 2342 2083 2414 ign

2237 2329 2426 2386 dicens
2449 2349 2461 2384 :
2523 2331 2630 2400 Qui
2661 2342 2831 2388 autem
2856 2333 3174 2403 fornicatur,
3199 2333 3254 2387 in
3279 2349 3472 2402 corpus
3492 2348 3636 2386 ειωι
3657 2342 3796 2400 pm

529 2441 761 2496 ardentis
791 2439 1061 2511 sulphure,
1094 2438 1231 2509 quod
1261 2447 1336 2492 est
1361 2452 1500 2491 mors
1527 2435 1775 2490 secunda.
1809 2435 1940 2490 Cum
1973 2435 2135 2489 timor
2238 2422 2281 2492 (ί
2311 2423 2430 2478 θον·
2466 2440 2538 2487 νιν
2568 2426 2681 2495 ¹8)-
2719 2425 2775 2480 ιιι
2806 2441 3007 2496 corpus
3038 2442 3196 2481 suum
3229 2435 3456 2495 1³006³ιί
3486 2424 3799 2496 quiainlesri-

530 2535 690 2591 valde
712 2533 1053 2590 necessarius
1080 2531 1152 2588 sit
1181 2530 1522 2595 hominibus,
1556 2544 1653 2583 cur
1683 2528 1936 2583 timorem
1992 2528 2090 2582 intr

2237 2525 2401 2573 tatem
2426 2520 2543 2590 ejus
2576 2521 2918 2592 violatatqne
2945 2523 3268 2592 corrumpit;
3296 2538 3420 2577 cum
3444 2521 3688 2576 humores
3707 2521 3797 2588 ejus

525 2638 650 2684 octo
674 2627 802 2682 vitia
835 2626 992 2680 valde
1024 2625 1260 2695 pessima
1285 2623 1519 2692 primum
1537 2620 1751 2690 posuit?
1780 2619 1888 2676 Sed
1912 2628 2040 2677 sunt
2067 2620 2132 2674 ti.
2239 2611 2490 2667 innoxios
2533 2612 2584 2668 vi
2608 2615 2865 2682 extrahit,
2893 2624 3055 2686 atque
3081 2615 3331 2671 eliutidit.
3364 2616 3458 2670 Est
3487 2613 3799 2670 etfomicatie

526 2736 707 2776 mores
737 2720 885 2786 boni,
911 2728 1037 2775 sunt
1062 2726 1118 2773 et
1145 2717 1292 2772 mali.
1326 2715 1424 2770 Est
1448 2715 1614 2770 timor
1666 2714 1823 2770 valde
1867 2709 2127 2784 optimus,
2237 2707 2600 2776 cogitationis,
2630 2707 2699 2763 de
2719 2723 2821 2779 qua
2855 2709 3119 2765 Dominus
3159 2708 3403 2780 loquitur
3459 2709 3673 2764 dicens:
3719 2707 3798 2772 οιί

527 2813 597 2868 de
622 2827 729 2883 quo
751 2812 882 2867 dicit
906 2811 1189 2866 Psalmista
1213 2807 1647 2863 :TimorDomini
1676 2818 1906 2874 sanctus,
1926 2823 2130 2880 pennn-
2239 2798 2427 2852 υἱάενὶι
2455 2801 2723 2855 mulierem
2747 2801 2816 2854 αά
2838 2802 3305 2874 σοιιουρίισεηάωιι
3328 2803 3587 2873 comm
3613 2800 3798 2855 καθ’

526 2922 651 2961 nens
682 2908 736 2960 in
757 2905 1003 2961 saeculum
1018 2905 1195 2960 saeculi
1225 2902 1396 2976 (Psal.
1429 2917 1589 2969 xvttt,
1615 2899 1736 2973 10);
1767 2913 1925 2958 estet
1970 2905 2135 2958 timor
2238 2905 2318 2950 ωδ
2345 2907 2419 2951 εει
2444 2913 2558 2951 eam
2588 2899 2640 2951 in
2672 2897 2828 2952 corde
2877 2914 2972 2952 suo
3017 2896 3240 2966 (Matth.
3296 2914 3350 2966 ν,
3407 2898 3523 2966 9.8).
3567 2896 3797 2968 Propheta

528 3000 721 3056 mortis
740 2998 894 3054 valde
925 2997 1288 3062 necessarius,
1316 2997 1586 3067 timorque
1616 2997 1756 3067 ignis
1787 2997 1972 3052 :cterni
2001 3015 2012 3050 :
2068 2996 2132 3051 ti-
2239 3007 2454 3063 quoque
2500 2991 2836 3047 Hierusalem
2889 2993 3290 3048 fornicatrieem
3322 2992 3557 3059 vocavit,
3592 3007 3655 3046 eo
3685 2988 3801 3059 quod

528 3110 652 3150 tnor
677 3093 840 3148 etiam
867 3093 1136 3148 bonorum
1169 3089 1476 3156 hominum,
1501 3089 1721 3160 quando
1761 3099 2014 3145 amantur
2065 3089 2135 3144 ab
2244 3087 2410 3141 Deum
2441 3085 2827 3156 derelinquens
2859 3085 3000 3141 idola
3033 3086 3273 3142 coluerit
3293 3085 3475 3157 (Esca.
3503 3101 3618 3153 xvt,
3662 3084 3721 3140 l5
3762 3095 3798 3137 et

530 3185 620 3252 iis,
652 3201 682 3240 a
707 3184 898 3256 quibus
926 3185 1226 3239 timentur:
1263 3193 1387 3237 sunt
1414 3191 1469 3236 et
1498 3181 1590 3236 alii
1615 3182 1857 3247 timores,
1899 3183 1989 3254 qui
2031 3181 2126 3236 ali-
2161 3179 2207 3242 C
2238 3190 2395 3250 βαι).
2428 3179 2693 3235 Similiter
2730 3188 2786 3235 et
2809 3195 2910 3238 nos
2941 3181 3384 3252 suggestionibus
3408 3179 3704 3235 daemonum
3728 3177 3800 3230 ob-

531 3277 752 3349 quando
775 3279 986 3348 juvant,
1044 3275 1334 3347 aliquando
1376 3283 1602 3341 nocent;
1658 3276 1800 3332 sicut
1847 3284 1932 3330 est
1969 3275 2132 3331 timor
2235 3276 2610 3345 temperando,
2667 3292 2788 3331 cum
2822 3279 3187 3347 nosmetipsos
3215 3277 3300 3332 eis
3343 3275 3673 3347 subiicimus,
3718 3272 3802 3326 ior-

533 3372 802 3427 malorum
823 3370 1127 3436 hominum,
1155 3370 1316 3424 timor
1337 3368 1610 3440 judicum,
1666 3369 1831 3424 timor
1880 3368 2134 3424 domino—
2237 3369 2506 3425 nieatores
2537 3385 2646 3424 non
2679 3369 3137 3426 inconvenienter
3165 3384 3447 3425 vocamur.

535 3479 690 3520 rum:
722 3471 846 3520 sunt
871 3462 962 3518 alii
995 3461 1218 3518 timores
1244 3461 1404 3517 valde
1427 3461 1666 3531 pessimi,
1695 3460 1765 3518 de
1805 3461 2002 3532 quibus
2049 3462 2136 3518 hic
2312 3465 2551 3522 Venetici
2573 3475 2754 3522 autem
2784 3474 2932 3533 sunt,
2965 3465 3055 3536 qui
3076 3480 3310 3535 corpora
3327 3463 3604 3520 hominum
3628 3475 3803 3518 venena

529 3558 732 3615 dictum
756 3573 880 3615 esse
909 3573 1062 3622 reor;
1098 3567 1226 3613 sunt,
1253 3571 1485 3626 namque
1516 3556 1784 3623 nonnulli,
1818 3559 1906 3627 qui
1938 3557 2136 3613 timore
2240 3557 2507 3625 inliciunt,
2533 3570 2592 3614 ut
2622 3575 2718 3615 eos
2741 3560 3110 3629 exstinguant.
3141 3558 3280 3615 Sunt
3309 3569 3368 3614 et
3392 3557 3482 3612 alii
3496 3557 3663 3612 multo
3687 3555 3808 3609 dcte-

534 3667 820 3722 pieuarnm
845 3667 991 3722 saipc
1017 3651 1068 3706 in
1102 3650 1317 3707 ﬂetibus
1343 3658 1820 3721 compunguntur:
1877 3649 1971 3706 sed
2012 3651 2137 3721 quia
2242 3651 2412 3707 riores
2441 3652 2744 3723 veneﬁci,“
2774 3652 3048 3718 videlicet,
3069 3653 3160 3723 qui
3187 3652 3467 3706 seminam
3491 3651 3628 3706 inter
3647 3647 3808 3703 fratres

537 3745 728 3800 timent
754 3744 1102 3814 asperitatem
1129 3743 1226 3797 vim:
1251 3743 1422 3811 illius,
1474 3757 1594 3812 quae
1645 3741 1797 3799 ducit
1836 3743 1902 3799 ad
1949 3744 2136 3812 vitam,
2243 3743 2577 3812 discordias;
2613 3745 2689 3800 illi
2719 3746 2865 3801 enim
2919 3759 3148 3816 corpora
3201 3744 3558 3810 iuterliciunt,
3589 3742 3670 3798 isti
3718 3740 3807 3794 auio

534 3839 665 3895 vitia
697 3839 974 3906 deserere,
1009 3839 1355 3910 rigoremque
1384 3839 1508 3894 vita:
1540 3838 1698 3894 bona:
1725 3840 2142 3911 apprehendere
2244 3853 2392 3895 mas:
2419 3847 2474 3895 et
2500 3839 2671 3896 multo
2695 3839 2936 3897 deterior
2966 3847 3052 3898 est
3071 3854 3222 3896 mors
3287 3838 3506 3906 animm,
3536 3851 3692 3909 quam
3714 3849 3809 3890 cur-

539 3931 849 4004 trepidant:
883 3940 1012 3988 sunt
1033 3932 1196 3987 etiam
1225 3932 1405 3998 multi,
1433 3931 1632 4000 quibus
1660 3931 1814 3988 dedit
1867 3932 2010 3990 Deus
2038 3934 2143 3990 sci-
2249 3934 2422 4004 poris.

541 4027 740 4083 entiam
795 4026 976 4097 legum
1018 4025 1418 4096 temporalium,
1467 4026 1557 4096 qui
1594 4025 1648 4080 iu
1687 4025 1908 4094 judiciis
1957 4027 2141 4104 positi,
2319 4027 2622 4086 ldololatra:
2645 4043 2775 4086 vero
2795 4037 2922 4085 sunt
2945 4043 3052 4085 non
3076 4028 3253 4084 solum
3287 4025 3810 4098 ii,quiidolaooloat;

541 4120 670 4176 dum
699 4119 1161 4190 videntquosdam
1188 4136 1216 4174 a
1246 4119 1871 4190 potentioribusinjuste
1889 4122 2144 4192 opprimi,
2248 4123 2346 4180 sed
2398 4132 2453 4179 et
2511 4139 2707 4181 omnes
2749 4125 2922 4193 avari,
2994 4123 3098 4180 hoc
3146 4123 3561 4181 detuonstrante
3602 4119 3810 4191 apostoli

543 4215 670 4286 plus
693 4215 948 4270 timentes
974 4214 1082 4269 iras
1134 4213 1434 4281 hominum,
1485 4229 1646 4286 quam
1702 4214 1854 4292 iram
1883 4215 2000 4283 Dei,
2053 4232 2148 4273 eos
2251 4217 2442 4286 Paulo,
2471 4217 2564 4289 qui
2587 4217 2871 4275 avaritiam
2899 4217 3169 4275 idolorum
3199 4217 3517 4274 servitutem
3547 4212 3810 4285 vocantia-

543 4321 681 4377 quos
702 4321 796 4376 per
813 4305 1113 4362 doctrinam
1141 4322 1302 4378 quam
1327 4317 1677 4380 acceperunt,
1699 4308 1888 4379 juvare
1915 4318 2147 4380 poterat,
2253 4311 2377 4366 loss.
2414 4326 2492 4378 ut,
2527 4311 2607 4376 5).

547 4407 655 4456 eta
683 4400 923 4471 periequ
945 4400 1197 4468 liberare,
1226 4401 1458 4457 tacendo
1483 4402 1534 4456 in
1585 4401 1841 4456 damnum
1889 4417 2144 4473 magnum
2324 4403 2430 4460 Sed
2461 4402 2615 4459 valde
2639 4404 2883 4462 terribile
2911 4415 3015 4472 est,
3045 4404 3188 4475 quod
3220 4405 3498 4475 sequitur:
3531 4402 3596 4458 Et
3621 4399 3817 4456 omnibus

548 4494 738 4549 sinunt
755 4493 1042 4550 devenire:
1074 4501 1202 4549 sunt
1239 4493 1330 4549 alii
1359 4494 1447 4564 qui
1471 4508 1578 4549 non
1608 4494 1786 4549 solum
1816 4510 1923 4550 non
1951 4510 2045 4551 eos
2063 4496 2151 4565 ju-
2253 4496 2621 4564 mendacibus;
2641 4497 2842 4554 deinde
2893 4497 3202 4570 subiungit:
3234 4497 3378 4553 Pars
3433 4498 3642 4553 illorum
3659 4497 3748 4549 erit
3779 4494 3816 4545 i-

557 4595 709 4653 vant,
759 4585 854 4642 sed
912 4597 1132 4657 propter
1189 4587 1439 4642 timorem
1494 4586 1774 4642 hominum
1826 4589 2151 4645 sententiam
2181 4584 2234 4647 D
2258 4601 2442 4664 stagno
2463 4591 2600 4662 ignis
2624 4591 2857 4648 ardentis
2885 4592 3160 4665 sulphure,
3179 4591 3320 4663 quod
3344 4599 3416 4646 est
3436 4606 3571 4644 mors
3593 4586 3816 4643 see-Ma;

554 4676 916 4734 damnationis
945 4679 999 4734 in
1021 4694 1115 4734 eos
1141 4678 1454 4750 proferunt:
1480 4690 1563 4735 est
1593 4679 1826 4735 ettimor
1839 4694 2000 4750 quem
2032 4697 2156 4737 ava-
2260 4695 2314 4740 et
2345 4683 2635 4741 Psalmista
2657 4671 2796 4742 dicit
2825 4685 2891 4741 ad
2919 4685 3205 4742 Dominum
3249 4703 3262 4739 :
3308 4683 3507 4739 Perdes
3555 4697 3720 4736 manes
3757 4678 3822 4739 illi

556 4774 678 4828 ritia
711 4773 871 4844 parit,
899 4771 1099 4843 aliique
1122 4773 1346 4828 timores
1368 4771 1526 4829 valde
1555 4771 1796 4839 inutiles,
1849 4772 1918 4829 de
1960 4774 2156 4845 quibus
2261 4778 2544 4849 loquuntur
2568 4779 2901 4835 mendacium
2931 4778 3107 4852 (Psal.
3157 4795 3209 4846 v,
3237 4778 3331 4851 7);
3355 4787 3411 4834 et
3463 4777 3515 4832 in
3547 4777 3652 4831 alio
3699 4775 3823 4828 loco:

561 4869 780 4940 longum
807 4878 890 4930 est
915 4867 1119 4924 dicere.
1355 4865 1362 4868 ⁴
2265 4868 2450 4927 Omnis
2479 4871 2633 4928 Itomo
2655 4872 2881 4928 mendax
2909 4870 3082 4944 (Psal.
3113 4886 3238 4936 cxv,
3266 4871 3382 4944 ll).
3411 4869 3467 4928 Si
3500 4869 3659 4940 igitur
3677 4864 3822 4922 omnis

629 4961 944 5020 lncredulos
963 4972 1143 5018 autem
1169 4976 1278 5017 non
1300 4977 1396 5018 eos
1428 4961 1803 5018 tantummodo
1844 4973 2022 5028 vocat,
2065 4963 2163 5033 qui
2262 4961 2429 5020 homo
2452 4964 2704 5031 mendax,
2734 4972 2792 5022 et
2817 4964 2863 5020 si
2890 4963 3082 5037 perdet
3106 4963 3254 5020 Deus
3279 4977 3474 5019 omnes
3498 4961 3589 5032 qui
3629 4959 3824 5028 loquun-

562 5073 669 5113 non
696 5055 945 5125 credunt,
974 5057 1116 5112 sicut
1141 5065 1267 5110 sunt
1302 5053 1472 5110 Judaei
1501 5065 1662 5126 atque
1689 5055 1916 5126 pagani;
1964 5055 2061 5110 sed
2105 5065 2160 5129 et
2262 5065 2352 5112 tur
2379 5057 2747 5126 mendacium,
2778 5068 2835 5116 et
2854 5059 2898 5113 si
2925 5072 3114 5114 omnes
3146 5057 3443 5114 mendaces
3468 5065 3668 5125 partem
3693 5052 3827 5104 babe-

560 5168 677 5219 eos,
706 5153 798 5222 qui
829 5166 934 5207 non
959 5151 1188 5207 credunt
1213 5151 1692 5205 resurrectionem.
1719 5149 1856 5205 Sunt
1882 5147 2048 5205 etiam
2068 5149 2160 5203 alii
2267 5150 2402 5207 bunt
2429 5151 2482 5208 in
2518 5152 2826 5223 perditione
2871 5167 2994 5207 cum
3041 5151 3259 5208 caeteris
3290 5149 3494 5221 impiis,
3547 5147 3618 5205 de
3666 5145 3830 5216 quibus

563 5246 719 5302 multi
745 5245 834 5317 qui
866 5244 1148 5301 christiani
1179 5251 1458 5309 vocantur,
1482 5242 1574 5314 qui
1615 5258 1722 5298 non
1744 5243 1974 5298 credunt
1997 5244 2162 5317 576
2265 5241 2530 5300 hactenus
2583 5245 2746 5301 loculi
2778 5260 3000 5313 sumus;
3052 5245 3176 5316 quis
3225 5244 3408 5299 salvus
3468 5257 3592 5297 esse
3636 5234 3829 5311 interit?

564 5339 660 5394 Dei
679 5338 938 5408 justitim;
969 5355 1066 5408 pro
1096 5353 1164 5394 eo
1184 5337 1328 5394 enim
1353 5334 1495 5406 quod
1524 5335 1651 5390 vitia
1677 5334 1927 5406 diligunt,
1956 5343 2012 5390 et
2060 5335 2158 5392 de-
2267 5337 2480 5396 Scimus
2510 5355 2745 5412 namque
2776 5340 2983 5395 nullum
3017 5339 3295 5396 hominem
3323 5337 3466 5393 hanc
3487 5336 3647 5392 vitam
3698 5342 3831 5402 posse

561 5432 763 5487 sideria
781 5433 959 5488 carnis
986 5448 1098 5488 suae
1124 5433 1386 5503 perﬁcere
1411 5431 1622 5497 volunt,
1642 5446 1746 5486 non
1764 5431 1992 5487 credunt
2012 5447 2161 5488 com-
2265 5434 2521 5503 transire,
2570 5444 2629 5492 ut
2666 5435 2963 5507 aliquando
3011 5449 3118 5490 non
3164 5434 3496 5496 mentiatur;
3547 5429 3650 5484 nisi
3697 5421 3832 5480 fuerit

567 5522 1212 5581 minationesdivinarum
1228 5526 1653 5596 Scripturarum,
1679 5533 1948 5595 utpotent
1971 5539 2031 5581 se
2059 5537 2158 5597 pro
2265 5527 2475 5597 iulans,
2506 5530 2597 5600 qui
2629 5529 2727 5586 fari
2769 5545 2876 5586 non
2940 5537 3140 5601 potest.
3197 5518 3306 5584 sed
3346 5539 3456 5583 non
3497 5523 3570 5580 de
3613 5519 3834 5578 omnibus

644 5701 670 5728 ει
700 5689 841 5745 Edit.
868 5688 998 5746 Gill.
1029 5691 1078 5744 in
1101 5701 1378 5764 contextu,
1397 5692 1809 5764 datpretium,’et
1837 5691 1946 5746 sine
1959 5693 2152 5764 pretio;
2335 5695 2360 5734 δ
2386 5695 2543 5752 Rom.
2564 5695 2834 5752 edit.ioco
2849 5701 3171 5759 moverat,et
3185 5689 3420 5746 omnibus
3453 5687 3796 5744 mendacii-ns.
3825 5721 3830 5730 .

565 5763 619 5818 in
643 5776 814 5836 marg.
843 5771 1047 5828 autem,
1074 5771 1130 5817 et
1154 5761 1390 5836 Rom._i_n
1417 5761 1695 5836 contextu,
1728 5763 1817 5817 dat
1850 5761 2068 5832 pretium
2105 5773 2154 5817 et
2262 5767 2402 5836 quod
2430 5778 2504 5823 est
2527 5784 2666 5823 mors
2694 5769 2938 5823 secunda.

565 5847 660 5889 suo
685 5831 889 5904 pretio;
921 5845 1054 5887 mss.
1082 5846 1212 5891 vero
1238 5833 1394 5892 nobis
1451 5831 1857 5907 suffragantur;
2273 5831 2284 5836 '
3133 5845 3178 5874 αι
