  <div class='ocr_page' id='page_1' title='image "/cluster/home/n/w/nwhite01/storage/ocr_20150623/17/hvd.32044015471329/476.png"; bbox 0 0 3950 6314; ppageno 0'>
   <div class='ocr_carea' id='block_1_1' title="bbox 114 273 199 338">
    <p class='ocr_par' dir='ltr' id='par_1_1' title="bbox 114 273 199 338">
     <span class='ocr_line' id='line_1_1' title="bbox 114 273 199 338; baseline 0.024 -2"><span class='ocrx_word' id='word_1_1' title='bbox 114 273 199 338; x_wconf 69' lang='lat' dir='ltr'><strong>illi</strong></span> 
     </span>
    </p>
   </div>
   <div class='ocr_carea' id='block_1_2' title="bbox 879 274 2638 343">
    <p class='ocr_par' dir='ltr' id='par_1_2' title="bbox 879 274 2638 343">
     <span class='ocr_line' id='line_1_2' title="bbox 879 274 2638 343; baseline 0.003 -9"><span class='ocrx_word' id='word_1_2' title='bbox 879 278 945 334; x_wconf 80' lang='lat' dir='ltr'><strong>IN</strong></span> <span class='ocrx_word' id='word_1_3' title='bbox 987 276 1464 335; x_wconf 78' lang='lat' dir='ltr'><strong>APOCALYPSIN</strong></span> <span class='ocrx_word' id='word_1_4' title='bbox 1504 274 1891 335; x_wconf 77' lang='lat' dir='ltr'><strong>EXPOSITIO.</strong></span> <span class='ocrx_word' id='word_1_5' title='bbox 1939 275 2025 334; x_wconf 84' lang='lat' dir='ltr'><strong>DE</strong></span> <span class='ocrx_word' id='word_1_6' title='bbox 2068 279 2342 339; x_wconf 67' lang='grc' dir='ltr'><strong>νιεωαις</strong></span> <span class='ocrx_word' id='word_1_7' title='bbox 2381 283 2638 343; x_wconf 80' lang='lat' dir='ltr'><strong>SEXTA.</strong></span> 
     </span>
    </p>
   </div>
   <div class='ocr_carea' id='block_1_3' title="bbox 3299 292 3410 353">
    <p class='ocr_par' dir='ltr' id='par_1_3' title="bbox 3299 292 3410 353">
     <span class='ocr_line' id='line_1_3' title="bbox 3299 292 3410 353; baseline 0.018 -3"><span class='ocrx_word' id='word_1_8' title='bbox 3299 292 3410 353; x_wconf 70' lang='lat'><strong>942</strong></span> 
     </span>
    </p>
   </div>
   <div class='ocr_carea' id='block_1_4' title="bbox 110 391 3404 481">
    <p class='ocr_par' dir='ltr' id='par_1_4' title="bbox 110 391 3404 481">
     <span class='ocr_line' id='line_1_4' title="bbox 110 391 3404 481; baseline 0.003 -27"><span class='ocrx_word' id='word_1_9' title='bbox 110 396 406 456; x_wconf 81' lang='lat' dir='ltr'><strong>mendaciis</strong></span> <span class='ocrx_word' id='word_1_10' title='bbox 436 395 535 451; x_wconf 90' lang='lat' dir='ltr'><strong>hoc</strong></span> <span class='ocrx_word' id='word_1_11' title='bbox 561 395 764 451; x_wconf 81' lang='lat' dir='ltr'><strong>dictum</strong></span> <span class='ocrx_word' id='word_1_12' title='bbox 794 407 917 451; x_wconf 87' lang='lat' dir='ltr'><strong>esse</strong></span> <span class='ocrx_word' id='word_1_13' title='bbox 947 393 1255 465; x_wconf 73' lang='lat' dir='ltr'><strong>intelligere</strong></span> <span class='ocrx_word' id='word_1_14' title='bbox 1281 393 1569 460; x_wconf 85' lang='lat' dir='ltr'><strong>debemus,</strong></span> <span class='ocrx_word' id='word_1_15' title='bbox 1617 393 1693 448; x_wconf 89' lang='lat' dir='ltr'><strong>si-</strong></span> <span class='ocrx_word' id='word_1_16' title='bbox 1722 394 1776 455; x_wconf 81' lang='grc' dir='ltr'>Α</span> <span class='ocrx_word' id='word_1_17' title='bbox 1799 391 1965 448; x_wconf 80' lang='lat' dir='ltr'><strong>ferre.</strong></span> <span class='ocrx_word' id='word_1_18' title='bbox 1990 394 2130 450; x_wconf 91' lang='lat' dir='ltr'><strong>Sunt</strong></span> <span class='ocrx_word' id='word_1_19' title='bbox 2156 397 2325 454; x_wconf 85' lang='lat' dir='ltr'><strong>etiam</strong></span> <span class='ocrx_word' id='word_1_20' title='bbox 2355 400 2515 456; x_wconf 90' lang='lat' dir='ltr'><strong>multi</strong></span> <span class='ocrx_word' id='word_1_21' title='bbox 2555 400 2756 458; x_wconf 77' lang='lat' dir='ltr'><strong>divinis</strong></span> <span class='ocrx_word' id='word_1_22' title='bbox 2810 401 3010 461; x_wconf 91' lang='lat' dir='ltr'><strong>litteris</strong></span> <span class='ocrx_word' id='word_1_23' title='bbox 3031 405 3254 476; x_wconf 88' lang='lat' dir='ltr'><strong>eruditi,</strong></span> <span class='ocrx_word' id='word_1_24' title='bbox 3309 410 3404 481; x_wconf 87' lang='lat' dir='ltr'><strong>qui</strong></span> 
     </span>
    </p>
   </div>
   <div class='ocr_carea' id='block_1_5' title="bbox 110 486 1696 559">
    <p class='ocr_par' dir='ltr' id='par_1_5' title="bbox 110 486 1696 559">
     <span class='ocr_line' id='line_1_5' title="bbox 110 486 1696 559; baseline -0.003 -13"><span class='ocrx_word' id='word_1_25' title='bbox 110 499 297 547; x_wconf 89' lang='lat' dir='ltr'><strong>cntnec</strong></span> <span class='ocrx_word' id='word_1_26' title='bbox 321 488 457 544; x_wconf 91' lang='lat' dir='ltr'><strong>illud</strong></span> <span class='ocrx_word' id='word_1_27' title='bbox 473 487 538 544; x_wconf 90' lang='lat' dir='ltr'><strong>de</strong></span> <span class='ocrx_word' id='word_1_28' title='bbox 552 488 802 544; x_wconf 87' lang='lat' dir='ltr'><strong>omnibus</strong></span> <span class='ocrx_word' id='word_1_29' title='bbox 813 488 1214 559; x_wconf 77' lang='lat' dir='ltr'><strong>peccatoribus,</strong></span> <span class='ocrx_word' id='word_1_30' title='bbox 1234 487 1378 558; x_wconf 90' lang='lat' dir='ltr'><strong>quod</strong></span> <span class='ocrx_word' id='word_1_31' title='bbox 1398 489 1451 542; x_wconf 93' lang='lat' dir='ltr'><strong>in</strong></span> <span class='ocrx_word' id='word_1_32' title='bbox 1483 486 1696 557; x_wconf 82' lang='lat' dir='ltr'><strong>psalmo</strong></span> 
     </span>
    </p>
   </div>
   <div class='ocr_carea' id='block_1_6' title="bbox 109 578 1693 657">
    <p class='ocr_par' dir='ltr' id='par_1_6' title="bbox 109 578 1693 657">
     <span class='ocr_line' id='line_1_6' title="bbox 109 578 1693 657; baseline -0.004 -17"><span class='ocrx_word' id='word_1_33' title='bbox 109 584 377 657; x_wconf 82' lang='lat' dir='ltr'><strong>trigesimo</strong></span> <span class='ocrx_word' id='word_1_34' title='bbox 395 592 547 639; x_wconf 82' lang='lat' dir='ltr'><strong>sexto</strong></span> <span class='ocrx_word' id='word_1_35' title='bbox 557 581 787 639; x_wconf 83' lang='lat' dir='ltr'><strong>canitur:</strong></span> <span class='ocrx_word' id='word_1_36' title='bbox 809 581 947 648; x_wconf 83' lang='lat' dir='ltr'><strong>Quia</strong></span> <span class='ocrx_word' id='word_1_37' title='bbox 960 590 1258 653; x_wconf 78' lang='lat' dir='ltr'><strong>peccatores</strong></span> <span class='ocrx_word' id='word_1_38' title='bbox 1279 578 1693 652; x_wconf 80' lang='lat' dir='ltr'><strong>peribunt(Psal.</strong></span> 
     </span>
    </p>
   </div>
   <div class='ocr_carea' id='block_1_7' title="bbox 108 675 1694 750">
    <p class='ocr_par' dir='ltr' id='par_1_7' title="bbox 108 675 1694 750">
     <span class='ocr_line' id='line_1_7' title="bbox 108 675 1694 750; baseline -0.003 -15"><span class='ocrx_word' id='word_1_39' title='bbox 108 693 277 743; x_wconf 76' lang='lat' dir='ltr'><strong>xxxvr,</strong></span> <span class='ocrx_word' id='word_1_40' title='bbox 333 677 464 750; x_wconf 74' lang='lat'><strong>20):</strong></span> <span class='ocrx_word' id='word_1_41' title='bbox 511 686 566 732; x_wconf 90' lang='lat' dir='ltr'><strong>et</strong></span> <span class='ocrx_word' id='word_1_42' title='bbox 615 677 667 732; x_wconf 92' lang='lat' dir='ltr'><strong>in</strong></span> <span class='ocrx_word' id='word_1_43' title='bbox 693 676 905 748; x_wconf 79' lang='lat' dir='ltr'><strong>psalmo</strong></span> <span class='ocrx_word' id='word_1_44' title='bbox 949 677 1251 731; x_wconf 81' lang='lat' dir='ltr'><strong>centesimo</strong></span> <span class='ocrx_word' id='word_1_45' title='bbox 1272 675 1694 748; x_wconf 84' lang='lat' dir='ltr'><strong>quadragesimo</strong></span> 
     </span>
    </p>
   </div>
   <div class='ocr_carea' id='block_1_8' title="bbox 105 769 1694 846">
    <p class='ocr_par' dir='ltr' id='par_1_8' title="bbox 105 769 1694 846">
     <span class='ocr_line' id='line_1_8' title="bbox 105 769 1694 846; baseline -0.004 -18"><span class='ocrx_word' id='word_1_46' title='bbox 105 769 1034 846; x_wconf 81' lang='lat' dir='ltr'><strong>quarto:CustoditDominusomnes</strong></span> <span class='ocrx_word' id='word_1_47' title='bbox 1065 769 1333 842; x_wconf 76' lang='lat' dir='ltr'><strong>diligentes</strong></span> <span class='ocrx_word' id='word_1_48' title='bbox 1375 785 1460 834; x_wconf 81' lang='lat' dir='ltr'><strong>se,</strong></span> <span class='ocrx_word' id='word_1_49' title='bbox 1499 777 1544 823; x_wconf 89' lang='lat' dir='ltr'><strong>et</strong></span> <span class='ocrx_word' id='word_1_50' title='bbox 1585 783 1694 822; x_wconf 86' lang='lat' dir='ltr'><strong>ont—</strong></span> 
     </span>
    </p>
   </div>
   <div class='ocr_carea' id='block_1_9' title="bbox 106 861 1693 938">
    <p class='ocr_par' dir='ltr' id='par_1_9' title="bbox 106 861 1693 938">
     <span class='ocr_line' id='line_1_9' title="bbox 106 861 1693 938; baseline -0.002 -20"><span class='ocrx_word' id='word_1_51' title='bbox 106 882 183 922; x_wconf 80' lang='lat' dir='ltr'><strong>nes</strong></span> <span class='ocrx_word' id='word_1_52' title='bbox 197 875 484 938; x_wconf 76' lang='lat' dir='ltr'><strong>peccatores</strong></span> <span class='ocrx_word' id='word_1_53' title='bbox 501 863 763 937; x_wconf 75' lang='lat' dir='ltr'><strong>disperdat</strong></span> <span class='ocrx_word' id='word_1_54' title='bbox 786 861 908 935; x_wconf 85' lang='lat' dir='ltr'><strong>(Ps.</strong></span> <span class='ocrx_word' id='word_1_55' title='bbox 937 878 1115 930; x_wconf 81' lang='lat' dir='ltr'><strong>cxuv,</strong></span> <span class='ocrx_word' id='word_1_56' title='bbox 1146 861 1263 935; x_wconf 69' lang='lat'><strong>20).</strong></span> <span class='ocrx_word' id='word_1_57' title='bbox 1295 861 1352 920; x_wconf 89' lang='lat' dir='ltr'><strong>Si</strong></span> <span class='ocrx_word' id='word_1_58' title='bbox 1377 871 1693 933; x_wconf 89' lang='lat' dir='ltr'><strong>peccatores</strong></span> 
     </span>
    </p>
   </div>
   <div class='ocr_carea' id='block_1_10' title="bbox 104 955 1692 1030">
    <p class='ocr_par' dir='ltr' id='par_1_10' title="bbox 104 955 1692 1030">
     <span class='ocr_line' id='line_1_10' title="bbox 104 955 1692 1030; baseline -0.002 -16"><span class='ocrx_word' id='word_1_59' title='bbox 104 958 360 1030; x_wconf 88' lang='lat' dir='ltr'><strong>peribunt,</strong></span> <span class='ocrx_word' id='word_1_60' title='bbox 417 967 473 1013; x_wconf 90' lang='lat' dir='ltr'><strong>et</strong></span> <span class='ocrx_word' id='word_1_61' title='bbox 511 971 703 1013; x_wconf 89' lang='lat' dir='ltr'><strong>omnes</strong></span> <span class='ocrx_word' id='word_1_62' title='bbox 743 965 1062 1027; x_wconf 89' lang='lat' dir='ltr'><strong>peccatores</strong></span> <span class='ocrx_word' id='word_1_63' title='bbox 1107 955 1482 1026; x_wconf 83' lang='lat' dir='ltr'><strong>disperdet,et</strong></span> <span class='ocrx_word' id='word_1_64' title='bbox 1497 969 1692 1012; x_wconf 89' lang='lat' dir='ltr'><strong>omnes</strong></span> 
     </span>
    </p>
   </div>
   <div class='ocr_carea' id='block_1_11' title="bbox 101 1048 1691 1122">
    <p class='ocr_par' dir='ltr' id='par_1_11' title="bbox 101 1048 1691 1122">
     <span class='ocr_line' id='line_1_11' title="bbox 101 1048 1691 1122; baseline -0.003 -15"><span class='ocrx_word' id='word_1_65' title='bbox 101 1066 273 1108; x_wconf 87' lang='lat' dir='ltr'><strong>sumus</strong></span> <span class='ocrx_word' id='word_1_66' title='bbox 301 1061 614 1122; x_wconf 86' lang='lat' dir='ltr'><strong>peccatores</strong></span> <span class='ocrx_word' id='word_1_67' title='bbox 635 1050 932 1108; x_wconf 87' lang='lat' dir='ltr'><strong>secundum</strong></span> <span class='ocrx_word' id='word_1_68' title='bbox 948 1050 1149 1107; x_wconf 89' lang='lat' dir='ltr'><strong>dictum</strong></span> <span class='ocrx_word' id='word_1_69' title='bbox 1164 1050 1322 1106; x_wconf 87' lang='lat' dir='ltr'><strong>istius</strong></span> <span class='ocrx_word' id='word_1_70' title='bbox 1345 1049 1598 1106; x_wconf 83' lang='lat' dir='ltr'><strong>Joannis:</strong></span> <span class='ocrx_word' id='word_1_71' title='bbox 1629 1048 1691 1105; x_wconf 89' lang='lat' dir='ltr'><strong>Si</strong></span> 
     </span>
    </p>
   </div>
   <div class='ocr_carea' id='block_1_12' title="bbox 101 1143 1690 1214">
    <p class='ocr_par' dir='ltr' id='par_1_12' title="bbox 101 1143 1690 1214">
     <span class='ocr_line' id='line_1_12' title="bbox 101 1143 1690 1214; baseline 0.001 -18"><span class='ocrx_word' id='word_1_72' title='bbox 101 1143 367 1198; x_wconf 68' lang='lat' dir='ltr'><strong>dixerimus</strong></span> <span class='ocrx_word' id='word_1_73' title='bbox 395 1144 516 1213; x_wconf 79' lang='lat' dir='ltr'><strong>quia</strong></span> <span class='ocrx_word' id='word_1_74' title='bbox 545 1152 811 1214; x_wconf 78' lang='lat' dir='ltr'><strong>peccatum</strong></span> <span class='ocrx_word' id='word_1_75' title='bbox 829 1160 930 1199; x_wconf 85' lang='lat' dir='ltr'><strong>non</strong></span> <span class='ocrx_word' id='word_1_76' title='bbox 947 1144 1212 1211; x_wconf 81' lang='lat' dir='ltr'><strong>habemus,</strong></span> <span class='ocrx_word' id='word_1_77' title='bbox 1229 1144 1690 1214; x_wconf 80' lang='lat' dir='ltr'><strong>nosipsosseduci-</strong></span> 
     </span>
    </p>
   </div>
   <div class='ocr_carea' id='block_1_13' title="bbox 100 1236 1686 1312">
    <p class='ocr_par' dir='ltr' id='par_1_13' title="bbox 100 1236 1686 1312">
     <span class='ocr_line' id='line_1_13' title="bbox 100 1236 1686 1312; baseline 0.003 -22"><span class='ocrx_word' id='word_1_78' title='bbox 100 1252 226 1304; x_wconf 82' lang='lat' dir='ltr'><strong>mus,</strong></span> <span class='ocrx_word' id='word_1_79' title='bbox 252 1245 302 1292; x_wconf 76' lang='lat' dir='ltr'><strong>et</strong></span> <span class='ocrx_word' id='word_1_80' title='bbox 330 1237 520 1292; x_wconf 75' lang='lat' dir='ltr'><strong>veritas</strong></span> <span class='ocrx_word' id='word_1_81' title='bbox 549 1238 603 1291; x_wconf 79' lang='lat' dir='ltr'><strong>iit</strong></span> <span class='ocrx_word' id='word_1_82' title='bbox 633 1237 782 1293; x_wconf 78' lang='lat' dir='ltr'><strong>nobis</strong></span> <span class='ocrx_word' id='word_1_83' title='bbox 813 1255 916 1292; x_wconf 77' lang='lat' dir='ltr'><strong>non</strong></span> <span class='ocrx_word' id='word_1_84' title='bbox 948 1247 1024 1292; x_wconf 80' lang='lat' dir='ltr'><strong>est</strong></span> <span class='ocrx_word' id='word_1_85' title='bbox 1075 1237 1118 1312; x_wconf 89' lang='lat' dir='ltr'><strong>(l</strong></span> <span class='ocrx_word' id='word_1_86' title='bbox 1147 1237 1308 1293; x_wconf 77' lang='lat' dir='ltr'><strong>Joan.</strong></span> <span class='ocrx_word' id='word_1_87' title='bbox 1340 1255 1377 1303; x_wconf 86' lang='grc' dir='ltr'><strong>ι,</strong></span> <span class='ocrx_word' id='word_1_88' title='bbox 1419 1236 1508 1309; x_wconf 86' lang='grc'><strong>8);</strong></span> <span class='ocrx_word' id='word_1_89' title='bbox 1557 1253 1686 1309; x_wconf 78' lang='lat' dir='ltr'><strong>ergo</strong></span> 
     </span>
    </p>
   </div>
   <div class='ocr_carea' id='block_1_14' title="bbox 97 1327 1687 1399">
    <p class='ocr_par' dir='ltr' id='par_1_14' title="bbox 97 1327 1687 1399">
     <span class='ocr_line' id='line_1_14' title="bbox 97 1327 1687 1399; baseline -0.001 -14"><span class='ocrx_word' id='word_1_90' title='bbox 97 1342 274 1386; x_wconf 87' lang='lat' dir='ltr'><strong>omnes</strong></span> <span class='ocrx_word' id='word_1_91' title='bbox 298 1327 617 1399; x_wconf 82' lang='lat' dir='ltr'><strong>peribimus.</strong></span> <span class='ocrx_word' id='word_1_92' title='bbox 643 1329 748 1385; x_wconf 85' lang='lat' dir='ltr'><strong>Sed</strong></span> <span class='ocrx_word' id='word_1_93' title='bbox 779 1345 890 1385; x_wconf 89' lang='lat' dir='ltr'><strong>non</strong></span> <span class='ocrx_word' id='word_1_94' title='bbox 920 1330 1023 1384; x_wconf 88' lang='lat' dir='ltr'><strong>hoc</strong></span> <span class='ocrx_word' id='word_1_95' title='bbox 1054 1328 1121 1385; x_wconf 89' lang='lat' dir='ltr'><strong>de</strong></span> <span class='ocrx_word' id='word_1_96' title='bbox 1147 1329 1402 1384; x_wconf 86' lang='lat' dir='ltr'><strong>omnibus</strong></span> <span class='ocrx_word' id='word_1_97' title='bbox 1435 1337 1687 1399; x_wconf 87' lang='lat' dir='ltr'><strong>peccato-</strong></span> 
     </span>
    </p>
   </div>
   <div class='ocr_carea' id='block_1_15' title="bbox 95 1419 1687 1492">
    <p class='ocr_par' dir='ltr' id='par_1_15' title="bbox 95 1419 1687 1492">
     <span class='ocr_line' id='line_1_15' title="bbox 95 1419 1687 1492; baseline 0 -15"><span class='ocrx_word' id='word_1_98' title='bbox 95 1421 236 1478; x_wconf 84' lang='lat' dir='ltr'><strong>ribus</strong></span> <span class='ocrx_word' id='word_1_99' title='bbox 271 1420 471 1476; x_wconf 84' lang='lat' dir='ltr'><strong>dictum</strong></span> <span class='ocrx_word' id='word_1_100' title='bbox 501 1436 626 1477; x_wconf 83' lang='lat' dir='ltr'><strong>esse</strong></span> <span class='ocrx_word' id='word_1_101' title='bbox 648 1421 959 1492; x_wconf 78' lang='lat' dir='ltr'><strong>intelligere</strong></span> <span class='ocrx_word' id='word_1_102' title='bbox 987 1422 1272 1489; x_wconf 82' lang='lat' dir='ltr'><strong>debemus,</strong></span> <span class='ocrx_word' id='word_1_103' title='bbox 1324 1421 1421 1477; x_wconf 87' lang='lat' dir='ltr'><strong>sed</strong></span> <span class='ocrx_word' id='word_1_104' title='bbox 1470 1420 1537 1476; x_wconf 87' lang='lat' dir='ltr'><strong>de</strong></span> <span class='ocrx_word' id='word_1_105' title='bbox 1577 1419 1687 1477; x_wconf 87' lang='lat' dir='ltr'><strong>illis</strong></span> 
     </span>
    </p>
   </div>
   <div class='ocr_carea' id='block_1_16' title="bbox 97 1513 1688 1588">
    <p class='ocr_par' dir='ltr' id='par_1_16' title="bbox 97 1513 1688 1588">
     <span class='ocr_line' id='line_1_16' title="bbox 97 1513 1688 1588; baseline -0.001 -17"><span class='ocrx_word' id='word_1_106' title='bbox 97 1513 463 1571; x_wconf 78' lang='lat' dir='ltr'><strong>tantummodo</strong></span> <span class='ocrx_word' id='word_1_107' title='bbox 513 1517 605 1587; x_wconf 83' lang='lat' dir='ltr'><strong>qui</strong></span> <span class='ocrx_word' id='word_1_108' title='bbox 667 1515 722 1571; x_wconf 83' lang='lat' dir='ltr'><strong>in</strong></span> <span class='ocrx_word' id='word_1_109' title='bbox 769 1517 1023 1587; x_wconf 80' lang='lat' dir='ltr'><strong>gravibus</strong></span> <span class='ocrx_word' id='word_1_110' title='bbox 1066 1519 1303 1588; x_wconf 74' lang='lat' dir='ltr'><strong>peccatis</strong></span> <span class='ocrx_word' id='word_1_111' title='bbox 1360 1517 1688 1586; x_wconf 89' lang='lat' dir='ltr'><strong>semetipsos</strong></span> 
     </span>
    </p>
   </div>
   <div class='ocr_carea' id='block_1_17' title="bbox 94 1607 1686 1682">
    <p class='ocr_par' dir='ltr' id='par_1_17' title="bbox 94 1607 1686 1682">
     <span class='ocr_line' id='line_1_17' title="bbox 94 1607 1686 1682; baseline 0.001 -19"><span class='ocrx_word' id='word_1_112' title='bbox 94 1607 509 1679; x_wconf 67' lang='lat' dir='ltr'><strong>praecipitantes,</strong></span> <span class='ocrx_word' id='word_1_113' title='bbox 543 1609 740 1664; x_wconf 90' lang='lat' dir='ltr'><strong>nolunt</strong></span> <span class='ocrx_word' id='word_1_114' title='bbox 770 1625 935 1680; x_wconf 74' lang='lat' dir='ltr'><strong>agens</strong></span> <span class='ocrx_word' id='word_1_115' title='bbox 963 1609 1340 1682; x_wconf 56' lang='lat' dir='ltr'><strong>paenitentiam</strong></span> <span class='ocrx_word' id='word_1_116' title='bbox 1369 1609 1439 1665; x_wconf 90' lang='lat' dir='ltr'><strong>de</strong></span> <span class='ocrx_word' id='word_1_117' title='bbox 1486 1609 1686 1681; x_wconf 86' lang='lat' dir='ltr'><strong>iniqui-</strong></span> 
     </span>
    </p>
   </div>
   <div class='ocr_carea' id='block_1_18' title="bbox 95 1701 1687 1761">
    <p class='ocr_par' dir='ltr' id='par_1_18' title="bbox 95 1701 1687 1761">
     <span class='ocr_line' id='line_1_18' title="bbox 95 1701 1687 1761; baseline 0.001 -4"><span class='ocrx_word' id='word_1_118' title='bbox 95 1701 284 1759; x_wconf 87' lang='lat' dir='ltr'><strong>tatibus</strong></span> <span class='ocrx_word' id='word_1_119' title='bbox 309 1701 441 1760; x_wconf 84' lang='lat' dir='ltr'><strong>suis.</strong></span> <span class='ocrx_word' id='word_1_120' title='bbox 476 1702 744 1760; x_wconf 86' lang='lat' dir='ltr'><strong>Similiter</strong></span> <span class='ocrx_word' id='word_1_121' title='bbox 765 1713 814 1760; x_wconf 90' lang='lat' dir='ltr'><strong>et</strong></span> <span class='ocrx_word' id='word_1_122' title='bbox 841 1704 932 1760; x_wconf 81' lang='lat' dir='ltr'><strong>hic</strong></span> <span class='ocrx_word' id='word_1_123' title='bbox 955 1720 1062 1760; x_wconf 89' lang='lat' dir='ltr'><strong>non</strong></span> <span class='ocrx_word' id='word_1_124' title='bbox 1085 1705 1153 1760; x_wconf 90' lang='lat' dir='ltr'><strong>de</strong></span> <span class='ocrx_word' id='word_1_125' title='bbox 1180 1704 1437 1760; x_wconf 88' lang='lat' dir='ltr'><strong>omnibus</strong></span> <span class='ocrx_word' id='word_1_126' title='bbox 1459 1704 1687 1761; x_wconf 78' lang='lat' dir='ltr'><strong>utenda-</strong></span> 
     </span>
    </p>
   </div>
   <div class='ocr_carea' id='block_1_19' title="bbox 1801 483 3406 571">
    <p class='ocr_par' dir='ltr' id='par_1_19' title="bbox 1801 483 3406 571">
     <span class='ocr_line' id='line_1_19' title="bbox 1801 483 3406 571; baseline 0.012 -31"><span class='ocrx_word' id='word_1_127' title='bbox 1801 483 2006 542; x_wconf 76' lang='lat' dir='ltr'><strong>Judmis</strong></span> <span class='ocrx_word' id='word_1_128' title='bbox 2036 487 2176 543; x_wconf 89' lang='lat' dir='ltr'><strong>ultra</strong></span> <span class='ocrx_word' id='word_1_129' title='bbox 2205 506 2370 560; x_wconf 87' lang='lat' dir='ltr'><strong>quam</strong></span> <span class='ocrx_word' id='word_1_130' title='bbox 2396 502 2613 564; x_wconf 86' lang='lat' dir='ltr'><strong>oportet</strong></span> <span class='ocrx_word' id='word_1_131' title='bbox 2633 495 2947 565; x_wconf 90' lang='lat' dir='ltr'><strong>credentes,</strong></span> <span class='ocrx_word' id='word_1_132' title='bbox 2987 499 3250 571; x_wconf 87' lang='lat' dir='ltr'><strong>quasdam</strong></span> <span class='ocrx_word' id='word_1_133' title='bbox 3308 519 3406 559; x_wconf 84' lang='lat' dir='ltr'><strong>eo-</strong></span> 
     </span>
    </p>
   </div>
   <div class='ocr_carea' id='block_1_20' title="bbox 1801 577 3406 658">
    <p class='ocr_par' dir='ltr' id='par_1_20' title="bbox 1801 577 3406 658">
     <span class='ocr_line' id='line_1_20' title="bbox 1801 577 3406 658; baseline 0.011 -25"><span class='ocrx_word' id='word_1_134' title='bbox 1801 592 1923 633; x_wconf 89' lang='lat' dir='ltr'><strong>rum</strong></span> <span class='ocrx_word' id='word_1_135' title='bbox 1954 577 2167 636; x_wconf 83' lang='lat' dir='ltr'><strong>fabulas</strong></span> <span class='ocrx_word' id='word_1_136' title='bbox 2197 583 2517 640; x_wconf 81' lang='lat' dir='ltr'><strong>vanissimas</strong></span> <span class='ocrx_word' id='word_1_137' title='bbox 2545 587 2870 658; x_wconf 88' lang='lat' dir='ltr'><strong>suscipiunt,</strong></span> <span class='ocrx_word' id='word_1_138' title='bbox 2897 600 2951 645; x_wconf 88' lang='lat' dir='ltr'><strong>et</strong></span> <span class='ocrx_word' id='word_1_139' title='bbox 2970 590 3083 646; x_wconf 82' lang='lat' dir='ltr'><strong>suis</strong></span> <span class='ocrx_word' id='word_1_140' title='bbox 3099 593 3406 651; x_wconf 89' lang='lat' dir='ltr'><strong>traditioni-</strong></span> 
     </span>
    </p>
   </div>
   <div class='ocr_carea' id='block_1_21' title="bbox 1800 670 3400 754">
    <p class='ocr_par' dir='ltr' id='par_1_21' title="bbox 1800 670 3400 754">
     <span class='ocr_line' id='line_1_21' title="bbox 1800 670 3400 754; baseline 0.013 -28"><span class='ocrx_word' id='word_1_141' title='bbox 1800 670 1899 728; x_wconf 88' lang='lat' dir='ltr'><strong>bus</strong></span> <span class='ocrx_word' id='word_1_142' title='bbox 1922 673 2281 731; x_wconf 90' lang='lat' dir='ltr'><strong>interserunt.</strong></span> <span class='ocrx_word' id='word_1_143' title='bbox 2311 675 2525 734; x_wconf 87' lang='lat' dir='ltr'><strong>Scimus</strong></span> <span class='ocrx_word' id='word_1_144' title='bbox 2551 682 2699 737; x_wconf 88' lang='lat' dir='ltr'><strong>enim</strong></span> <span class='ocrx_word' id='word_1_145' title='bbox 2730 685 2987 754; x_wconf 84' lang='lat' dir='ltr'><strong>quoniam</strong></span> <span class='ocrx_word' id='word_1_146' title='bbox 3017 684 3190 744; x_wconf 62' lang='lat' dir='ltr'><strong>Judaei</strong></span> <span class='ocrx_word' id='word_1_147' title='bbox 3215 692 3400 746; x_wconf 90' lang='lat' dir='ltr'><strong>omnia</strong></span> 
     </span>
    </p>
   </div>
   <div class='ocr_carea' id='block_1_22' title="bbox 1799 770 3394 853">
    <p class='ocr_par' dir='ltr' id='par_1_22' title="bbox 1799 770 3394 853">
     <span class='ocr_line' id='line_1_22' title="bbox 1799 770 3394 853; baseline 0.012 -30"><span class='ocrx_word' id='word_1_148' title='bbox 1799 785 1920 841; x_wconf 69' lang='lat' dir='ltr'><strong>qua:</strong></span> <span class='ocrx_word' id='word_1_149' title='bbox 1946 771 2014 827; x_wconf 90' lang='lat' dir='ltr'><strong>de</strong></span> <span class='ocrx_word' id='word_1_150' title='bbox 2040 770 2262 829; x_wconf 85' lang='lat' dir='ltr'><strong>Christo</strong></span> <span class='ocrx_word' id='word_1_151' title='bbox 2293 773 2348 829; x_wconf 93' lang='lat' dir='ltr'><strong>in</strong></span> <span class='ocrx_word' id='word_1_152' title='bbox 2395 777 2565 832; x_wconf 87' lang='lat' dir='ltr'><strong>veteri</strong></span> <span class='ocrx_word' id='word_1_153' title='bbox 2624 777 2980 837; x_wconf 83' lang='lat' dir='ltr'><strong>Testamento</strong></span> <span class='ocrx_word' id='word_1_154' title='bbox 3021 782 3394 853; x_wconf 86' lang='lat' dir='ltr'><strong>inveniuntur,</strong></span> 
     </span>
    </p>
   </div>
   <div class='ocr_carea' id='block_1_23' title="bbox 1798 862 3397 950">
    <p class='ocr_par' dir='ltr' id='par_1_23' title="bbox 1798 862 3397 950">
     <span class='ocr_line' id='line_1_23' title="bbox 1798 862 3397 950; baseline 0.013 -34"><span class='ocrx_word' id='word_1_155' title='bbox 1798 862 1851 916; x_wconf 86' lang='lat' dir='ltr'><strong>in</strong></span> <span class='ocrx_word' id='word_1_156' title='bbox 1884 878 2077 934; x_wconf 89' lang='lat' dir='ltr'><strong>pravos</strong></span> <span class='ocrx_word' id='word_1_157' title='bbox 2121 880 2316 922; x_wconf 85' lang='lat' dir='ltr'><strong>sensus</strong></span> <span class='ocrx_word' id='word_1_158' title='bbox 2371 879 2683 938; x_wconf 78' lang='lat' dir='ltr'><strong>pervertere</strong></span> <span class='ocrx_word' id='word_1_159' title='bbox 2732 872 3019 942; x_wconf 88' lang='lat' dir='ltr'><strong>nituntur;</strong></span> <span class='ocrx_word' id='word_1_160' title='bbox 3066 886 3126 933; x_wconf 90' lang='lat' dir='ltr'><strong>ut</strong></span> <span class='ocrx_word' id='word_1_161' title='bbox 3167 878 3397 950; x_wconf 78' lang='lat' dir='ltr'><strong>gloriam</strong></span> 
     </span>
    </p>
   </div>
   <div class='ocr_carea' id='block_1_24' title="bbox 1795 958 3402 1038">
    <p class='ocr_par' dir='ltr' id='par_1_24' title="bbox 1795 958 3402 1038">
     <span class='ocr_line' id='line_1_24' title="bbox 1795 958 3402 1038; baseline 0.011 -27"><span class='ocrx_word' id='word_1_162' title='bbox 1795 958 2032 1014; x_wconf 86' lang='lat' dir='ltr'><strong>nominis</strong></span> <span class='ocrx_word' id='word_1_163' title='bbox 2060 959 2262 1016; x_wconf 86' lang='lat' dir='ltr'><strong>Christi</strong></span> <span class='ocrx_word' id='word_1_164' title='bbox 2284 961 2428 1031; x_wconf 89' lang='lat' dir='ltr'><strong>apud</strong></span> <span class='ocrx_word' id='word_1_165' title='bbox 2475 977 2846 1037; x_wconf 87' lang='lat' dir='ltr'><strong>quoscumque</strong></span> <span class='ocrx_word' id='word_1_166' title='bbox 2889 968 3139 1038; x_wconf 80' lang='lat' dir='ltr'><strong>possunt,</strong></span> <span class='ocrx_word' id='word_1_167' title='bbox 3191 974 3402 1029; x_wconf 85' lang='lat' dir='ltr'><strong>exstin-</strong></span> 
     </span>
    </p>
   </div>
   <div class='ocr_carea' id='block_1_25' title="bbox 1794 1055 3406 1137">
    <p class='ocr_par' dir='ltr' id='par_1_25' title="bbox 1794 1055 3406 1137">
     <span class='ocr_line' id='line_1_25' title="bbox 1794 1055 3406 1137; baseline 0.011 -29"><span class='ocrx_word' id='word_1_168' title='bbox 1794 1063 1996 1124; x_wconf 78' lang='lat' dir='ltr'><strong>guant:</strong></span> <span class='ocrx_word' id='word_1_169' title='bbox 2029 1063 2083 1111; x_wconf 89' lang='lat' dir='ltr'><strong>et</strong></span> <span class='ocrx_word' id='word_1_170' title='bbox 2111 1070 2220 1111; x_wconf 91' lang='lat' dir='ltr'><strong>non</strong></span> <span class='ocrx_word' id='word_1_171' title='bbox 2247 1055 2420 1112; x_wconf 81' lang='lat' dir='ltr'><strong>solum</strong></span> <span class='ocrx_word' id='word_1_172' title='bbox 2448 1058 2764 1129; x_wconf 78' lang='lat' dir='ltr'><strong>prophetias</strong></span> <span class='ocrx_word' id='word_1_173' title='bbox 2785 1062 2852 1120; x_wconf 88' lang='lat' dir='ltr'><strong>de</strong></span> <span class='ocrx_word' id='word_1_174' title='bbox 2877 1062 3095 1122; x_wconf 79' lang='lat' dir='ltr'><strong>Christo</strong></span> <span class='ocrx_word' id='word_1_175' title='bbox 3130 1079 3406 1137; x_wconf 86' lang='lat' dir='ltr'><strong>evertunt,</strong></span> 
     </span>
    </p>
   </div>
   <div class='ocr_carea' id='block_1_26' title="bbox 1793 1145 3401 1219">
    <p class='ocr_par' dir='ltr' id='par_1_26' title="bbox 1793 1145 3401 1219">
     <span class='ocr_line' id='line_1_26' title="bbox 1793 1145 3401 1219; baseline 0.013 -20"><span class='ocrx_word' id='word_1_176' title='bbox 1793 1145 1888 1199; x_wconf 88' lang='lat' dir='ltr'><strong>sed</strong></span> <span class='ocrx_word' id='word_1_177' title='bbox 1918 1149 2048 1201; x_wconf 85' lang='lat' dir='ltr'><strong>etin</strong></span> <span class='ocrx_word' id='word_1_178' title='bbox 2080 1148 2294 1204; x_wconf 83' lang='lat' dir='ltr'><strong>caeteris</strong></span> <span class='ocrx_word' id='word_1_179' title='bbox 2321 1148 2455 1206; x_wconf 90' lang='lat' dir='ltr'><strong>locis</strong></span> <span class='ocrx_word' id='word_1_180' title='bbox 2483 1151 2681 1208; x_wconf 87' lang='lat' dir='ltr'><strong>multas</strong></span> <span class='ocrx_word' id='word_1_181' title='bbox 2698 1155 3024 1215; x_wconf 79' lang='lat' dir='ltr'><strong>vanissimas</strong></span> <span class='ocrx_word' id='word_1_182' title='bbox 3055 1169 3082 1197; x_wconf 71' lang='grc' dir='ltr'><strong>ει</strong></span> <span class='ocrx_word' id='word_1_183' title='bbox 3107 1169 3161 1216; x_wconf 89' lang='lat' dir='ltr'><strong>et</strong></span> <span class='ocrx_word' id='word_1_184' title='bbox 3209 1163 3401 1219; x_wconf 88' lang='lat' dir='ltr'><strong>absur—</strong></span> 
     </span>
    </p>
   </div>
   <div class='ocr_carea' id='block_1_27' title="bbox 1795 1237 3400 1323">
    <p class='ocr_par' dir='ltr' id='par_1_27' title="bbox 1795 1237 3400 1323">
     <span class='ocr_line' id='line_1_27' title="bbox 1795 1237 3400 1323; baseline 0.014 -32"><span class='ocrx_word' id='word_1_185' title='bbox 1795 1237 2045 1294; x_wconf 59' lang='lat' dir='ltr'><strong>dissimas</strong></span> <span class='ocrx_word' id='word_1_186' title='bbox 2075 1239 2282 1297; x_wconf 82' lang='lat' dir='ltr'><strong>fabulas</strong></span> <span class='ocrx_word' id='word_1_187' title='bbox 2307 1243 2682 1314; x_wconf 79' lang='lat' dir='ltr'><strong>interponunt.</strong></span> <span class='ocrx_word' id='word_1_188' title='bbox 2717 1247 2884 1305; x_wconf 82' lang='lat' dir='ltr'><strong>Miror</strong></span> <span class='ocrx_word' id='word_1_189' title='bbox 2911 1267 3043 1323; x_wconf 87' lang='lat' dir='ltr'><strong>ergo</strong></span> <span class='ocrx_word' id='word_1_190' title='bbox 3072 1268 3172 1310; x_wconf 88' lang='lat' dir='ltr'><strong>cur</strong></span> <span class='ocrx_word' id='word_1_191' title='bbox 3215 1257 3400 1313; x_wconf 87' lang='lat' dir='ltr'><strong>inimi-</strong></span> 
     </span>
    </p>
   </div>
   <div class='ocr_carea' id='block_1_28' title="bbox 1791 1329 3403 1416">
    <p class='ocr_par' dir='ltr' id='par_1_28' title="bbox 1791 1329 3403 1416">
     <span class='ocr_line' id='line_1_28' title="bbox 1791 1329 3403 1416; baseline 0.014 -31"><span class='ocrx_word' id='word_1_192' title='bbox 1791 1329 1872 1386; x_wconf 88' lang='lat' dir='ltr'><strong>cis</strong></span> <span class='ocrx_word' id='word_1_193' title='bbox 1898 1329 2126 1402; x_wconf 81' lang='lat' dir='ltr'><strong>Christi,</strong></span> <span class='ocrx_word' id='word_1_194' title='bbox 2149 1336 2438 1407; x_wconf 83' lang='lat' dir='ltr'><strong>omnisque</strong></span> <span class='ocrx_word' id='word_1_195' title='bbox 2463 1337 2741 1410; x_wconf 76' lang='lat' dir='ltr'><strong>religionis</strong></span> <span class='ocrx_word' id='word_1_196' title='bbox 2769 1353 2973 1399; x_wconf 69' lang='lat' dir='ltr'><strong>nostra:</strong></span> <span class='ocrx_word' id='word_1_197' title='bbox 3003 1346 3275 1416; x_wconf 88' lang='lat' dir='ltr'><strong>creditur;</strong></span> <span class='ocrx_word' id='word_1_198' title='bbox 3306 1360 3403 1406; x_wconf 89' lang='lat' dir='ltr'><strong>aut</strong></span> 
     </span>
    </p>
   </div>
   <div class='ocr_carea' id='block_1_29' title="bbox 1793 1424 3396 1516">
    <p class='ocr_par' dir='ltr' id='par_1_29' title="bbox 1793 1424 3396 1516">
     <span class='ocr_line' id='line_1_29' title="bbox 1793 1424 3396 1516; baseline 0.014 -37"><span class='ocrx_word' id='word_1_199' title='bbox 1793 1424 1861 1479; x_wconf 86' lang='lat' dir='ltr'><strong>ab</strong></span> <span class='ocrx_word' id='word_1_200' title='bbox 1888 1427 1969 1481; x_wconf 89' lang='lat' dir='ltr'><strong>eis</strong></span> <span class='ocrx_word' id='word_1_201' title='bbox 1996 1427 2178 1496; x_wconf 84' lang='lat' dir='ltr'><strong>aliqua</strong></span> <span class='ocrx_word' id='word_1_202' title='bbox 2201 1431 2594 1500; x_wconf 86' lang='lat' dir='ltr'><strong>suscipiuntur,</strong></span> <span class='ocrx_word' id='word_1_203' title='bbox 2623 1434 2728 1489; x_wconf 85' lang='lat' dir='ltr'><strong>nisi</strong></span> <span class='ocrx_word' id='word_1_204' title='bbox 2759 1441 3136 1496; x_wconf 85' lang='lat' dir='ltr'><strong>tantummodo</strong></span> <span class='ocrx_word' id='word_1_205' title='bbox 3167 1457 3228 1498; x_wconf 90' lang='lat' dir='ltr'><strong>ea</strong></span> <span class='ocrx_word' id='word_1_206' title='bbox 3274 1460 3396 1516; x_wconf 75' lang='lat' dir='ltr'><strong>qum</strong></span> 
     </span>
    </p>
   </div>
   <div class='ocr_carea' id='block_1_30' title="bbox 1791 1517 3394 1603">
    <p class='ocr_par' dir='ltr' id='par_1_30' title="bbox 1791 1517 3394 1603">
     <span class='ocr_line' id='line_1_30' title="bbox 1791 1517 3394 1603; baseline 0.014 -32"><span class='ocrx_word' id='word_1_207' title='bbox 1791 1517 1861 1572; x_wconf 88' lang='lat' dir='ltr'><strong>ab</strong></span> <span class='ocrx_word' id='word_1_208' title='bbox 1881 1518 2382 1593; x_wconf 41' lang='lat' dir='ltr'><strong>antiquis&#39;Patribus</strong></span> <span class='ocrx_word' id='word_1_209' title='bbox 2405 1525 2628 1594; x_wconf 85' lang='lat' dir='ltr'><strong>probata</strong></span> <span class='ocrx_word' id='word_1_210' title='bbox 2657 1541 2780 1583; x_wconf 85' lang='lat' dir='ltr'><strong>esse</strong></span> <span class='ocrx_word' id='word_1_211' title='bbox 2797 1528 2959 1602; x_wconf 73' lang='lat'><strong>5&#39;71</strong></span> <span class='ocrx_word' id='word_1_212' title='bbox 2977 1529 3394 1603; x_wconf 80' lang='lat' dir='ltr'><strong>dignoscantur.</strong></span> 
     </span>
    </p>
   </div>
   <div class='ocr_carea' id='block_1_31' title="bbox 1792 1609 3399 1694">
    <p class='ocr_par' dir='ltr' id='par_1_31' title="bbox 1792 1609 3399 1694">
     <span class='ocr_line' id='line_1_31' title="bbox 1792 1609 3399 1694; baseline 0.014 -30"><span class='ocrx_word' id='word_1_213' title='bbox 1792 1609 1895 1682; x_wconf 81' lang='lat' dir='ltr'><strong>Ipsi</strong></span> <span class='ocrx_word' id='word_1_214' title='bbox 1921 1612 2122 1685; x_wconf 83' lang='lat' dir='ltr'><strong>quippe</strong></span> <span class='ocrx_word' id='word_1_215' title='bbox 2150 1622 2356 1684; x_wconf 80' lang='lat' dir='ltr'><strong>patrem</strong></span> <span class='ocrx_word' id='word_1_216' title='bbox 2384 1615 2589 1673; x_wconf 77' lang='lat' dir='ltr'><strong>habent</strong></span> <span class='ocrx_word' id='word_1_217' title='bbox 2614 1618 2918 1690; x_wconf 84' lang='lat' dir='ltr'><strong>diabolum,</strong></span> <span class='ocrx_word' id='word_1_218' title='bbox 2945 1623 3040 1694; x_wconf 87' lang='lat' dir='ltr'><strong>qui</strong></span> <span class='ocrx_word' id='word_1_219' title='bbox 3069 1626 3120 1680; x_wconf 89' lang='lat' dir='ltr'><strong>in</strong></span> <span class='ocrx_word' id='word_1_220' title='bbox 3165 1629 3399 1686; x_wconf 83' lang='lat' dir='ltr'><strong>veritate</strong></span> 
     </span>
    </p>
   </div>
   <div class='ocr_carea' id='block_1_32' title="bbox 1791 1707 3399 1793">
    <p class='ocr_par' dir='ltr' id='par_1_32' title="bbox 1791 1707 3399 1793">
     <span class='ocr_line' id='line_1_32' title="bbox 1791 1707 3399 1793; baseline 0.012 -34"><span class='ocrx_word' id='word_1_221' title='bbox 1791 1720 1900 1760; x_wconf 88' lang='lat' dir='ltr'><strong>non</strong></span> <span class='ocrx_word' id='word_1_222' title='bbox 1939 1707 2112 1774; x_wconf 85' lang='lat' dir='ltr'><strong>stetit,</strong></span> <span class='ocrx_word' id='word_1_223' title='bbox 2139 1708 2266 1780; x_wconf 90' lang='lat' dir='ltr'><strong>quia</strong></span> <span class='ocrx_word' id='word_1_224' title='bbox 2293 1711 2527 1768; x_wconf 80' lang='lat' dir='ltr'><strong>mendax</strong></span> <span class='ocrx_word' id='word_1_225' title='bbox 2549 1723 2633 1769; x_wconf 87' lang='lat' dir='ltr'><strong>est</strong></span> <span class='ocrx_word' id='word_1_226' title='bbox 2663 1715 2800 1784; x_wconf 88' lang='lat' dir='ltr'><strong>ipse,</strong></span> <span class='ocrx_word' id='word_1_227' title='bbox 2832 1725 2890 1773; x_wconf 88' lang='lat' dir='ltr'><strong>et</strong></span> <span class='ocrx_word' id='word_1_228' title='bbox 2941 1726 3094 1789; x_wconf 84' lang='lat' dir='ltr'><strong>pater</strong></span> <span class='ocrx_word' id='word_1_229' title='bbox 3134 1721 3291 1793; x_wconf 86' lang='lat' dir='ltr'><strong>ejus;</strong></span> <span class='ocrx_word' id='word_1_230' title='bbox 3341 1732 3399 1779; x_wconf 89' lang='lat' dir='ltr'><strong>et</strong></span> 
     </span>
    </p>
   </div>
   <div class='ocr_carea' id='block_1_33' title="bbox 92 1795 3398 1886">
    <p class='ocr_par' dir='ltr' id='par_1_33' title="bbox 92 1795 3398 1886">
     <span class='ocr_line' id='line_1_33' title="bbox 92 1795 3398 1886; baseline 0.006 -35"><span class='ocrx_word' id='word_1_231' title='bbox 92 1795 235 1852; x_wconf 87' lang='lat' dir='ltr'><strong>cibus</strong></span> <span class='ocrx_word' id='word_1_232' title='bbox 262 1796 469 1853; x_wconf 75' lang='lat' dir='ltr'><strong>dictum</strong></span> <span class='ocrx_word' id='word_1_233' title='bbox 500 1811 624 1854; x_wconf 87' lang='lat' dir='ltr'><strong>esse</strong></span> <span class='ocrx_word' id='word_1_234' title='bbox 682 1798 982 1870; x_wconf 70' lang='lat' dir='ltr'><strong>intelligere</strong></span> <span class='ocrx_word' id='word_1_235' title='bbox 1012 1798 1305 1864; x_wconf 87' lang='lat' dir='ltr'><strong>debemus;</strong></span> <span class='ocrx_word' id='word_1_236' title='bbox 1357 1808 1487 1854; x_wconf 90' lang='lat' dir='ltr'><strong>sunt</strong></span> <span class='ocrx_word' id='word_1_237' title='bbox 1533 1802 1680 1855; x_wconf 89' lang='lat' dir='ltr'><strong>enim</strong></span> <span class='ocrx_word' id='word_1_238' title='bbox 1714 1807 1762 1866; x_wconf 85' lang='grc' dir='ltr'><strong>Β</strong></span> <span class='ocrx_word' id='word_1_239' title='bbox 1789 1812 2164 1871; x_wconf 87' lang='lat' dir='ltr'><strong>quoscumque</strong></span> <span class='ocrx_word' id='word_1_240' title='bbox 2183 1801 2434 1860; x_wconf 87' lang='lat' dir='ltr'><strong>diabolus</strong></span> <span class='ocrx_word' id='word_1_241' title='bbox 2455 1805 2720 1876; x_wconf 78' lang='lat' dir='ltr'><strong>possidet,</strong></span> <span class='ocrx_word' id='word_1_242' title='bbox 2751 1809 3042 1868; x_wconf 82' lang='lat' dir='ltr'><strong>mendaces</strong></span> <span class='ocrx_word' id='word_1_243' title='bbox 3063 1812 3191 1870; x_wconf 80' lang='lat' dir='ltr'><strong>facit</strong></span> <span class='ocrx_word' id='word_1_244' title='bbox 3215 1813 3398 1886; x_wconf 80' lang='lat' dir='ltr'><strong>(Joan.</strong></span> 
     </span>
    </p>
   </div>
   <div class='ocr_carea' id='block_1_34' title="bbox 93 1890 1680 1966">
    <p class='ocr_par' dir='ltr' id='par_1_34' title="bbox 93 1890 1680 1966">
     <span class='ocr_line' id='line_1_34' title="bbox 93 1890 1680 1966; baseline 0.002 -20"><span class='ocrx_word' id='word_1_245' title='bbox 93 1890 356 1947; x_wconf 84' lang='lat' dir='ltr'><strong>mendacia</strong></span> <span class='ocrx_word' id='word_1_246' title='bbox 385 1892 670 1962; x_wconf 71' lang='lat' dir='ltr'><strong>quaeinter</strong></span> <span class='ocrx_word' id='word_1_247' title='bbox 698 1893 835 1948; x_wconf 85' lang='lat' dir='ltr'><strong>levia</strong></span> <span class='ocrx_word' id='word_1_248' title='bbox 861 1903 1081 1964; x_wconf 83' lang='lat' dir='ltr'><strong>peccata</strong></span> <span class='ocrx_word' id='word_1_249' title='bbox 1104 1893 1457 1965; x_wconf 77' lang='lat' dir='ltr'><strong>deputantur,</strong></span> <span class='ocrx_word' id='word_1_250' title='bbox 1481 1909 1511 1949; x_wconf 92' lang='lat' dir='ltr'><strong>a</strong></span> <span class='ocrx_word' id='word_1_251' title='bbox 1560 1895 1680 1966; x_wconf 80' lang='lat' dir='ltr'><strong>qui-</strong></span> 
     </span>
    </p>
   </div>
   <div class='ocr_carea' id='block_1_35' title="bbox 91 1985 1681 2059">
    <p class='ocr_par' dir='ltr' id='par_1_35' title="bbox 91 1985 1681 2059">
     <span class='ocr_line' id='line_1_35' title="bbox 91 1985 1681 2059; baseline -0.001 -17"><span class='ocrx_word' id='word_1_252' title='bbox 91 1986 184 2042; x_wconf 87' lang='lat' dir='ltr'><strong>bus</strong></span> <span class='ocrx_word' id='word_1_253' title='bbox 212 1986 422 2042; x_wconf 91' lang='lat' dir='ltr'><strong>nullum</strong></span> <span class='ocrx_word' id='word_1_254' title='bbox 448 1996 579 2057; x_wconf 91' lang='lat' dir='ltr'><strong>puto</strong></span> <span class='ocrx_word' id='word_1_255' title='bbox 607 1985 884 2043; x_wconf 88' lang='lat' dir='ltr'><strong>hominem</strong></span> <span class='ocrx_word' id='word_1_256' title='bbox 909 2003 977 2043; x_wconf 89' lang='lat' dir='ltr'><strong>ex</strong></span> <span class='ocrx_word' id='word_1_257' title='bbox 1035 1998 1149 2044; x_wconf 88' lang='lat' dir='ltr'><strong>toto</strong></span> <span class='ocrx_word' id='word_1_258' title='bbox 1177 2003 1336 2059; x_wconf 87' lang='lat' dir='ltr'><strong>posse</strong></span> <span class='ocrx_word' id='word_1_259' title='bbox 1375 1987 1681 2044; x_wconf 87' lang='lat' dir='ltr'><strong>abstinere:</strong></span> 
     </span>
    </p>
   </div>
   <div class='ocr_carea' id='block_1_36' title="bbox 92 2080 1682 2153">
    <p class='ocr_par' dir='ltr' id='par_1_36' title="bbox 92 2080 1682 2153">
     <span class='ocr_line' id='line_1_36' title="bbox 92 2080 1682 2153; baseline 0.001 -18"><span class='ocrx_word' id='word_1_260' title='bbox 92 2089 210 2135; x_wconf 89' lang='lat' dir='ltr'><strong>sunt</strong></span> <span class='ocrx_word' id='word_1_261' title='bbox 237 2088 290 2136; x_wconf 92' lang='lat' dir='ltr'><strong>et</strong></span> <span class='ocrx_word' id='word_1_262' title='bbox 310 2080 518 2151; x_wconf 85' lang='lat' dir='ltr'><strong>gravia,</strong></span> <span class='ocrx_word' id='word_1_263' title='bbox 543 2097 663 2151; x_wconf 78' lang='lat' dir='ltr'><strong>qua:</strong></span> <span class='ocrx_word' id='word_1_264' title='bbox 693 2088 952 2153; x_wconf 82' lang='lat' dir='ltr'><strong>mergunt</strong></span> <span class='ocrx_word' id='word_1_265' title='bbox 977 2080 1253 2138; x_wconf 86' lang='lat' dir='ltr'><strong>hominem</strong></span> <span class='ocrx_word' id='word_1_266' title='bbox 1280 2083 1333 2137; x_wconf 88' lang='lat' dir='ltr'><strong>in</strong></span> <span class='ocrx_word' id='word_1_267' title='bbox 1373 2082 1682 2137; x_wconf 83' lang='lat' dir='ltr'><strong>damnatio-</strong></span> 
     </span>
    </p>
   </div>
   <div class='ocr_carea' id='block_1_37' title="bbox 94 2173 442 2230">
    <p class='ocr_par' dir='ltr' id='par_1_37' title="bbox 94 2173 442 2230">
     <span class='ocr_line' id='line_1_37' title="bbox 94 2173 442 2230; baseline 0.003 -4"><span class='ocrx_word' id='word_1_268' title='bbox 94 2186 208 2227; x_wconf 87' lang='lat' dir='ltr'><strong>nem</strong></span> <span class='ocrx_word' id='word_1_269' title='bbox 229 2173 442 2230; x_wconf 88' lang='lat' dir='ltr'><strong>mortis.</strong></span> 
     </span>
    </p>
   </div>
   <div class='ocr_carea' id='block_1_38' title="bbox 158 2252 1683 2346">
    <p class='ocr_par' dir='ltr' id='par_1_38' title="bbox 158 2252 1683 2346">
     <span class='ocr_line' id='line_1_38' title="bbox 158 2252 1683 2346; baseline 0.001 -22"><span class='ocrx_word' id='word_1_270' title='bbox 158 2268 260 2325; x_wconf 89' lang='lat' dir='ltr'><strong>Sed</strong></span> <span class='ocrx_word' id='word_1_271' title='bbox 290 2272 417 2340; x_wconf 87' lang='lat' dir='ltr'><strong>quia</strong></span> <span class='ocrx_word' id='word_1_272' title='bbox 442 2272 526 2328; x_wconf 85' lang='lat' dir='ltr'><strong>his</strong></span> <span class='ocrx_word' id='word_1_273' title='bbox 549 2273 888 2346; x_wconf 82' lang='lat' dir='ltr'><strong>temporibus</strong></span> <span class='ocrx_word' id='word_1_274' title='bbox 919 2272 1216 2328; x_wconf 84' lang='lat' dir='ltr'><strong>multisunt</strong></span> <span class='ocrx_word' id='word_1_275' title='bbox 1243 2252 1334 2344; x_wconf 86' lang='lat' dir='ltr'><strong>qui</strong></span> <span class='ocrx_word' id='word_1_276' title='bbox 1366 2273 1486 2328; x_wconf 86' lang='lat' dir='ltr'><strong>sine</strong></span> <span class='ocrx_word' id='word_1_277' title='bbox 1502 2273 1683 2342; x_wconf 78' lang='lat' dir='ltr'><strong>aliqua</strong></span> 
     </span>
    </p>
   </div>
   <div class='ocr_carea' id='block_1_39' title="bbox 95 2365 1688 2439">
    <p class='ocr_par' dir='ltr' id='par_1_39' title="bbox 95 2365 1688 2439">
     <span class='ocr_line' id='line_1_39' title="bbox 95 2365 1688 2439; baseline 0.001 -20"><span class='ocrx_word' id='word_1_278' title='bbox 95 2365 388 2420; x_wconf 87' lang='lat' dir='ltr'><strong>reverentia</strong></span> <span class='ocrx_word' id='word_1_279' title='bbox 423 2365 519 2423; x_wconf 86' lang='lat' dir='ltr'><strong>Dei</strong></span> <span class='ocrx_word' id='word_1_280' title='bbox 542 2366 937 2439; x_wconf 88' lang='lat' dir='ltr'><strong>omnipotentis</strong></span> <span class='ocrx_word' id='word_1_281' title='bbox 989 2383 1126 2438; x_wconf 89' lang='lat' dir='ltr'><strong>pene</strong></span> <span class='ocrx_word' id='word_1_282' title='bbox 1154 2365 1376 2422; x_wconf 90' lang='lat' dir='ltr'><strong>assidue</strong></span> <span class='ocrx_word' id='word_1_283' title='bbox 1412 2367 1688 2422; x_wconf 77' lang='lat' dir='ltr'><strong>mentiun-</strong></span> 
     </span>
    </p>
   </div>
   <div class='ocr_carea' id='block_1_40' title="bbox 97 2457 1689 2530">
    <p class='ocr_par' dir='ltr' id='par_1_40' title="bbox 97 2457 1689 2530">
     <span class='ocr_line' id='line_1_40' title="bbox 97 2457 1689 2530; baseline 0.003 -20"><span class='ocrx_word' id='word_1_284' title='bbox 97 2465 199 2523; x_wconf 90' lang='lat' dir='ltr'><strong>tur,</strong></span> <span class='ocrx_word' id='word_1_285' title='bbox 221 2457 425 2528; x_wconf 88' lang='lat' dir='ltr'><strong>placuit</strong></span> <span class='ocrx_word' id='word_1_286' title='bbox 445 2459 601 2516; x_wconf 87' lang='lat' dir='ltr'><strong>nobis</strong></span> <span class='ocrx_word' id='word_1_287' title='bbox 629 2468 682 2514; x_wconf 89' lang='lat' dir='ltr'><strong>ut</strong></span> <span class='ocrx_word' id='word_1_288' title='bbox 710 2459 779 2516; x_wconf 87' lang='lat' dir='ltr'><strong>de</strong></span> <span class='ocrx_word' id='word_1_289' title='bbox 796 2461 897 2515; x_wconf 88' lang='lat' dir='ltr'><strong>hoc</strong></span> <span class='ocrx_word' id='word_1_290' title='bbox 921 2459 1052 2515; x_wconf 90' lang='lat' dir='ltr'><strong>vitio</strong></span> <span class='ocrx_word' id='word_1_291' title='bbox 1073 2459 1254 2530; x_wconf 87' lang='lat' dir='ltr'><strong>aliqua</strong></span> <span class='ocrx_word' id='word_1_292' title='bbox 1283 2459 1550 2515; x_wconf 87' lang='lat' dir='ltr'><strong>dicamus.</strong></span> <span class='ocrx_word' id='word_1_293' title='bbox 1583 2459 1689 2515; x_wconf 84' lang='lat' dir='ltr'><strong>Ve-</strong></span> 
     </span>
    </p>
   </div>
   <div class='ocr_carea' id='block_1_41' title="bbox 100 2552 1688 2626">
    <p class='ocr_par' dir='ltr' id='par_1_41' title="bbox 100 2552 1688 2626">
     <span class='ocr_line' id='line_1_41' title="bbox 100 2552 1688 2626; baseline 0.004 -20"><span class='ocrx_word' id='word_1_294' title='bbox 100 2567 212 2606; x_wconf 90' lang='lat' dir='ltr'><strong>rum</strong></span> <span class='ocrx_word' id='word_1_295' title='bbox 241 2552 389 2623; x_wconf 88' lang='lat' dir='ltr'><strong>prius</strong></span> <span class='ocrx_word' id='word_1_296' title='bbox 413 2553 483 2610; x_wconf 85' lang='lat' dir='ltr'><strong>de</strong></span> <span class='ocrx_word' id='word_1_297' title='bbox 511 2555 720 2611; x_wconf 80' lang='lat' dir='ltr'><strong>levibus</strong></span> <span class='ocrx_word' id='word_1_298' title='bbox 750 2556 1051 2612; x_wconf 88' lang='lat' dir='ltr'><strong>mendaciis</strong></span> <span class='ocrx_word' id='word_1_299' title='bbox 1101 2555 1369 2623; x_wconf 75' lang='lat' dir='ltr'><strong>dicamus,</strong></span> <span class='ocrx_word' id='word_1_300' title='bbox 1401 2564 1586 2626; x_wconf 85' lang='lat' dir='ltr'><strong>postea</strong></span> <span class='ocrx_word' id='word_1_301' title='bbox 1620 2555 1688 2613; x_wconf 89' lang='lat' dir='ltr'><strong>de</strong></span> 
     </span>
    </p>
   </div>
   <div class='ocr_carea' id='block_1_42' title="bbox 99 2644 1688 2717">
    <p class='ocr_par' dir='ltr' id='par_1_42' title="bbox 99 2644 1688 2717">
     <span class='ocr_line' id='line_1_42' title="bbox 99 2644 1688 2717; baseline 0.005 -19"><span class='ocrx_word' id='word_1_302' title='bbox 99 2644 452 2714; x_wconf 67' lang='lat' dir='ltr'><strong>gravioribus.</strong></span> <span class='ocrx_word' id='word_1_303' title='bbox 469 2647 624 2717; x_wconf 70' lang='lat' dir='ltr'><strong>Saepe</strong></span> <span class='ocrx_word' id='word_1_304' title='bbox 636 2648 995 2703; x_wconf 70' lang='lat' dir='ltr'><strong>aestimatione</strong></span> <span class='ocrx_word' id='word_1_305' title='bbox 1018 2649 1335 2714; x_wconf 86' lang='lat' dir='ltr'><strong>mentimur,</strong></span> <span class='ocrx_word' id='word_1_306' title='bbox 1351 2650 1688 2706; x_wconf 68' lang='lat' dir='ltr'><strong>aestimantes</strong></span> 
     </span>
    </p>
   </div>
   <div class='ocr_carea' id='block_1_43' title="bbox 100 2739 1686 2814">
    <p class='ocr_par' dir='ltr' id='par_1_43' title="bbox 100 2739 1686 2814">
     <span class='ocr_line' id='line_1_43' title="bbox 100 2739 1686 2814; baseline 0.004 -22"><span class='ocrx_word' id='word_1_307' title='bbox 100 2753 193 2795; x_wconf 90' lang='lat' dir='ltr'><strong>nos</strong></span> <span class='ocrx_word' id='word_1_308' title='bbox 215 2739 423 2807; x_wconf 88' lang='lat' dir='ltr'><strong>videre,</strong></span> <span class='ocrx_word' id='word_1_309' title='bbox 452 2739 595 2812; x_wconf 76' lang='lat' dir='ltr'><strong>quod</strong></span> <span class='ocrx_word' id='word_1_310' title='bbox 619 2756 726 2796; x_wconf 82' lang='lat' dir='ltr'><strong>non</strong></span> <span class='ocrx_word' id='word_1_311' title='bbox 755 2742 1036 2798; x_wconf 86' lang='lat' dir='ltr'><strong>videmus:</strong></span> <span class='ocrx_word' id='word_1_312' title='bbox 1061 2752 1153 2798; x_wconf 86' lang='lat' dir='ltr'><strong>aut</strong></span> <span class='ocrx_word' id='word_1_313' title='bbox 1173 2742 1383 2811; x_wconf 90' lang='lat' dir='ltr'><strong>audire,</strong></span> <span class='ocrx_word' id='word_1_314' title='bbox 1410 2741 1555 2814; x_wconf 91' lang='lat' dir='ltr'><strong>quod</strong></span> <span class='ocrx_word' id='word_1_315' title='bbox 1579 2759 1686 2799; x_wconf 89' lang='lat' dir='ltr'><strong>non</strong></span> 
     </span>
    </p>
   </div>
   <div class='ocr_carea' id='block_1_44' title="bbox 100 2832 1690 2910">
    <p class='ocr_par' dir='ltr' id='par_1_44' title="bbox 100 2832 1690 2910">
     <span class='ocr_line' id='line_1_44' title="bbox 100 2832 1690 2910; baseline 0.006 -24"><span class='ocrx_word' id='word_1_316' title='bbox 100 2832 366 2890; x_wconf 87' lang='lat' dir='ltr'><strong>audimus:</strong></span> <span class='ocrx_word' id='word_1_317' title='bbox 396 2844 490 2890; x_wconf 87' lang='lat' dir='ltr'><strong>aut</strong></span> <span class='ocrx_word' id='word_1_318' title='bbox 518 2837 683 2905; x_wconf 87' lang='lat' dir='ltr'><strong>scire,</strong></span> <span class='ocrx_word' id='word_1_319' title='bbox 711 2837 855 2909; x_wconf 88' lang='lat' dir='ltr'><strong>quod</strong></span> <span class='ocrx_word' id='word_1_320' title='bbox 880 2854 985 2893; x_wconf 88' lang='lat' dir='ltr'><strong>non</strong></span> <span class='ocrx_word' id='word_1_321' title='bbox 1026 2836 1246 2893; x_wconf 87' lang='lat' dir='ltr'><strong>scimus.</strong></span> <span class='ocrx_word' id='word_1_322' title='bbox 1277 2837 1434 2910; x_wconf 70' lang='lat' dir='ltr'><strong>Saepe</strong></span> <span class='ocrx_word' id='word_1_323' title='bbox 1457 2853 1690 2910; x_wconf 85' lang='lat' dir='ltr'><strong>namque</strong></span> 
     </span>
    </p>
   </div>
   <div class='ocr_carea' id='block_1_45' title="bbox 99 2928 1692 3004">
    <p class='ocr_par' dir='ltr' id='par_1_45' title="bbox 99 2928 1692 3004">
     <span class='ocr_line' id='line_1_45' title="bbox 99 2928 1692 3004; baseline 0.004 -23"><span class='ocrx_word' id='word_1_324' title='bbox 99 2940 212 2982; x_wconf 84' lang='lat' dir='ltr'><strong>cum</strong></span> <span class='ocrx_word' id='word_1_325' title='bbox 237 2942 268 2983; x_wconf 87' lang='lat' dir='ltr'><strong>a</strong></span> <span class='ocrx_word' id='word_1_326' title='bbox 299 2928 459 3001; x_wconf 74' lang='lat' dir='ltr'><strong>longe</strong></span> <span class='ocrx_word' id='word_1_327' title='bbox 479 2929 740 3002; x_wconf 87' lang='lat' dir='ltr'><strong>quosdam</strong></span> <span class='ocrx_word' id='word_1_328' title='bbox 769 2932 1152 3004; x_wconf 82' lang='lat' dir='ltr'><strong>prospicimus;</strong></span> <span class='ocrx_word' id='word_1_329' title='bbox 1183 2931 1322 2986; x_wconf 82' lang='lat' dir='ltr'><strong>fallit</strong></span> <span class='ocrx_word' id='word_1_330' title='bbox 1347 2945 1448 2987; x_wconf 91' lang='lat' dir='ltr'><strong>nos</strong></span> <span class='ocrx_word' id='word_1_331' title='bbox 1500 2945 1692 3002; x_wconf 78' lang='lat' dir='ltr'><strong>aspec—</strong></span> 
     </span>
    </p>
   </div>
   <div class='ocr_carea' id='block_1_46' title="bbox 98 3024 1686 3097">
    <p class='ocr_par' dir='ltr' id='par_1_46' title="bbox 98 3024 1686 3097">
     <span class='ocr_line' id='line_1_46' title="bbox 98 3024 1686 3097; baseline 0.003 -23"><span class='ocrx_word' id='word_1_332' title='bbox 98 3027 179 3076; x_wconf 88' lang='lat' dir='ltr'><strong>tns</strong></span> <span class='ocrx_word' id='word_1_333' title='bbox 199 3030 405 3091; x_wconf 85' lang='lat' dir='ltr'><strong>noster,</strong></span> <span class='ocrx_word' id='word_1_334' title='bbox 431 3035 488 3082; x_wconf 89' lang='lat' dir='ltr'><strong>et</strong></span> <span class='ocrx_word' id='word_1_335' title='bbox 511 3024 742 3081; x_wconf 81' lang='lat' dir='ltr'><strong>dicimus</strong></span> <span class='ocrx_word' id='word_1_336' title='bbox 769 3039 912 3093; x_wconf 87' lang='lat' dir='ltr'><strong>esse,</strong></span> <span class='ocrx_word' id='word_1_337' title='bbox 946 3025 1038 3097; x_wconf 83' lang='lat' dir='ltr'><strong>qui</strong></span> <span class='ocrx_word' id='word_1_338' title='bbox 1067 3041 1174 3082; x_wconf 92' lang='lat' dir='ltr'><strong>non</strong></span> <span class='ocrx_word' id='word_1_339' title='bbox 1187 3034 1332 3082; x_wconf 86' lang='lat' dir='ltr'><strong>sunt.</strong></span> <span class='ocrx_word' id='word_1_340' title='bbox 1349 3025 1510 3097; x_wconf 61' lang='lat' dir='ltr'><strong>Saepe</strong></span> <span class='ocrx_word' id='word_1_341' title='bbox 1525 3024 1686 3082; x_wconf 80' lang='lat' dir='ltr'><strong>etiam</strong></span> 
     </span>
    </p>
   </div>
   <div class='ocr_carea' id='block_1_47' title="bbox 95 3114 1691 3189">
    <p class='ocr_par' dir='ltr' id='par_1_47' title="bbox 95 3114 1691 3189">
     <span class='ocr_line' id='line_1_47' title="bbox 95 3114 1691 3189; baseline 0.001 -19"><span class='ocrx_word' id='word_1_342' title='bbox 95 3125 148 3170; x_wconf 88' lang='lat' dir='ltr'><strong>et</strong></span> <span class='ocrx_word' id='word_1_343' title='bbox 164 3114 416 3172; x_wconf 80' lang='lat' dir='ltr'><strong>obscuris</strong></span> <span class='ocrx_word' id='word_1_344' title='bbox 429 3117 768 3188; x_wconf 81' lang='lat' dir='ltr'><strong>temporibus</strong></span> <span class='ocrx_word' id='word_1_345' title='bbox 779 3132 901 3174; x_wconf 88' lang='lat' dir='ltr'><strong>cum</strong></span> <span class='ocrx_word' id='word_1_346' title='bbox 924 3117 1111 3189; x_wconf 88' lang='lat' dir='ltr'><strong>procul</strong></span> <span class='ocrx_word' id='word_1_347' title='bbox 1135 3116 1343 3189; x_wconf 87' lang='lat' dir='ltr'><strong>lapides</strong></span> <span class='ocrx_word' id='word_1_348' title='bbox 1359 3128 1455 3174; x_wconf 90' lang='lat' dir='ltr'><strong>aut</strong></span> <span class='ocrx_word' id='word_1_349' title='bbox 1467 3118 1691 3175; x_wconf 88' lang='lat' dir='ltr'><strong>arbusta</strong></span> 
     </span>
    </p>
   </div>
   <div class='ocr_carea' id='block_1_48' title="bbox 1789 1891 2042 1963">
    <p class='ocr_par' dir='ltr' id='par_1_48' title="bbox 1789 1891 2042 1963">
     <span class='ocr_line' id='line_1_48' title="bbox 1789 1891 2042 1963; baseline 0.02 -19"><span class='ocrx_word' id='word_1_350' title='bbox 1789 1907 1903 1956; x_wconf 77' lang='lat' dir='ltr'><strong>vni,</strong></span> <span class='ocrx_word' id='word_1_351' title='bbox 1928 1891 2042 1963; x_wconf 72' lang='grc'><strong>44).</strong></span> 
     </span>
    </p>
   </div>
   <div class='ocr_carea' id='block_1_49' title="bbox 1861 1985 3400 2076">
    <p class='ocr_par' dir='ltr' id='par_1_49' title="bbox 1861 1985 3400 2076">
     <span class='ocr_line' id='line_1_49' title="bbox 1861 1985 3400 2076; baseline 0.014 -35"><span class='ocrx_word' id='word_1_352' title='bbox 1861 1985 2022 2058; x_wconf 61' lang='lat' dir='ltr'><strong>Saepe</strong></span> <span class='ocrx_word' id='word_1_353' title='bbox 2066 1997 2123 2044; x_wconf 89' lang='lat' dir='ltr'><strong>et</strong></span> <span class='ocrx_word' id='word_1_354' title='bbox 2172 1989 2374 2048; x_wconf 88' lang='lat' dir='ltr'><strong>timore</strong></span> <span class='ocrx_word' id='word_1_355' title='bbox 2407 1995 2738 2062; x_wconf 87' lang='lat' dir='ltr'><strong>mentimur;</strong></span> <span class='ocrx_word' id='word_1_356' title='bbox 2791 2014 2915 2054; x_wconf 89' lang='lat' dir='ltr'><strong>nam</strong></span> <span class='ocrx_word' id='word_1_357' title='bbox 2949 2017 3072 2056; x_wconf 88' lang='lat' dir='ltr'><strong>cum</strong></span> <span class='ocrx_word' id='word_1_358' title='bbox 3110 2004 3400 2076; x_wconf 88' lang='lat' dir='ltr'><strong>timemus,</strong></span> 
     </span>
    </p>
   </div>
   <div class='ocr_carea' id='block_1_50' title="bbox 1790 2081 3395 2169">
    <p class='ocr_par' dir='ltr' id='par_1_50' title="bbox 1790 2081 3395 2169">
     <span class='ocr_line' id='line_1_50' title="bbox 1790 2081 3395 2169; baseline 0.014 -36"><span class='ocrx_word' id='word_1_359' title='bbox 1790 2092 1858 2134; x_wconf 89' lang='lat' dir='ltr'><strong>ne</strong></span> <span class='ocrx_word' id='word_1_360' title='bbox 1882 2093 1913 2134; x_wconf 92' lang='lat' dir='ltr'><strong>a</strong></span> <span class='ocrx_word' id='word_1_361' title='bbox 1940 2081 2344 2150; x_wconf 87' lang='lat' dir='ltr'><strong>potentioribus</strong></span> <span class='ocrx_word' id='word_1_362' title='bbox 2390 2085 2588 2156; x_wconf 70' lang='lat' dir='ltr'><strong>aliqua:</strong></span> <span class='ocrx_word' id='word_1_363' title='bbox 2619 2089 2885 2147; x_wconf 68' lang='lat' dir='ltr'><strong>molestias</strong></span> <span class='ocrx_word' id='word_1_364' title='bbox 2928 2095 3086 2150; x_wconf 89' lang='lat' dir='ltr'><strong>nobis</strong></span> <span class='ocrx_word' id='word_1_365' title='bbox 3135 2096 3395 2169; x_wconf 85' lang='lat' dir='ltr'><strong>ingeran-</strong></span> 
     </span>
    </p>
   </div>
   <div class='ocr_carea' id='block_1_51' title="bbox 1789 2178 3402 2266">
    <p class='ocr_par' dir='ltr' id='par_1_51' title="bbox 1789 2178 3402 2266">
     <span class='ocr_line' id='line_1_51' title="bbox 1789 2178 3402 2266; baseline 0.015 -36"><span class='ocrx_word' id='word_1_366' title='bbox 1789 2183 1901 2242; x_wconf 87' lang='lat' dir='ltr'><strong>tur,</strong></span> <span class='ocrx_word' id='word_1_367' title='bbox 1933 2178 2226 2250; x_wconf 80' lang='lat' dir='ltr'><strong>aliquando</strong></span> <span class='ocrx_word' id='word_1_368' title='bbox 2257 2181 2538 2239; x_wconf 88' lang='lat' dir='ltr'><strong>mendacia</strong></span> <span class='ocrx_word' id='word_1_369' title='bbox 2569 2188 2962 2258; x_wconf 85' lang='lat' dir='ltr'><strong>excogitamus,</strong></span> <span class='ocrx_word' id='word_1_370' title='bbox 2995 2207 3090 2262; x_wconf 89' lang='lat' dir='ltr'><strong>per</strong></span> <span class='ocrx_word' id='word_1_371' title='bbox 3114 2209 3240 2266; x_wconf 79' lang='lat' dir='ltr'><strong>quae</strong></span> <span class='ocrx_word' id='word_1_372' title='bbox 3265 2197 3402 2255; x_wconf 86' lang='lat' dir='ltr'><strong>libe-</strong></span> 
     </span>
    </p>
   </div>
   <div class='ocr_carea' id='block_1_52' title="bbox 1791 2270 3400 2350">
    <p class='ocr_par' dir='ltr' id='par_1_52' title="bbox 1791 2270 3400 2350">
     <span class='ocr_line' id='line_1_52' title="bbox 1791 2270 3400 2350; baseline 0.017 -28"><span class='ocrx_word' id='word_1_373' title='bbox 1791 2283 1993 2326; x_wconf 89' lang='lat' dir='ltr'><strong>remur.</strong></span> <span class='ocrx_word' id='word_1_374' title='bbox 2030 2270 2138 2329; x_wconf 90' lang='lat' dir='ltr'><strong>Sed</strong></span> <span class='ocrx_word' id='word_1_375' title='bbox 2167 2283 2223 2331; x_wconf 87' lang='lat' dir='ltr'><strong>et</strong></span> <span class='ocrx_word' id='word_1_376' title='bbox 2266 2275 2509 2332; x_wconf 82' lang='lat' dir='ltr'><strong>viatores</strong></span> <span class='ocrx_word' id='word_1_377' title='bbox 2549 2279 2797 2348; x_wconf 58' lang='lat' dir='ltr'><strong>quaedam</strong></span> <span class='ocrx_word' id='word_1_378' title='bbox 2838 2285 3118 2342; x_wconf 87' lang='lat' dir='ltr'><strong>mendacia</strong></span> <span class='ocrx_word' id='word_1_379' title='bbox 3155 2290 3400 2350; x_wconf 87' lang='lat' dir='ltr'><strong>invenire</strong></span> 
     </span>
    </p>
   </div>
   <div class='ocr_carea' id='block_1_53' title="bbox 1791 2365 3393 2454">
    <p class='ocr_par' dir='ltr' id='par_1_53' title="bbox 1791 2365 3393 2454">
     <span class='ocr_line' id='line_1_53' title="bbox 1791 2365 3393 2454; baseline 0.016 -35"><span class='ocrx_word' id='word_1_380' title='bbox 1791 2365 1988 2432; x_wconf 85' lang='lat' dir='ltr'><strong>solent,</strong></span> <span class='ocrx_word' id='word_1_381' title='bbox 2021 2376 2134 2421; x_wconf 87' lang='lat' dir='ltr'><strong>uta</strong></span> <span class='ocrx_word' id='word_1_382' title='bbox 2165 2367 2475 2426; x_wconf 83' lang='lat' dir='ltr'><strong>latronibus</strong></span> <span class='ocrx_word' id='word_1_383' title='bbox 2497 2371 2818 2430; x_wconf 76' lang='lat' dir='ltr'><strong>liberentur.</strong></span> <span class='ocrx_word' id='word_1_384' title='bbox 2851 2377 3120 2438; x_wconf 85' lang='lat' dir='ltr'><strong>Similiter</strong></span> <span class='ocrx_word' id='word_1_385' title='bbox 3140 2395 3192 2439; x_wconf 91' lang='lat' dir='ltr'><strong>et</strong></span> <span class='ocrx_word' id='word_1_386' title='bbox 3219 2388 3393 2454; x_wconf 86' lang='lat' dir='ltr'><strong>servi,</strong></span> 
     </span>
    </p>
   </div>
   <div class='ocr_carea' id='block_1_54' title="bbox 1789 2459 3399 2545">
    <p class='ocr_par' dir='ltr' id='par_1_54' title="bbox 1789 2459 3399 2545">
     <span class='ocr_line' id='line_1_54' title="bbox 1789 2459 3399 2545; baseline 0.016 -33"><span class='ocrx_word' id='word_1_387' title='bbox 1789 2468 1844 2513; x_wconf 90' lang='lat' dir='ltr'><strong>et</strong></span> <span class='ocrx_word' id='word_1_388' title='bbox 1868 2459 2022 2530; x_wconf 90' lang='lat' dir='ltr'><strong>pueri</strong></span> <span class='ocrx_word' id='word_1_389' title='bbox 2049 2460 2227 2531; x_wconf 88' lang='lat' dir='ltr'><strong>aliqua</strong></span> <span class='ocrx_word' id='word_1_390' title='bbox 2257 2463 2542 2520; x_wconf 89' lang='lat' dir='ltr'><strong>mendacia</strong></span> <span class='ocrx_word' id='word_1_391' title='bbox 2587 2465 2926 2539; x_wconf 82' lang='lat' dir='ltr'><strong>interpolare</strong></span> <span class='ocrx_word' id='word_1_392' title='bbox 2956 2473 3168 2545; x_wconf 88' lang='lat' dir='ltr'><strong>solent,</strong></span> <span class='ocrx_word' id='word_1_393' title='bbox 3215 2495 3283 2536; x_wconf 89' lang='lat' dir='ltr'><strong>ne</strong></span> <span class='ocrx_word' id='word_1_394' title='bbox 3306 2497 3399 2538; x_wconf 85' lang='lat' dir='ltr'><strong>va-</strong></span> 
     </span>
    </p>
   </div>
   <div class='ocr_carea' id='block_1_55' title="bbox 1793 2551 3399 2644">
    <p class='ocr_par' dir='ltr' id='par_1_55' title="bbox 1793 2551 3399 2644">
     <span class='ocr_line' id='line_1_55' title="bbox 1793 2551 3399 2644; baseline 0.016 -39"><span class='ocrx_word' id='word_1_395' title='bbox 1793 2551 1998 2621; x_wconf 89' lang='lat' dir='ltr'><strong>pulent.</strong></span> <span class='ocrx_word' id='word_1_396' title='bbox 2025 2552 2162 2608; x_wconf 87' lang='lat' dir='ltr'><strong>Sunt</strong></span> <span class='ocrx_word' id='word_1_397' title='bbox 2189 2554 2354 2610; x_wconf 83' lang='lat' dir='ltr'><strong>etiam</strong></span> <span class='ocrx_word' id='word_1_398' title='bbox 2381 2557 2560 2625; x_wconf 83' lang='lat' dir='ltr'><strong>multi,</strong></span> <span class='ocrx_word' id='word_1_399' title='bbox 2589 2559 2680 2630; x_wconf 87' lang='lat' dir='ltr'><strong>qui</strong></span> <span class='ocrx_word' id='word_1_400' title='bbox 2713 2561 2767 2615; x_wconf 92' lang='lat' dir='ltr'><strong>in</strong></span> <span class='ocrx_word' id='word_1_401' title='bbox 2807 2567 3092 2623; x_wconf 79' lang='lat' dir='ltr'><strong>extraneis</strong></span> <span class='ocrx_word' id='word_1_402' title='bbox 3133 2569 3268 2627; x_wconf 88' lang='lat' dir='ltr'><strong>locis</strong></span> <span class='ocrx_word' id='word_1_403' title='bbox 3298 2590 3399 2644; x_wconf 84' lang='lat' dir='ltr'><strong>po-</strong></span> 
     </span>
    </p>
   </div>
   <div class='ocr_carea' id='block_1_56' title="bbox 1790 2643 3403 2724">
    <p class='ocr_par' dir='ltr' id='par_1_56' title="bbox 1790 2643 3403 2724">
     <span class='ocr_line' id='line_1_56' title="bbox 1790 2643 3403 2724; baseline 0.016 -26"><span class='ocrx_word' id='word_1_404' title='bbox 1790 2643 1903 2709; x_wconf 91' lang='lat' dir='ltr'><strong>siti,</strong></span> <span class='ocrx_word' id='word_1_405' title='bbox 1935 2646 2191 2716; x_wconf 76' lang='lat' dir='ltr'><strong>egestatis</strong></span> <span class='ocrx_word' id='word_1_406' title='bbox 2217 2657 2310 2704; x_wconf 89' lang='lat' dir='ltr'><strong>aut</strong></span> <span class='ocrx_word' id='word_1_407' title='bbox 2353 2648 2589 2721; x_wconf 86' lang='lat' dir='ltr'><strong>alicujus</strong></span> <span class='ocrx_word' id='word_1_408' title='bbox 2636 2656 2988 2714; x_wconf 86' lang='lat' dir='ltr'><strong>necessitatis</strong></span> <span class='ocrx_word' id='word_1_409' title='bbox 3037 2676 3199 2718; x_wconf 79' lang='lat' dir='ltr'><strong>causa</strong></span> <span class='ocrx_word' id='word_1_410' title='bbox 3248 2643 3403 2724; x_wconf 87' lang='lat' dir='ltr'><strong>men-</strong></span> 
     </span>
    </p>
   </div>
   <div class='ocr_carea' id='block_1_57' title="bbox 1793 2737 3401 2822">
    <p class='ocr_par' dir='ltr' id='par_1_57' title="bbox 1793 2737 3401 2822">
     <span class='ocr_line' id='line_1_57' title="bbox 1793 2737 3401 2822; baseline 0.016 -29"><span class='ocrx_word' id='word_1_411' title='bbox 1793 2737 2026 2804; x_wconf 89' lang='lat' dir='ltr'><strong>tiuntur;</strong></span> <span class='ocrx_word' id='word_1_412' title='bbox 2056 2747 2114 2794; x_wconf 90' lang='lat' dir='ltr'><strong>ut</strong></span> <span class='ocrx_word' id='word_1_413' title='bbox 2145 2740 2379 2807; x_wconf 85' lang='lat' dir='ltr'><strong>victum,</strong></span> <span class='ocrx_word' id='word_1_414' title='bbox 2429 2753 2523 2799; x_wconf 89' lang='lat' dir='ltr'><strong>aut</strong></span> <span class='ocrx_word' id='word_1_415' title='bbox 2571 2745 2751 2817; x_wconf 65' lang='lat' dir='ltr'><strong>aliqua</strong></span> <span class='ocrx_word' id='word_1_416' title='bbox 2779 2753 3051 2822; x_wconf 86' lang='lat' dir='ltr'><strong>.corporis</strong></span> <span class='ocrx_word' id='word_1_417' title='bbox 3084 2763 3401 2818; x_wconf 86' lang='lat' dir='ltr'><strong>necessaria</strong></span> 
     </span>
    </p>
   </div>
   <div class='ocr_carea' id='block_1_58' title="bbox 1791 2829 3399 2915">
    <p class='ocr_par' dir='ltr' id='par_1_58' title="bbox 1791 2829 3399 2915">
     <span class='ocr_line' id='line_1_58' title="bbox 1791 2829 3399 2915; baseline 0.016 -30"><span class='ocrx_word' id='word_1_418' title='bbox 1791 2829 1898 2886; x_wconf 87' lang='lat' dir='ltr'><strong>sibi</strong></span> <span class='ocrx_word' id='word_1_419' title='bbox 1926 2831 2228 2901; x_wconf 72' lang='lat' dir='ltr'><strong>acquirunt.</strong></span> <span class='ocrx_word' id='word_1_420' title='bbox 2254 2833 2413 2906; x_wconf 66' lang='lat' dir='ltr'><strong>Saepe</strong></span> <span class='ocrx_word' id='word_1_421' title='bbox 2440 2845 2496 2892; x_wconf 90' lang='lat' dir='ltr'><strong>et</strong></span> <span class='ocrx_word' id='word_1_422' title='bbox 2522 2853 2622 2893; x_wconf 86' lang='lat' dir='ltr'><strong>nos</strong></span> <span class='ocrx_word' id='word_1_423' title='bbox 2648 2854 2838 2897; x_wconf 88' lang='lat' dir='ltr'><strong>amore</strong></span> <span class='ocrx_word' id='word_1_424' title='bbox 2877 2852 3042 2915; x_wconf 88' lang='lat' dir='ltr'><strong>atque</strong></span> <span class='ocrx_word' id='word_1_425' title='bbox 3081 2848 3163 2906; x_wconf 90' lang='lat' dir='ltr'><strong>ira</strong></span> <span class='ocrx_word' id='word_1_426' title='bbox 3194 2855 3399 2910; x_wconf 87' lang='lat' dir='ltr'><strong>menti-</strong></span> 
     </span>
    </p>
   </div>
   <div class='ocr_carea' id='block_1_59' title="bbox 1791 2924 3402 3014">
    <p class='ocr_par' dir='ltr' id='par_1_59' title="bbox 1791 2924 3402 3014">
     <span class='ocr_line' id='line_1_59' title="bbox 1791 2924 3402 3014; baseline 0.017 -38"><span class='ocrx_word' id='word_1_427' title='bbox 1791 2939 1938 2992; x_wconf 85' lang='lat' dir='ltr'><strong>mur,</strong></span> <span class='ocrx_word' id='word_1_428' title='bbox 1973 2924 2254 2982; x_wconf 85' lang='lat' dir='ltr'><strong>laudantes</strong></span> <span class='ocrx_word' id='word_1_429' title='bbox 2285 2941 2383 2983; x_wconf 90' lang='lat' dir='ltr'><strong>eos</strong></span> <span class='ocrx_word' id='word_1_430' title='bbox 2419 2944 2560 3000; x_wconf 89' lang='lat' dir='ltr'><strong>quos</strong></span> <span class='ocrx_word' id='word_1_431' title='bbox 2589 2931 2864 3004; x_wconf 86' lang='lat' dir='ltr'><strong>diligimus</strong></span> <span class='ocrx_word' id='word_1_432' title='bbox 2896 2936 3034 2994; x_wconf 84' lang='lat' dir='ltr'><strong>ultra</strong></span> <span class='ocrx_word' id='word_1_433' title='bbox 3067 2942 3286 3000; x_wconf 87' lang='lat' dir='ltr'><strong>modum</strong></span> <span class='ocrx_word' id='word_1_434' title='bbox 3307 2988 3320 3014; x_wconf 90' lang='lat'><strong>,</strong></span> <span class='ocrx_word' id='word_1_435' title='bbox 3346 2958 3402 3003; x_wconf 85' lang='lat' dir='ltr'><strong>ct</strong></span> 
     </span>
    </p>
   </div>
   <div class='ocr_carea' id='block_1_60' title="bbox 1793 3016 3401 3109">
    <p class='ocr_par' dir='ltr' id='par_1_60' title="bbox 1793 3016 3401 3109">
     <span class='ocr_line' id='line_1_60' title="bbox 1793 3016 3401 3109; baseline 0.016 -38"><span class='ocrx_word' id='word_1_436' title='bbox 1793 3016 2168 3088; x_wconf 85' lang='lat' dir='ltr'><strong>vituperantes</strong></span> <span class='ocrx_word' id='word_1_437' title='bbox 2223 3033 2321 3076; x_wconf 87' lang='lat' dir='ltr'><strong>eos</strong></span> <span class='ocrx_word' id='word_1_438' title='bbox 2373 3022 2570 3093; x_wconf 88' lang='lat' dir='ltr'><strong>quibus</strong></span> <span class='ocrx_word' id='word_1_439' title='bbox 2609 3025 2736 3081; x_wconf 85' lang='lat' dir='ltr'><strong>irati</strong></span> <span class='ocrx_word' id='word_1_440' title='bbox 2788 3042 3016 3095; x_wconf 80' lang='lat' dir='ltr'><strong>sumus,</strong></span> <span class='ocrx_word' id='word_1_441' title='bbox 3069 3034 3192 3103; x_wconf 82' lang='lat' dir='ltr'><strong>&#39;plus</strong></span> <span class='ocrx_word' id='word_1_442' title='bbox 3237 3053 3401 3109; x_wconf 83' lang='lat' dir='ltr'><strong>quam</strong></span> 
     </span>
    </p>
   </div>
   <div class='ocr_carea' id='block_1_61' title="bbox 1793 3116 3399 3203">
    <p class='ocr_par' dir='ltr' id='par_1_61' title="bbox 1793 3116 3399 3203">
     <span class='ocr_line' id='line_1_61' title="bbox 1793 3116 3399 3203; baseline 0.012 -31"><span class='ocrx_word' id='word_1_443' title='bbox 1793 3127 2008 3188; x_wconf 86' lang='lat' dir='ltr'><strong>Oportet</strong></span> <span class='ocrx_word' id='word_1_444' title='bbox 2037 3136 2052 3173; x_wconf 88' lang='lat'>:</span> <span class='ocrx_word' id='word_1_445' title='bbox 2093 3116 2190 3174; x_wconf 89' lang='lat' dir='ltr'><strong>sed</strong></span> <span class='ocrx_word' id='word_1_446' title='bbox 2220 3117 2322 3174; x_wconf 85' lang='lat' dir='ltr'><strong>ista</strong></span> <span class='ocrx_word' id='word_1_447' title='bbox 2351 3120 2605 3191; x_wconf 84' lang='lat' dir='ltr'><strong>graviora</strong></span> <span class='ocrx_word' id='word_1_448' title='bbox 2631 3124 2764 3180; x_wconf 81' lang='lat' dir='ltr'><strong>mihi</strong></span> <span class='ocrx_word' id='word_1_449' title='bbox 2793 3125 3082 3197; x_wconf 82' lang='lat' dir='ltr'><strong>videntur,</strong></span> <span class='ocrx_word' id='word_1_450' title='bbox 3111 3148 3275 3203; x_wconf 89' lang='lat' dir='ltr'><strong>quam</strong></span> <span class='ocrx_word' id='word_1_451' title='bbox 3305 3151 3399 3192; x_wconf 86' lang='lat' dir='ltr'><strong>su-</strong></span> 
     </span>
    </p>
   </div>
   <div class='ocr_carea' id='block_1_62' title="bbox 93 3207 3400 3298">
    <p class='ocr_par' dir='ltr' id='par_1_62' title="bbox 93 3207 3400 3298">
     <span class='ocr_line' id='line_1_62' title="bbox 93 3207 3400 3298; baseline 0.01 -32"><span class='ocrx_word' id='word_1_452' title='bbox 93 3212 476 3286; x_wconf 86' lang='lat' dir='ltr'><strong>conspicimus,</strong></span> <span class='ocrx_word' id='word_1_453' title='bbox 501 3214 618 3285; x_wconf 84' lang='lat' dir='ltr'><strong>ipsa</strong></span> <span class='ocrx_word' id='word_1_454' title='bbox 635 3213 968 3271; x_wconf 73' lang='lat' dir='ltr'><strong>obscuritate</strong></span> <span class='ocrx_word' id='word_1_455' title='bbox 1005 3211 1262 3281; x_wconf 81' lang='lat' dir='ltr'><strong>fallimur,</strong></span> <span class='ocrx_word' id='word_1_456' title='bbox 1282 3212 1578 3269; x_wconf 88' lang='lat' dir='ltr'><strong>etdicimus</strong></span> <span class='ocrx_word' id='word_1_457' title='bbox 1593 3213 1689 3269; x_wconf 87' lang='lat' dir='ltr'><strong>ho—</strong></span> <span class='ocrx_word' id='word_1_458' title='bbox 1715 3207 1762 3271; x_wconf 88' lang='lat' dir='ltr'>C</span> <span class='ocrx_word' id='word_1_459' title='bbox 1790 3210 2034 3279; x_wconf 80' lang='lat' dir='ltr'><strong>periora-</strong></span> <span class='ocrx_word' id='word_1_460' title='bbox 2078 3211 2221 3268; x_wconf 75' lang='lat' dir='ltr'><strong>Sunt</strong></span> <span class='ocrx_word' id='word_1_461' title='bbox 2261 3211 2364 3267; x_wconf 65' lang='lat' dir='ltr'><strong>alia</strong></span> <span class='ocrx_word' id='word_1_462' title='bbox 2416 3214 2697 3271; x_wconf 66' lang='lat' dir='ltr'><strong>mendacia</strong></span> <span class='ocrx_word' id='word_1_463' title='bbox 2744 3220 3124 3290; x_wconf 68' lang='lat' dir='ltr'><strong>superioribus</strong></span> <span class='ocrx_word' id='word_1_464' title='bbox 3165 3227 3400 3298; x_wconf 77' lang='lat' dir='ltr'><strong>similia.</strong></span> 
     </span>
    </p>
   </div>
   <div class='ocr_carea' id='block_1_63' title="bbox 90 3305 1686 3380">
    <p class='ocr_par' dir='ltr' id='par_1_63' title="bbox 90 3305 1686 3380">
     <span class='ocr_line' id='line_1_63' title="bbox 90 3305 1686 3380; baseline 0.003 -21"><span class='ocrx_word' id='word_1_465' title='bbox 90 3305 254 3362; x_wconf 88' lang='lat' dir='ltr'><strong>mines</strong></span> <span class='ocrx_word' id='word_1_466' title='bbox 279 3316 532 3375; x_wconf 87' lang='lat' dir='ltr'><strong>csse,aut</strong></span> <span class='ocrx_word' id='word_1_467' title='bbox 553 3308 780 3364; x_wconf 81' lang='lat' dir='ltr'><strong>bestias.</strong></span> <span class='ocrx_word' id='word_1_468' title='bbox 800 3308 960 3380; x_wconf 74' lang='lat' dir='ltr'><strong>Saepe</strong></span> <span class='ocrx_word' id='word_1_469' title='bbox 977 3307 1258 3364; x_wconf 81' lang='lat' dir='ltr'><strong>oblivione</strong></span> <span class='ocrx_word' id='word_1_470' title='bbox 1277 3305 1534 3372; x_wconf 83' lang='lat' dir='ltr'><strong>fallimur,</strong></span> <span class='ocrx_word' id='word_1_471' title='bbox 1561 3323 1686 3364; x_wconf 89' lang='lat' dir='ltr'><strong>cum</strong></span> 
     </span>
    </p>
   </div>
   <div class='ocr_carea' id='block_1_64' title="bbox 89 3399 1682 3475">
    <p class='ocr_par' dir='ltr' id='par_1_64' title="bbox 89 3399 1682 3475">
     <span class='ocr_line' id='line_1_64' title="bbox 89 3399 1682 3475; baseline 0 -20"><span class='ocrx_word' id='word_1_472' title='bbox 89 3401 459 3458; x_wconf 87' lang='lat' dir='ltr'><strong>obliviscimur</strong></span> <span class='ocrx_word' id='word_1_473' title='bbox 470 3418 590 3475; x_wconf 57' lang='lat' dir='ltr'><strong>qua</strong></span> <span class='ocrx_word' id='word_1_474' title='bbox 605 3402 831 3459; x_wconf 84' lang='lat' dir='ltr'><strong>fecimus</strong></span> <span class='ocrx_word' id='word_1_475' title='bbox 847 3411 900 3459; x_wconf 91' lang='lat' dir='ltr'><strong>et</strong></span> <span class='ocrx_word' id='word_1_476' title='bbox 914 3401 1268 3468; x_wconf 86' lang='lat' dir='ltr'><strong>vidimus,aut</strong></span> <span class='ocrx_word' id='word_1_477' title='bbox 1283 3399 1448 3455; x_wconf 89' lang='lat' dir='ltr'><strong>locuti</strong></span> <span class='ocrx_word' id='word_1_478' title='bbox 1466 3399 1682 3468; x_wconf 76' lang='lat' dir='ltr'><strong>luimus,</strong></span> 
     </span>
    </p>
   </div>
   <div class='ocr_carea' id='block_1_65' title="bbox 88 3494 1687 3570">
    <p class='ocr_par' dir='ltr' id='par_1_65' title="bbox 88 3494 1687 3570">
     <span class='ocr_line' id='line_1_65' title="bbox 88 3494 1687 3570; baseline -0.001 -19"><span class='ocrx_word' id='word_1_479' title='bbox 88 3505 140 3551; x_wconf 86' lang='lat' dir='ltr'><strong>et</strong></span> <span class='ocrx_word' id='word_1_480' title='bbox 167 3496 401 3555; x_wconf 87' lang='lat' dir='ltr'><strong>dicimus</strong></span> <span class='ocrx_word' id='word_1_481' title='bbox 430 3512 530 3554; x_wconf 88' lang='lat' dir='ltr'><strong>nos</strong></span> <span class='ocrx_word' id='word_1_482' title='bbox 557 3496 756 3556; x_wconf 72' lang='lat' dir='ltr'><strong>fecisse</strong></span> <span class='ocrx_word' id='word_1_483' title='bbox 768 3497 911 3570; x_wconf 87' lang='lat' dir='ltr'><strong>quod</strong></span> <span class='ocrx_word' id='word_1_484' title='bbox 935 3512 1044 3552; x_wconf 89' lang='lat' dir='ltr'><strong>non</strong></span> <span class='ocrx_word' id='word_1_485' title='bbox 1065 3494 1296 3552; x_wconf 85' lang='lat' dir='ltr'><strong>fecimus</strong></span> <span class='ocrx_word' id='word_1_486' title='bbox 1316 3535 1332 3562; x_wconf 89' lang='lat'><strong>,</strong></span> <span class='ocrx_word' id='word_1_487' title='bbox 1365 3502 1457 3549; x_wconf 90' lang='lat' dir='ltr'><strong>aut</strong></span> <span class='ocrx_word' id='word_1_488' title='bbox 1479 3511 1584 3548; x_wconf 81' lang='lat' dir='ltr'><strong>non</strong></span> <span class='ocrx_word' id='word_1_489' title='bbox 1609 3495 1687 3550; x_wconf 85' lang='lat' dir='ltr'><strong>fe-</strong></span> 
     </span>
    </p>
   </div>
   <div class='ocr_carea' id='block_1_66' title="bbox 87 3586 1682 3664">
    <p class='ocr_par' dir='ltr' id='par_1_66' title="bbox 87 3586 1682 3664">
     <span class='ocr_line' id='line_1_66' title="bbox 87 3586 1682 3664; baseline -0.003 -18"><span class='ocrx_word' id='word_1_490' title='bbox 87 3591 222 3649; x_wconf 78' lang='lat' dir='ltr'><strong>cisse</strong></span> <span class='ocrx_word' id='word_1_491' title='bbox 261 3593 410 3664; x_wconf 91' lang='lat' dir='ltr'><strong>quod</strong></span> <span class='ocrx_word' id='word_1_492' title='bbox 438 3591 686 3660; x_wconf 79' lang='lat' dir='ltr'><strong>fecimus;</strong></span> <span class='ocrx_word' id='word_1_493' title='bbox 708 3601 803 3648; x_wconf 88' lang='lat' dir='ltr'><strong>aut</strong></span> <span class='ocrx_word' id='word_1_494' title='bbox 828 3590 1049 3648; x_wconf 89' lang='lat' dir='ltr'><strong>audisse</strong></span> <span class='ocrx_word' id='word_1_495' title='bbox 1063 3589 1209 3662; x_wconf 91' lang='lat' dir='ltr'><strong>quod</strong></span> <span class='ocrx_word' id='word_1_496' title='bbox 1225 3603 1332 3644; x_wconf 91' lang='lat' dir='ltr'><strong>non</strong></span> <span class='ocrx_word' id='word_1_497' title='bbox 1350 3586 1682 3654; x_wconf 87' lang='lat' dir='ltr'><strong>audivimus,</strong></span> 
     </span>
    </p>
   </div>
   <div class='ocr_carea' id='block_1_67' title="bbox 85 3677 1682 3757">
    <p class='ocr_par' dir='ltr' id='par_1_67' title="bbox 85 3677 1682 3757">
     <span class='ocr_line' id='line_1_67' title="bbox 85 3677 1682 3757; baseline -0.003 -19"><span class='ocrx_word' id='word_1_498' title='bbox 85 3695 172 3740; x_wconf 89' lang='lat' dir='ltr'><strong>aut</strong></span> <span class='ocrx_word' id='word_1_499' title='bbox 203 3701 309 3742; x_wconf 90' lang='lat' dir='ltr'><strong>non</strong></span> <span class='ocrx_word' id='word_1_500' title='bbox 339 3685 561 3743; x_wconf 90' lang='lat' dir='ltr'><strong>audisse</strong></span> <span class='ocrx_word' id='word_1_501' title='bbox 581 3685 726 3757; x_wconf 87' lang='lat' dir='ltr'><strong>quod</strong></span> <span class='ocrx_word' id='word_1_502' title='bbox 767 3685 1112 3750; x_wconf 86' lang='lat' dir='ltr'><strong>audivimus;</strong></span> <span class='ocrx_word' id='word_1_503' title='bbox 1155 3691 1249 3737; x_wconf 87' lang='lat' dir='ltr'><strong>aut</strong></span> <span class='ocrx_word' id='word_1_504' title='bbox 1291 3681 1496 3737; x_wconf 88' lang='lat' dir='ltr'><strong>vidisse</strong></span> <span class='ocrx_word' id='word_1_505' title='bbox 1538 3677 1682 3750; x_wconf 81' lang='lat' dir='ltr'><strong>quod</strong></span> 
     </span>
    </p>
   </div>
   <div class='ocr_carea' id='block_1_68' title="bbox 82 3771 1680 3849">
    <p class='ocr_par' dir='ltr' id='par_1_68' title="bbox 82 3771 1680 3849">
     <span class='ocr_line' id='line_1_68' title="bbox 82 3771 1680 3849; baseline -0.004 -17"><span class='ocrx_word' id='word_1_506' title='bbox 82 3793 184 3834; x_wconf 85' lang='lat' dir='ltr'><strong>non</strong></span> <span class='ocrx_word' id='word_1_507' title='bbox 207 3780 469 3848; x_wconf 86' lang='lat' dir='ltr'><strong>vidimus,</strong></span> <span class='ocrx_word' id='word_1_508' title='bbox 484 3788 698 3836; x_wconf 87' lang='lat' dir='ltr'><strong>autnou</strong></span> <span class='ocrx_word' id='word_1_509' title='bbox 722 3778 924 3836; x_wconf 88' lang='lat' dir='ltr'><strong>vidisse</strong></span> <span class='ocrx_word' id='word_1_510' title='bbox 943 3777 1090 3849; x_wconf 90' lang='lat' dir='ltr'><strong>quod</strong></span> <span class='ocrx_word' id='word_1_511' title='bbox 1104 3775 1369 3841; x_wconf 87' lang='lat' dir='ltr'><strong>vidimus;</strong></span> <span class='ocrx_word' id='word_1_512' title='bbox 1392 3781 1486 3829; x_wconf 89' lang='lat' dir='ltr'><strong>aut</strong></span> <span class='ocrx_word' id='word_1_513' title='bbox 1511 3771 1680 3827; x_wconf 86' lang='lat' dir='ltr'><strong>dixis-</strong></span> 
     </span>
    </p>
   </div>
   <div class='ocr_carea' id='block_1_69' title="bbox 81 3865 1673 3942">
    <p class='ocr_par' dir='ltr' id='par_1_69' title="bbox 81 3865 1673 3942">
     <span class='ocr_line' id='line_1_69' title="bbox 81 3865 1673 3942; baseline -0.006 -16"><span class='ocrx_word' id='word_1_514' title='bbox 81 3883 156 3939; x_wconf 88' lang='lat' dir='ltr'><strong>se,</strong></span> <span class='ocrx_word' id='word_1_515' title='bbox 171 3871 314 3942; x_wconf 87' lang='lat' dir='ltr'><strong>quod</strong></span> <span class='ocrx_word' id='word_1_516' title='bbox 339 3887 453 3929; x_wconf 89' lang='lat' dir='ltr'><strong>non</strong></span> <span class='ocrx_word' id='word_1_517' title='bbox 498 3871 758 3940; x_wconf 76' lang='lat' dir='ltr'><strong>diximus,</strong></span> <span class='ocrx_word' id='word_1_518' title='bbox 789 3881 881 3926; x_wconf 89' lang='lat' dir='ltr'><strong>aut</strong></span> <span class='ocrx_word' id='word_1_519' title='bbox 899 3886 1005 3926; x_wconf 87' lang='lat' dir='ltr'><strong>non</strong></span> <span class='ocrx_word' id='word_1_520' title='bbox 1023 3869 1246 3936; x_wconf 84' lang='lat' dir='ltr'><strong>dixisse,</strong></span> <span class='ocrx_word' id='word_1_521' title='bbox 1261 3865 1406 3938; x_wconf 89' lang='lat' dir='ltr'><strong>quod</strong></span> <span class='ocrx_word' id='word_1_522' title='bbox 1419 3865 1673 3920; x_wconf 86' lang='lat' dir='ltr'><strong>diximus.</strong></span> 
     </span>
    </p>
   </div>
   <div class='ocr_carea' id='block_1_70' title="bbox 80 3960 1679 4038">
    <p class='ocr_par' dir='ltr' id='par_1_70' title="bbox 80 3960 1679 4038">
     <span class='ocr_line' id='line_1_70' title="bbox 80 3960 1679 4038; baseline -0.003 -18"><span class='ocrx_word' id='word_1_523' title='bbox 80 3962 230 4038; x_wconf 70' lang='lat' dir='ltr'><strong>Saepe</strong></span> <span class='ocrx_word' id='word_1_524' title='bbox 257 3974 456 4025; x_wconf 90' lang='lat' dir='ltr'><strong>etcum</strong></span> <span class='ocrx_word' id='word_1_525' title='bbox 473 3966 743 4034; x_wconf 81' lang='lat' dir='ltr'><strong>audimus,</strong></span> <span class='ocrx_word' id='word_1_526' title='bbox 760 3966 902 4038; x_wconf 89' lang='lat' dir='ltr'><strong>quod</strong></span> <span class='ocrx_word' id='word_1_527' title='bbox 916 3964 1314 4031; x_wconf 85' lang='lat' dir='ltr'><strong>desideramus,</strong></span> <span class='ocrx_word' id='word_1_528' title='bbox 1332 3960 1566 4017; x_wconf 86' lang='lat' dir='ltr'><strong>dicimus</strong></span> <span class='ocrx_word' id='word_1_529' title='bbox 1585 3973 1679 4015; x_wconf 86' lang='lat' dir='ltr'><strong>ve-</strong></span> 
     </span>
    </p>
   </div>
   <div class='ocr_carea' id='block_1_71' title="bbox 78 4053 1679 4135">
    <p class='ocr_par' dir='ltr' id='par_1_71' title="bbox 78 4053 1679 4135">
     <span class='ocr_line' id='line_1_71' title="bbox 78 4053 1679 4135; baseline -0.004 -20"><span class='ocrx_word' id='word_1_530' title='bbox 78 4074 193 4116; x_wconf 82' lang='lat' dir='ltr'><strong>rum</strong></span> <span class='ocrx_word' id='word_1_531' title='bbox 220 4076 367 4131; x_wconf 87' lang='lat' dir='ltr'><strong>esse,</strong></span> <span class='ocrx_word' id='word_1_532' title='bbox 412 4061 560 4135; x_wconf 89' lang='lat' dir='ltr'><strong>quod</strong></span> <span class='ocrx_word' id='word_1_533' title='bbox 578 4060 926 4126; x_wconf 84' lang='lat' dir='ltr'><strong>audimus;et</strong></span> <span class='ocrx_word' id='word_1_534' title='bbox 948 4074 1094 4131; x_wconf 84' lang='lat' dir='ltr'><strong>saepe</strong></span> <span class='ocrx_word' id='word_1_535' title='bbox 1109 4057 1376 4127; x_wconf 82' lang='lat' dir='ltr'><strong>contingit</strong></span> <span class='ocrx_word' id='word_1_536' title='bbox 1413 4053 1557 4125; x_wconf 88' lang='lat' dir='ltr'><strong>quod</strong></span> <span class='ocrx_word' id='word_1_537' title='bbox 1579 4053 1679 4108; x_wconf 79' lang='lat' dir='ltr'><strong>fal-</strong></span> 
     </span>
    </p>
   </div>
   <div class='ocr_carea' id='block_1_72' title="bbox 75 4149 1675 4226">
    <p class='ocr_par' dir='ltr' id='par_1_72' title="bbox 75 4149 1675 4226">
     <span class='ocr_line' id='line_1_72' title="bbox 75 4149 1675 4226; baseline -0.004 -14"><span class='ocrx_word' id='word_1_538' title='bbox 75 4171 188 4212; x_wconf 85' lang='lat' dir='ltr'><strong>sum</strong></span> <span class='ocrx_word' id='word_1_539' title='bbox 215 4159 323 4214; x_wconf 78' lang='lat' dir='ltr'><strong>sit:</strong></span> <span class='ocrx_word' id='word_1_540' title='bbox 374 4165 433 4215; x_wconf 86' lang='lat' dir='ltr'><strong>et</strong></span> <span class='ocrx_word' id='word_1_541' title='bbox 457 4171 584 4215; x_wconf 86' lang='lat' dir='ltr'><strong>cum</strong></span> <span class='ocrx_word' id='word_1_542' title='bbox 605 4156 929 4223; x_wconf 82' lang='lat' dir='ltr'><strong>audivimus,</strong></span> <span class='ocrx_word' id='word_1_543' title='bbox 954 4153 1100 4226; x_wconf 78' lang='lat' dir='ltr'><strong>quod</strong></span> <span class='ocrx_word' id='word_1_544' title='bbox 1149 4152 1424 4219; x_wconf 78' lang='lat' dir='ltr'><strong>nolumus,</strong></span> <span class='ocrx_word' id='word_1_545' title='bbox 1440 4149 1675 4206; x_wconf 85' lang='lat' dir='ltr'><strong>dicimus</strong></span> 
     </span>
    </p>
   </div>
   <div class='ocr_carea' id='block_1_73' title="bbox 73 4243 1674 4324">
    <p class='ocr_par' dir='ltr' id='par_1_73' title="bbox 73 4243 1674 4324">
     <span class='ocr_line' id='line_1_73' title="bbox 73 4243 1674 4324; baseline -0.004 -18"><span class='ocrx_word' id='word_1_546' title='bbox 73 4251 262 4310; x_wconf 81' lang='lat' dir='ltr'><strong>falsum</strong></span> <span class='ocrx_word' id='word_1_547' title='bbox 311 4267 466 4321; x_wconf 84' lang='lat' dir='ltr'><strong>esse;</strong></span> <span class='ocrx_word' id='word_1_548' title='bbox 523 4249 772 4324; x_wconf 86' lang='lat' dir='ltr'><strong>quamvis</strong></span> <span class='ocrx_word' id='word_1_549' title='bbox 826 4265 1012 4306; x_wconf 83' lang='lat' dir='ltr'><strong>verum</strong></span> <span class='ocrx_word' id='word_1_550' title='bbox 1033 4247 1126 4304; x_wconf 88' lang='lat' dir='ltr'><strong>sit.</strong></span> <span class='ocrx_word' id='word_1_551' title='bbox 1159 4247 1320 4318; x_wconf 59' lang='lat' dir='ltr'><strong>Saepe</strong></span> <span class='ocrx_word' id='word_1_552' title='bbox 1357 4245 1522 4302; x_wconf 84' lang='lat' dir='ltr'><strong>etiam</strong></span> <span class='ocrx_word' id='word_1_553' title='bbox 1543 4243 1674 4314; x_wconf 82' lang='lat' dir='ltr'><strong>joco</strong></span> 
     </span>
    </p>
   </div>
   <div class='ocr_carea' id='block_1_74' title="bbox 71 4341 1674 4419">
    <p class='ocr_par' dir='ltr' id='par_1_74' title="bbox 71 4341 1674 4419">
     <span class='ocr_line' id='line_1_74' title="bbox 71 4341 1674 4419; baseline -0.006 -17"><span class='ocrx_word' id='word_1_554' title='bbox 71 4348 388 4419; x_wconf 83' lang='lat' dir='ltr'><strong>mentimur,</strong></span> <span class='ocrx_word' id='word_1_555' title='bbox 409 4359 468 4404; x_wconf 91' lang='lat' dir='ltr'><strong>ut</strong></span> <span class='ocrx_word' id='word_1_556' title='bbox 481 4348 651 4404; x_wconf 87' lang='lat' dir='ltr'><strong>risum</strong></span> <span class='ocrx_word' id='word_1_557' title='bbox 664 4345 1010 4402; x_wconf 74' lang='lat' dir='ltr'><strong>audientibus</strong></span> <span class='ocrx_word' id='word_1_558' title='bbox 1023 4344 1345 4401; x_wconf 78' lang='lat' dir='ltr'><strong>excitemus.</strong></span> <span class='ocrx_word' id='word_1_559' title='bbox 1369 4341 1528 4410; x_wconf 62' lang='lat' dir='ltr'><strong>Saepe</strong></span> <span class='ocrx_word' id='word_1_560' title='bbox 1542 4352 1674 4394; x_wconf 87' lang='lat' dir='ltr'><strong>vero</strong></span> 
     </span>
    </p>
   </div>
   <div class='ocr_carea' id='block_1_75' title="bbox 67 4433 1668 4503">
    <p class='ocr_par' dir='ltr' id='par_1_75' title="bbox 67 4433 1668 4503">
     <span class='ocr_line' id='line_1_75' title="bbox 67 4433 1668 4503; baseline -0.005 -9"><span class='ocrx_word' id='word_1_561' title='bbox 67 4452 135 4494; x_wconf 89' lang='lat' dir='ltr'><strong>ex</strong></span> <span class='ocrx_word' id='word_1_562' title='bbox 157 4441 323 4496; x_wconf 82' lang='lat' dir='ltr'><strong>nimia</strong></span> <span class='ocrx_word' id='word_1_563' title='bbox 344 4439 683 4498; x_wconf 85' lang='lat' dir='ltr'><strong>credulitate</strong></span> <span class='ocrx_word' id='word_1_564' title='bbox 709 4439 1031 4503; x_wconf 79' lang='lat' dir='ltr'><strong>mentimur;</strong></span> <span class='ocrx_word' id='word_1_565' title='bbox 1057 4451 1184 4493; x_wconf 88' lang='lat' dir='ltr'><strong>nam</strong></span> <span class='ocrx_word' id='word_1_566' title='bbox 1208 4451 1333 4492; x_wconf 92' lang='lat' dir='ltr'><strong>cum</strong></span> <span class='ocrx_word' id='word_1_567' title='bbox 1360 4433 1668 4490; x_wconf 87' lang='lat' dir='ltr'><strong>audivimus</strong></span> 
     </span>
    </p>
   </div>
   <div class='ocr_carea' id='block_1_76' title="bbox 1788 3305 3398 3388">
    <p class='ocr_par' dir='ltr' id='par_1_76' title="bbox 1788 3305 3398 3388">
     <span class='ocr_line' id='line_1_76' title="bbox 1788 3305 3398 3388; baseline 0.012 -29"><span class='ocrx_word' id='word_1_568' title='bbox 1788 3319 1909 3376; x_wconf 65' lang='lat' dir='ltr'><strong>qua;</strong></span> <span class='ocrx_word' id='word_1_569' title='bbox 1931 3305 2149 3378; x_wconf 88' lang='lat' dir='ltr'><strong>longum</strong></span> <span class='ocrx_word' id='word_1_570' title='bbox 2180 3316 2266 3362; x_wconf 91' lang='lat' dir='ltr'><strong>est</strong></span> <span class='ocrx_word' id='word_1_571' title='bbox 2297 3311 2586 3380; x_wconf 88' lang='lat' dir='ltr'><strong>prosequi;</strong></span> <span class='ocrx_word' id='word_1_572' title='bbox 2622 3311 2678 3367; x_wconf 86' lang='lat' dir='ltr'><strong>in</strong></span> <span class='ocrx_word' id='word_1_573' title='bbox 2699 3315 2824 3368; x_wconf 86' lang='lat' dir='ltr'><strong>talia</strong></span> <span class='ocrx_word' id='word_1_574' title='bbox 2849 3330 3090 3388; x_wconf 86' lang='lat' dir='ltr'><strong>namque</strong></span> <span class='ocrx_word' id='word_1_575' title='bbox 3113 3321 3398 3380; x_wconf 88' lang='lat' dir='ltr'><strong>mendacia</strong></span> 
     </span>
    </p>
   </div>
   <div class='ocr_carea' id='block_1_77' title="bbox 1789 3400 3399 3480">
    <p class='ocr_par' dir='ltr' id='par_1_77' title="bbox 1789 3400 3399 3480">
     <span class='ocr_line' id='line_1_77' title="bbox 1789 3400 3399 3480; baseline 0.012 -27"><span class='ocrx_word' id='word_1_576' title='bbox 1789 3413 1894 3454; x_wconf 90' lang='lat' dir='ltr'><strong>non</strong></span> <span class='ocrx_word' id='word_1_577' title='bbox 1921 3400 2099 3456; x_wconf 87' lang='lat' dir='ltr'><strong>solum</strong></span> <span class='ocrx_word' id='word_1_578' title='bbox 2128 3400 2337 3472; x_wconf 85' lang='lat' dir='ltr'><strong>injusti,</strong></span> <span class='ocrx_word' id='word_1_579' title='bbox 2371 3403 2466 3458; x_wconf 89' lang='lat' dir='ltr'><strong>sed</strong></span> <span class='ocrx_word' id='word_1_580' title='bbox 2500 3415 2556 3460; x_wconf 86' lang='lat' dir='ltr'><strong>et</strong></span> <span class='ocrx_word' id='word_1_581' title='bbox 2581 3406 2716 3474; x_wconf 87' lang='lat' dir='ltr'><strong>justi</strong></span> <span class='ocrx_word' id='word_1_582' title='bbox 2762 3424 2912 3480; x_wconf 65' lang='lat' dir='ltr'><strong>saepe</strong></span> <span class='ocrx_word' id='word_1_583' title='bbox 2959 3411 3294 3471; x_wconf 85' lang='lat' dir='ltr'><strong>dilabuntur.</strong></span> <span class='ocrx_word' id='word_1_584' title='bbox 3332 3419 3399 3474; x_wconf 86' lang='lat' dir='ltr'><strong>Et</strong></span> 
     </span>
    </p>
   </div>
   <div class='ocr_carea' id='block_1_78' title="bbox 1784 3492 3391 3566">
    <p class='ocr_par' dir='ltr' id='par_1_78' title="bbox 1784 3492 3391 3566">
     <span class='ocr_line' id='line_1_78' title="bbox 1784 3492 3391 3566; baseline 0.012 -21"><span class='ocrx_word' id='word_1_585' title='bbox 1784 3500 2008 3562; x_wconf 87' lang='lat' dir='ltr'><strong>propter</strong></span> <span class='ocrx_word' id='word_1_586' title='bbox 2040 3492 2144 3548; x_wconf 91' lang='lat' dir='ltr'><strong>hoc</strong></span> <span class='ocrx_word' id='word_1_587' title='bbox 2174 3493 2388 3548; x_wconf 88' lang='lat' dir='ltr'><strong>videtur</strong></span> <span class='ocrx_word' id='word_1_588' title='bbox 2419 3495 2554 3550; x_wconf 82' lang='lat' dir='ltr'><strong>mihi</strong></span> <span class='ocrx_word' id='word_1_589' title='bbox 2588 3497 2935 3556; x_wconf 80' lang='lat' dir='ltr'><strong>Psalmistam</strong></span> <span class='ocrx_word' id='word_1_590' title='bbox 2975 3501 3181 3561; x_wconf 79' lang='lat' dir='ltr'><strong>dixisse</strong></span> <span class='ocrx_word' id='word_1_591' title='bbox 3218 3525 3231 3562; x_wconf 94' lang='lat'><strong>:</strong></span> <span class='ocrx_word' id='word_1_592' title='bbox 3266 3509 3391 3566; x_wconf 86' lang='lat' dir='ltr'><strong>0m-</strong></span> 
     </span>
    </p>
   </div>
   <div class='ocr_carea' id='block_1_79' title="bbox 1786 3584 2812 3662">
    <p class='ocr_par' dir='ltr' id='par_1_79' title="bbox 1786 3584 2812 3662">
     <span class='ocr_line' id='line_1_79' title="bbox 1786 3584 2812 3662; baseline 0.009 -24"><span class='ocrx_word' id='word_1_593' title='bbox 1786 3585 1865 3640; x_wconf 81' lang='lat' dir='ltr'><strong>nis</strong></span> <span class='ocrx_word' id='word_1_594' title='bbox 1893 3584 2044 3640; x_wconf 86' lang='lat' dir='ltr'><strong>homo</strong></span> <span class='ocrx_word' id='word_1_595' title='bbox 2070 3586 2296 3642; x_wconf 76' lang='lat' dir='ltr'><strong>mendax</strong></span> <span class='ocrx_word' id='word_1_596' title='bbox 2323 3585 2502 3658; x_wconf 78' lang='lat' dir='ltr'><strong>(Paul.</strong></span> <span class='ocrx_word' id='word_1_597' title='bbox 2534 3603 2664 3657; x_wconf 77' lang='lat' dir='ltr'><strong>cxv,</strong></span> <span class='ocrx_word' id='word_1_598' title='bbox 2697 3592 2812 3662; x_wconf 78' lang='grc' dir='ltr'><strong>Η).</strong></span> 
     </span>
    </p>
   </div>
   <div class='ocr_carea' id='block_1_80' title="bbox 1856 3679 3390 3766">
    <p class='ocr_par' dir='ltr' id='par_1_80' title="bbox 1856 3679 3390 3766">
     <span class='ocr_line' id='line_1_80' title="bbox 1856 3679 3390 3766; baseline 0.01 -32"><span class='ocrx_word' id='word_1_599' title='bbox 1856 3679 1952 3735; x_wconf 84' lang='lat' dir='ltr'><strong>Est</strong></span> <span class='ocrx_word' id='word_1_600' title='bbox 1979 3689 2034 3736; x_wconf 90' lang='lat' dir='ltr'><strong>et</strong></span> <span class='ocrx_word' id='word_1_601' title='bbox 2062 3680 2211 3736; x_wconf 90' lang='lat' dir='ltr'><strong>aliud</strong></span> <span class='ocrx_word' id='word_1_602' title='bbox 2240 3696 2414 3753; x_wconf 86' lang='lat' dir='ltr'><strong>genus</strong></span> <span class='ocrx_word' id='word_1_603' title='bbox 2451 3683 2758 3753; x_wconf 90' lang='lat' dir='ltr'><strong>mendacii,</strong></span> <span class='ocrx_word' id='word_1_604' title='bbox 2791 3689 2936 3757; x_wconf 91' lang='lat' dir='ltr'><strong>quod</strong></span> <span class='ocrx_word' id='word_1_605' title='bbox 2980 3689 3185 3761; x_wconf 87' lang='lat' dir='ltr'><strong>absque</strong></span> <span class='ocrx_word' id='word_1_606' title='bbox 3229 3694 3390 3766; x_wconf 87' lang='lat' dir='ltr'><strong>culpa</strong></span> 
     </span>
    </p>
   </div>
   <div class='ocr_carea' id='block_1_81' title="bbox 1782 3772 3390 3851">
    <p class='ocr_par' dir='ltr' id='par_1_81' title="bbox 1782 3772 3390 3851">
     <span class='ocr_line' id='line_1_81' title="bbox 1782 3772 3390 3851; baseline 0.011 -24"><span class='ocrx_word' id='word_1_607' title='bbox 1782 3772 2084 3841; x_wconf 88' lang='lat' dir='ltr'><strong>videretur,</strong></span> <span class='ocrx_word' id='word_1_608' title='bbox 2111 3774 2216 3830; x_wconf 86' lang='lat' dir='ltr'><strong>nisi</strong></span> <span class='ocrx_word' id='word_1_609' title='bbox 2243 3774 2520 3846; x_wconf 88' lang='lat' dir='ltr'><strong>Scriptura</strong></span> <span class='ocrx_word' id='word_1_610' title='bbox 2548 3776 2792 3846; x_wconf 85' lang='lat' dir='ltr'><strong>diceret,</strong></span> <span class='ocrx_word' id='word_1_611' title='bbox 2820 3781 2945 3851; x_wconf 86' lang='lat' dir='ltr'><strong>quia</strong></span> <span class='ocrx_word' id='word_1_612' title='bbox 2975 3797 3141 3840; x_wconf 87' lang='lat' dir='ltr'><strong>omne</strong></span> <span class='ocrx_word' id='word_1_613' title='bbox 3167 3787 3390 3844; x_wconf 89' lang='lat' dir='ltr'><strong>menda-</strong></span> 
     </span>
    </p>
   </div>
   <div class='ocr_carea' id='block_1_82' title="bbox 1779 3864 3382 3951">
    <p class='ocr_par' dir='ltr' id='par_1_82' title="bbox 1779 3864 3382 3951">
     <span class='ocr_line' id='line_1_82' title="bbox 1779 3864 3382 3951; baseline 0.011 -31"><span class='ocrx_word' id='word_1_614' title='bbox 1779 3864 1921 3921; x_wconf 91' lang='lat' dir='ltr'><strong>cium</strong></span> <span class='ocrx_word' id='word_1_615' title='bbox 1948 3881 1977 3921; x_wconf 91' lang='lat' dir='ltr'><strong>a</strong></span> <span class='ocrx_word' id='word_1_616' title='bbox 2008 3868 2154 3922; x_wconf 89' lang='lat' dir='ltr'><strong>malo</strong></span> <span class='ocrx_word' id='word_1_617' title='bbox 2189 3877 2272 3924; x_wconf 91' lang='lat' dir='ltr'><strong>est</strong></span> <span class='ocrx_word' id='word_1_618' title='bbox 2301 3886 2314 3922; x_wconf 85' lang='lat'><strong>:</strong></span> <span class='ocrx_word' id='word_1_619' title='bbox 2345 3882 2412 3924; x_wconf 81' lang='lat' dir='ltr'><strong>ex</strong></span> <span class='ocrx_word' id='word_1_620' title='bbox 2449 3885 2558 3940; x_wconf 86' lang='lat' dir='ltr'><strong>quo</strong></span> <span class='ocrx_word' id='word_1_621' title='bbox 2588 3870 2770 3942; x_wconf 88' lang='lat' dir='ltr'><strong>aliqua</strong></span> <span class='ocrx_word' id='word_1_622' title='bbox 2799 3872 2854 3928; x_wconf 89' lang='lat' dir='ltr'><strong>in</strong></span> <span class='ocrx_word' id='word_1_623' title='bbox 2884 3873 3087 3931; x_wconf 89' lang='lat' dir='ltr'><strong>divinis</strong></span> <span class='ocrx_word' id='word_1_624' title='bbox 3127 3877 3382 3951; x_wconf 90' lang='lat' dir='ltr'><strong>Scriptu-</strong></span> 
     </span>
    </p>
   </div>
   <div class='ocr_carea' id='block_1_83' title="bbox 1779 3959 3380 4047">
    <p class='ocr_par' dir='ltr' id='par_1_83' title="bbox 1779 3959 3380 4047">
     <span class='ocr_line' id='line_1_83' title="bbox 1779 3959 3380 4047; baseline 0.009 -31"><span class='ocrx_word' id='word_1_625' title='bbox 1779 3961 1856 4016; x_wconf 89' lang='lat' dir='ltr'><strong>ris</strong></span> <span class='ocrx_word' id='word_1_626' title='bbox 1885 3961 2234 4018; x_wconf 85' lang='lat' dir='ltr'><strong>invenientur</strong></span> <span class='ocrx_word' id='word_1_627' title='bbox 2261 3961 2305 4032; x_wconf 84' lang='grc' dir='ltr'><strong>(ἰ</strong></span> <span class='ocrx_word' id='word_1_628' title='bbox 2333 3959 2493 4017; x_wconf 82' lang='lat' dir='ltr'><strong>Joan.</strong></span> <span class='ocrx_word' id='word_1_629' title='bbox 2530 3979 2595 4030; x_wconf 76' lang='lat' dir='ltr'><strong>it,</strong></span> <span class='ocrx_word' id='word_1_630' title='bbox 2625 3964 2743 4029; x_wconf 76' lang='grc'><strong>21).</strong></span> <span class='ocrx_word' id='word_1_631' title='bbox 2767 3963 2796 4004; x_wconf 72' lang='grc' dir='ltr'><strong>ι’</strong></span> <span class='ocrx_word' id='word_1_632' title='bbox 2823 3966 2881 4022; x_wconf 87' lang='lat' dir='ltr'><strong>ln</strong></span> <span class='ocrx_word' id='word_1_633' title='bbox 2910 3967 3112 4025; x_wconf 87' lang='lat' dir='ltr'><strong>Genesi</strong></span> <span class='ocrx_word' id='word_1_634' title='bbox 3142 3986 3380 4047; x_wconf 89' lang='lat' dir='ltr'><strong>namque</strong></span> 
     </span>
    </p>
   </div>
   <div class='ocr_carea' id='block_1_84' title="bbox 1776 4053 3381 4131">
    <p class='ocr_par' dir='ltr' id='par_1_84' title="bbox 1776 4053 3381 4131">
     <span class='ocr_line' id='line_1_84' title="bbox 1776 4053 3381 4131; baseline 0.01 -22"><span class='ocrx_word' id='word_1_635' title='bbox 1776 4054 2041 4124; x_wconf 88' lang='lat' dir='ltr'><strong>scriptum</strong></span> <span class='ocrx_word' id='word_1_636' title='bbox 2072 4062 2159 4110; x_wconf 88' lang='lat' dir='ltr'><strong>est</strong></span> <span class='ocrx_word' id='word_1_637' title='bbox 2193 4053 2336 4126; x_wconf 90' lang='lat' dir='ltr'><strong>quod</strong></span> <span class='ocrx_word' id='word_1_638' title='bbox 2385 4056 2709 4126; x_wconf 82' lang='lat' dir='ltr'><strong>praeceperit</strong></span> <span class='ocrx_word' id='word_1_639' title='bbox 2739 4058 2952 4116; x_wconf 83' lang='lat' dir='ltr'><strong>Pharao</strong></span> <span class='ocrx_word' id='word_1_640' title='bbox 2991 4062 3381 4131; x_wconf 84' lang='lat' dir='ltr'><strong>obstetricibus</strong></span> 
     </span>
    </p>
   </div>
   <div class='ocr_carea' id='block_1_85' title="bbox 1774 4146 3382 4230">
    <p class='ocr_par' dir='ltr' id='par_1_85' title="bbox 1774 4146 3382 4230">
     <span class='ocr_line' id='line_1_85' title="bbox 1774 4146 3382 4230; baseline 0.009 -28"><span class='ocrx_word' id='word_1_641' title='bbox 1774 4146 2150 4216; x_wconf 67' lang='lat' dir='ltr'><strong>Hebraeorum,</strong></span> <span class='ocrx_word' id='word_1_642' title='bbox 2194 4156 2254 4202; x_wconf 89' lang='lat' dir='ltr'><strong>ut</strong></span> <span class='ocrx_word' id='word_1_643' title='bbox 2299 4148 2574 4205; x_wconf 68' lang='lat' dir='ltr'><strong>masculos</strong></span> <span class='ocrx_word' id='word_1_644' title='bbox 2618 4150 3014 4230; x_wconf 76' lang='lat' dir='ltr'><strong>interficerent,</strong></span> <span class='ocrx_word' id='word_1_645' title='bbox 3064 4165 3121 4212; x_wconf 88' lang='lat' dir='ltr'><strong>et</strong></span> <span class='ocrx_word' id='word_1_646' title='bbox 3149 4156 3382 4217; x_wconf 80' lang='lat' dir='ltr'><strong>feminas</strong></span> 
     </span>
    </p>
   </div>
   <div class='ocr_carea' id='block_1_86' title="bbox 1775 4239 3371 4322">
    <p class='ocr_par' dir='ltr' id='par_1_86' title="bbox 1775 4239 3371 4322">
     <span class='ocr_line' id='line_1_86' title="bbox 1775 4239 3371 4322; baseline 0.008 -25"><span class='ocrx_word' id='word_1_647' title='bbox 1775 4249 2118 4297; x_wconf 88' lang='lat' dir='ltr'><strong>reservarent</strong></span> <span class='ocrx_word' id='word_1_648' title='bbox 2141 4239 2340 4313; x_wconf 70' lang='lat' dir='ltr'><strong>(Ex-od.</strong></span> <span class='ocrx_word' id='word_1_649' title='bbox 2373 4255 2424 4308; x_wconf 86' lang='grc' dir='ltr'><strong>ι,</strong></span> <span class='ocrx_word' id='word_1_650' title='bbox 2457 4240 2548 4312; x_wconf 86' lang='lat' dir='ltr'><strong>l6)</strong></span> <span class='ocrx_word' id='word_1_651' title='bbox 2583 4258 2596 4295; x_wconf 91' lang='lat'><strong>:</strong></span> <span class='ocrx_word' id='word_1_652' title='bbox 2623 4242 2722 4298; x_wconf 87' lang='lat' dir='ltr'><strong>sed</strong></span> <span class='ocrx_word' id='word_1_653' title='bbox 2749 4243 2860 4300; x_wconf 66' lang='lat' dir='ltr'><strong>illa:</strong></span> <span class='ocrx_word' id='word_1_654' title='bbox 2891 4245 3154 4305; x_wconf 83' lang='lat' dir='ltr'><strong>timentes</strong></span> <span class='ocrx_word' id='word_1_655' title='bbox 3181 4250 3371 4322; x_wconf 89' lang='lat' dir='ltr'><strong>Deum,</strong></span> 
     </span>
    </p>
   </div>
   <div class='ocr_carea' id='block_1_87' title="bbox 1771 4332 3376 4406">
    <p class='ocr_par' dir='ltr' id='par_1_87' title="bbox 1771 4332 3376 4406">
     <span class='ocr_line' id='line_1_87' title="bbox 1771 4332 3376 4406; baseline 0.007 -15"><span class='ocrx_word' id='word_1_656' title='bbox 1771 4335 2170 4392; x_wconf 81' lang='lat' dir='ltr'><strong>conservabant</strong></span> <span class='ocrx_word' id='word_1_657' title='bbox 2195 4349 2394 4390; x_wconf 84' lang='lat' dir='ltr'><strong>mares.</strong></span> <span class='ocrx_word' id='word_1_658' title='bbox 2419 4332 2528 4391; x_wconf 91' lang='lat' dir='ltr'><strong>Pro</strong></span> <span class='ocrx_word' id='word_1_659' title='bbox 2548 4351 2654 4406; x_wconf 88' lang='lat' dir='ltr'><strong>qua</strong></span> <span class='ocrx_word' id='word_1_660' title='bbox 2675 4351 2756 4404; x_wconf 85' lang='lat' dir='ltr'><strong>re,</strong></span> <span class='ocrx_word' id='word_1_661' title='bbox 2782 4352 2906 4394; x_wconf 86' lang='lat' dir='ltr'><strong>cum</strong></span> <span class='ocrx_word' id='word_1_662' title='bbox 2936 4355 2965 4394; x_wconf 89' lang='lat' dir='ltr'><strong>a</strong></span> <span class='ocrx_word' id='word_1_663' title='bbox 2996 4339 3376 4403; x_wconf 86' lang='lat' dir='ltr'><strong>Pbaraonein-</strong></span> 
     </span>
    </p>
   </div>
   <div class='ocr_carea' id='block_1_88' title="bbox 1769 4430 3375 4502">
    <p class='ocr_par' dir='ltr' id='par_1_88' title="bbox 1769 4430 3375 4502">
     <span class='ocr_line' id='line_1_88' title="bbox 1769 4430 3375 4502; baseline 0.007 -16"><span class='ocrx_word' id='word_1_664' title='bbox 1769 4440 2160 4502; x_wconf 87' lang='lat' dir='ltr'><strong>creparentur,</strong></span> <span class='ocrx_word' id='word_1_665' title='bbox 2209 4430 2468 4487; x_wconf 85' lang='lat' dir='ltr'><strong>dixerunt</strong></span> <span class='ocrx_word' id='word_1_666' title='bbox 2511 4431 2656 4501; x_wconf 88' lang='lat' dir='ltr'><strong>quod</strong></span> <span class='ocrx_word' id='word_1_667' title='bbox 2687 4447 2879 4490; x_wconf 88' lang='lat' dir='ltr'><strong>omnes</strong></span> <span class='ocrx_word' id='word_1_668' title='bbox 2911 4433 3157 4493; x_wconf 65' lang='lat' dir='ltr'><strong>Hebraeae</strong></span> <span class='ocrx_word' id='word_1_669' title='bbox 3182 4441 3375 4500; x_wconf 87' lang='lat' dir='ltr'><strong>mulie-</strong></span> 
     </span>
    </p>
   </div>
   <div class='ocr_carea' id='block_1_89' title="bbox 67 4524 3373 4604">
    <p class='ocr_par' dir='ltr' id='par_1_89' title="bbox 67 4524 3373 4604">
     <span class='ocr_line' id='line_1_89' title="bbox 67 4524 3373 4604; baseline -0.004 -15"><span class='ocrx_word' id='word_1_670' title='bbox 67 4534 327 4604; x_wconf 84' lang='lat' dir='ltr'><strong>quosdam</strong></span> <span class='ocrx_word' id='word_1_671' title='bbox 354 4534 631 4600; x_wconf 80' lang='lat' dir='ltr'><strong>homines,</strong></span> <span class='ocrx_word' id='word_1_672' title='bbox 656 4546 792 4604; x_wconf 87' lang='lat' dir='ltr'><strong>quos</strong></span> <span class='ocrx_word' id='word_1_673' title='bbox 817 4544 1037 4588; x_wconf 87' lang='lat' dir='ltr'><strong>veraces</strong></span> <span class='ocrx_word' id='word_1_674' title='bbox 1061 4529 1458 4594; x_wconf 79' lang='lat' dir='ltr'><strong>existimamus,</strong></span> <span class='ocrx_word' id='word_1_675' title='bbox 1484 4527 1664 4598; x_wconf 88' lang='lat' dir='ltr'><strong>aliqua</strong></span> <span class='ocrx_word' id='word_1_676' title='bbox 1769 4542 1860 4584; x_wconf 88' lang='lat' dir='ltr'><strong>res</strong></span> <span class='ocrx_word' id='word_1_677' title='bbox 1890 4525 2288 4582; x_wconf 79' lang='lat' dir='ltr'><strong>obstetricandi</strong></span> <span class='ocrx_word' id='word_1_678' title='bbox 2319 4524 2583 4582; x_wconf 82' lang='lat' dir='ltr'><strong>haberent</strong></span> <span class='ocrx_word' id='word_1_679' title='bbox 2630 4525 2940 4594; x_wconf 83' lang='lat' dir='ltr'><strong>scientiam,</strong></span> <span class='ocrx_word' id='word_1_680' title='bbox 2986 4528 3200 4601; x_wconf 85' lang='lat' dir='ltr'><strong>illisque</strong></span> <span class='ocrx_word' id='word_1_681' title='bbox 3243 4549 3373 4592; x_wconf 83' lang='lat' dir='ltr'><strong>nes-</strong></span> 
     </span>
    </p>
   </div>
   <div class='ocr_carea' id='block_1_90' title="bbox 67 4607 3371 4697">
    <p class='ocr_par' dir='ltr' id='par_1_90' title="bbox 67 4607 3371 4697">
     <span class='ocr_line' id='line_1_90' title="bbox 67 4607 3371 4697; baseline 0.002 -15"><span class='ocrx_word' id='word_1_682' title='bbox 67 4639 350 4686; x_wconf 87' lang='lat' dir='ltr'><strong>arrantes</strong></span> <span class='ocrx_word' id='word_1_683' title='bbox 373 4627 714 4695; x_wconf 84' lang='lat' dir='ltr'><strong>verisimilia,</strong></span> <span class='ocrx_word' id='word_1_684' title='bbox 747 4626 1037 4684; x_wconf 86' lang='lat' dir='ltr'><strong>credentes</strong></span> <span class='ocrx_word' id='word_1_685' title='bbox 1065 4623 1209 4697; x_wconf 86' lang='lat' dir='ltr'><strong>quod</strong></span> <span class='ocrx_word' id='word_1_686' title='bbox 1232 4623 1506 4692; x_wconf 88' lang='lat' dir='ltr'><strong>audimus,</strong></span> <span class='ocrx_word' id='word_1_687' title='bbox 1538 4635 1662 4678; x_wconf 90' lang='lat' dir='ltr'><strong>cum</strong></span> <span class='ocrx_word' id='word_1_688' title='bbox 1688 4607 1744 4670; x_wconf 81' lang='lat' dir='ltr'><strong><em>D</em></strong></span> <span class='ocrx_word' id='word_1_689' title='bbox 1767 4622 2062 4688; x_wconf 82' lang='lat' dir='ltr'><strong>cientibus,</strong></span> <span class='ocrx_word' id='word_1_690' title='bbox 2097 4628 2376 4691; x_wconf 88' lang='lat' dir='ltr'><strong>parerent.</strong></span> <span class='ocrx_word' id='word_1_691' title='bbox 2422 4619 2615 4675; x_wconf 80' lang='lat' dir='ltr'><strong>Nonne</strong></span> <span class='ocrx_word' id='word_1_692' title='bbox 2661 4619 2862 4676; x_wconf 90' lang='lat' dir='ltr'><strong>melius</strong></span> <span class='ocrx_word' id='word_1_693' title='bbox 2903 4621 3006 4677; x_wconf 89' lang='lat' dir='ltr'><strong>luit</strong></span> <span class='ocrx_word' id='word_1_694' title='bbox 3054 4627 3371 4687; x_wconf 87' lang='lat' dir='ltr'><strong>mentiendo</strong></span> 
     </span>
    </p>
   </div>
   <div class='ocr_carea' id='block_1_91' title="bbox 63 4716 1664 4791">
    <p class='ocr_par' dir='ltr' id='par_1_91' title="bbox 63 4716 1664 4791">
     <span class='ocr_line' id='line_1_91' title="bbox 63 4716 1664 4791; baseline -0.004 -14"><span class='ocrx_word' id='word_1_695' title='bbox 63 4737 124 4778; x_wconf 88' lang='lat' dir='ltr'><strong>ea</strong></span> <span class='ocrx_word' id='word_1_696' title='bbox 147 4724 272 4780; x_wconf 91' lang='lat' dir='ltr'><strong>aliis</strong></span> <span class='ocrx_word' id='word_1_697' title='bbox 294 4721 613 4791; x_wconf 79' lang='lat' dir='ltr'><strong>referimus,</strong></span> <span class='ocrx_word' id='word_1_698' title='bbox 641 4721 870 4778; x_wconf 87' lang='lat' dir='ltr'><strong>dicimus</strong></span> <span class='ocrx_word' id='word_1_699' title='bbox 917 4736 1043 4777; x_wconf 88' lang='lat' dir='ltr'><strong>vera</strong></span> <span class='ocrx_word' id='word_1_700' title='bbox 1072 4734 1216 4786; x_wconf 85' lang='lat' dir='ltr'><strong>esse,</strong></span> <span class='ocrx_word' id='word_1_701' title='bbox 1265 4716 1514 4791; x_wconf 79' lang='lat' dir='ltr'><strong>quamvis</strong></span> <span class='ocrx_word' id='word_1_702' title='bbox 1553 4717 1664 4772; x_wconf 80' lang='lat' dir='ltr'><strong>sint</strong></span> 
     </span>
    </p>
   </div>
   <div class='ocr_carea' id='block_1_92' title="bbox 61 4813 1553 4888">
    <p class='ocr_par' dir='ltr' id='par_1_92' title="bbox 61 4813 1553 4888">
     <span class='ocr_line' id='line_1_92' title="bbox 61 4813 1553 4888; baseline -0.003 -18"><span class='ocrx_word' id='word_1_703' title='bbox 61 4816 230 4885; x_wconf 79' lang='lat' dir='ltr'><strong>falsa;</strong></span> <span class='ocrx_word' id='word_1_704' title='bbox 271 4825 329 4875; x_wconf 88' lang='lat' dir='ltr'><strong>et</strong></span> <span class='ocrx_word' id='word_1_705' title='bbox 355 4817 674 4888; x_wconf 81' lang='lat' dir='ltr'><strong>frequenter</strong></span> <span class='ocrx_word' id='word_1_706' title='bbox 702 4831 827 4872; x_wconf 88' lang='lat' dir='ltr'><strong>cum</strong></span> <span class='ocrx_word' id='word_1_707' title='bbox 852 4813 1553 4887; x_wconf 77' lang='lat' dir='ltr'><strong>juramentoaftirmamus.</strong></span> 
     </span>
    </p>
   </div>
   <div class='ocr_carea' id='block_1_93' title="bbox 125 4903 1658 4980">
    <p class='ocr_par' dir='ltr' id='par_1_93' title="bbox 125 4903 1658 4980">
     <span class='ocr_line' id='line_1_93' title="bbox 125 4903 1658 4980; baseline -0.005 -14"><span class='ocrx_word' id='word_1_708' title='bbox 125 4910 263 4966; x_wconf 82' lang='lat' dir='ltr'><strong>Sunt</strong></span> <span class='ocrx_word' id='word_1_709' title='bbox 292 4919 352 4967; x_wconf 89' lang='lat' dir='ltr'><strong>et</strong></span> <span class='ocrx_word' id='word_1_710' title='bbox 378 4907 561 4978; x_wconf 81' lang='lat' dir='ltr'><strong>multi,</strong></span> <span class='ocrx_word' id='word_1_711' title='bbox 605 4909 696 4980; x_wconf 90' lang='lat' dir='ltr'><strong>qui</strong></span> <span class='ocrx_word' id='word_1_712' title='bbox 743 4915 894 4979; x_wconf 84' lang='lat' dir='ltr'><strong>gesta</strong></span> <span class='ocrx_word' id='word_1_713' title='bbox 931 4907 1150 4963; x_wconf 85' lang='lat' dir='ltr'><strong>Patrum</strong></span> <span class='ocrx_word' id='word_1_714' title='bbox 1197 4921 1319 4978; x_wconf 77' lang='lat' dir='ltr'><strong>quae</strong></span> <span class='ocrx_word' id='word_1_715' title='bbox 1357 4906 1410 4961; x_wconf 90' lang='lat' dir='ltr'><strong>in</strong></span> <span class='ocrx_word' id='word_1_716' title='bbox 1459 4903 1658 4961; x_wconf 88' lang='lat' dir='ltr'><strong>divinis</strong></span> 
     </span>
    </p>
   </div>
   <div class='ocr_carea' id='block_1_94' title="bbox 59 4998 1658 5077">
    <p class='ocr_par' dir='ltr' id='par_1_94' title="bbox 59 4998 1658 5077">
     <span class='ocr_line' id='line_1_94' title="bbox 59 4998 1658 5077; baseline -0.004 -18"><span class='ocrx_word' id='word_1_717' title='bbox 59 5001 357 5077; x_wconf 85' lang='lat' dir='ltr'><strong>Scripturis</strong></span> <span class='ocrx_word' id='word_1_718' title='bbox 375 5012 473 5059; x_wconf 89' lang='lat' dir='ltr'><strong>aut</strong></span> <span class='ocrx_word' id='word_1_719' title='bbox 493 5003 763 5074; x_wconf 85' lang='lat' dir='ltr'><strong>legerunt,</strong></span> <span class='ocrx_word' id='word_1_720' title='bbox 791 5012 880 5058; x_wconf 86' lang='lat' dir='ltr'><strong>aut</strong></span> <span class='ocrx_word' id='word_1_721' title='bbox 907 5001 1215 5068; x_wconf 88' lang='lat' dir='ltr'><strong>audierunt,</strong></span> <span class='ocrx_word' id='word_1_722' title='bbox 1247 5016 1312 5057; x_wconf 82' lang='lat' dir='ltr'><strong>ex</strong></span> <span class='ocrx_word' id='word_1_723' title='bbox 1345 5010 1498 5071; x_wconf 90' lang='lat' dir='ltr'><strong>parte</strong></span> <span class='ocrx_word' id='word_1_724' title='bbox 1519 4998 1658 5054; x_wconf 84' lang='lat' dir='ltr'><strong>obli-</strong></span> 
     </span>
    </p>
   </div>
   <div class='ocr_carea' id='block_1_95' title="bbox 55 5095 1659 5167">
    <p class='ocr_par' dir='ltr' id='par_1_95' title="bbox 55 5095 1659 5167">
     <span class='ocr_line' id='line_1_95' title="bbox 55 5095 1659 5167; baseline -0.003 -16"><span class='ocrx_word' id='word_1_725' title='bbox 55 5096 369 5167; x_wconf 81' lang='lat' dir='ltr'><strong>viscentus;</strong></span> <span class='ocrx_word' id='word_1_726' title='bbox 398 5112 525 5155; x_wconf 88' lang='lat' dir='ltr'><strong>cum</strong></span> <span class='ocrx_word' id='word_1_727' title='bbox 545 5113 611 5155; x_wconf 88' lang='lat' dir='ltr'><strong>ea</strong></span> <span class='ocrx_word' id='word_1_728' title='bbox 639 5095 760 5154; x_wconf 84' lang='lat' dir='ltr'><strong>aliis</strong></span> <span class='ocrx_word' id='word_1_729' title='bbox 786 5111 1010 5153; x_wconf 87' lang='lat' dir='ltr'><strong>narrare</strong></span> <span class='ocrx_word' id='word_1_730' title='bbox 1048 5098 1336 5167; x_wconf 59' lang='lat' dir='ltr'><strong>coeperint,</strong></span> <span class='ocrx_word' id='word_1_731' title='bbox 1385 5102 1482 5150; x_wconf 88' lang='lat' dir='ltr'><strong>aut</strong></span> <span class='ocrx_word' id='word_1_732' title='bbox 1511 5107 1659 5164; x_wconf 77' lang='lat' dir='ltr'><strong>qum-</strong></span> 
     </span>
    </p>
   </div>
   <div class='ocr_carea' id='block_1_96' title="bbox 55 5185 1661 5259">
    <p class='ocr_par' dir='ltr' id='par_1_96' title="bbox 55 5185 1661 5259">
     <span class='ocr_line' id='line_1_96' title="bbox 55 5185 1661 5259; baseline -0.002 -13"><span class='ocrx_word' id='word_1_733' title='bbox 55 5188 176 5247; x_wconf 80' lang='lat' dir='ltr'><strong>dum</strong></span> <span class='ocrx_word' id='word_1_734' title='bbox 195 5189 488 5250; x_wconf 77' lang='lat' dir='ltr'><strong>mendacia</strong></span> <span class='ocrx_word' id='word_1_735' title='bbox 515 5191 912 5259; x_wconf 82' lang='lat' dir='ltr'><strong>intermiscent,</strong></span> <span class='ocrx_word' id='word_1_736' title='bbox 939 5198 1030 5245; x_wconf 84' lang='lat' dir='ltr'><strong>aut</strong></span> <span class='ocrx_word' id='word_1_737' title='bbox 1067 5205 1130 5243; x_wconf 79' lang='lat' dir='ltr'><strong>ex</strong></span> <span class='ocrx_word' id='word_1_738' title='bbox 1155 5187 1342 5243; x_wconf 85' lang='lat' dir='ltr'><strong>multis</strong></span> <span class='ocrx_word' id='word_1_739' title='bbox 1394 5185 1661 5242; x_wconf 86' lang='lat' dir='ltr'><strong>narratio-</strong></span> 
     </span>
    </p>
   </div>
   <div class='ocr_carea' id='block_1_97' title="bbox 56 5283 1655 5357">
    <p class='ocr_par' dir='ltr' id='par_1_97' title="bbox 56 5283 1655 5357">
     <span class='ocr_line' id='line_1_97' title="bbox 56 5283 1655 5357; baseline -0.003 -16"><span class='ocrx_word' id='word_1_740' title='bbox 56 5287 212 5344; x_wconf 88' lang='lat' dir='ltr'><strong>nibus</strong></span> <span class='ocrx_word' id='word_1_741' title='bbox 237 5303 408 5344; x_wconf 87' lang='lat' dir='ltr'><strong>unam</strong></span> <span class='ocrx_word' id='word_1_742' title='bbox 455 5286 639 5344; x_wconf 82' lang='lat' dir='ltr'><strong>facere</strong></span> <span class='ocrx_word' id='word_1_743' title='bbox 662 5295 954 5342; x_wconf 84' lang='lat' dir='ltr'><strong>conantur:</strong></span> <span class='ocrx_word' id='word_1_744' title='bbox 984 5293 1039 5340; x_wconf 92' lang='lat' dir='ltr'><strong>et</strong></span> <span class='ocrx_word' id='word_1_745' title='bbox 1079 5285 1218 5340; x_wconf 86' lang='lat' dir='ltr'><strong>sicut</strong></span> <span class='ocrx_word' id='word_1_746' title='bbox 1263 5283 1352 5357; x_wconf 89' lang='lat' dir='ltr'><strong>qui</strong></span> <span class='ocrx_word' id='word_1_747' title='bbox 1399 5292 1655 5338; x_wconf 89' lang='lat' dir='ltr'><strong>stannum</strong></span> 
     </span>
    </p>
   </div>
   <div class='ocr_carea' id='block_1_98' title="bbox 53 5377 1653 5454">
    <p class='ocr_par' dir='ltr' id='par_1_98' title="bbox 53 5377 1653 5454">
     <span class='ocr_line' id='line_1_98' title="bbox 53 5377 1653 5454; baseline -0.002 -20"><span class='ocrx_word' id='word_1_748' title='bbox 53 5393 186 5438; x_wconf 80' lang='lat' dir='ltr'><strong>aure</strong></span> <span class='ocrx_word' id='word_1_749' title='bbox 210 5383 294 5440; x_wconf 78' lang='lat' dir='ltr'><strong>vel</strong></span> <span class='ocrx_word' id='word_1_750' title='bbox 327 5387 562 5454; x_wconf 81' lang='lat' dir='ltr'><strong>argento</strong></span> <span class='ocrx_word' id='word_1_751' title='bbox 593 5380 880 5446; x_wconf 78' lang='lat' dir='ltr'><strong>admiscet,</strong></span> <span class='ocrx_word' id='word_1_752' title='bbox 907 5378 1159 5434; x_wconf 80' lang='lat' dir='ltr'><strong>inutilem</strong></span> <span class='ocrx_word' id='word_1_753' title='bbox 1182 5379 1464 5434; x_wconf 84' lang='lat' dir='ltr'><strong>materiam</strong></span> <span class='ocrx_word' id='word_1_754' title='bbox 1491 5377 1653 5443; x_wconf 85' lang='lat' dir='ltr'><strong>facit;</strong></span> 
     </span>
    </p>
   </div>
   <div class='ocr_carea' id='block_1_99' title="bbox 52 5473 1657 5534">
    <p class='ocr_par' dir='ltr' id='par_1_99' title="bbox 52 5473 1657 5534">
     <span class='ocr_line' id='line_1_99' title="bbox 52 5473 1657 5534; baseline -0.002 -3"><span class='ocrx_word' id='word_1_755' title='bbox 52 5475 121 5532; x_wconf 87' lang='lat' dir='ltr'><strong>ita</strong></span> <span class='ocrx_word' id='word_1_756' title='bbox 143 5485 198 5534; x_wconf 88' lang='lat' dir='ltr'><strong>et</strong></span> <span class='ocrx_word' id='word_1_757' title='bbox 225 5477 319 5534; x_wconf 89' lang='lat' dir='ltr'><strong>isti</strong></span> <span class='ocrx_word' id='word_1_758' title='bbox 343 5489 475 5534; x_wconf 86' lang='lat' dir='ltr'><strong>cum</strong></span> <span class='ocrx_word' id='word_1_759' title='bbox 504 5491 568 5532; x_wconf 88' lang='lat' dir='ltr'><strong>ex</strong></span> <span class='ocrx_word' id='word_1_760' title='bbox 601 5475 786 5531; x_wconf 90' lang='lat' dir='ltr'><strong>multis</strong></span> <span class='ocrx_word' id='word_1_761' title='bbox 815 5473 1217 5530; x_wconf 84' lang='lat' dir='ltr'><strong>narrationibus</strong></span> <span class='ocrx_word' id='word_1_762' title='bbox 1263 5487 1428 5528; x_wconf 87' lang='lat' dir='ltr'><strong>unam</strong></span> <span class='ocrx_word' id='word_1_763' title='bbox 1477 5473 1657 5529; x_wconf 88' lang='lat' dir='ltr'><strong>facere</strong></span> 
     </span>
    </p>
   </div>
   <div class='ocr_carea' id='block_1_100' title="bbox 53 5564 1659 5643">
    <p class='ocr_par' dir='ltr' id='par_1_100' title="bbox 53 5564 1659 5643">
     <span class='ocr_line' id='line_1_100' title="bbox 53 5564 1659 5643; baseline -0.004 -17"><span class='ocrx_word' id='word_1_764' title='bbox 53 5577 330 5643; x_wconf 82' lang='lat' dir='ltr'><strong>satagunt,</strong></span> <span class='ocrx_word' id='word_1_765' title='bbox 360 5566 681 5624; x_wconf 79' lang='lat' dir='ltr'><strong>mentiendo</strong></span> <span class='ocrx_word' id='word_1_766' title='bbox 731 5567 978 5623; x_wconf 88' lang='lat' dir='ltr'><strong>inutilem</strong></span> <span class='ocrx_word' id='word_1_767' title='bbox 1029 5564 1296 5632; x_wconf 87' lang='lat' dir='ltr'><strong>reddunt;</strong></span> <span class='ocrx_word' id='word_1_768' title='bbox 1326 5565 1526 5622; x_wconf 87' lang='lat' dir='ltr'><strong>melius</strong></span> <span class='ocrx_word' id='word_1_769' title='bbox 1573 5573 1659 5622; x_wconf 89' lang='lat' dir='ltr'><strong>est</strong></span> 
     </span>
    </p>
   </div>
   <div class='ocr_carea' id='block_1_101' title="bbox 52 5660 1660 5734">
    <p class='ocr_par' dir='ltr' id='par_1_101' title="bbox 52 5660 1660 5734">
     <span class='ocr_line' id='line_1_101' title="bbox 52 5660 1660 5734; baseline -0.001 -13"><span class='ocrx_word' id='word_1_770' title='bbox 52 5666 194 5721; x_wconf 86' lang='lat' dir='ltr'><strong>enim</strong></span> <span class='ocrx_word' id='word_1_771' title='bbox 227 5665 420 5730; x_wconf 85' lang='lat' dir='ltr'><strong>silere,</strong></span> <span class='ocrx_word' id='word_1_772' title='bbox 445 5677 608 5734; x_wconf 81' lang='lat' dir='ltr'><strong>quam</strong></span> <span class='ocrx_word' id='word_1_773' title='bbox 646 5670 797 5734; x_wconf 86' lang='lat' dir='ltr'><strong>gesta</strong></span> <span class='ocrx_word' id='word_1_774' title='bbox 829 5671 1140 5718; x_wconf 86' lang='lat' dir='ltr'><strong>sanctorum</strong></span> <span class='ocrx_word' id='word_1_775' title='bbox 1169 5660 1508 5718; x_wconf 78' lang='lat' dir='ltr'><strong>mendaciter</strong></span> <span class='ocrx_word' id='word_1_776' title='bbox 1533 5677 1660 5734; x_wconf 88' lang='lat' dir='ltr'><strong>pro-</strong></span> 
     </span>
    </p>
   </div>
   <div class='ocr_carea' id='block_1_102' title="bbox 126 5803 1666 5875">
    <p class='ocr_par' dir='ltr' id='par_1_102' title="bbox 126 5803 1666 5875">
     <span class='ocr_line' id='line_1_102' title="bbox 126 5803 1666 5875; baseline -0.003 -11"><span class='ocrx_word' id='word_1_777' title='bbox 126 5817 150 5845; x_wconf 66' lang='grc' dir='ltr'>θ</span> <span class='ocrx_word' id='word_1_778' title='bbox 181 5807 356 5873; x_wconf 83' lang='lat' dir='ltr'><strong>Edit.,</strong></span> <span class='ocrx_word' id='word_1_779' title='bbox 390 5813 450 5862; x_wconf 93' lang='lat' dir='ltr'><strong>et</strong></span> <span class='ocrx_word' id='word_1_780' title='bbox 473 5803 861 5862; x_wconf 78' lang='lat' dir='ltr'><strong>obscurissimas</strong></span> <span class='ocrx_word' id='word_1_781' title='bbox 893 5803 1131 5874; x_wconf 74' lang='lat' dir='ltr'><strong>fabulas;</strong></span> <span class='ocrx_word' id='word_1_782' title='bbox 1160 5817 1317 5875; x_wconf 88' lang='lat' dir='ltr'><strong>mss.,</strong></span> <span class='ocrx_word' id='word_1_783' title='bbox 1341 5812 1386 5860; x_wconf 87' lang='lat' dir='ltr'><strong>et</strong></span> <span class='ocrx_word' id='word_1_784' title='bbox 1401 5803 1666 5861; x_wconf 83' lang='lat' dir='ltr'><strong>absurdis-</strong></span> 
     </span>
    </p>
   </div>
   <div class='ocr_carea' id='block_1_103' title="bbox 54 5878 469 5952">
    <p class='ocr_par' dir='ltr' id='par_1_103' title="bbox 54 5878 469 5952">
     <span class='ocr_line' id='line_1_103' title="bbox 54 5878 469 5952; baseline -0.012 -17"><span class='ocrx_word' id='word_1_785' title='bbox 54 5881 208 5938; x_wconf 79' lang='lat' dir='ltr'><strong>simas</strong></span> <span class='ocrx_word' id='word_1_786' title='bbox 235 5878 469 5952; x_wconf 76' lang='lat' dir='ltr'><strong>fabulas.</strong></span> 
     </span>
    </p>
   </div>
   <div class='ocr_carea' id='block_1_104' title="bbox 1773 4713 3369 4789">
    <p class='ocr_par' dir='ltr' id='par_1_104' title="bbox 1773 4713 3369 4789">
     <span class='ocr_line' id='line_1_104' title="bbox 1773 4713 3369 4789; baseline 0.004 -15"><span class='ocrx_word' id='word_1_787' title='bbox 1773 4732 1970 4789; x_wconf 86' lang='lat' dir='ltr'><strong>pueros</strong></span> <span class='ocrx_word' id='word_1_788' title='bbox 2011 4730 2315 4779; x_wconf 82' lang='lat' dir='ltr'><strong>reservare,</strong></span> <span class='ocrx_word' id='word_1_789' title='bbox 2346 4729 2511 4786; x_wconf 87' lang='lat' dir='ltr'><strong>quam</strong></span> <span class='ocrx_word' id='word_1_790' title='bbox 2533 4728 2660 4770; x_wconf 84' lang='lat' dir='ltr'><strong>vera</strong></span> <span class='ocrx_word' id='word_1_791' title='bbox 2690 4713 2926 4772; x_wconf 85' lang='lat' dir='ltr'><strong>dicendo</strong></span> <span class='ocrx_word' id='word_1_792' title='bbox 2959 4727 3037 4772; x_wconf 91' lang='lat' dir='ltr'><strong>tot</strong></span> <span class='ocrx_word' id='word_1_793' title='bbox 3079 4717 3369 4780; x_wconf 90' lang='lat' dir='ltr'><strong>homicidia</strong></span> 
     </span>
    </p>
   </div>
   <div class='ocr_carea' id='block_1_105' title="bbox 1771 4809 3370 4885">
    <p class='ocr_par' dir='ltr' id='par_1_105' title="bbox 1771 4809 3370 4885">
     <span class='ocr_line' id='line_1_105' title="bbox 1771 4809 3370 4885; baseline 0.003 -17"><span class='ocrx_word' id='word_1_794' title='bbox 1771 4811 2121 4882; x_wconf 81' lang='lat' dir='ltr'><strong>perpetrare?</strong></span> <span class='ocrx_word' id='word_1_795' title='bbox 2149 4809 2208 4865; x_wconf 89' lang='lat' dir='ltr'><strong>ln</strong></span> <span class='ocrx_word' id='word_1_796' title='bbox 2232 4809 2399 4866; x_wconf 88' lang='lat' dir='ltr'><strong>Josue</strong></span> <span class='ocrx_word' id='word_1_797' title='bbox 2425 4822 2642 4880; x_wconf 86' lang='lat' dir='ltr'><strong>quoque</strong></span> <span class='ocrx_word' id='word_1_798' title='bbox 2676 4809 2942 4881; x_wconf 76' lang='lat' dir='ltr'><strong>scriptum</strong></span> <span class='ocrx_word' id='word_1_799' title='bbox 2973 4822 3060 4868; x_wconf 88' lang='lat' dir='ltr'><strong>est</strong></span> <span class='ocrx_word' id='word_1_800' title='bbox 3089 4815 3233 4885; x_wconf 91' lang='lat' dir='ltr'><strong>quod</strong></span> <span class='ocrx_word' id='word_1_801' title='bbox 3266 4819 3370 4873; x_wconf 49' lang='lat' dir='ltr'><strong>mi-</strong></span> 
     </span>
    </p>
   </div>
   <div class='ocr_carea' id='block_1_106' title="bbox 1766 4902 3366 4980">
    <p class='ocr_par' dir='ltr' id='par_1_106' title="bbox 1766 4902 3366 4980">
     <span class='ocr_line' id='line_1_106' title="bbox 1766 4902 3366 4980; baseline 0.001 -18"><span class='ocrx_word' id='word_1_802' title='bbox 1766 4907 1900 4963; x_wconf 90' lang='lat' dir='ltr'><strong>serit</strong></span> <span class='ocrx_word' id='word_1_803' title='bbox 1931 4905 2068 4961; x_wconf 90' lang='lat' dir='ltr'><strong>duos</strong></span> <span class='ocrx_word' id='word_1_804' title='bbox 2097 4904 2473 4976; x_wconf 81' lang='lat' dir='ltr'><strong>exploratores</strong></span> <span class='ocrx_word' id='word_1_805' title='bbox 2497 4902 2564 4959; x_wconf 90' lang='lat' dir='ltr'><strong>ad</strong></span> <span class='ocrx_word' id='word_1_806' title='bbox 2583 4903 2974 4974; x_wconf 82' lang='lat' dir='ltr'><strong>explorandam</strong></span> <span class='ocrx_word' id='word_1_807' title='bbox 2997 4904 3219 4963; x_wconf 79' lang='lat' dir='ltr'><strong>Jericho</strong></span> <span class='ocrx_word' id='word_1_808' title='bbox 3248 4907 3366 4980; x_wconf 85' lang='lat' dir='ltr'><strong>(Jo-</strong></span> 
     </span>
    </p>
   </div>
   <div class='ocr_carea' id='block_1_107' title="bbox 1765 4997 3366 5072">
    <p class='ocr_par' dir='ltr' id='par_1_107' title="bbox 1765 4997 3366 5072">
     <span class='ocr_line' id='line_1_107' title="bbox 1765 4997 3366 5072; baseline 0 -15"><span class='ocrx_word' id='word_1_809' title='bbox 1765 5017 1858 5056; x_wconf 81' lang='lat' dir='ltr'><strong>sue</strong></span> <span class='ocrx_word' id='word_1_810' title='bbox 1885 5016 1946 5068; x_wconf 83' lang='lat' dir='ltr'><strong>ll,</strong></span> <span class='ocrx_word' id='word_1_811' title='bbox 1978 5000 2014 5054; x_wconf 74' lang='lat'><strong>2</strong></span> <span class='ocrx_word' id='word_1_812' title='bbox 2038 5007 2084 5054; x_wconf 87' lang='lat' dir='ltr'><strong>et</strong></span> <span class='ocrx_word' id='word_1_813' title='bbox 2105 4998 2260 5072; x_wconf 63' lang='grc' dir='ltr'><strong>δρψ).</strong></span> <span class='ocrx_word' id='word_1_814' title='bbox 2287 5000 2355 5054; x_wconf 84' lang='lat' dir='ltr'><strong>At</strong></span> <span class='ocrx_word' id='word_1_815' title='bbox 2391 4997 2472 5054; x_wconf 90' lang='lat' dir='ltr'><strong>illi</strong></span> <span class='ocrx_word' id='word_1_816' title='bbox 2503 4997 2732 5068; x_wconf 82' lang='lat' dir='ltr'><strong>ingressi</strong></span> <span class='ocrx_word' id='word_1_817' title='bbox 2774 5009 2900 5054; x_wconf 88' lang='lat' dir='ltr'><strong>sunt</strong></span> <span class='ocrx_word' id='word_1_818' title='bbox 2930 4999 3152 5055; x_wconf 86' lang='lat' dir='ltr'><strong>domum</strong></span> <span class='ocrx_word' id='word_1_819' title='bbox 3182 5002 3366 5072; x_wconf 81' lang='lat' dir='ltr'><strong>cujus-</strong></span> 
     </span>
    </p>
   </div>
   <div class='ocr_carea' id='block_1_108' title="bbox 1765 5089 3367 5162">
    <p class='ocr_par' dir='ltr' id='par_1_108' title="bbox 1765 5089 3367 5162">
     <span class='ocr_line' id='line_1_108' title="bbox 1765 5089 3367 5162; baseline 0.001 -11"><span class='ocrx_word' id='word_1_820' title='bbox 1765 5093 1894 5152; x_wconf 88' lang='lat' dir='ltr'><strong>dam</strong></span> <span class='ocrx_word' id='word_1_821' title='bbox 1935 5093 2244 5149; x_wconf 89' lang='lat' dir='ltr'><strong>meretricis</strong></span> <span class='ocrx_word' id='word_1_822' title='bbox 2281 5091 2516 5148; x_wconf 76' lang='lat' dir='ltr'><strong>nominei</strong></span> <span class='ocrx_word' id='word_1_823' title='bbox 2537 5089 2758 5158; x_wconf 82' lang='lat' dir='ltr'><strong>Rahab,</strong></span> <span class='ocrx_word' id='word_1_824' title='bbox 2786 5107 2911 5162; x_wconf 76' lang='lat' dir='ltr'><strong>qua:</strong></span> <span class='ocrx_word' id='word_1_825' title='bbox 2941 5091 3230 5148; x_wconf 87' lang='lat' dir='ltr'><strong>abscondit</strong></span> <span class='ocrx_word' id='word_1_826' title='bbox 3271 5109 3367 5152; x_wconf 88' lang='lat' dir='ltr'><strong>eos</strong></span> 
     </span>
    </p>
   </div>
   <div class='ocr_carea' id='block_1_109' title="bbox 1766 5183 3364 5255">
    <p class='ocr_par' dir='ltr' id='par_1_109' title="bbox 1766 5183 3364 5255">
     <span class='ocr_line' id='line_1_109' title="bbox 1766 5183 3364 5255; baseline -0.001 -8"><span class='ocrx_word' id='word_1_827' title='bbox 1766 5191 1820 5247; x_wconf 89' lang='lat' dir='ltr'><strong>in</strong></span> <span class='ocrx_word' id='word_1_828' title='bbox 1846 5188 2198 5246; x_wconf 86' lang='lat' dir='ltr'><strong>interioribus</strong></span> <span class='ocrx_word' id='word_1_829' title='bbox 2225 5187 2422 5243; x_wconf 86' lang='lat' dir='ltr'><strong>domus</strong></span> <span class='ocrx_word' id='word_1_830' title='bbox 2446 5200 2558 5242; x_wconf 83' lang='lat' dir='ltr'><strong>suae</strong></span> <span class='ocrx_word' id='word_1_831' title='bbox 2577 5229 2592 5254; x_wconf 91' lang='lat'><strong>,</strong></span> <span class='ocrx_word' id='word_1_832' title='bbox 2631 5183 3080 5254; x_wconf 84' lang='lat' dir='ltr'><strong>venientibusque</strong></span> <span class='ocrx_word' id='word_1_833' title='bbox 3103 5200 3364 5255; x_wconf 86' lang='lat' dir='ltr'><strong>persecu-</strong></span> 
     </span>
    </p>
   </div>
   <div class='ocr_carea' id='block_1_110' title="bbox 1765 5276 3361 5352">
    <p class='ocr_par' dir='ltr' id='par_1_110' title="bbox 1765 5276 3361 5352">
     <span class='ocr_line' id='line_1_110' title="bbox 1765 5276 3361 5352; baseline 0.004 -18"><span class='ocrx_word' id='word_1_834' title='bbox 1765 5285 1976 5341; x_wconf 80' lang='lat' dir='ltr'><strong>toribus</strong></span> <span class='ocrx_word' id='word_1_835' title='bbox 2007 5297 2199 5340; x_wconf 91' lang='lat' dir='ltr'><strong>eorum</strong></span> <span class='ocrx_word' id='word_1_836' title='bbox 2221 5281 2363 5336; x_wconf 79' lang='lat' dir='ltr'><strong>dixit</strong></span> <span class='ocrx_word' id='word_1_837' title='bbox 2385 5279 2528 5352; x_wconf 87' lang='lat' dir='ltr'><strong>quod</strong></span> <span class='ocrx_word' id='word_1_838' title='bbox 2564 5293 2685 5334; x_wconf 87' lang='lat' dir='ltr'><strong>cum</strong></span> <span class='ocrx_word' id='word_1_839' title='bbox 2718 5285 2874 5349; x_wconf 89' lang='lat' dir='ltr'><strong>porta</strong></span> <span class='ocrx_word' id='word_1_840' title='bbox 2898 5276 3272 5350; x_wconf 87' lang='lat' dir='ltr'><strong>clauderetur,</strong></span> <span class='ocrx_word' id='word_1_841' title='bbox 3307 5285 3361 5341; x_wconf 89' lang='lat' dir='ltr'><strong>in</strong></span> 
     </span>
    </p>
   </div>
   <div class='ocr_carea' id='block_1_111' title="bbox 1766 5370 3360 5448">
    <p class='ocr_par' dir='ltr' id='par_1_111' title="bbox 1766 5370 3360 5448">
     <span class='ocr_line' id='line_1_111' title="bbox 1766 5370 3360 5448; baseline -0.009 -12"><span class='ocrx_word' id='word_1_842' title='bbox 1766 5379 2007 5437; x_wconf 87' lang='lat' dir='ltr'><strong>tenebris</strong></span> <span class='ocrx_word' id='word_1_843' title='bbox 2037 5376 2403 5448; x_wconf 85' lang='lat' dir='ltr'><strong>aufugissent.</strong></span> <span class='ocrx_word' id='word_1_844' title='bbox 2439 5376 2617 5444; x_wconf 85' lang='lat' dir='ltr'><strong>Atque</strong></span> <span class='ocrx_word' id='word_1_845' title='bbox 2639 5387 2738 5442; x_wconf 91' lang='lat' dir='ltr'><strong>pro</strong></span> <span class='ocrx_word' id='word_1_846' title='bbox 2759 5370 2863 5426; x_wconf 81' lang='lat' dir='ltr'><strong>hoc</strong></span> <span class='ocrx_word' id='word_1_847' title='bbox 2881 5371 3171 5430; x_wconf 84' lang='lat' dir='ltr'><strong>mendacio</strong></span> <span class='ocrx_word' id='word_1_848' title='bbox 3188 5391 3217 5431; x_wconf 90' lang='lat' dir='ltr'><strong>a</strong></span> <span class='ocrx_word' id='word_1_849' title='bbox 3236 5391 3360 5446; x_wconf 67' lang='lat' dir='ltr'><strong>per-</strong></span> 
     </span>
    </p>
   </div>
   <div class='ocr_carea' id='block_1_112' title="bbox 1764 5465 3362 5538">
    <p class='ocr_par' dir='ltr' id='par_1_112' title="bbox 1764 5465 3362 5538">
     <span class='ocr_line' id='line_1_112' title="bbox 1764 5465 3362 5538; baseline -0.002 -6"><span class='ocrx_word' id='word_1_850' title='bbox 1764 5472 2106 5532; x_wconf 85' lang='lat' dir='ltr'><strong>secutoribus</strong></span> <span class='ocrx_word' id='word_1_851' title='bbox 2148 5486 2243 5528; x_wconf 92' lang='lat' dir='ltr'><strong>eos</strong></span> <span class='ocrx_word' id='word_1_852' title='bbox 2274 5470 2519 5526; x_wconf 88' lang='lat' dir='ltr'><strong>liberans</strong></span> <span class='ocrx_word' id='word_1_853' title='bbox 2547 5508 2560 5531; x_wconf 94' lang='lat'><strong>,</strong></span> <span class='ocrx_word' id='word_1_854' title='bbox 2593 5465 2711 5534; x_wconf 89' lang='lat' dir='ltr'><strong>ipsa</strong></span> <span class='ocrx_word' id='word_1_855' title='bbox 2745 5479 2866 5519; x_wconf 89' lang='lat' dir='ltr'><strong>cum</strong></span> <span class='ocrx_word' id='word_1_856' title='bbox 2899 5473 3008 5520; x_wconf 89' lang='lat' dir='ltr'><strong>tota</strong></span> <span class='ocrx_word' id='word_1_857' title='bbox 3029 5469 3362 5538; x_wconf 80' lang='lat' dir='ltr'><strong>cognatione</strong></span> 
     </span>
    </p>
   </div>
   <div class='ocr_carea' id='block_1_113' title="bbox 1766 5559 3362 5638">
    <p class='ocr_par' dir='ltr' id='par_1_113' title="bbox 1766 5559 3362 5638">
     <span class='ocr_line' id='line_1_113' title="bbox 1766 5559 3362 5638; baseline -0.003 -10"><span class='ocrx_word' id='word_1_858' title='bbox 1766 5586 1862 5628; x_wconf 91' lang='lat' dir='ltr'><strong>sua</strong></span> <span class='ocrx_word' id='word_1_859' title='bbox 1889 5586 1919 5626; x_wconf 91' lang='lat' dir='ltr'><strong>a</strong></span> <span class='ocrx_word' id='word_1_860' title='bbox 1961 5568 2160 5625; x_wconf 89' lang='lat' dir='ltr'><strong>mortis</strong></span> <span class='ocrx_word' id='word_1_861' title='bbox 2190 5564 2434 5638; x_wconf 87' lang='lat' dir='ltr'><strong>periculo</strong></span> <span class='ocrx_word' id='word_1_862' title='bbox 2466 5561 2698 5617; x_wconf 87' lang='lat' dir='ltr'><strong>liberata</strong></span> <span class='ocrx_word' id='word_1_863' title='bbox 2721 5565 2826 5613; x_wconf 87' lang='lat' dir='ltr'><strong>est.</strong></span> <span class='ocrx_word' id='word_1_864' title='bbox 2862 5559 2930 5614; x_wconf 82' lang='lat' dir='ltr'><strong>Et</strong></span> <span class='ocrx_word' id='word_1_865' title='bbox 2953 5575 3054 5630; x_wconf 84' lang='lat' dir='ltr'><strong>pro</strong></span> <span class='ocrx_word' id='word_1_866' title='bbox 3085 5561 3190 5620; x_wconf 84' lang='lat' dir='ltr'><strong>hoc</strong></span> <span class='ocrx_word' id='word_1_867' title='bbox 3219 5563 3362 5623; x_wconf 84' lang='lat' dir='ltr'><strong>facto</strong></span> 
     </span>
    </p>
   </div>
   <div class='ocr_carea' id='block_1_114' title="bbox 1768 5649 3359 5728">
    <p class='ocr_par' dir='ltr' id='par_1_114' title="bbox 1768 5649 3359 5728">
     <span class='ocr_line' id='line_1_114' title="bbox 1768 5649 3359 5728; baseline -0.013 -7"><span class='ocrx_word' id='word_1_868' title='bbox 1768 5679 1799 5720; x_wconf 88' lang='lat' dir='ltr'><strong>a</strong></span> <span class='ocrx_word' id='word_1_869' title='bbox 1830 5664 1991 5720; x_wconf 90' lang='lat' dir='ltr'><strong>beato</strong></span> <span class='ocrx_word' id='word_1_870' title='bbox 2015 5659 2188 5716; x_wconf 85' lang='lat' dir='ltr'><strong>Paulo</strong></span> <span class='ocrx_word' id='word_1_871' title='bbox 2215 5655 2464 5728; x_wconf 83' lang='lat' dir='ltr'><strong>apostolo</strong></span> <span class='ocrx_word' id='word_1_872' title='bbox 2495 5653 2547 5707; x_wconf 91' lang='lat' dir='ltr'><strong>in</strong></span> <span class='ocrx_word' id='word_1_873' title='bbox 2580 5649 2814 5720; x_wconf 79' lang='lat' dir='ltr'><strong>epistola</strong></span> <span class='ocrx_word' id='word_1_874' title='bbox 2847 5650 2914 5706; x_wconf 86' lang='lat' dir='ltr'><strong>ad</strong></span> <span class='ocrx_word' id='word_1_875' title='bbox 2943 5650 3206 5712; x_wconf 72' lang='lat' dir='ltr'><strong>Hebrzeos</strong></span> <span class='ocrx_word' id='word_1_876' title='bbox 3245 5658 3359 5714; x_wconf 79' lang='lat' dir='ltr'><strong>lau.</strong></span> 
     </span>
    </p>
   </div>
   <div class='ocr_carea' id='block_1_115' title="bbox 1845 5793 3367 5867">
    <p class='ocr_par' dir='ltr' id='par_1_115' title="bbox 1845 5793 3367 5867">
     <span class='ocr_line' id='line_1_115' title="bbox 1845 5793 3367 5867; baseline -0.001 -10"><span class='ocrx_word' id='word_1_877' title='bbox 1845 5803 1873 5843; x_wconf 75' lang='grc' dir='ltr'><strong>ι)</strong></span> <span class='ocrx_word' id='word_1_878' title='bbox 1915 5801 2059 5859; x_wconf 87' lang='lat' dir='ltr'><strong>Edit.</strong></span> <span class='ocrx_word' id='word_1_879' title='bbox 2082 5799 2210 5856; x_wconf 89' lang='lat' dir='ltr'><strong>Gill.</strong></span> <span class='ocrx_word' id='word_1_880' title='bbox 2244 5799 2296 5852; x_wconf 91' lang='lat' dir='ltr'><strong>in</strong></span> <span class='ocrx_word' id='word_1_881' title='bbox 2329 5811 2501 5867; x_wconf 80' lang='lat' dir='ltr'><strong>marg.</strong></span> <span class='ocrx_word' id='word_1_882' title='bbox 2530 5809 2593 5849; x_wconf 90' lang='lat' dir='ltr'><strong>ac</strong></span> <span class='ocrx_word' id='word_1_883' title='bbox 2619 5793 2778 5848; x_wconf 87' lang='lat' dir='ltr'><strong>Rom.</strong></span> <span class='ocrx_word' id='word_1_884' title='bbox 2813 5793 2870 5867; x_wconf 78' lang='lat' dir='ltr'><strong>in</strong></span> <span class='ocrx_word' id='word_1_885' title='bbox 2898 5807 3081 5867; x_wconf 73' lang='lat' dir='ltr'><strong>corp,</strong></span> <span class='ocrx_word' id='word_1_886' title='bbox 3126 5798 3193 5854; x_wconf 83' lang='lat' dir='ltr'><strong>In</strong></span> <span class='ocrx_word' id='word_1_887' title='bbox 3226 5799 3367 5856; x_wconf 79' lang='lat' dir='ltr'><strong>Exo-</strong></span> 
     </span>
    </p>
   </div>
   <div class='ocr_carea' id='block_1_116' title="bbox 1780 5863 3134 5937">
    <p class='ocr_par' dir='ltr' id='par_1_116' title="bbox 1780 5863 3134 5937">
     <span class='ocr_line' id='line_1_116' title="bbox 1780 5863 3134 5937; baseline -0.006 -5"><span class='ocrx_word' id='word_1_888' title='bbox 1780 5876 1845 5934; x_wconf 84' lang='lat' dir='ltr'><strong>do</strong></span> <span class='ocrx_word' id='word_1_889' title='bbox 1874 5892 1891 5930; x_wconf 91' lang='lat'><strong><em>:</em></strong></span> <span class='ocrx_word' id='word_1_890' title='bbox 1921 5873 2050 5932; x_wconf 87' lang='lat' dir='ltr'><strong>Gill.</strong></span> <span class='ocrx_word' id='word_1_891' title='bbox 2074 5884 2204 5927; x_wconf 89' lang='lat' dir='ltr'><strong>vero</strong></span> <span class='ocrx_word' id='word_1_892' title='bbox 2230 5869 2284 5924; x_wconf 92' lang='lat' dir='ltr'><strong>in</strong></span> <span class='ocrx_word' id='word_1_893' title='bbox 2314 5863 2474 5937; x_wconf 58' lang='lat' dir='ltr'><strong>corp?</strong></span> <span class='ocrx_word' id='word_1_894' title='bbox 2497 5879 2622 5922; x_wconf 87' lang='lat' dir='ltr'><strong>cum</strong></span> <span class='ocrx_word' id='word_1_895' title='bbox 2652 5877 2807 5932; x_wconf 86' lang='lat' dir='ltr'><strong>mss.,</strong></span> <span class='ocrx_word' id='word_1_896' title='bbox 2840 5863 2906 5922; x_wconf 80' lang='lat' dir='ltr'><strong>In</strong></span> <span class='ocrx_word' id='word_1_897' title='bbox 2929 5863 3134 5926; x_wconf 60' lang='lat' dir='ltr'><strong>Genesi.</strong></span> 
     </span>
    </p>
   </div>
  </div>
