4054 6328
627 281 737 338 945

1573 271 1666 329 AD
1703 268 1936 328 OPERA
1978 266 2229 327 SANCTI
2267 265 2600 327 AMBROSII
2637 266 3003 327 APPENDIX.

3782 271 3861 329 9M

630 396 810 459 datur;
834 392 911 448 ait
928 391 1073 449 enim
1106 408 1117 444 :
1152 388 1287 446 Fide
1317 388 1497 447 Rahab
1524 389 1768 444 meretrix
1794 405 1899 443 non
1939 388 2091 458 periit
2120 402 2236 440 cum
2261 393 2317 456 Α
2341 402 2471 444 suos
2501 387 2830 456 efﬁciuntur,
2857 398 2912 444 et
2937 401 3032 443 eos
3056 383 3392 453 mentiendo,
3424 392 3514 441 aut
3547 385 3598 441 in
3632 385 3860 442 servitium

630 487 830 543 cwteris
876 483 1191 549 incredulis,
1249 483 1511 552 excipiens
1548 482 1904 554 exploratores
1943 495 2059 534 cum
2114 494 2238 550 pace

634 579 824 653 (Hebr.
847 593 899 632 at
923 619 938 643 ,
971 577 1086 645 3|).
1126 574 1183 632 In
1214 575 1420 646 Regum
1463 575 1628 630 etiam
1660 574 1938 630 volumine
1972 572 2237 642 scripturn

636 684 722 731 est
745 671 891 745 quod
919 669 1085 727 David
1114 668 1327 742 fugiens
1353 667 1593 726 Absalon
1621 669 1791 725 ﬁlium
1821 682 1997 733 suum,
2029 666 2241 721 miserit

638 765 977 823 Hierusalem
1008 763 1149 820 duos
1173 763 1553 834 exploratores
1588 762 1655 817 ad
1690 758 2059 833 explorandos
2084 766 2239 815 actus

632 860 876 933 ejusdem
905 858 999 915 ﬁlii
1023 858 1106 914 sui
1138 857 1209 931 (ll
1238 857 1368 931 Reg.
1407 873 1498 924 xv,
1534 856 1606 914 32
1646 866 1694 911 et
1718 854 1873 929 seq.).
1928 853 2087 921 Quod
2113 867 2237 909 cum

635 954 882 1012 audisset
917 952 1183 1020 Absalon,
1229 952 1379 1007 misit
1400 950 1497 1022 qui
1537 964 1634 1006 eos
1664 957 1891 1021 caperet
1919 963 1933 999 :
1960 958 2015 1001 at
2041 944 2120 1001 illi
2150 945 2238 1001 fu-

636 1048 878 1121 gientes,
907 1045 1138 1117 ingressi
1169 1056 1297 1100 sunt
1336 1042 1557 1101 domum
1596 1041 1879 1112 cujusdam
1914 1039 2052 1106 viri,
2083 1036 2240 1108 cujus

634 1158 771 1199 uxor
799 1140 1093 1199 abscondit
1121 1152 1218 1196 eos
1250 1140 1304 1195 in
1352 1148 1543 1210 puteo,
1573 1152 1734 1208 quem
1764 1134 2006 1191 habebat
2035 1133 2091 1189 in
2120 1145 2241 1188 ves-

632 1234 828 1300 tibulo,
862 1233 1039 1304 posito
1066 1231 1301 1303 desuper
1330 1230 1695 1302 operimento.
1726 1226 2084 1284 Venientibus
2108 1238 2240 1281 vero

635 1327 1078 1401 persecutoribus
1126 1341 1339 1393 eorum,
1396 1339 1599 1397 eosque
1656 1322 2096 1395 requirentibus,
2148 1318 2241 1375 illa

632 1422 918 1494 respondit
955 1437 969 1474 :
1018 1419 1365 1476 Transierunt
1414 1427 1625 1491 gustata
1674 1417 1950 1490 paululum
1996 1431 2133 1485 aqua
2174 1412 2242 1485 (ll

643 1516 776 1588 Reg.
807 1530 917 1570 xvn
945 1555 958 1581 ,
985 1513 1102 1583 20).
1137 1512 1337 1569 Verum
1370 1512 1535 1583 igitur
1564 1510 1797 1566 dicendo
1840 1523 1935 1564 eos
1978 1505 2242 1577 potuisset

632 1608 884 1680 perdere,
928 1622 1067 1678 quos
1117 1606 1435 1663 mentiendo
1477 1604 1740 1662 servavit.
1794 1602 2007 1658 Talium
2054 1601 2240 1672 itaque

636 1703 1043 1760 mendaciorum
1072 1702 1301 1758 macula:
1329 1716 1361 1755 a
1390 1699 1659 1755 charitate
1685 1712 1754 1754 ex
1775 1711 1881 1767 qua
1910 1694 2235 1767 procedunt,
2276 1704 2287 1715 '

2342 482 2705 554 praecipitant,
2737 491 2830 538 aut
2857 480 3237 538 haereditatem
3258 479 3371 536 sive
3393 479 3724 535 substantiam
3744 479 3861 536 aufe-

2337 587 2486 654 runt,
2519 586 2545 614 α
2571 592 2717 648 saepe
2746 591 2877 633 vero
2907 587 2963 633 et
2990 584 3220 632 mortem
3244 574 3508 631 inferunt.

2412 672 2549 729 Sunt
2578 671 2682 727 alia
2712 671 3018 740 mendacia,
3046 686 3168 743 qua:
3194 670 3423 743 gignunt
3447 684 3632 725 vanam
3656 670 3861 739 gloriam;

2339 772 2466 823 sunt
2490 764 2637 819 enim
2675 764 2828 819 multi
2860 777 3013 819 vanu:
3034 763 3224 835 gloria:
3264 772 3554 826 amatores,
3584 764 3666 835 qui
3691 772 3743 819 ut
3777 779 3863 820 ma-

2339 858 2433 929 gni
2461 865 2518 913 et
2560 857 2761 929 egregii
2792 856 2860 911 ab
2903 856 3221 913 hominibus
3263 856 3583 925 habeantur,
3626 857 3787 912 dicunt
3822 872 3867 914 se

2340 966 2532 1023 magna
2556 952 2804 1023 quaedam
2833 950 3049 1018 fecisse,
3073 966 3197 1023 quae
3226 966 3335 1007 non
3361 951 3620 1018 fecerunt,
3649 960 3868 1022 autposse

2340 1045 2486 1118 quod
2518 1060 2628 1101 non
2659 1056 2913 1118 possunt,
2945 1054 3039 1103 aut
3075 1046 3359 1119 possidere
3397 1046 3543 1117 quod
3591 1061 3688 1103 non
3737 1048 3867 1118 possi-

2341 1138 2492 1206 dent,
2518 1148 2825 1211 autsapere
2851 1139 2997 1212 quod
3038 1154 3145 1196 non
3187 1140 3439 1210 sapiunt;
3485 1149 3543 1195 nt
3565 1139 3627 1195 ad
3651 1140 3869 1197 celsitudi-

2343 1247 2465 1287 nem
2484 1273 2500 1298 ,
2542 1232 2611 1287 ad
2640 1248 2802 1303 quam
2847 1232 3220 1291 conscendere
3246 1242 3549 1306 nequeunt,
3573 1234 3673 1303 isua
3698 1234 3868 1290 menda-

2342 1326 2425 1382 cia
2465 1342 2562 1384 eos
2600 1327 2836 1384 eievent.
2873 1330 2938 1384 Et
2964 1330 3089 1401 quia
3118 1328 3223 1385 hoc
3272 1329 3459 1384 vitium
3504 1329 3638 1400 apud
3662 1330 3869 1401 quosdam

2344 1422 2443 1491 pro
2480 1421 2650 1477 nihilo
2699 1421 2948 1490 habetur,
2994 1422 3167 1478 etiam
3219 1421 3273 1478 in
3333 1422 3670 1479 monasteriis
3716 1422 3871 1478 scimus

2343 1514 2604 1586 quosdam
2654 1515 2755 1572 hoc
2809 1516 2946 1571 vitio
3002 1531 3126 1573 esse
3167 1516 3489 1573 maculatos.
3535 1514 3675 1572 Multi
3720 1516 3872 1589 quippe

2343 1616 2492 1675 sunt,
2519 1608 2611 1680 qui
2657 1617 2940 1680 postquam
2969 1609 3229 1666 suaculum
3263 1610 3549 1681 reliquisse
3577 1609 3810 1677 videntur,
3833 1620 3874 1665 ut

2343 1715 2570 1772 magnos
2598 1711 2653 1758 et
2681 1703 2910 1774 inclytos
2931 1717 2991 1759 se
3009 1702 3151 1774 apud
3180 1703 3456 1775 simplices
3486 1712 3873 1776 quosque,eteos

632 1797 918 1863 delenlm‘;
951 1795 1081 1868 quia
1132 1795 1361 1851 σΙιανίιαδ
1392 1793 1559 1864 οΡενίι
1582 1790 1969 1847 ηιαιτῖηιάίηεηῑ
2006 1797 2240 1860 Ρεεσαεο·
2268 1796 2318 1858 Β
2343 1794 2433 1865 qui
2462 1794 2515 1849 in
2545 1797 2892 1852 monasteriis
2932 1796 3147 1852 educati
3188 1796 3426 1866 fuerunt,
3458 1798 3788 1862 constituant;
3812 1796 3873 1851 di-

636 1909 749 1948 rum
775 1891 823 1966 (l
857 1890 1007 1946 Petr.
1043 1905 1116 1958 tv,
1145 1890 1226 1962 8).

706 1988 862 2044 Nunc
909 1986 979 2043 de
1024 1985 1370 2059 gravioribus
1418 1981 1721 2040 mendaciis
1772 1980 2052 2046 dicamus;
2108 1985 2236 2034 sunt

631 2098 870 2155 namque
906 2080 1241 2137 inﬁdelitatis
1271 2079 1580 2147 mendacia,
1609 2088 1738 2134 sunt
1764 2087 1819 2135 et
1843 2076 2233 2148 blasphemiae,

626 2186 756 2235 sunt
780 2184 836 2233 et
863 2176 969 2232 alia
990 2190 1112 2247 quae
1132 2190 1201 2230 ex
1231 2173 1359 2230 odio
1385 2170 1710 2243 procedunt,
1741 2171 1850 2226 alia
1876 2185 1997 2241 quas
2021 2168 2225 2224 invidia

622 2278 875 2344 generat,
902 2267 1007 2325 alia
1036 2282 1159 2339 quae
1187 2266 1439 2333 avaritia,
1466 2263 1573 2320 alia
1597 2280 1716 2336 qua:
1741 2278 1879 2318 vana
1904 2262 2113 2333 gloria;
2139 2260 2235 2316 ha-

627 2366 760 2424 bent
791 2362 1150 2420 nihilominus
1179 2370 1380 2418 caetera
1419 2360 1548 2414 vitia
1588 2357 1871 2414 mendacia
1901 2357 2003 2413 sibi
2034 2369 2236 2412 conve-

628 2458 852 2515 nientia.
886 2454 1140 2511 lnﬁdeles
1167 2453 1369 2525 quippe
1396 2451 1568 2507 Judaei
1602 2460 1769 2522 atque
1801 2449 2006 2506 ethnici
2034 2448 2238 2504 habent

625 2554 857 2625 plurima
890 2549 1215 2616 mendacia;
1244 2563 1369 2603 nam
1401 2554 1633 2618 excepto
1657 2544 1803 2617 quod
1835 2542 2113 2600 Christum
2139 2557 2235 2599 ne-

621 2655 752 2719 gant
776 2644 998 2702 venisse
1021 2644 1075 2698 in
1096 2657 1282 2707 carne,
1306 2640 1515 2697 habent
1536 2640 1737 2695 multos
1764 2651 2004 2703 errores,
2034 2636 2234 2707 quibus

627 2740 844 2813 decepti
876 2745 1128 2810 pereunt.
1156 2736 1295 2793 Sunt
1335 2742 1390 2791 et
1418 2731 1700 2789 mendacia
1740 2729 2227 2801 blasphemiarum,

624 2834 820 2905 quibus
845 2830 1011 2887 iidem
1041 2828 1214 2885 Judaei
1248 2835 1413 2898 atque
1441 2825 1663 2898 pagani,
1697 2838 1799 2881 nec
1830 2838 1940 2879 non
1977 2832 2033 2879 et
2060 2821 2234 2878 hmre-

626 2927 719 2982 tici
752 2926 924 2983 Deum
955 2932 1012 2980 et
1037 2921 1346 2978 Ecclesiam
1378 2920 1522 2990 ejus,
1553 2919 1843 2987 omniaque
1873 2915 2059 2973 divina
2085 2929 2233 2987 mys-

627 3021 763 3078 teria
791 3018 980 3075 multis
1005 3015 1182 3072 modis
1203 3013 1604 3084 blasphemant.
1633 3009 1774 3068 Sunt
1803 3010 1966 3066 etiam
2006 3007 2233 3065 menda-

630 3114 715 3169 cia
746 3126 902 3182 ,quae
954 3125 1023 3166 ex
1066 3106 1193 3164 odio
1243 3104 1545 3177 procedunt
1583 3120 1598 3170 ;
1657 3118 1782 3159 nam
1843 3101 2092 3159 nonnulli
2136 3116 2232 3172 pro

2339 1895 2469 1942 cunt
2513 1902 2573 1943 se
2603 1902 2948 1959 possessores
3003 1887 3176 1946 fuisse
3226 1905 3544 1963 magnarum
3596 1890 3872 1955 divitiarum,

2334 1978 2545 2051 jactant
2568 1997 2627 2037 se
2646 1981 2814 2039 fuisse
2833 1982 3188 2054 prmliatores,
3218 1993 3537 2052 venatores,
3565 1993 3617 2039 et
3641 1983 3783 2039 multa
3800 1983 3874 2037 alia

2336 2076 2405 2133 de
2433 2092 2494 2134 se
2523 2080 2892 2145 mentiuntur;
2917 2077 3175 2152 utmagni
3196 2078 3338 2149 apud
3362 2093 3632 2149 eos,quos
3647 2077 3743 2134 suis
3762 2092 3875 2133 mea

2338 2169 2513 2227 daciis
2550 2169 2808 2242 decipere
2850 2181 3108 2242 possunt,
3150 2170 3475 2226 habeantur.
3508 2170 3588 2227 Ad
3618 2180 3665 2227 te
3691 2185 3800 2241 ergo
3822 2169 3878 2224 lo-

2336 2282 2495 2340 quor,
2525 2267 2617 2339 qui
2645 2267 2769 2322 talis
2798 2280 2858 2322 es
2887 2285 2900 2321 :
2958 2266 3100 2323 Ecce
3126 2267 3218 2337 qui
3266 2267 3319 2322 in
3363 2266 3571 2323 szeculo
3614 2266 3794 2337 positus
3812 2264 3875 2318 vix

2337 2362 2642 2433 simplicem
2665 2362 2868 2429 cibum,
2887 2362 2976 2432 qui
3004 2361 3099 2417 tibi
3126 2362 3339 2432 tuisque
3356 2360 3614 2419 omnibus
3629 2359 3876 2423 sufﬁceret,

2338 2469 2434 2525 per
2463 2462 2633 2510 totum
2667 2469 2870 2509 annum
2898 2453 3182 2511 elaborare
3230 2461 3473 2524 poteras,
3528 2454 3581 2509 in
3607 2451 3879 2510 monasterio

2335 2546 2544 2620 positus
2564 2588 2579 2614 ,
2623 2561 2910 2617 possessor
2936 2546 3339 2616 thesaurorum,
3368 2546 3690 2619 praediorum
3714 2559 3880 2617 magna.

2335 2656 2569 2711 rumque
2598 2639 2903 2696 divitiarum
2935 2640 3171 2697 efﬁceris
3200 2659 3212 2696 :
3242 2650 3298 2697 et
3332 2640 3423 2712 qui
3450 2641 3542 2697 vix
3571 2655 3718 2696 unam
3739 2639 3881 2709 vulpe

2336 2732 2510 2788 cuiam
2540 2747 2739 2803 capere
2789 2740 3006 2803 poteras
3031 2772 3047 2797 ,
3099 2732 3403 2788 monachus
3431 2731 3678 2798 effectus,
3705 2737 3880 2786 venator

2338 2825 2750 2895 potentissimus
2789 2826 2961 2882 factus
2988 2841 3088 2883 es:
3120 2835 3176 2882 et
3196 2826 3288 2898 qui
3331 2825 3597 2897 quosdam
3642 2840 3702 2881 ex
3728 2822 3880 2881 inﬁmis

2334 2920 2529 2975 vicinis
2557 2919 2662 2974 tuis
2701 2918 3054 2987 formidabas,
3088 2920 3140 2975 in
3167 2920 3506 2975 monasterio
3535 2921 3750 2990 positus,
3776 2930 3881 2988 pr:-

2336 3012 2585 3068 liatorem
2614 3010 2971 3067 fortissimum
3012 3021 3066 3070 te
3115 3010 3316 3069 fecisti.
3363 3011 3512 3069 Ecce
3554 3012 3654 3068 hoc
3692 3007 3880 3066 nonfuit

2335 3104 2593 3160 saeculum
2618 3103 2927 3175 reliquisse,
2954 3105 3050 3162 sed
3069 3106 3395 3178 acquisisse.
3413 3106 3565 3163 Dicis
3594 3116 3645 3163 te
3664 3104 3879 3161 hominem

618 3224 687 3263 eo
708 3204 859 3278 quod
884 3204 1067 3259 odium
1099 3203 1154 3258 in
1175 3198 1433 3257 cordibus
1462 3206 1650 3253 contra
1674 3196 1956 3269 proximos
1980 3202 2220 3266 gestant,
2250 3185 2296 3250 C
2330 3197 2690 3266 interfecisse,
2721 3198 2885 3272 578
2914 3209 2969 3256 et
2995 3199 3269 3256 homicidii
3299 3210 3516 3257 reatum
3546 3214 3701 3271 super
3730 3208 3774 3255 te
3808 3197 3881 3253 im-

627 3300 766 3356 falsa
795 3296 1026 3355 crimina
1055 3295 1138 3352 eis
1168 3294 1455 3349 innectunt
1485 3308 1499 3345 :
1550 3300 1606 3346 et
1649 3305 1787 3360 quos
1834 3305 1943 3346 non
1994 3296 2229 3361 possunt

625 3394 809 3467 gladio
841 3390 1175 3456 interﬁcere,
1207 3385 1359 3443 falsis
1385 3383 1857 3442 criminationibus
1884 3383 1939 3438 in
1974 3382 2227 3439 damnum

624 3501 901 3561 magnum,
928 3499 1075 3556 saepe
1101 3481 1266 3541 etiam
1289 3489 1347 3537 et
1368 3480 1422 3536 in
1449 3489 1679 3536 mortem
1704 3476 2067 3549 praecipitant.
2091 3476 2231 3533 Sunt

621 3593 677 3640 et
696 3582 803 3638 alia
828 3578 1135 3645 mendacia,
1164 3590 1285 3647 quae
1314 3574 1455 3646 parit
1477 3572 1710 3638 invidia;
1746 3570 2001 3627 invidiosi
2030 3570 2229 3641 quippe

626 3693 752 3734 cum
779 3674 966 3731 vident
1002 3672 1214 3742 aliquos
1255 3676 1351 3723 aut
1387 3664 1744 3738 dignitatibus
1773 3662 1987 3730 saeculi,
2022 3671 2118 3718 aut
2142 3677 2229 3718 sa-

623 3770 863 3844 pientia‘,
887 3776 980 3824 aut
1002 3764 1276 3836 aliquibus
1305 3761 1517 3817 artibus
1547 3757 1892 3830 praeponere,
1921 3772 2017 3813 eos
2038 3756 2226 3826 despi-

622 3878 754 3920 cere
807 3870 865 3917 et
912 3859 1251 3915 subsannare
1295 3868 1402 3909 non
1448 3858 1687 3918 cessant,
1739 3864 1907 3921 seque
1939 3849 2090 3919 ipsos
2120 3848 2228 3905 illis

621 3958 922 4032 prmferre;
953 3962 1014 4011 ut
1037 3952 1141 4025 ipsi
1167 3950 1436 4006 clariores
1462 3946 1602 4019 apud
1630 3959 1727 4003 eos
1747 3944 1840 4015 qui
1862 3959 2051 4001 eorum
2075 3959 2228 4000 men-

619 4054 797 4111 daciis
817 4050 1080 4115 credunt;
1106 4045 1420 4109 videantur,
1444 4057 1607 4113 quam
1637 4040 1713 4096 illi
1732 4055 1868 4111 quos
1890 4037 2223 4109 despiciunt.

622 4150 764 4204 Sunt
791 4154 847 4201 et
874 4140 1165 4200 derisionis
1194 4137 1499 4204 mendacia,
1530 4151 1653 4208 quae
1680 4133 1899 4205 proprie
1920 4133 1990 4189 ad
2012 4133 2227 4190 invidos

623 4238 893 4309 pertinent
918 4252 932 4303 ;
962 4232 1212 4290 derident
1239 4245 1474 4301 namque
1498 4243 1717 4299 semper
1745 4226 1915 4283 invidi
1946 4226 2084 4283 facta
2112 4241 2226 4283 me-

623 4335 845 4400 iiorum,
877 4338 931 4387 et
956 4328 1151 4399 quibus
1179 4323 1450 4396 coaequari
1481 4338 1590 4379 non
1620 4329 1882 4394 possunt,
1914 4335 2102 4377 eorum
2132 4336 2225 4376 ac-

626 4437 714 4483 tus
744 4428 858 4481 suis
897 4419 1194 4478 mendaciis
1238 4415 1563 4475 obnubilare
1591 4424 1864 4487 quaerunt.
1909 4412 2050 4470 Sunt
2075 4413 2223 4470 enim

628 4520 807 4586 multi,
834 4518 923 4589 qui
944 4531 1042 4574 eos
1065 4528 1204 4586 quos
1225 4511 1352 4568 odio
1370 4510 1593 4578 habent,
1621 4518 1717 4565 aut
1736 4508 1934 4574 quibus
1955 4507 2221 4576 invident,

626 4584 889 4687 ﬁngentes
924 4626 985 4666 se
1012 4584 1138 4666 esse
1182 4605 1417 4674 amicos,
1470 4604 1588 4660 suis
1639 4602 1850 4659 callidis
1879 4601 2224 4658 suasionibus
2247 4584 2304 4647 Ῑ)
2327 4611 2507 4682 perint
2538 4627 2551 4664 :
2586 4620 2643 4667 et
2678 4611 2724 4666 si
2754 4610 2846 4667 ille
2873 4627 3001 4668 reus
3028 4621 3133 4679 est,
3179 4584 3273 4685 qui
3303 4627 3494 4669 verum
3522 4584 3685 4679 dicit,
3723 4616 3883 4682 quanto
3988 4654 3989 4677 η

622 4710 691 4765 ad
729 4705 976 4780 quaedam
1026 4702 1232 4774 ﬂagitia
1276 4697 1649 4771 perpetranda
1681 4695 2005 4768 pertrahunt
2038 4716 2050 4749 :
2082 4711 2223 4767 quos

623 4819 748 4861 cum
773 4802 826 4857 in
855 4796 1074 4871 aliquod
1099 4795 1286 4854 scelus
1324 4793 1494 4850 veluti
1526 4792 1580 4848 in
1608 4791 1823 4848 foveam
1848 4791 2223 4862 praecipitave-

621 4899 750 4963 rint,
764 4905 953 4953 contra
964 4907 1060 4950 eos
1072 4890 1216 4947 versi
1237 4888 1479 4944 atrocius
1499 4902 1662 4959 quam
1684 4886 1868 4945 caeteri
1885 4901 2222 4959 persequun-

616 5000 737 5056 tur;
763 4997 819 5045 et
847 4986 939 5059 qui
971 4983 1296 5040 videbantur
1319 4981 1507 5047 amici,
1562 4979 1706 5051 quod
1746 4980 1950 5036 fuerint
1994 4981 2221 5051 pessimi

618 5082 828 5139 inimici
857 5077 1304 5149 comprobantur.
1351 5073 1529 5129 Habet
1575 5081 1633 5129 et
1669 5073 1896 5129 avaritia
1928 5072 2213 5129 mendacia

613 5192 735 5233 sua.
763 5175 936 5242 Quam
965 5170 1121 5228 multi
1154 5168 1359 5240 quippe
1388 5176 1548 5232 sunt,
1589 5167 1679 5238 qui
1715 5177 1941 5237 propter
1979 5168 2211 5224 aliorum

612 5266 972 5327 substantiam
1001 5262 1299 5320 tollendam
1331 5260 1528 5316 multas
1578 5260 1820 5316 fallacias
1859 5269 1917 5317 et
1964 5260 2212 5319 diversas

610 5359 1044 5419 machinationes
1077 5365 1442 5425 componunt;
1488 5361 1550 5409 ut
1600 5354 1724 5409 aliis
1768 5353 2019 5411 auferant
2069 5342 2212 5414 unde

607 5454 852 5510 avaritiae
878 5466 990 5507 suae.
1020 5450 1266 5515 baratro,
1295 5446 1439 5519 quod
1486 5446 1803 5504 insatiabile
1830 5459 1935 5517 est,
1968 5450 2213 5519 aliquau-

611 5549 783 5605 tulum
812 5544 1182 5602 satisfaciant!
1217 5544 1357 5600 Sunt
1401 5542 1567 5600 etiam
1597 5542 1776 5610 multi,
1803 5545 1896 5615 qui
1942 5560 2039 5615 pro
2070 5561 2211 5617 prae-

608 5641 842 5698 miorum
869 5636 1282 5709 acceptionibus
1310 5634 1436 5693 falsi
1481 5644 1649 5693 testes
1697 5646 1886 5694 contra
1929 5641 2209 5710 proximos

675 5844 700 5876 Α
743 5835 899 5913 Sgepe
925 5836 1044 5890 vero
1083 5842 1133 5889 et
1161 5842 1377 5889 mortem
1413 5832 1645 5904 inierunt
1677 5834 1945 5911 ,'_e_.mss.
1976 5836 2303 5897 restituitur.

2334 3291 2584 3363 posuisti.
2613 3292 2816 3364 Lingua
2841 3293 3075 3349 mendax
3102 3291 3250 3358 fecit,
3273 3293 3418 3366 quod
3440 3308 3637 3350 manus
3660 3307 3754 3349 non
3780 3304 3882 3361 pra-

2330 3387 2519 3442 valuit.
2548 3388 2709 3443 Etvis
2735 3396 2794 3443 ut
2818 3388 3047 3460 probem
3068 3388 3215 3460 quod
3247 3397 3299 3445 te
3323 3388 3644 3446 mentiendo
3669 3402 3797 3444 reum
3811 3384 3882 3439 bo-

2331 3482 2535 3539 micidii
2555 3481 2787 3539 feceris?
2817 3482 2969 3549 Saul,
2987 3484 3128 3539 sicut
3154 3484 3206 3539 in
3237 3483 3375 3539 libro
3389 3483 3596 3557 Regum
3617 3483 3816 3554 legimus
3834 3476 3882 3550 (ll

2332 3577 2463 3650 Reg.
2514 3594 2676 3645 xxxi,
2721 3577 2806 3649 4),
2834 3578 3029 3634 timore
3066 3577 3478 3635 Philistinorum
3518 3594 3676 3634 manu
3713 3573 3878 3648 propria

2330 3673 2681 3744 semetipsum
2712 3671 3018 3738 interfecit;
3057 3672 3206 3729 venit
3241 3671 3464 3743 quidam
3495 3671 3658 3728 homo
3683 3669 3743 3726 ad
3765 3681 3883 3723 sanc-

2332 3773 2445 3820 tum
2467 3763 2654 3831 David,
2677 3763 2878 3820 etdixit
2905 3763 3048 3835 quod
3071 3764 3187 3835 ipse
3212 3762 3458 3830 Saulem,
3489 3763 3586 3836 qui
3612 3778 3723 3820 eum
3741 3773 3881 3832 perseo

2330 3860 2613 3932 quebatur,
2666 3858 3030 3916 interfecisset
3068 3877 3081 3914 :
3142 3859 3240 3915 sed
3276 3860 3372 3916 ille
3402 3860 3605 3930 spiritu
3634 3853 3881 3931 prophetia

2329 3956 2615 4010 mentitum
2672 3968 2796 4012 esse
2849 3969 2974 4011 eum
3017 3954 3351 4027 intelligens,
3382 3954 3559 4012 veluti
3605 3950 3878 4011 homicidam

2329 4049 2524 4119 punire
2546 4048 2732 4119 jussit,
2756 4058 3080 4122 reatumque
3097 4049 3380 4106 homicidii
3399 4066 3573 4121 super
3589 4051 3730 4107 illum
3749 4049 3881 4117 impo-

2328 4158 2489 4210 nens,
2513 4143 2649 4199 dixit
2680 4161 2693 4197 :
2719 4144 2948 4216 Sanguis
2976 4153 3095 4200 tuus
3130 4160 3288 4215 super
3312 4155 3471 4215 caput
3512 4156 3688 4210 tuum;
3712 4158 3762 4198 os
3780 4138 3880 4194 enim

2328 4243 2473 4289 tuum
2500 4235 2727 4290 locutum
2760 4247 2834 4291 est
2880 4236 3153 4292 adversum
3196 4245 3263 4305 te,
3296 4237 3513 4293 dicens:
3540 4236 3654 4310 Ego
3696 4230 3881 4303 interfeci

2328 4328 2575 4384 Christum
2617 4328 2825 4385 Domini
2866 4329 2935 4403 (ll
2982 4330 3112 4403 Reg.
3140 4347 3191 4398 ι,
3235 4329 3347 4404 l6).
3382 4331 3604 4389 Scimus
3632 4339 3794 4387 autem
3817 4324 3880 4382 di-

2326 4422 2468 4479 vites
2512 4424 2696 4480 saaculi
2742 4426 2811 4480 ad
2856 4424 3274 4481 conversionem
3329 4425 3639 4495 venientes,
3692 4422 3882 4496 graviter

2329 4529 2577 4585 peccare,
2611 4517 2656 4572 si
2687 4532 2748 4574 se
2774 4516 2842 4573 de
2862 4516 3067 4573 divitiis
3096 4533 3159 4575 ac
3188 4519 3430 4589 potentia
3459 4533 3564 4575 sua
3590 4520 3778 4589 jactare
3801 4526 3881 4568 cm-

2326 4706 2500 4777 magis
2531 4713 2609 4775 tu,
2638 4706 2732 4777 qui
2770 4721 2911 4778 pene
2936 4722 3034 4779 per
3061 4708 3245 4764 omnia
3277 4708 3570 4765 mentiris!

2400 4802 2538 4858 Sunt
2561 4800 2726 4858 etiam
2757 4802 2883 4870 alii,
2926 4803 3017 4874 qui
3049 4818 3218 4875 prope
3248 4802 3629 4862 indesinenter
3651 4802 3880 4860 mentiun-

2324 4901 2435 4959 tur,
2467 4901 2523 4948 et
2546 4891 2636 4947 vix
2679 4892 2886 4964 aliquid
2929 4893 3075 4966 loqui
3106 4902 3337 4965 possunt
3373 4894 3498 4951 sine
3538 4892 3792 4952 mendacii
3811 4887 3881 4945 ad-

2325 4988 2607 5043 mixtione.
2649 4986 2751 5056 Qui
2778 4987 2846 5043 ad
2872 4988 3056 5045 omnia
3084 5004 3302 5061 semper
3330 5006 3452 5061 qua:
3482 4992 3742 5056 audiunt,
3768 5001 3881 5061 que-
3986 5040 3987 5063 η

2321 5080 2444 5137 dam
2471 5081 2749 5138 mendacia
2774 5082 3091 5155 conﬁngunt
3120 5102 3133 5139 :
3166 5095 3221 5142 et
3251 5084 3438 5142 dicunt
3468 5101 3534 5144 se
3557 5086 3769 5151 vidisse,
3788 5094 3879 5155 qua:
3982 5112 3985 5155 λ

2322 5191 2430 5230 non
2459 5174 2747 5241 viderunt;
2782 5184 2839 5232 et
2865 5176 3119 5246 audisse,
3161 5193 3282 5248 qua:
3336 5193 3443 5235 non
3493 5180 3805 5241 audierunt;
3841 5182 3881 5228 et

2319 5265 2539 5333 fecisse,
2566 5284 2689 5339 qua:
2717 5284 2824 5326 non
2865 5270 3130 5327 fecerunt.
3174 5271 3417 5344 Cumque
3441 5287 3475 5328 a
3509 5272 3786 5329 veracibus
3810 5266 3880 5323 de-

2319 5363 2573 5435 prehensi
2606 5364 2833 5432 fuerint,
2864 5364 3054 5423 dicunt
3084 5382 3190 5423 non
3229 5382 3390 5439 posse
3418 5383 3748 5441 quemquam
3770 5366 3881 5422 bene

2321 5470 2451 5511 vera
2495 5457 2662 5529 loqui,
2703 5459 2795 5529 qui
2826 5473 2935 5515 non
2965 5460 3139 5531 possit
3165 5460 3306 5518 bene
3349 5463 3596 5518 mentiri.
3642 5462 3687 5518 Ο
3712 5458 3877 5519 stulto,

2317 5563 2479 5620 quam
2508 5564 2649 5604 vana
2678 5558 2761 5606 est
2800 5552 3032 5609 assertio
3078 5555 3211 5609 tua!
3260 5553 3403 5611 Ecce
3445 5551 3710 5610 Christus
3745 5549 3879 5608 multa

2316 5643 2457 5701 bene
2497 5652 2556 5702 et
2580 5645 2851 5704 veraciter
2879 5646 3094 5704 locutus
3137 5656 3256 5717 est,
3287 5648 3380 5721 qui
3408 5663 3711 5721 numquam
3741 5638 3881 5719 potuit
