3950 6314
115 306 215 363 945

851 304 921 362 ΙΝ
958 303 1431 363 APOCALYPSIN
1468 301 1853 363 EXPOSITIO.
1897 308 1987 366 DE
2023 311 2299 405 VISIONE
2337 314 2659 376 SEPTIMA.

3295 319 3402 377 946

115 429 350 498 mentiri,
380 430 538 502 cujus
569 428 789 499 vestigia
822 438 873 485 te
897 428 1050 498 sequi
1076 431 1247 498 magis
1275 428 1624 498 oportuisset,
1649 425 1702 481 in
1732 424 1787 485 A
1811 428 1948 496 gelis
1989 429 2124 486 dicit
2167 433 2269 490 sibi
2301 435 2571 491 civitatem
2606 436 2704 493 Dei
2737 437 2838 494 sub
2870 437 3038 509 ﬁgura
3065 437 3402 494 Hierusalem

111 531 369 595 quantum
403 525 576 580 virtus
627 532 958 592 suppeteret.
1003 521 1269 578 Similiter
1318 520 1591 592 apostoli,
1647 531 1703 576 et

110 617 287 689 caeteri
333 602 722 684 praedicatores
749 616 913 671 multa
945 615 1245 672 docuerunt
1283 625 1337 672 et
1365 615 1704 688 scripserunt

109 710 225 765 sine
250 707 613 780 permixtione
661 707 950 764 mendacii.
988 708 1058 764 Et
1083 708 1364 779 Scriptura
1393 707 1527 764 dicit
1571 708 1702 778 quia

107 817 264 861 omne
293 801 639 858 mendacium
669 817 698 856 a
742 803 890 857 malo
920 811 1004 858 est
1048 801 1094 875 (Ι
1136 801 1295 857 Joan.
1352 818 1426 868 ιι,
1476 799 1570 874 22)
1606 820 1618 856 :
1653 800 1698 856 si

106 896 445 953 mendacium
469 897 668 951 malum
700 904 803 965 est,
835 896 1106 967 quomodo
1129 895 1327 950 malum
1354 896 1490 950 bene
1518 903 1699 965 potest

105 989 370 1060 proferri?
401 989 448 1045 Ο
473 988 690 1054 infelix,
719 997 745 1026 ³
781 1004 942 1060 quam
993 990 1166 1046 vicina
1219 999 1302 1046 est
1347 989 1442 1045 tibi
1491 990 1571 1044 ira
1602 988 1698 1044 Dei

103 1083 516 1154 omnipotentis,
566 1098 730 1154 quem
779 1084 996 1140 assidue
1043 1085 1163 1140 sine
1214 1099 1374 1139 causa
1423 1083 1697 1140 oﬂ‘endcre

104 1193 206 1233 non
242 1178 520 1250 trepidas!
554 1177 687 1235 Nam
717 1191 916 1235 caetera
942 1180 1073 1234 vitia
1103 1194 1428 1250 quamquam
1463 1179 1696 1235 Domino

103 1272 369 1327 contraria
395 1271 538 1339 sint,
569 1271 821 1329 videntur
845 1281 1028 1329 tamen
1059 1272 1262 1344 aliquid
1302 1275 1520 1344 corpori
1558 1289 1694 1329 con-

103 1364 262 1421 ferre.
294 1366 537 1422 Avaritia
567 1366 769 1438 quippe
797 1367 1045 1438 quamvis
1087 1369 1160 1424 sit
1208 1382 1306 1439 per
1349 1367 1530 1423 omnia
1583 1368 1696 1424 Deo

103 1455 340 1526 odibilis,
390 1457 606 1514 videtur
650 1468 830 1517 tamen
886 1459 1094 1531 aliquid
1146 1461 1362 1531 corpori
1405 1459 1691 1527 conferre;

103 1551 220 1625 quia
244 1552 469 1608 divitias
494 1563 810 1626 congregat,
840 1569 908 1610 ex
936 1553 1132 1625 quibus
1161 1554 1431 1611 desideria
1455 1554 1573 1626 ejus
1600 1571 1698 1612 ex-

101 1648 260 1721 pleat.
295 1647 565 1705 Similiter
587 1659 641 1705 et
660 1649 828 1706 libido
847 1649 1064 1705 videtur
1090 1649 1294 1722 aliquid
1319 1651 1536 1722 corpori
1561 1665 1694 1706 con-

101 1742 270 1808 ferre;
315 1743 442 1814 quia
484 1741 540 1798 iu
573 1740 910 1813 perfectione
952 1742 1070 1813 ejus
1109 1743 1356 1813 voluptas
1385 1743 1569 1799 carnis
1599 1758 1694 1799 ex-

1807 519 2231 581 demonstrasse.
2267 527 2524 584 Eamdem
2552 544 2684 600 ergo
2719 530 3174 606 signiﬁcationem
3203 531 3405 588 habent

1805 614 2008 686 singuli
2058 616 2165 683 isti,
2200 634 2361 687 quam
2410 621 2488 675 illi
2535 631 2781 692 septem;
2832 623 3145 694 significant
3171 639 3404 696 namque

1805 705 2216 777 prmdicalores,
2245 710 2337 781 qui
2368 711 2609 778 fuerunt,
2639 724 2693 770 et
2720 724 2883 770 erunt
2913 731 3084 786 usque
3115 715 3168 771 in
3200 716 3400 772 ﬁnem:

1803 798 2042 856 Joannes
2067 817 2196 858 vero
2225 813 2408 874 typum
2442 815 2591 861 tenet
2619 816 2941 863 cancrorum
2971 808 3238 864 ﬁdelium.
3286 811 3400 865 An-

1802 894 1954 965 gelus
2012 896 2176 968 igitur
2231 897 2425 954 Joauni
2485 914 2545 954 se
2593 899 3095 958 demonstraturum
3128 901 3402 959 civitatem

1803 987 1899 1042 Dei
1941 989 2302 1060 repromittit;
2353 991 2477 1061 quia
2526 991 2917 1063 praedicatores
2971 996 3145 1052 sancti
3192 998 3408 1052 czcteris

1803 1079 2057 1137 ﬁdelibus
2085 1091 2281 1153 quanta
2312 1085 2385 1139 sit
2415 1083 2693 1141 beatitudo
2732 1086 3026 1158 iustorum,
3060 1088 3114 1143 in
3143 1082 3402 1160 quantam

1803 1183 2050 1246 possunt,
2081 1176 2303 1231 student
2327 1176 2732 1246 demonstrare,
2764 1189 2820 1235 ut
2842 1195 2937 1236 eos
2965 1181 3031 1238 ad
3052 1183 3217 1238 vitam
3239 1192 3404 1240 teter-

1802 1284 1926 1324 uam
1957 1270 2364 1340 percipiendam
2394 1271 2716 1328 accendant.
2745 1272 2920 1341 Quam
2949 1275 3114 1330 etiam
3144 1291 3405 1346 sponsam

1801 1379 2026 1420 uxorem
2057 1364 2198 1436 Agui
2229 1375 2407 1422 vocat.
2446 1367 2600 1436 Quod
2631 1382 2830 1440 sponsa
2859 1369 2996 1440 Agni
3021 1369 3261 1426 Ecclesia
3280 1371 3405 1441 jure

1799 1467 2048 1522 vocetur,
2089 1457 2329 1515 Joannes
2371 1457 2614 1530 Baptista
2660 1460 3000 1516 demonstrat
3027 1461 3258 1519 dicens:
3307 1462 3410 1530 Qui

1799 1552 1950 1607 habet
1978 1570 2244 1623 sponsam,
2287 1571 2508 1626 sponsus
2543 1565 2617 1610 est
2647 1554 2829 1628 (Joan.
2857 1571 2915 1610 ιιι
2934 1599 2948 1624 ,
2980 1555 3094 1628 29).
3129 1557 3285 1624 Quod
3309 1573 3406 1612 au-

1799 1656 1906 1704 tem
1934 1657 1990 1704 et
2014 1665 2152 1704 uxor
2183 1650 2420 1716 dicatur,
2462 1650 2747 1722 Scriptura
2795 1651 3139 1708 demonstrat
3175 1651 3404 1707 dicens:

1797 1739 2023 1814 PrOpter
2048 1741 2147 1797 hoc
2184 1742 2437 1815 relinquet
2479 1742 2634 1798 homo
2660 1753 2861 1816 patrem
2891 1755 2940 1798 et
2976 1753 3189 1798 matrem
3227 1759 3408 1807 suam,

99 1833 404 1904 stinguitur.
432 1833 500 1889 Et
525 1834 770 1890 ebrietas
795 1835 1042 1904 quamvis
1066 1834 1235 1890 Deum
1264 1835 1525 1904 otl'endat,
1549 1837 1689 1908 gula:
1718 1831 1768 1892 B
1796 1845 1844 1890 et
1874 1837 2154 1892 adluerebit
2196 1834 2350 1892 uxori
2391 1854 2520 1904 sure,
2571 1849 2619 1893 et
2649 1848 2800 1894 erunt
2846 1837 2947 1892 duo
2994 1838 3051 1893 in
3098 1855 3253 1893 carne
3301 1855 3410 1894 una

100 1926 358 1982 desideria
389 1928 614 1997 perﬁcit.
647 1928 910 1984 Similiter
933 1939 988 1984 et
1031 1938 1226 1984 caetera
1257 1928 1384 1984 vitia
1411 1929 1476 1985 ad
1508 1931 1688 1986 carnis

102 2021 367 2078 desideria
397 2021 726 2094 perﬁcienda
757 2032 1132 2080 assumuntur.
1162 2024 1300 2080 Sunt
1341 2025 1506 2082 etiam
1535 2041 1688 2096 quae-

101 2116 218 2173 dam
245 2115 550 2184 mendacia,
598 2132 721 2186 qua:
767 2119 984 2189 corpori
1035 2117 1235 2188 aliquid
1265 2118 1525 2176 videntur
1552 2120 1689 2190 adji-

100 2224 250 2276 cere,
282 2211 427 2266 sicut
453 2223 579 2268 sunt
606 2211 882 2279 avaritia},
916 2212 986 2268 de
1025 2211 1222 2284 quibus
1266 2213 1516 2284 superius
1543 2214 1686 2270 dixi-

101 2321 233 2361 mus.
261 2305 340 2362 Tu
371 2315 553 2363 autem
585 2306 721 2362 nihil
751 2305 968 2376 corpori
999 2306 1259 2378 acquiris,
1291 2317 1346 2363 et
1370 2307 1537 2362 Deum
1570 2309 1688 2363 sine

99 2397 492 2454 intermissione
515 2398 792 2455 oﬂendere
809 2414 916 2454 non
941 2399 1164 2455 metuis.
1186 2399 1326 2456 Ecce
1345 2399 1686 2456 mendacium

103 2499 238 2546 tuum
265 2491 386 2547 leve
417 2500 588 2558 esset,
622 2491 666 2546 si
698 2491 853 2546 tarde
880 2490 1171 2546 accidisset
1205 2510 1217 2544 :
1253 2507 1440 2548 verum
1469 2508 1535 2548 ex
1572 2491 1687 2564 jugi

99 2586 495 2641 continuatione
535 2585 918 2658 gravissimum
947 2595 1111 2656 atque
1139 2585 1485 2655 importabile
1515 2585 1686 2642 efﬁci-

105 2687 198 2733 tur.
245 2677 377 2733 Nam
408 2679 551 2734 sicut
577 2677 748 2733 lutum
796 2677 972 2734 levius
1003 2688 1109 2745 est,
1158 2693 1319 2749 quam
1368 2678 1684 2750 plumbum;

101 2771 190 2827 sed
220 2787 286 2827 ex
335 2771 792 2842 multiplicatione
838 2785 936 2827 sua
968 2772 1189 2843 gravius
1233 2781 1288 2827 et
1333 2772 1686 2842 periculosius

103 2864 174 2932 lit,
207 2863 277 2920 ita
323 2873 381 2919 ut
414 2865 469 2920 in
498 2879 566 2920 eo
593 2879 738 2936 saepe
779 2879 978 2936 pecora
1027 2864 1415 2934 demergantnr
1456 2884 1467 2919 :
1512 2868 1590 2921 sic
1632 2877 1683 2924 et

97 2958 330 3029 qurcdam
361 2958 503 3014 levia
527 2965 748 3030 peccata
776 2973 845 3014 ex
873 2959 1131 3030 congerie
1157 2975 1251 3015 sua
1280 2961 1532 3031 graviora
1561 2960 1684 3031 qui.

100 3053 337 3123 busdam,
388 3068 513 3125 qua)
558 3052 745 3124 gravia
791 3053 1190 3120 existimantur,
1236 3053 1568 3110 efﬁciuntur.
1620 3054 1687 3110 Et

100 3148 228 3202 scito
251 3147 372 3218 quia
403 3147 550 3202 sicut
579 3146 694 3218 ipse
738 3144 875 3202 dixit
908 3165 922 3201 :
951 3145 1091 3202 Deus
1118 3149 1304 3203 veritas
1348 3159 1420 3204 est
1449 3146 1492 3220 (I
1521 3146 1682 3204 Joan.

1799 1929 1955 2002 (Gen.
1984 1947 2054 1996 ιι,
2102 1929 2218 2002 24).
2249 1929 2414 1998 Quasi
2454 1946 2585 2002 ergo
2608 1931 2826 1986 Patrem
2876 1947 3035 1986 suum
3086 1930 3258 1986 Filius
3304 1931 3405 1986 Dei

1795 2020 2108 2093 dereliquit,
2150 2037 2273 2077 cum
2305 2022 2375 2078 de
2402 2023 2490 2077 illa
2523 2023 2737 2079 caelesti
2767 2022 3107 2080 beatitudine
3134 2022 3201 2078 ad
3231 2032 3404 2079 terras

1793 2116 2165 2183 descendens,
2205 2117 2481 2173 hominem
2511 2118 2836 2188 assumpsit,
2867 2131 3031 2188 quem
3071 2132 3174 2188 pro
3201 2131 3403 2187 sponsa

1795 2224 1913 2276 sua,
1959 2225 2080 2280 quae
2125 2218 2210 2264 est
2255 2209 2522 2273 Ecclesia,
2564 2209 2762 2265 daret:
2799 2218 3029 2265 matrem
3077 2208 3405 2279 dereliquit,

1793 2302 1919 2372 quia
1951 2301 2202 2359 allectum
2235 2303 2428 2358 matris
2477 2302 2765 2372 abjicieus,
2795 2316 2995 2372 corpus
3035 2300 3180 2372 quod
3225 2315 3291 2356 ex
3337 2317 3402 2356 ca

1792 2394 2110 2463 assumpsit,
2144 2409 2242 2465 pro
2289 2394 2535 2450 Ecclesia
2564 2409 2658 2448 sua
2694 2393 2949 2460 tradidit;
2996 2408 3159 2465 quam
3189 2393 3294 2449 sibi
3329 2394 3402 2451 ita

1793 2487 1989 2555 univit,
2023 2498 2081 2542 ut
2110 2488 2228 2558 ipse
2258 2488 2330 2542 sit
2351 2497 2539 2558 caput,
2569 2499 2625 2544 et
2665 2488 2782 2558 ipsa
2808 2503 3031 2558 corpus.

1865 2583 2046 2657 (Vers.
2101 2583 2217 2654 10.)
2246 2581 2326 2636 Et
2378 2583 2588 2638 sustulit
2643 2598 2726 2638 me
2769 2583 2823 2638 in
2871 2593 3097 2638 montem
3142 2598 3392 2655 magnum

1790 2688 1835 2733 et
1857 2678 2038 2732 altum.
2071 2676 2224 2731 Mons
2254 2676 2360 2732 iste
2398 2675 2650 2732 Christus
2673 2684 2778 2732 est.
2812 2676 2891 2733 De
2918 2675 3021 2732 hoc
3047 2684 3234 2731 monte
3261 2674 3396 2730 Pro-

1791 2771 1951 2843 pheta
1983 2772 2221 2842 loquitur
2244 2771 2434 2828 dicens
2469 2789 2483 2826 :
2527 2770 2598 2826 Et
2639 2771 2733 2826 erit
2776 2771 2831 2826 in
2874 2772 3168 2827 novissimis
3215 2769 3398 2826 diebus

1789 2876 2113 2939 praeparatus
2147 2882 2293 2922 mons
2332 2865 2518 2920 domus
2568 2864 2778 2920 Domini
2803 2881 2958 2936 super
2977 2865 3217 2921 verticem
3246 2880 3396 2917 mon-

1789 2960 1918 3014 tium
1945 2958 2124 3029 (Esai.
2173 2975 2242 3027 ιι,
2273 2958 2356 3031 2).
2387 2957 2599 3014 Montes
2643 2972 2809 3029 super
2853 2972 3082 3028 quorum
3130 2957 3399 3012 verticem

1791 3071 1948 3111 mons
1973 3056 2166 3111 domus
2199 3053 2415 3111 Domini
2446 3065 2781 3125 praeparatus
2799 3067 2921 3109 esse
2941 3051 3164 3118 dicitur,
3198 3051 3392 3106 Patres

1790 3149 1988 3206 veteris
2017 3147 2355 3205 Testamenti
2387 3146 2702 3217 designant.
2744 3145 2771 3184 ι)
2819 3144 2996 3214 Super
3024 3143 3216 3199 horum
3265 3157 3398 3211 ergo

100 3255 152 3308 v,
183 3239 271 3313 6);
316 3241 454 3298 nihil
485 3240 608 3313 plus
652 3241 986 3298 contrarium
1037 3251 1214 3314 potest
1260 3259 1384 3300 esse
1431 3245 1680 3313 veritati,
1714 3228 1759 3292 C
1791 3241 2053 3298 verticem
2084 3256 2241 3295 mons
2273 3239 2467 3294 domus
2494 3238 2704 3294 Domini
2737 3245 3076 3310 praeparatus
3105 3249 3226 3291 esse
3257 3234 3396 3289 dici~

97 3349 246 3404 quam
273 3330 644 3390 mendacium.

168 3426 361 3484 Horum
390 3444 514 3500 ergo
555 3445 678 3499 pars
708 3429 805 3483 erit
842 3429 897 3483 in
926 3437 1108 3501 stagno
1152 3429 1286 3499 ignis
1310 3429 1539 3485 ardentis
1570 3432 1682 3484 sul-

98 3521 270 3591 phure,
299 3522 438 3594 quod
465 3531 539 3578 est
577 3538 716 3577 mors
742 3522 988 3580 secunda.
1017 3522 1159 3590 Quid
1185 3524 1257 3578 sit
1296 3538 1445 3579 mors
1491 3538 1683 3580 secun-

97 3613 179 3681 da,
211 3617 260 3670 in
300 3617 406 3672 hoc
436 3616 559 3672 loco
590 3615 874 3672 manifeste
902 3615 1260 3673 demonstrat.
1309 3617 1355 3673 Λ
1401 3617 1682 3688 supradic-

98 3709 159 3764 tis
182 3709 338 3781 igitur
367 3704 613 3768 vitiis'ne
655 3711 707 3766 iu
746 3719 978 3766 mortem
1009 3710 1304 3778 secundum
1350 3711 1676 3778 incidamus,

96 3804 458 3862 misericordia
491 3804 874 3876 Redemptoris
912 3803 1210 3878 nostrijnos
1237 3805 1471 3862 liberare
1498 3805 1686 3877 digne-

98 3906 194 3966 tur,
220 3901 309 3972 qui
335 3915 462 3956 cum
502 3899 664 3958 Patre
700 3909 756 3958 et
783 3900 988 3971 Spiritu
1017 3909 1206 3956 sancto
1232 3901 1368 3957 vivit
1394 3911 1450 3957 ct
1490 3911 1681 3973 regnat

97 3991 144 4047 in
172 3995 362 4052 saecula
397 3995 747 4063 steculorum,
778 4011 958 4051 amen.

427 4136 526 4198 DE
569 4135 890 4199 VISIONE
936 4135 1308 4204 SEPTIMA.

160 4260 392 4332 Septima
426 4261 562 4316 visio
587 4266 652 4316 ad
683 4276 866 4331 quam,
899 4260 1128 4316 Domino
1177 4261 1438 4328 donante,
1475 4277 1676 4334 perve-

97 4354 282 4421 nimus,
313 4362 422 4410 tota
453 4353 520 4409 ad
553 4353 684 4410 illud
713 4363 924 4426 tempus
965 4353 1110 4425 quod
1152 4364 1274 4425 post
1311 4357 1672 4412 resurreCtio-

99 4462 209 4502 nem
239 4448 474 4504 futurum
502 4457 586 4504 est
607 4447 767 4522 (ευρ.
791 4465 838 4503 c.
868 4447 982 4521 15).
1012 4449 1268 4520 pertinet.
1301 4451 1368 4507 Et
1387 4450 1523 4508 ordo
1547 4467 1675 4521 pos-

97 4541 262 4608 cebat,
294 4552 354 4598 ut
391 4542 629 4614 generali
663 4543 1068 4598 resurrectione
1097 4542 1404 4614 descripta,
1445 4545 1673 4615 gloriam

1788 3343 1911 3402 tur;
1961 3335 2088 3406 quia
2128 3344 2182 3391 et
2210 3334 2280 3390 ab
2308 3333 2444 3404 ipsis
2472 3333 2766 3404 praedictus
2795 3341 2900 3398 est,
2930 3339 2984 3387 et
3014 3331 3068 3386 in
3108 3344 3274 3386 carne
3302 3344 3397 3384 ve-

1787 3428 1965 3494 niens,
2007 3443 2102 3483 eos
2150 3427 2291 3482 mira
2337 3425 2623 3480 altitudine
2651 3433 2735 3480 est
2766 3433 3159 3494 transgressus.
3215 3421 3396 3490 Super

1786 3521 1933 3577 hunc
1961 3521 2120 3592 igitur
2149 3529 2391 3576 montem
2419 3519 2614 3575 domus
2641 3516 2895 3585 Domini,
2926 3517 2978 3571 id
3007 3527 3092 3571 est
3120 3515 3395 3582 Ecclesia,

1784 3611 2046 3668 aedificata
2073 3621 2188 3678 est;
2219 3611 2343 3681 quia
2379 3625 2546 3680 super
2569 3609 2846 3665 Christum
2873 3607 3092 3663 fundata
3122 3615 3227 3673 est,
3256 3606 3399 3662 sicut

1784 3705 1984 3761 Paulus
2037 3705 2321 3775 apostolus
2369 3705 2611 3774 loquitur
2665 3703 2855 3758 dicens
2900 3718 2913 3755 :
2964 3699 3393 3755 Fundamentum

1783 3802 1919 3855 enim
1938 3799 2083 3854 aliud
2113 3814 2266 3854 nemo
2289 3806 2451 3868 potest
2478 3813 2704 3869 ponere,
2750 3803 2939 3866 prazter
2976 3793 3034 3847 id
3073 3791 3214 3863 quod
3244 3792 3390 3861 posi-

1783 3903 1891 3947 tum
1919 3901 2016 3960 est,
2046 3891 2184 3963 quod
2205 3899 2278 3946 est
2300 3890 2533 3945 Christus
2558 3890 2712 3944 Jesus
2742 3887 2790 3958 (I
2812 3885 2934 3942 Cor.
2966 3901 3059 3951 ιιι,
3091 3884 3206 3957 Η).

1855 3988 2038 4062 (Vere.
2099 3985 2214 4060 II.)
2276 3984 2342 4041 Et
2398 3985 2620 4040 ostendit
2674 3982 2803 4038 mihi
2859 3981 3114 4036 civitatem
3157 3987 3390 4033 sanctam

1784 4081 2114 4136 Hierusalem
2148 4079 2544 4135 descendentem
2573 4076 2637 4132 de
2685 4075 2810 4131 mlo
2841 4063 2887 4130 α’
2918 4071 3029 4128 Deo
3054 4115 3068 4139 ,
3117 4071 3387 4126 habentem

1780 4174 2064 4230 claritatem
2104 4170 2224 4226 Dei.
2253 4168 2562 4226 Notandum
2594 4169 2719 4240 quia
2749 4165 3053 4223 Ezechielis
3081 4163 3272 4219 ultima
3305 4162 3392 4216 vi-

1778 4268 1863 4324 sio
1888 4283 2015 4323 cum
2041 4267 2143 4321 hac
2188 4265 2412 4321 Joannis
2447 4263 2660 4319 visione
2703 4259 3000 4318 concordat
3025 4259 3080 4315 in
3119 4255 3390 4329 aliquibus

1779 4361 1942 4431 locis;
1977 4361 2099 4417 ideo
2124 4360 2326 4432 placuit
2355 4371 2412 4415 ut
2454 4359 2524 4414 de
2554 4358 2646 4414 illa
2677 4357 2810 4412 huic
2839 4355 2992 4426 Operi
3035 4367 3209 4425 pauca
3239 4353 3390 4408 inse-

1779 4471 1983 4513 ramus.
2008 4457 2147 4514 Dicit
2176 4471 2408 4528 namque
2453 4453 2671 4528 (Ezech.
2704 4470 2802 4518 ιιι,
2831 4452 2867 4507 2
2909 4462 2958 4507 et
2987 4449 3118 4521 seq.)
3147 4459 3391 4505 montem

1778 4550 1882 4606 sibi
1911 4550 2078 4607 fuisse
2107 4550 2271 4623 579
2297 4549 2752 4613 demonstratum,
2784 4560 2952 4617 super
2971 4559 3132 4616 quem
3164 4551 3282 4599 erat
3311 4543 3393 4598 ci-

98 4643 416 4697 εθηοιοτιιῐη.
446 4650 609 4706 quam
637 4644 760 4708 ροει
788 4637 1246 4691 Γεδυττεοιὶοηθιῐι
1274 4636 1392 4692 Sine
1424 4636 1533 4693 ﬁne
1561 4653 1680 4709 pOS-
1708 4623 1762 4685 Ῑ)
1787 4645 1948 4711 vitas,
1977 4653 2034 4700 et
2062 4647 2114 4700 in
2150 4661 2214 4700 ea
2256 4645 2515 4716 templum
2545 4661 2558 4697 :
2597 4657 2786 4696 verum
2827 4639 3103 4696 civitatem
3156 4648 3396 4694 tantum-

97 4726 356 4795 sidebunt,
390 4728 753 4795 describeret;
789 4744 909 4800 quae
950 4730 1052 4784 sub
1093 4729 1266 4800 figura
1291 4729 1526 4787 civitatis
1553 4731 1678 4788 Hie-

100 4821 318 4876 rusalem
348 4822 401 4876 in
427 4820 530 4877 hac
555 4822 764 4877 visione
793 4821 1145 4878 describitur.

165 4911 334 4982 (Vers.
369 4913 451 4983 9.)
495 4913 558 4968 Et
581 4913 714 4969 venit
743 4930 877 4969 unus
909 4913 974 4968 de
1001 4922 1196 4984 septem
1221 4915 1440 4986 angelis,
1471 4916 1560 4986 qui
1587 4915 1682 4970 ha-

99 5002 267 5061 bebant
288 5008 513 5078 phialas,
544 5017 592 5063 et
622 5009 825 5063 locutus
851 5017 926 5063 est
968 5024 1167 5063 mecum
1192 5007 1368 5063 dicens
1397 5025 1416 5063 :
1457 5008 1603 5076 Veni,
1631 5021 1680 5066 et

99 5100 347 5155 ostendam
371 5100 461 5155 tibi
476 5117 719 5173 sponsam
736 5116 949 5156 uxorem
960 5099 1115 5172 Agni.
1140 5100 1403 5170 Superius
1418 5099 1472 5155 in
1494 5102 1680 5172 quinta

98 5189 292 5250 visione
316 5193 556 5250 Joannes
585 5195 717 5252 dicit
747 5203 957 5263 septem
998 5193 1222 5266 angelos
1249 5193 1514 5250 habentes
1557 5210 1683 5266 sep-

103 5294 202 5342 tem
232 5289 438 5359 phialas
468 5289 571 5346 sibi
603 5290 772 5347 fnisse
800 5289 1243 5355 demoustratos,
1277 5300 1332 5346 et
1370 5291 1422 5346 in
1454 5305 1688 5362 sequen-

104 5379 234 5436 tibus
273 5398 437 5439 unum
468 5398 536 5439 ex
578 5384 684 5440 illis
711 5383 984 5438 civitatem
1017 5382 1224 5438 diaboli
1251 5383 1689 5442 damnationem-

102 5486 197 5541 que
221 5474 336 5546 ejus
364 5475 468 5532 sub
495 5477 678 5546 specie
709 5477 957 5532 mulieris
1002 5476 1308 5532 meretricis
1353 5477 1459 5533 sibi
1504 5489 1688 5536 osten-

104 5562 286 5642 disse;
315 5569 566 5626 similiter
596 5579 652 5626 et
678 5570 766 5626 hic
797 5584 962 5625 unum
1005 5584 1073 5625 ex
1106 5567 1299 5625 iisdem
1339 5579 1547 5641 septem
1591 5587 1688 5628 an-

171 5735 196 5764 ·
233 5727 375 5785 Edit.
403 5737 454 5784 et
482 5730 698 5800 quidam
743 5744 876 5786 mss.
899 5773 915 5798 ,
964 5746 1121 5802 quam
1165 5747 1299 5786 vana
1341 5741 1453 5799 est;
1482 5733 1676 5792 melius

108 5796 657 5872 Gesn..,|quam.pirina
688 5812 782 5857 est.

177 5869 202 5906 ι’
245 5856 416 5944 έὲιίιει·
470 5856 657 5927 librum
695 5856 916 5944 ergo....
967 5886 1042 5928 est
1086 5875 1466 5949 transgressus,
1514 5893 1544 5931 e.
1576 5880 1698 5937 ρούς

1791 4737 1954 4793 modo
1983 4751 2418 4793 commemorans
2439 4778 2455 4803 ,
2485 4734 2555 4791 de
2584 4733 2773 4805 templi
2805 4743 3079 4790 structura
3110 4732 3278 4787 multa
3309 4739 3396 4785 est

1789 4832 2024 4888 locutus.
2084 4830 2345 4886 Eamdem
2396 4845 2526 4902 ergo
2575 4827 3029 4901 signiﬁcationem
3073 4824 3237 4880 habet
3283 4823 3396 4878 illic

1789 4927 2070 4998 templum,
2102 4941 2260 4995 quam
2294 4934 2350 4982 et
2375 4924 2468 4982 hic
2503 4925 2724 4990 civitas;
2762 4923 3070 4996 significant
3111 4919 3256 4976 enim
3283 4916 3393 5002 Ec-l

1787 5021 2010 5076 clesiam
2040 5037 2054 5074 :
2085 5020 2180 5076 sed
2219 5036 2312 5092 per
2338 5019 2599 5090 templum
2645 5016 2778 5073 illud
2808 5013 3091 5085 praesentis
3121 5010 3386 5081 temporis

1792 5113 2181 5184 Ecclesia,per
2209 5113 2484 5169 civitatem
2533 5120 2712 5167 autem
2766 5107 3101 5165 Hierusalem
3147 5103 3396 5161 Ecclesia

1789 5204 2031 5276 quidem,
2064 5203 2159 5260 sed
2189 5204 2365 5275 qualis
2395 5212 2519 5275 post
2548 5203 2710 5260 tinem
2739 5199 2928 5255 mundi
2957 5197 3133 5253 futura
3163 5203 3269 5261 est,
3293 5195 3395 5252 de-

1790 5299 2059 5370 signatur.
2092 5296 2200 5353 Sed
2221 5296 2354 5353 dicit
2385 5297 2583 5369 aliquis
2619 5290 2940 5361 :Quomodo
2963 5287 3262 5358 descriptio
3288 5288 3394 5344 ista

1791 5392 2152 5456 Hierusalem,
2182 5390 2236 5446 id
2263 5401 2370 5455 est,
2396 5390 2651 5448 Ecclesia:
2677 5386 2745 5444 ad
2774 5385 3012 5442 futurum
3029 5391 3246 5454 tempus
3264 5398 3391 5456 per-

1791 5488 1950 5555 tinet,
1980 5501 2103 5542 cum
2136 5486 2422 5557 praesentis
2467 5482 2728 5554 temporis
2756 5479 2877 5551 ejus
2904 5479 3079 5535 forma
3105 5477 3160 5533 in
3188 5477 3288 5533 hac
3317 5477 3401 5533 vi-

1792 5580 1989 5638 deatur
2017 5579 2236 5636 visione
2267 5576 2499 5634 describi
2527 5575 2654 5632 iAd
2685 5573 2830 5646 quod
2870 5587 2970 5630 nos
3001 5570 3397 5645 respondemus

1784 5739 1940 5869 (laertia.
1976 5741 2324 5868 trestituitur,
2376 5753 2503 5797 cum
2551 5738 2607 5796 in
2637 5739 2759 5796 aliis
2799 5747 2855 5796 et
2888 5737 3098 5796 cunctis
3127 5734 3260 5792 edit.
3291 5746 3402 5792 non

1837 5830 1862 5867 3
1907 5829 1968 5869 ea
2002 5829 2085 5869 ur.

1837 5829 2085 5870 aneatur.
