3950 6314
546 333 651 390 947

1526 329 1620 388 AD
1657 326 1890 387 OPERA
1927 323 2178 387 SANCTI
2219 323 2548 386 AMBROSII
2589 323 2958 386 APPENDIX.
3731 327 3811 385 948

541 451 669 520 quia
695 448 963 517 Ecclesia,
999 451 1260 520 quamdiu
1285 451 1336 507 in
1365 451 1468 506 hac
1485 449 1594 504 vita
1621 447 1893 512 consistit,
1923 445 2148 518 agnosci
2175 446 2230 509 Α
2255 445 2312 502 ln
2362 445 2646 502 Ezechiele
2675 445 2695 516 (
2715 444 2901 499 Enen.
2950 459 3102 512 nvt,
3153 445 3176 498 l
3219 453 3270 498 et
3310 440 3443 514 seq.)
3477 442 3721 513 scriptum
3746 457 3810 498 est

491 597 506 609 δ
543 541 794 612 perfecte
824 556 929 596 non
963 551 1166 612 potest,
1192 543 1286 599 sed
1316 543 1468 615 quasi
1502 541 1603 598 sub
1629 539 1863 612 quodam
1883 539 2149 594 velamine

539 636 809 692 absconSa
843 643 1095 701 tenetur;
1128 651 1250 693 cum
1279 640 1565 710 ignoretur
1591 637 1713 708 quis
1741 637 1812 692 sit
1851 634 2148 706 reprobus,

543 739 641 784 aut
687 730 807 798 quis
855 729 1098 797 electus,
1143 741 1236 787 aut
1283 732 1350 788 ad
1400 747 1561 803 quem
1603 732 1765 786 linem
1817 738 1972 784 actus
2022 742 2150 784 suos

539 824 918 894 unusquisque
949 823 1213 894 perducat
1244 843 1257 880 :
1311 827 1364 882 in
1398 825 1485 880 illa
1518 832 1700 880 autem
1734 824 1844 878 vita
1876 822 1996 893 ejus
2041 821 2152 876 for-

538 933 629 972 ma
662 917 916 974 omnibus
941 919 1169 990 patebit,
1201 927 1328 976 tunc
1354 921 1500 977 enim
1530 918 1738 991 liquido
1764 918 2019 974 omnibus
2047 933 2146 988 ap-

539 1015 774 1086 parebit,
811 1013 935 1084 quis
963 1015 1129 1071 luerit
1173 1031 1382 1083 murus,
1436 1015 1526 1087 qui
1561 1023 1770 1085 portae,
1819 1014 1910 1081 qui
1957 1011 2150 1066 funda-

543 1119 752 1174 menta,
787 1109 877 1180 qui
913 1108 1119 1180 lapides
1151 1119 1468 1178 structum,
1511 1109 1600 1181 qui
1644 1108 1851 1180 lapides
1900 1107 2146 1178 pretiosi.

539 1201 652 1258 Sed
675 1203 1029 1274 qurerendum
1063 1204 1224 1260 nobis
1254 1214 1338 1260 est
1367 1203 1641 1276 quomodo
1663 1202 1731 1258 de
1757 1202 1899 1258 caelo
1925 1201 2153 1256 descen-

542 1296 678 1352 dere
709 1296 942 1360 dicatur,
974 1312 1098 1352 cum
1129 1295 1197 1352 ad
1227 1297 1508 1354 ccelestem
1553 1296 1941 1351 habitationem
1973 1293 2151 1365 quoti-

543 1385 636 1442 die
660 1388 1011 1454 conscendat,
1044 1389 1097 1444 in
1129 1404 1236 1458 qua
1268 1387 1386 1445 sine
1416 1389 1522 1444 line
1561 1402 1916 1460 permansura
1965 1387 2144 1443 credi-

545 1490 657 1534 tur.
705 1480 1030 1536 Sanctorum
1075 1494 1228 1537 actus
1268 1493 1429 1554 atque
1458 1483 1653 1538 merita
1679 1481 1933 1554 quamdiu
1965 1493 2150 1536 mente

541 1581 964 1642 pertractatnus,
996 1589 1213 1645 semper
1239 1585 1508 1646 augentur
1532 1574 1584 1630 in
1615 1575 1872 1630 cordibus
1903 1574 2106 1628 nostris
2132 1591 2146 1638 ;

543 1672 600 1718 et
637 1674 840 1734 quanto
870 1664 992 1734 plus
1021 1679 1084 1720 ea
1115 1665 1560 1733 consideramus,
1603 1674 1750 1720 tanto
1789 1665 2021 1736 amplius
2059 1680 2150 1720 eo-

546 1773 669 1812 rum
721 1757 1125 1828 magniﬂceatia
1173 1759 1329 1815 nobis
1377 1760 1667 1815 elevatur:
1699 1769 1751 1814 at
1797 1775 1920 1815 cum
1962 1760 2151 1816 oculos

2255 541 2401 612 quod
2429 542 2716 612 templum,
2749 539 2894 610 quod
2921 539 2970 595 ei
2996 539 3437 594 demonstratum
3464 548 3542 593 est
3564 578 3578 600 ,
3607 548 3705 592 tres
3727 555 3811 608 por-

2258 641 2340 688 tas
2380 633 2670 700 habuerit,
2718 633 3039 688 orientalem
3092 631 3379 696 videlicet,
3425 630 3737 696 australem,
3771 641 3812 686 et

2255 726 2653 796 aquilonarent.
2691 725 3058 796 Przeeipitque
3103 726 3248 780 Deus
3293 733 3350 779 ut
3388 733 3546 796 porta
3580 723 3812 781 orientalis

2255 818 2440 874 clausa
2472 835 2690 890 semper
2722 830 3005 886 maneret,
3050 817 3301 890 Principe
3343 817 3708 873 tantummodo
3739 834 3810 889 per

2257 931 2374 970 eam
2405 916 2640 970 intrante
2663 923 2716 970 et
2731 925 2987 971 exeunte.
3004 913 3109 971 Per
3127 922 3343 985 portam
3362 911 3670 969 orientalem
3691 911 3812 968 beata

2257 1017 2314 1063 et
2350 1007 2585 1078 gloriosa
2618 1007 2770 1078 virgo
2811 1006 2978 1062 Maria
3024 1008 3308 1078 ﬁguratur,
3355 1020 3479 1076 qua
3510 1004 3686 1059 clausa
3720 1015 3812 1062 ante

2255 1106 2563 1177 ingressum
2594 1105 2894 1176 Principis,
2932 1105 2984 1159 id
3017 1115 3139 1171 est,
3175 1103 3416 1169 Christi,
3447 1116 3657 1172 semper
3677 1103 3811 1157 estti-

2258 1199 2322 1253 tit
2354 1216 2367 1252 τ
2396 1206 2452 1253 et
2485 1207 2607 1268 post
2635 1211 2926 1267 egressum
2958 1197 3076 1266 ejus
3096 1197 3278 1252 clausa
3308 1196 3362 1251 iu
3388 1210 3565 1250 aevum
3609 1209 3811 1265 perma-

2256 1292 2346 1347 sit.
2375 1291 2531 1345 Porta
2561 1301 2741 1346 autem
2766 1289 3025 1346 australis
3053 1300 3211 1346 vetus
3237 1289 3674 1354 Testamentum,
3697 1299 3812 1357 porta

2262 1398 2394 1440 vero
2415 1385 2752 1454 aquilonaris
2783 1399 2983 1438 novum
3010 1383 3286 1454 designat.
3314 1381 3380 1436 iii
3405 1395 3535 1437 vero
3557 1380 3648 1446 qui
3670 1383 3727 1434 ab
3747 1397 3813 1436 aa-

2257 1479 2416 1535 strali
2456 1488 2608 1550 parte
2640 1479 2829 1536 venire
2867 1478 3146 1543 dicuntur,
3179 1477 3440 1533 budaeus:
3477 1477 3569 1548 qui
3595 1477 3814 1532 autemah

2257 1571 2581 1644 aquilonari,
2608 1582 2799 1643 gentes
2824 1572 3133 1643 designant.
3162 1571 3337 1628 Judrei
3363 1572 3548 1640 itaque
3569 1570 3658 1639 qui
3675 1571 3812 1641 cogni-

2257 1665 2464 1720 tionem
2502 1666 2594 1720 Dei
2629 1665 2901 1721 habebant
2925 1707 2939 1730 ,
2973 1675 3026 1720 et
3054 1663 3254 1735 quibus
3301 1664 3411 1720 Lex
3453 1664 3579 1720 data
3617 1662 3760 1720 fuerat
3793 1680 3813 1717 a

2257 1769 2412 1828 parte
2443 1758 2597 1825 solis,
2633 1758 2687 1814 id
2716 1767 2802 1814 est
2821 1800 2835 1826 ,
2864 1758 2934 1814 ab
2963 1759 3189 1814 australi
3218 1768 3395 1829 parte,
3432 1760 3487 1814 in
3507 1775 3612 1830 qua
3637 1760 3707 1814 sol
3733 1775 3814 1812 an-

546 1849 746 1904 mentis
777 1860 978 1905 nostra:
1029 1851 1095 1905 ad
1138 1851 1562 1922 magnitudinem
1611 1851 1713 1908 Dei
1760 1851 2152 1920 omnipotentis
2184 1855 2232 1918 B
2261 1853 2404 1924 plius
2433 1851 2645 1919 fervet;
2694 1869 2802 1908 non
2845 1855 3300 1910 inconvenienter
3327 1854 3395 1910 ad
3430 1854 3714 1910 Ecclesia
3744 1871 3811 1910 rc-

547 1942 1007 1998 considerandam
1071 1945 1414 2010 attollimus,
1467 1945 1786 2016 magnitudo
1841 1955 2156 2001 sanctorum

548 2037 906 2109 magnitudini
939 2039 1032 2095 Dei
1065 2051 1404 2112 comparata,
1436 2042 1591 2096 valde
1617 2041 1775 2096 nobis
1817 2040 2154 2097 bumiliatur.

549 2131 875 2186 Ascendunt
904 2130 1067 2201 igitur
1106 2131 1266 2188 nobis
1292 2133 1468 2189 sancti
1497 2175 1511 2199 ,
1541 2147 1665 2189 cum
1696 2147 1885 2189 eorum
1927 2142 2082 2190 actus
2104 2144 2160 2190 et

548 2223 744 2278 merita
796 2222 1260 2281 consideramus:
1313 2225 1654 2281 descendunt
1709 2239 1864 2292 vero,
1917 2241 2038 2282 cum
2091 2227 2159 2282 ad

550 2315 1002 2373 considerandam
1065 2316 1158 2374 Dei
1210 2319 1662 2390 omnipotentiam
1713 2320 1904 2376 oculos
1963 2321 2162 2378 mentis

548 2415 756 2464 nostra:
821 2409 1147 2468 attollimus.
1195 2411 1406 2468 Dicitur
1451 2427 1667 2484 quoque
1710 2413 2014 2470 claritatem
2069 2413 2160 2468 Del

552 2503 833 2561 habuisse.
896 2505 1146 2561 llahebat
1198 2505 1448 2578 profecto
1499 2507 1800 2563 claritatem
1857 2507 1986 2574 Dei,
2054 2521 2161 2562 non

555 2616 734 2656 suam.
763 2600 922 2672 Stepe
950 2601 1153 2657 etenim
1179 2601 1260 2656 sol
1294 2603 1346 2658 in
1374 2616 1512 2675 aqua
1539 2602 1770 2674 fulgens,
1804 2616 1957 2658 suam
1997 2602 2158 2657 clari-

556 2705 722 2750 tatem
753 2710 906 2766 aqua:
939 2696 1202 2766 largitur;
1233 2696 1305 2750 ita
1336 2703 1393 2751 ut
1425 2709 1564 2767 aqua
1596 2695 1784 2752 oculos
1834 2694 2161 2751 intuentium

555 2786 895 2854 reverberet,
924 2787 1081 2842 sicuti
1109 2798 1160 2843 et
1189 2787 1271 2842 sol
1295 2807 1309 2843 :
1335 2787 1797 2858 quemadmodum
1827 2788 1994 2860 igitur
2023 2804 2162 2859 aqua

559 2882 861 2938 claritatem
889 2883 1020 2938 solis
1050 2881 1230 2948 habet,
1268 2882 1363 2937 sed
1395 2897 1499 2937 non
1523 2897 1551 2936 a
1582 2897 1642 2938 se
1667 2881 1806 2952 ipsa,
1835 2881 1931 2937 sed
1957 2897 1985 2936 a
2015 2881 2162 2936 sole:

560 2975 632 3030 ita
664 2985 719 3032 et
746 2975 921 3032 sancti
947 2974 1151 3032 habent
1187 2977 1483 3032 claritatem
1525 2975 1642 3043 Dei,
1678 2975 1773 3033 sed
1812 2991 1917 3031 non
1945 2990 1972 3030 a
2002 2991 2060 3031 se
2088 2977 2168 3046 ip-

565 3072 674 3134 sis;
705 3072 800 3126 sed
824 3084 851 3124 a
887 3071 1018 3135 Deo,
1049 3085 1076 3123 a
1119 3088 1224 3141 qun
1258 3073 1652 3127 illuminantur.

639 3160 836 3218 Lumen
867 3165 979 3236 ejus
1000 3163 1162 3218 simile
1187 3164 1351 3237 lapidi
1377 3167 1623 3236 pretioso,
1644 3175 1668 3202 η
1694 3175 1950 3238 tamquam
1975 3166 2168 3236 lapidis

2264 1946 2381 2000 nire
2409 1945 2688 2001 dicuntur.
2711 1944 2816 2002 Per
2837 1956 3052 2016 portam
3082 1947 3383 2002 australem
3410 1946 3813 2018 ingrediebantur,

2263 2039 2385 2108 quia
2416 2048 2813 2108 cognoscentes
2838 2039 2892 2094 in
2920 2039 3092 2095 veteri
3121 2039 3482 2096 Testamento
3505 2040 3813 2111 multipliciter

2263 2131 2540 2187 Christum
2570 2147 2695 2188 esse
2724 2131 3132 2203 prophetatum,
3156 2132 3506 2202 diversisque
3538 2131 3702 2187 modis
3720 2146 3814 2200 pra-

2268 2227 2588 2298 liguratum,
2622 2241 2721 2283 eos
2751 2226 2819 2282 ad
2854 2226 3016 2283 iidem
3063 2226 3272 2282 Christi
3324 2225 3716 2298 suscipiendam
3736 2241 3812 2281 sua

2225 2323 2239 2329 ’
2265 2319 2554 2390 scriptum
2582 2321 2996 2391 pertraltebant.
3028 2320 3278 2377 Gentiles
3331 2336 3464 2376 vero
3512 2321 3811 2376 idololatria

2267 2411 2610 2480 deserentes,
2643 2413 2833 2484 illique
2859 2413 3338 2481 abrenuntiantes,
3361 2415 3456 2486 qui
3481 2414 3643 2469 dixit:
3668 2413 3814 2468 Saleio

2266 2505 2322 2559 in
2372 2513 2544 2560 monte
2589 2504 2901 2560 Téstamenti
2941 2507 2995 2559 in
3035 2505 3281 2562 lateribus
3325 2506 3592 2577 aquilonia
3630 2522 3810 2560 τακτι-

2269 2598 2390 2651 dam
2416 2613 2572 2670 super
2598 2598 2928 2655 altitudinem
2968 2600 3212 2667 nubium,
3247 2600 3441 2656 similia
3479 2615 3567 2654 ero
3608 2600 3813 2654 Altinius

2275 2692 2438 2761 (Emi
2467 2707 2576 2757 stv,
2609 2691 2738 2764 15);
2774 2709 2880 2749 non
2925 2695 3223 2766 incongrue
3262 2693 3333 2748 ab
3372 2694 3670 2765 aquilonan'
3700 2704 3811 2762 parte

2269 2785 2459 2839 venire
2487 2786 2763 2841 dicuntur.
2799 2786 2900 2840 Per
2941 2796 3156 2856 portam
3188 2787 3568 2857 aquilonarem
3607 2785 3812 2856 ingredie-

2273 2881 2506 2946 bantur;
2537 2882 2663 2950 quia
2686 2881 2994 2936 doctrinam
3036 2879 3323 2952 Evangelii
3361 2880 3664 2946 audientes,
3691 2881 3812 2933 virtu-

2273 2983 2353 3028 tes
2380 2975 2546 3028 etiam
2586 2988 2706 3043 qua:
2741 2988 2840 3043 per
2863 2972 3142 3030 Christum
3170 2983 3226 3027 et
3256 2975 3542 3028 ministros
3570 2974 3679 3040 eius
3701 2970 3810 3026 facta

2269 3075 2396 3119 sunt
2417 3064 2774 3132 admirantes,
2799 3064 2865 3119 ad
2895 3065 3054 3120 Iidem
3085 3065 3288 3119 Christi
3317 3065 3708 3134 suscipiendam
3725 3078 3813 3118 ctu-

2274 3158 2485 3214 rebant.
2517 3158 2858 3230 Praeceptum
2892 3169 2978 3214 est
3009 3160 3176 3215 etiam
3195 3200 3211 3224 ,
3241 3169 3299 3214 ut
3328 3174 3429 3228 per
3458 3161 3559 3214 iter
3585 3172 3680 3229 quo
3708 3171 3813 3228 qus-

564 3258 811 3328 iaspidis,
831 3259 998 3312 simile
1013 3259 1275 3330 crystallo.
1295 3258 1435 3316 Ecce
1455 3271 1568 3316 tres
1585 3260 1796 3334 lapides
1817 3263 2020 3331 posuit,
2037 3276 2162 3332 quo-

2275 3265 2380 3324 que
2427 3252 2764 3322 intraverat,
2805 3270 2914 3310 non
2965 3254 3374 3325 regrederetur,
3428 3254 3525 3309 sed
3574 3269 3604 3309 e
3645 3254 3814 3323 reginae

571 3367 690 3404 lum
734 3350 920 3405 lumini
953 3353 1132 3406 lumen
1168 3352 1424 3408 Ecclesire
1467 3353 1830 3408 assitnilavit:
1860 3368 2026 3409 unum
2052 3355 2172 3411 sine

574 3446 816 3511 nomine,
844 3443 981 3500 duos
1005 3459 1134 3501 vero
1165 3445 1483 3520 nominatim
1513 3448 1848 3518 eitprimcns.
1873 3447 2172 3504 Possumus

573 3544 752 3610 itaque
785 3555 880 3608 per
919 3538 1149 3607 lapidem
1195 3543 1489 3611 pretiosum
1525 3541 1759 3605 Patrem,
1788 3540 2170 3611 perjaspidem

576 3631 794 3698 Filium,
823 3647 916 3702 per
943 3633 1258 3704 crystallum
1282 3633 1542 3703 Spiritum
1569 3642 1816 3690 sanctum
1842 3635 2169 3707 intelligere.

570 3726 786 3780 Primus
812 3723 928 3781 sine
961 3728 1181 3783 nomine
1206 3736 1285 3783 est
1311 3745 1325 3794 ;
1360 3727 1485 3799 quia
1514 3727 1676 3783 Pater
1718 3744 1746 3784 a
1793 3743 1852 3784 se
1897 3729 2016 3799 ipso
2047 3739 2169 3786 est:

569 3817 843 3875 secundus
889 3827 944 3874 et
975 3821 1168 3876 tertius
1215 3821 1534 3876 nominatim
1583 3822 2002 3893 exprimuntur;
2049 3824 2174 3894 quia

573 3911 741 3967 Filius
768 3928 797 3967 a
827 3910 987 3968 Patre
1013 3922 1092 3968 est
1114 3955 1129 3978 ,
1178 3912 1414 3983 Spiritus
1447 3929 1574 3969 vero
1600 3925 1822 3970 sanctus
1849 3915 1918 3970 ab
1947 3925 2176 3987 utroque

568 4006 839 4078 procedit.
892 4005 1186 4064 Possumus
1235 4009 1398 4063 etiam
1452 4021 1548 4080 per
1593 4009 1828 4080 lapidem
1877 4010 2174 4080 pretiosum

569 4117 746 4174 spem,
777 4119 873 4174 per
895 4101 1160 4173 jaspidem
1191 4100 1373 4167 iidem,
1408 4117 1506 4173 per
1536 4103 1858 4174 crystallum
1890 4117 2020 4158 vero
2048 4104 2176 4158 cha-

572 4199 789 4254 ritatem
818 4197 1142 4269 intelligere.
1175 4197 1282 4254 Sed
1313 4207 1490 4269 potest
1519 4198 1714 4270 aliquis
1743 4199 1928 4256 dicere
1963 4199 2090 4270 qttia
2123 4198 2175 4255 in

573 4292 665 4347 illa
713 4293 822 4347 vita
874 4291 1197 4348 necessaria:
1231 4308 1336 4347 non
1384 4301 1548 4350 erunt
1577 4293 1709 4351 lides
1738 4305 1793 4351 et
1839 4309 1987 4366 spes.
2024 4294 2176 4361 Quod

571 4386 709 4440 enim
731 4384 864 4440 videt
888 4387 1023 4456 quis,
1049 4386 1172 4457 quid
1199 4397 1374 4457 sperat
1401 4385 1590 4461 (Rom.
1620 4403 1730 4456 \‘lll,
1757 4388 1904 4460 Si)?
1927 4387 2010 4443 Ad
2032 4387 2176 4457 quod

576 4479 968 4551 respondemus
995 4478 1119 4551 quia
1148 4481 1290 4535 sicut
1315 4481 1505 4547 vestis,
1533 4497 1655 4553 qum
1683 4497 1750 4538 ex
1799 4479 1976 4553 aliqua
2007 4489 2178 4538 mate-

574 4573 654 4629 ria
683 4571 927 4644 tingitur,
958 4581 1078 4644 post
1109 4573 1422 4630 tinctioncm
1454 4574 1677 4631 materia
1697 4575 1906 4644 abiecta
1935 4574 2175 4631 colorem

2274 3349 2392 3419 ejus
2418 3348 2804 3420 egrederetur;
2840 3349 3088 3406 videlicet
3123 3363 3179 3405 ut
3211 3351 3303 3420 qui
3346 3349 3814 3422 ingrediebath

2276 3452 2489 3512 portam
2521 3442 2896 3509 meridianam,
2918 3446 3274 3516 egrederetur
3297 3460 3396 3514 per
3427 3454 3630 3516 portatu
3651 3453 3812 3512 sejun-

2275 3537 2565 3593 trionalem
2593 3558 2603 3590 :
2635 3549 2690 3593 et
2712 3541 2803 3610 qui
2844 3538 3254 3610 ingrediebatur
3284 3555 3383 3610 per
3415 3547 3618 3610 portam
3653 3549 3814 3609 septea-

2276 3631 2588 3698 trionalem,
2619 3633 2971 3703 egrederetur
3000 3649 3095 3704 per
3122 3644 3338 3705 portam
3372 3635 3726 3690 meridianam.
3748 3632 3814 3687 Ja-

2277 3723 2380 3780 daei
2407 3739 2547 3796 quos
2587 3726 2951 3798 intelligentia
2991 3729 3194 3782 veteris
3231 3727 3571 3783 Testamenti
3605 3727 3666 3783 ad
3700 3727 3812 3781 idem

2280 3815 2479 3874 Christi
2505 3817 2908 3890 suscipiendam
2951 3819 3316 3890 perducebat,
3353 3837 3466 3876 non
3495 3820 3814 3877 debebantre

2278 3911 2417 3967 verti
2449 3926 2512 3968 ea
2540 3921 2727 3982 parte,
2758 3927 2866 3982 qua
2890 3923 3195 3979 venerant,
3225 3913 3442 3969 scilicet
3461 3925 3520 3970 nt
3546 3911 3814 3969 observatio-

2277 4020 2379 4062 nes
2419 4006 2625 4077 legales
2663 4007 2957 4062 carnaliter
2984 4007 3279 4079 implerent
3307 4024 3323 4063 :
3351 4009 3451 4063 sed
3478 4007 3660 4080 egredi
3684 4009 3814 4078 potius

2279 4113 2379 4169 per
2404 4107 2614 4170 portam
2646 4099 3039 4170 aquilonarem,
3071 4099 3141 4156 ad
3168 4099 3459 4172 Evangelii
3482 4100 3711 4156 videlicet
3728 4099 3816 4151 doc-

2281 4195 2480 4250 trinam
2511 4195 2878 4268 meditandam
2906 4205 2961 4252 et
2983 4195 3435 4267 pcrscrutandam
3461 4210 3520 4251 se
3543 4193 3813 4251 transferre:

2281 4301 2339 4346 ut
2363 4287 2640 4346 discerent
2674 4291 2997 4362 spiritaliter
3029 4291 3260 4361 implere
3281 4333 3298 4359 ,
3326 4291 3474 4362 quod
3498 4300 3652 4346 antea
3676 4301 3816 4343 carna-

2277 4384 2401 4441 liter
2426 4385 2606 4442 facere
2635 4386 2970 4457 satagebant.
3003 4386 3248 4442 Gentiles
3269 4401 3403 4442 vero
3426 4387 3516 4457 qui
3545 4401 3636 4457 per
3663 4394 3816 4454 porum
3900 4385 3901 4457 ἦ

2277 4479 2657 4551 ‘aquilonarem
2692 4479 3160 4551 ingrediebantur,
3196 4480 3247 4535 id
3291 4488 3415 4548 est,
3443 4481 3534 4552 qui
3560 4495 3649 4549 per
3673 4477 3818 4532 docui-

2282 4588 2406 4629 nam
2439 4571 2716 4643 Evangelii
2765 4571 2866 4628 lilii
2907 4571 3170 4628 Ecclesiae
3209 4571 3605 4638 efﬁciebantur,
3635 4584 3728 4624 non
3758 4565 3818 4619 de-

575 4664 1006 4737 pulcherrimum
1035 4665 1086 4720 in
1136 4683 1196 4723 se
1227 4667 1456 4733 retinet;
1491 4668 1561 4722 ita
1597 4676 1653 4722 et
1682 4668 1735 4723 in
1771 4667 1862 4722 illa
1890 4668 2003 4722 vita
2035 4666 2170 4732 ﬁde,
2201 4658 2255 4719 D
2281 4665 2480 4724 hebant
2509 4667 2708 4722 reverti
2740 4682 2803 4722 ea
2835 4675 3008 4738 parte,
3051 4680 3154 4737 qua
3201 4676 3507 4732 venerant;
3537 4665 3758 4720 videlicet
3784 4670 3818 4711 ut

574 4775 708 4833 spe,
744 4757 1078 4826 humilitate,
1127 4758 1488 4827 abstinentia,
1526 4762 1856 4832 ueterisque
1887 4759 2177 4817 virtutibus
2279 4759 2346 4815 ad
2386 4773 2600 4815 errores
2637 4757 3092 4831 philosophorum
3142 4758 3575 4832 perscrutandos
3621 4754 3818 4826 regrede-

573 4853 777 4923 absque
803 4849 1071 4906 charitate
1102 4851 1262 4907 linem
1292 4853 1703 4925 accipientibus,
1731 4854 1994 4925 splendor
2014 4870 2174 4925 quem
2281 4862 2509 4909 rentur:
2541 4852 2638 4909 sed
2690 4853 2874 4923 potius
2913 4859 3033 4923 post
3080 4850 3495 4921 susceptionem
3543 4850 3661 4906 tidei
3702 4861 3818 4917 atque

573 4963 642 5004 ex
665 4946 986 5018 operatione
1012 4943 1225 5000 illarum
1254 4947 1428 5002 sancti
1446 4947 1815 5017 acquisierunt
1834 4991 1850 5014 ,
1879 4948 1930 5001 in
1957 4950 2036 5003 eis
2057 4947 2179 5003 sine
2279 4943 2542 5000 doctrina:
2567 4943 2906 5016 evangelica:
2933 4943 3000 4999 ad
3033 4951 3250 5014 portam
3281 4944 3658 5009 meridianam,
3685 4942 3728 4996 id
3749 4951 3814 5001 est.

573 5038 685 5096 ﬁne
713 5037 1075 5110 permanebit.

643 5131 961 5204 (Vers.12.)
983 5129 1049 5186 Et
1069 5129 1286 5186 habebat
1309 5145 1510 5186 murum
1534 5148 1776 5206 magnum
1793 5145 1841 5189 et
1859 5134 2042 5189 altum.
2067 5133 2174 5191 Iste

567 5235 656 5284 est
681 5244 896 5295 murus,
941 5227 1008 5283 de
1031 5225 1598 5299 quojdicitjproplteta
1632 5248 1644 5284 :
1684 5228 1822 5285 Urbs
1851 5230 2174 5303 fortitudinis

572 5331 763 5374 nostra:
793 5321 953 5388 Sion,
984 5315 1230 5376 Salvator
1274 5329 1490 5390 ponetur
1514 5319 1568 5375 in
1593 5337 1654 5377 ea
1693 5338 1901 5389 murus,
1935 5333 1983 5379 et
2024 5334 2172 5382 ante-

572 5413 775 5468 murale
796 5413 965 5486 (Eaai.
997 5430 1144 5478 xxvr,
1179 5413 1254 5484 l).
1280 5412 1385 5470 Per
1412 5414 1556 5471 hunc
1585 5414 1747 5487 igitur
1773 5430 1985 5472 murum
2012 5417 2168 5475 Citri-

567 5510 684 5556 stus
709 5519 830 5557 cutn
855 5506 1110 5561 omnibus
1128 5507 1388 5563 membris
1410 5508 1523 5564 suis
1547 5507 1894 5581 designatur;
1910 5509 1983 5590 ita
1997 5519 2054 5566 ut
2073 5526 2170 5582 per

570 5592 720 5648 illum
761 5593 1162 5653 fundamentum
1183 5641 1198 5665 ,
1244 5614 1340 5669 per
1378 5600 1646 5672 reliquam
1676 5615 1806 5657 vero
1834 5612 2165 5661 Structuram

575 5685 692 5754 ejus
724 5685 964 5742 membra
995 5688 1312 5759 ﬁgurentur.
1345 5691 1632 5748 [labentem
1667 5705 1843 5766 portas
1869 5695 2162 5753 duodecim.

651 5833 677 5862 σι
699 5822 777 5878 Ita
807 5823 1122 5904 mss.;“edit.
1165 5841 1327 5894 vero,
1367 5839 1416 5904 et
1441 5838 1700 5904 tamquam
1721 5831 1886 5904 lapidi
1903 5832 2164 5904 jaspidis,

586 5905 733 5971 atque
773 5894 1095 5978 crystalli....
1127 5911 1341 5975 quorum
1372 5898 1537 5958 lumen
1559 5894 1821 5964 Ecclesia:
1850 5894 2170 5974 at'tiniilarit'.

2279 5039 2346 5094 ad
2375 5037 2680 5094 doctrinam
2717 5037 2918 5093 veteris
2954 5035 3300 5092 Testamenti
3350 5035 3819 5108 perscrutandautse

2283 5129 2611 5197 transferre;
2642 5139 2699 5184 ut
2724 5144 2846 5185 cum
2879 5128 3192 5184 invenirent
3216 5128 3269 5183 in
3291 5142 3362 5184 eo
3387 5129 3656 5185 Christum
3684 5122 3820 5180 multis

2282 5225 2458 5284 modis
2475 5237 2596 5281 esse
2615 5224 2954 5296 prmdictum,
2977 5222 3334 5280 roboraretttr
3350 5224 3403 5279 in
3419 5224 3500 5280 eis
3514 5215 3830 5278 lidesChrisu;

2281 5321 2383 5378 Per
2406 5327 2593 5393 portas
2614 5329 2795 5377 autem
2818 5319 3128 5387 duodecim,
3154 5334 3291 5391 quas
3321 5317 3652 5376 Hierusalem
3675 5315 3820 5370 habere

2273 5416 2496 5484 dicitur,
2525 5415 2815 5474 duodecim
2855 5414 3126 5488 apostoli,
3153 5430 3464 5487 eorumque
3500 5414 3727 5470 doctrina
3755 5407 3817 5459 de
3895 5417 3897 5488 Ι

2273 5511 2541 5582 signatur.

2344 5603 2371 5643 ι)
2396 5603 2463 5659 Et
2488 5604 2541 5659 in
2569 5603 2734 5677 portis
2753 5605 2966 5677 angelos
2993 5604 3102 5659 vidi
3128 5603 3428 5659 duodecim.
3451 5599 3634 5673 Angcli
3662 5593 3815 5653 duode-

2270 5701 2376 5758 cim
2405 5708 2635 5757 cteteros
2663 5700 3069 5772 praedicatores,
3099 5699 3267 5774 580
3305 5698 3562 5755 videlicet
3597 5691 3813 5768 apostoitr

2343 5834 2538 5908 5715153.,
2557 5836 2777 5908 angulos
2798 5834 2903 5891 vidi
2924 5835 3221 5908 duodecim,
3241 5832 3426 5906 anguli
3442 5829 3807 5892 duodecim,elc.;

2282 5907 2376 5970 sed
2409 5911 2610 5972 melius
2627 5906 2769 5967 edit.
2803 5908 3012 5988 angelos
3036 5906 3179 5998 vidi,
3210 5915 3320 5970 etc.
