3950 6314
139 281 251 340 949

868 277 935 336 IN
975 277 1451 339 APOCALYPSIN
1491 276 1881 339 EXPOSITIO.
1923 280 2013 338 DE
2058 282 2326 341 VISIONE
2363 284 2688 343 SEPTIMA.

3343 290 3449 348 950

130 412 256 454 rum
286 411 570 470 sequaces,
601 396 904 468 designant.
928 397 1029 466 Qui
1063 399 1116 452 in
1150 399 1323 469 portis
1352 397 1520 456 fuisse
1545 399 1732 456 dicun-
1760 401 1811 460 Α
1841 401 2113 470 pretiosos,
2138 404 2299 474 ligna,
2327 405 2529 474 fcitum,
2555 408 2845 478 stipulam;
2870 407 3278 482 uniuscujusque
3316 426 3447 482 apus

134 500 260 556 tur;
291 493 421 560 quia
450 491 609 548 ﬁdem
641 492 1010 562 apostolorum
1044 491 1422 547 inconcussam
1450 502 1694 549 tenentes
1720 535 1733 558 ,

132 599 444 657 eorumque
470 584 768 642 doctrinam
808 593 1121 656 sequentes,
1150 599 1520 656 quoscumque
1547 597 1736 656 potue.

131 685 267 733 runt
287 720 303 746 ,
327 677 396 733 ad
423 677 581 732 ﬁdem
604 676 802 733 Christi
833 676 1052 733 trahere
1072 677 1421 734 studuerunt.
1446 677 1512 733 Et
1529 678 1736 733 nomina

129 771 337 841 scripta
358 770 625 826 duodecim
645 771 871 826 tribuum
895 772 1121 841 ﬁliorum
1154 770 1346 827 Israel.
1380 771 1484 827 Per
1515 773 1735 828 nomina

131 865 428 922 duodecim
460 867 697 922 tribuum
731 876 914 937 patres
952 869 1155 924 veteris
1184 868 1517 925 Testamenti
1551 883 1738 940 possu-

129 973 259 1014 mus
279 959 549 1029 aceipece,
578 960 666 1030 qui
691 974 722 1014 a
745 959 850 1014 ﬁde
875 971 1080 1016 sanctae
1103 960 1390 1016 Trinitatis
1416 976 1522 1016 non
1555 960 1735 1016 devia-

129 1060 333 1106 verunt
359 1069 372 1105 :
403 1066 688 1122 possumus
714 1053 875 1106 etiam
905 1060 964 1123 et
990 1067 1085 1123 per
1110 1052 1301 1109 eadem
1332 1053 1551 1108 nomina
1579 1060 1736 1107 vetns

128 1121 542 1200 Testamentum
568 1121 1158 1215 intelligerefNomina
1186 1146 1472 1202 duodecim
1498 1148 1734 1202 tribuum

128 1240 188 1296 iu
225 1240 396 1310 portis
425 1242 626 1312 scripta
658 1250 850 1309 erant;
892 1242 1016 1311 quia
1055 1241 1308 1297 doctrina
1362 1242 1733 1312 apostolorum

125 1342 568 1405 caeterorumque
595 1335 1013 1403 praedicatorum
1044 1336 1200 1406 plena
1233 1335 1609 1405 estexemplis
1638 1349 1733 1390 ve-

129 1428 268 1485 teris
304 1427 662 1484 Testamenti.

205 1519 400 1592 (νει-ε.
441 1519 554 1590 15.)
598 1522 674 1576 Ab
708 1521 906 1575 oriente
946 1529 1110 1592 portat
1135 1528 1238 1574 tres
1263 1560 1278 1586 ,
1305 1527 1354 1573 et
1383 1517 1447 1572 ab
1493 1517 1737 1586 aquilam:

126 1623 298 1686 porttz
327 1623 451 1678 tres,
485 1623 533 1668 et
562 1614 624 1668 ab
646 1623 824 1668 austro
846 1622 1014 1686 porta:
1043 1621 1144 1667 tres
1164 1629 1182 1667 :
1203 1621 1253 1666 et
1277 1612 1340 1666 ab
1359 1625 1547 1665 occasu
1575 1619 1736 1678 parite

127 1719 257 1764 tres.
285 1707 532 1777 Quatuor
561 1709 746 1780 plagas
789 1707 974 1763 mundi
1023 1708 1232 1778 posuit,
1264 1716 1324 1763 ut
1363 1705 1564 1762 indicet
1595 1720 1734 1777 pene

1838 494 1991 565 quale
2017 495 2103 561 sit,
2123 497 2259 566 ignis
2286 499 2522 567 probabit
2546 501 2599 572 (l
2625 500 2742 554 Cor.
2779 517 2860 566 ιιι,
2894 499 3002 573 ίῖ).
3026 501 3130 558 Sex
3148 500 3236 559 hic
3263 507 3448 575 posuit

1838 589 2080 657 species,
2111 597 2221 644 tres
2252 593 2528 661 speciosus
2548 634 2563 661 ,
2589 604 2643 649 et
2675 603 2788 649 tres
2819 596 2980 651 viles.
3012 595 3170 666 Smpe
3218 614 3313 667 per
3339 615 3440 655 au-

1839 696 1958 735 rum
1989 680 2254 751 sapientia
2282 683 2617 756 designatur.
2663 689 2866 744 Aurum
2899 705 3064 759 supra
3113 691 3441 750 fundamen-

1841 781 1952 828 tum
1983 774 2181 830 (Zhristi
2206 775 2472 844 aediﬁcat,
2498 779 2588 848 qui
2614 781 2939 852 sapientiam
2964 798 3070 852 qua
3095 785 3224 840 vitia
3255 796 3445 844 conte-

1840 881 1957 935 rat,
1989 878 2045 924 et
2074 870 2312 926 virtutes
2343 874 2584 941 nutriat,
2613 875 2665 928 in
2697 877 2866 932 corde
2893 893 2995 933 suo
3023 881 3442 950 rec0t:dit,'imi-

1840 969 1961 1018 tans
1987 962 2329 1019 Psalmistam
2351 1004 2366 1030 ,
2416 964 2509 1036 qui
2549 965 2690 1023 dixit
2719 986 2731 1022 :
2763 967 2829 1024 In
2860 971 3015 1026 corde
3057 989 3170 1028 meo
3197 975 3442 1031 abscondi

1838 1055 2045 1126 eloquia
2073 1064 2183 1124 tua,
2214 1065 2395 1111 utnon
2425 1073 2626 1126 peccem
2649 1061 2740 1114 tibi
2766 1060 2941 1132 (Psal.
2967 1079 3154 1131 cxvm,
3190 1067 3304 1137 Η).
3335 1069 3439 1125 Per

1837 1159 2126 1220 argentum
2160 1166 2290 1207 vero
2319 1166 2504 1208 sermo
2536 1153 2942 1223 praedicationis
2964 1161 3294 1231 exprimitur
3324 1181 3336 1215 :
3371 1163 3440 1219 de

1840 1257 1947 1313 quo
1995 1243 2136 1299 idem
2186 1245 2480 1302 Psalmista
2511 1234 2939 1320 dicitzEloquia
2991 1251 3203 1308 Domini
3234 1255 3438 1326 eloquia

1839 1345 2010 1404 casta,
2043 1347 2314 1408 argentum
2342 1339 2460 1411 igne
2500 1339 2852 1394 examinatum
2877 1341 3065 1413 (Psal.
3101 1361 3176 1412 tu,
3220 1345 3313 1417 7).
3341 1348 3444 1403 Ar-

1837 1437 2059 1498 gentum
2087 1444 2250 1500 supra
2281 1430 2690 1513 fundamentum
2715 1431 2919 1488 Christi
2948 1437 3202 1507 aediﬁcat,
3231 1441 3322 1511 qui
3347 1443 3445 1497 ho-

1841 1537 1966 1576 num
1997 1524 2139 1593 quod
2165 1523 2377 1588 didicit,
2405 1525 2543 1581 alios
2573 1525 2767 1592 docet;
2801 1535 2859 1582 ut
2888 1543 2985 1583 eos
3014 1530 3081 1584 ad
3109 1531 3245 1587 bona
3275 1548 3441 1604 opera

1838 1616 2045 1684 agenda
2078 1617 2356 1686 pertrahat
2384 1636 2396 1672 :
2430 1633 2526 1688 per
2548 1618 2758 1688 lapides
2786 1627 2968 1675 autem
3002 1622 3273 1690 pretiosos
3303 1626 3441 1682 bona

1840 1722 2006 1778 Opera
2037 1709 2418 1780 designantur.
2457 1711 2692 1783 Lapides
2738 1714 3012 1784 pretiosos
3043 1729 3206 1786 supra
3258 1717 3447 1774 funda-

129 1816 327 1857 omncs
352 1809 564 1872 gentes,
597 1817 715 1871 qua:
747 1801 892 1856 inter
919 1809 1155 1872 quatuor
1177 1799 1364 1871 plagas
1394 1798 1584 1855 mundi
1607 1813 1737 1854 con-
1764 1809 1814 1871 Β
1843 1809 2082 1857 mentum
2131 1799 2330 1858 Christi
2376 1803 2646 1871 aediﬁcat,
2681 1807 2770 1876 qui
2804 1806 3006 1861 bonum
3036 1799 3192 1878 'quod
3247 1810 3440 1875 docet.

124 1896 398 1962 tinentur,
445 1893 513 1948 ad
563 1894 867 1950 Ecclesiam
917 1895 1266 1950 convenisse.
1314 1890 1517 1948 Contra
1545 1907 1737 1948 unam-

121 2001 405 2060 quamque
428 2001 557 2043 vero
586 1987 798 2058 plagam
827 1996 1011 2042 ternas
1039 1995 1226 2058 portas
1257 2001 1316 2042 se
1338 1985 1546 2042 vidisse
1574 1985 1732 2053 dixit,

124 2084 179 2138 id
213 2091 302 2140 est
321 2125 335 2150 ,
361 2081 525 2139 simul
555 2081 877 2147 duodecim;
914 2091 973 2137 ut
1001 2081 1199 2136 indicet
1228 2080 1432 2136 nullum
1467 2080 1608 2135 intra
1631 2079 1736 2136 Ec-

119 2177 350 2232 clesiam
378 2176 587 2247 ingredi
616 2179 799 2246 posse,
828 2175 933 2230 nisi
966 2189 1062 2245 per
1099 2172 1503 2229 confessionem
1532 2181 1734 2228 sanctae

124 2269 431 2324 Trinitatis.
453 2270 520 2324 Et
533 2269 658 2342 quia
678 2268 927 2324 doctrina
943 2268 1314 2339 apostolorum
1331 2267 1462 2322 nihil
1483 2275 1567 2323 est
1588 2267 1732 2322 aliud

122 2363 233 2418 nisi
267 2361 662 2434 Evangelium,
694 2373 748 2417 et
779 2362 960 2432 ipsum
1002 2359 1356 2430 Evangelium
1407 2359 1460 2413 in
1498 2368 1734 2429 quatuor

123 2457 304 2513 libros
332 2456 618 2524 dividitur,
663 2464 720 2512 et
749 2455 1179 2526 uniuscujusque
1229 2453 1352 2509 libri
1401 2453 1646 2509 doctrina
1677 2453 1732 2509 in

123 2553 237 2608 ﬁde
275 2560 481 2608 sanctae
536 2551 823 2607 Trinitatis
867 2551 1154 2616 consistit;
1202 2557 1352 2605 recte
1386 2547 1503 2604 hcc
1539 2549 1733 2604 civitas

121 2657 363 2722 quatuor
389 2648 558 2703 latera
588 2647 796 2704 habere
826 2645 1046 2712 dicitur,
1071 2653 1130 2700 et
1159 2659 1252 2714 per
1279 2643 1511 2714 singula,
1543 2649 1732 2698 ternas

123 2755 315 2813 portas
343 2757 506 2814 :que
532 2741 698 2797 simul
723 2741 946 2812 juncta,
983 2739 1117 2793 ﬁunt
1135 2738 1443 2794 duodecim.

203 2837 403 2911 (Vera.
445 2834 564 2907 M.)
596 2835 661 2890 Et
688 2851 865 2891 murus
903 2834 1127 2888 civitatis
1172 2831 1362 2886 habens
1393 2830 1729 2901 fundamenta

122 2931 426 2997 duodecim,
450 2940 499 2984 et
526 2931 580 2984 in
612 2931 736 3002 ipsis
763 2929 960 3000 scripta
987 2927 1261 2981 duodecim
1287 2926 1497 2980 nomina
1524 2934 1732 2997 aposto-

124 3027 298 3079 lorum
315 3035 364 3079 et
388 3025 539 3096 tigni.
560 3024 698 3092 Quid
719 3023 1028 3095 signiﬁcent
1044 3021 1331 3077 duodecim
1358 3021 1728 3087 fundamenta,

126 3120 249 3190 ipse
278 3118 573 3188 exposuit,
595 3132 717 3172 cum
750 3116 1028 3188 subjunxit
1057 3114 1280 3186 quodin
1306 3115 1386 3170 eis
1417 3113 1614 3185 scripta
1641 3129 1731 3170 es-

1839 1895 2094 1966 operibus
2124 1895 2330 1966 implet.
2361 1895 2499 1952 Sunt
2531 1897 2754 1968 quidam
2779 1901 2870 1969 qui
2905 1901 3070 1957 verba
3099 1902 3442 1961 exhortatio-

1841 1990 1946 2054 nis,
1969 1988 2167 2059 quibus
2192 1997 2427 2045 cteteros
2453 1989 2691 2060 perfecte
2721 1989 3032 2061 instruant,
3060 2010 3167 2050 non
3197 1996 3398 2053 habent
3427 2016 3440 2052 :

1838 2081 1934 2138 sed
1965 2096 2089 2138 cum
2110 2097 2170 2137 se
2201 2096 2297 2151 per
2326 2081 2466 2138 bona
2493 2097 2657 2152 opera
2687 2093 2970 2152 exercent,
3001 2085 3210 2156 lapides
3236 2089 3441 2157 pretio—

1837 2192 1929 2232 sos
1966 2191 2128 2246 super
2168 2175 2576 2232 fundamentum
2607 2173 2811 2232 Christi
2844 2176 3142 2234 aediﬁcant.
3177 2179 3440 2237 Similiter

1837 2278 1894 2326 et
1935 2269 2025 2340 qui
2072 2283 2234 2339 parva
2266 2267 2482 2332 sciunt,
2529 2277 2585 2324 et
2613 2283 2674 2324 ea
2708 2269 2845 2324 alios
2889 2269 3121 2339 docent,
3150 2284 3434 2343 argentum

1837 2359 2022 2432 utique
2049 2375 2210 2430 super
2237 2359 2511 2416 Christum
2561 2360 2866 2428 :ediﬁcant;
2898 2362 2943 2416 si
2978 2369 3154 2418 tamen
3181 2365 3438 2433 operibus

1836 2454 2066 2524 implent
2111 2469 2210 2520 ea,
2244 2470 2365 2524 quze
2418 2453 2634 2511 docent.
2695 2454 2848 2510 Multi
2899 2455 3052 2511 enim
3100 2457 3436 2515 intellectum

1835 2565 1996 2620 quem
2040 2559 2396 2620 acceperunt,
2447 2550 2584 2605 alios
2632 2549 2913 2616 docendo,
2945 2565 3110 2622 super
3156 2552 3433 2610 Christum

1835 2643 2106 2700 aediﬁcant
2134 2663 2146 2698 :
2181 2644 2275 2700 sed
2300 2661 2395 2714 per
2422 2646 2558 2700 mala
2588 2659 2754 2716 opera
2780 2644 3068 2702 destruunt
3096 2647 3147 2702 in
3175 2663 3257 2714 se,
3290 2651 3434 2720 quod

1834 2740 2266 2796 aediﬁcavernnt.
2303 2740 2404 2796 Per
2435 2740 2576 2812 ligna
2616 2755 2780 2808 vero,
2813 2739 3030 2811 fenum,
3061 2750 3225 2814 atque
3253 2746 3430 2814 stipu-

1833 2831 1961 2900 lam,
1988 2841 2205 2902 peccata
2239 2833 2461 2888 minima
2493 2832 2867 2904 designantur.
2899 2833 3009 2891 Sed
3035 2834 3172 2893 alius
3195 2836 3440 2894 intellec-

1837 2934 1921 2980 tus
1951 2936 2034 2981 est
2057 2968 2070 2990 ,
2103 2927 2194 2997 qui
2238 2939 2334 2981 nos
2364 2925 2432 2981 ab
2476 2925 2579 2986 hoc
2633 2941 2800 2984 sensu
2830 2926 3100 2994 excludit;
3133 2944 3239 2984 non
3288 2929 3435 2992 enim

1833 3033 1997 3088 super
2023 3019 2299 3075 Christum
2341 3029 2596 3089 peccata,
2627 3019 2722 3076 sed
2757 3019 3016 3076 virtutum
3057 3036 3232 3092 opera
3261 3022 3435 3079 aedili-

1834 3125 2044 3168 cantur.
2073 3112 2142 3169 Et
2164 3112 2382 3183 quando
2409 3128 2696 3184 peccamus
2713 3156 2728 3180 ,
2751 3115 2820 3170 ab
2841 3113 3203 3171 aediﬁcatione
3228 3131 3348 3186 quae
3377 3117 3436 3172 ﬁt

123 3219 258 3267 sent
283 3211 500 3267 nomina
533 3211 819 3267 duodecim
847 3211 1218 3280 apostolorum
1251 3219 1306 3264 et
1332 3209 1488 3280 Agni.
1521 3209 1731 3279 Repre-
1755 3207 1801 3272 C
1835 3220 2000 3277 super
2021 3205 2320 3274 Christum,
2355 3207 2665 3263 recedimus
2697 3228 2710 3263 :
2744 3218 2799 3264 et
2827 3217 3031 3279 quanto
3056 3209 3274 3279 gravius
3303 3224 3434 3279 pec—

124 3309 338 3363 ltensus
377 3321 495 3362 sum
536 3321 565 3361 a
604 3306 838 3378 quodam
862 3348 875 3372 ,
917 3319 1017 3360 cur
1055 3306 1272 3360 Petrum
1314 3303 1728 3359 fundamentum

123 3401 395 3456 Ecclesize
421 3399 686 3466 dixerim;
719 3401 770 3455 in
799 3414 866 3455 eo
891 3399 1013 3454 loco
1043 3397 1131 3453 ubi
1160 3397 1424 3452 Dominus
1451 3396 1583 3451 dit-it
1611 3414 1624 3449 :
1652 3394 1730 3449 Tu

119 3513 182 3554 es
211 3496 407 3553 Petrus
425 3535 440 3561 ,
470 3507 519 3551 et
545 3511 697 3570 super
725 3494 858 3548 hanc
899 3503 1096 3562 petram
1122 3491 1394 3562 aediﬁcabo
1440 3488 1730 3544 Ecclesium

120 3607 296 3646 meam
329 3588 558 3662 (Matth.
587 3605 676 3644 ιιι-ι
697 3630 710 3653 ,
738 3585 850 3659 18).
877 3586 934 3643 Si
967 3586 1163 3642 Petrus
1203 3584 1618 3639 fundamentum
1647 3589 1732 3637 est

123 3682 430 3750 Ecclesia,
462 3682 599 3738 sicut
635 3690 691 3736 et
721 3679 905 3736 caeteri
949 3678 1183 3749 apostoli
1205 3720 1218 3744 ,
1260 3675 1724 3749 quemadmodum

120 3792 378 3850 praesens
409 3777 568 3832 lectio
592 3783 778 3846 aperte
807 3773 1186 3838 demonstrat;
1213 3785 1343 3842 ergo
1362 3784 1526 3840 super
1553 3770 1726 3838 ipsum

122 3872 399 3927 aediﬁcata
429 3880 545 3937 est,
587 3873 728 3926 sicut
754 3877 809 3924 et
831 3882 995 3938 super
1020 3876 1248 3922 caeteros
1281 3884 1292 3920 :
1335 3866 1379 3922 si
1410 3881 1540 3922 vero
1565 3881 1731 3936 super

122 3966 352 4022 Petrum
380 3962 624 4020 Ecclesia
665 3961 934 4017 aediﬁcata
976 3976 1086 4015 non
1118 3969 1232 4026 est,
1265 3973 1398 4030 ergo
1436 3974 1535 4014 nec
1565 3973 1730 4029 super

121 4071 399 4125 caeteros;
433 4067 459 4096 ιι
488 4057 623 4112 falsa
649 4067 730 4112 est
759 4073 892 4127 ergo
931 4055 1088 4127 hujus
1117 4054 1344 4111 Joannis
1374 4071 1613 4126 praesens
1637 4069 1727 4110 as-

120 4158 319 4223 sertio,
353 4155 475 4227 quia
499 4155 632 4210 dicit
658 4152 945 4208 duodecim
977 4153 1254 4223 apostolos
1283 4151 1573 4208 duodecim
1599 4153 1726 4207 ῑιιηο

119 4253 388 4309 damenta
420 4264 540 4306 esse
570 4248 850 4305 Ecclesiae.
869 4246 982 4302 Nec
1005 4246 1222 4318 repellit
1246 4261 1345 4303 nos
1375 4262 1404 4301 a
1431 4257 1618 4302 nostro
1648 4250 1728 4301 in-

123 4347 358 4402 tellectu
404 4343 564 4411 illud,
596 4341 740 4414 quod
770 4341 1065 4412 Apostolus
1094 4340 1227 4396 dicit
1257 4358 1269 4394 :
1306 4339 1726 4396 Fundamentum

120 4442 263 4497 enim
285 4440 434 4494 aliud
461 4455 608 4493 nemo
635 4448 797 4511 potest
829 4453 1016 4506 ponere
1042 4446 1227 4508 prtrter
1250 4436 1320 4501 id,
1343 4437 1482 4508 quod
1504 4437 1727 4506 positum

120 4545 222 4597 est,
255 4531 398 4604 quod
423 4542 495 4588 est
521 4531 755 4588 Christus
771 4531 998 4605 Jesusfl
1030 4529 1149 4586 Cor.
1183 4545 1262 4597 ιιι,
1294 4529 1405 4603 ii).
1431 4531 1550 4585 Non
1579 4530 1725 4585 enim

1829 3314 2038 3368 camus,
2074 3308 2222 3356 tanto
2246 3300 2459 3372 longius
2487 3315 2823 3372 separamur.
2849 3299 2957 3359 Sed
2987 3317 3111 3358 cum
3137 3317 3238 3373 per
3261 3305 3438 3373 pteni.

1834 3393 2052 3448 tentiam
2085 3393 2150 3447 ad
2181 3394 2323 3448 bona
2344 3410 2508 3464 opera
2535 3395 2744 3465 agenda
2778 3399 3135 3462 recurrimus,
3159 3394 3227 3451 ad
3266 3397 3436 3454 :cdiﬁ-

1831 3487 2132 3552 cationem,
2166 3502 2288 3557 quae
2320 3487 2377 3542 lit
2402 3502 2568 3558 super
2591 3486 2896 3557 Christum,
2931 3490 3276 3545 revertimur.
3311 3491 3436 3546 Pos-

1831 3597 2017 3637 sumus
2043 3597 2173 3651 ergo
2206 3597 2299 3651 per
2330 3581 2480 3652 ligna
2511 3591 2727 3639 terrena
2753 3597 2918 3653 opera
2944 3583 3272 3654 intelligere,
3301 3579 3430 3640 dum

1829 3677 1950 3746 quis
1983 3684 2202 3730 terreno
2224 3674 2375 3744 operi
2405 3674 2637 3739 insistit,
2665 3683 2723 3728 ut
2754 3674 2954 3730 habeat
2981 3675 3126 3730 unde
3149 3673 3330 3741 vivat;
3364 3691 3435 3734 ne

1828 3770 1967 3825 forte
2019 3769 2343 3824 necessitate
2391 3768 2733 3840 compulsus,
2787 3767 2955 3823 furari
3007 3776 3256 3838 cogatur.
3288 3769 3424 3825 Nam

1830 3864 2124 3934 Apostolus
2147 3863 2424 3932 praecipit,
2451 3872 2507 3917 ut
2529 3878 2656 3918 cum
2680 3863 2898 3919 silentio
2923 3870 3235 3933 operantes,
3266 3879 3434 3921 unus-

1827 3956 2056 4034 quisque
2101 3970 2259 4012 suum
2299 3971 2493 4026 panem
2551 3956 2877 4022 manducet;
2907 3956 2934 3994 ι’
2964 3966 3018 4013 et
3050 3957 3246 4014 iterum
3280 3975 3292 4012 ε
3328 3959 3435 4024 Qui

1829 4066 1930 4105 non
1948 4050 2052 4104 vult
2067 4049 2292 4119 operari,
2316 4049 2509 4120 inquit,
2531 4066 2634 4104 non
2656 4047 2992 4119 manducet”
3016 4048 3197 4107 Thess.
3218 4066 3294 4118 ut,
3313 4051 3426 4124 ιε).

1830 4143 1932 4199 Per
1973 4143 2155 4198 fenum
2201 4155 2331 4198 vero
2377 4157 2616 4199 amorem
2648 4151 2926 4200 terrenum
2959 4159 3249 4214 possumus
3282 4147 3428 4202 acci-

1831 4255 1979 4310 pere,
2013 4254 2136 4294 cum
2164 4237 2284 4309 quis
2317 4253 2414 4308 pro
2437 4237 2631 4294 affectu
2656 4237 2838 4293 carnis
2860 4254 3106 4307 uxorem,
3132 4239 3293 4309 ﬁlios,
3323 4242 3429 4298 fra-

1829 4341 2046 4402 tresque
2069 4331 2264 4403 diligit.
2291 4330 2400 4387 Sed
2430 4343 2485 4386 et
2510 4331 2612 4386 hoc
2634 4330 2812 4401 ipsum
2836 4330 3132 4403 Apostolus
3157 4335 3428 4404 prarcipit,

1828 4436 1888 4483 ut
1915 4427 2015 4483 viri
2047 4439 2263 4494 uxores,
2297 4440 2501 4480 uxores
2527 4425 2693 4488 viros,
2727 4424 2824 4478 ﬁlii
2862 4434 3136 4494 parentes,
3171 4436 3432 4496 parentes

1832 4521 1972 4576 ﬁlios
2001 4536 2130 4576 suos
2173 4520 2399 4592 diligant
2425 4517 2659 4591 (Ep/tes.
2689 4533 2743 4584 ν,
2770 4516 2865 4585 $5,
2894 4517 3011 4590 28).
3042 4519 3143 4574 Per
3172 4521 3432 4590 stipulam

119 4625 279 4682 aliud
307 4624 715 4681 fundamentum
747 4634 832 4679 est
857 4604 1076 4690 Petrus,
1105 4632 1159 4678 et
1183 4623 1330 4677 aliud
1358 4621 1604 4678 Christus
1629 4623 1722 4678 Je-
1752 4604 1804 4665 Ῑ)
1830 4626 2010 4672 autem
2033 4659 2046 4681 ,
2079 4631 2174 4671 eos
2223 4615 2371 4686 ipsos
2423 4627 2711 4685 possumus
2739 4611 3074 4686 intelligere,
3120 4615 3212 4685 qui
3243 4630 3338 4685 pro
3365 4631 3434 4671 eo

118 4735 255 4782 sus;
286 4718 410 4788 quia
457 4717 652 4773 Petrus
697 4718 1001 4772 membrum
1043 4725 1124 4770 est
1151 4715 1352 4769 Christi
1379 4714 1544 4778 Jesu,
1585 4717 1729 4768 sicut

121 4813 248 4883 ipse
275 4809 414 4866 dixit
439 4809 724 4880 discipulis
754 4809 867 4864 suis
898 4827 908 4860 :
954 4806 1058 4862 Vos
1095 4809 1150 4861 in
1174 4823 1254 4860 me
1274 4847 1288 4871 ,
1315 4816 1365 4861 et
1392 4822 1486 4877 ego
1509 4807 1560 4860 in
1589 4807 1728 4861 vobis

121 4907 319 4980 (Joan.
353 4918 462 4970 xtv,
511 4903 629 4976 ‘20).
661 4902 912 4958 Christus
941 4915 1176 4970 namque
1207 4899 1614 4954 fundamentum
1647 4909 1732 4955 est

121 4999 376 5056 omnium
404 4997 780 5069 apostolorum
812 5009 1065 5060 suorum,
1095 4993 1349 5049 similiter
1373 5000 1429 5048 et
1459 4993 1560 5063 ipsi
1605 4991 1726 5047 fitti-

119 5096 389 5149 damenta
417 5100 544 5146 sunt
563 5105 775 5155 eorum,
797 5089 887 5160 qui
919 5103 1013 5159 per
1037 5101 1130 5142 eos
1153 5085 1526 5141 crediderunt.
1552 5085 1726 5141 Unum

117 5198 212 5243 est
238 5185 407 5256 igitur
436 5183 873 5247 fundamentum,
905 5181 955 5234 id
984 5190 1070 5235 est
1095 5176 1369 5243 Christus,
1403 5193 1430 5232 a
1466 5195 1573 5249 quo
1599 5193 1728 5234 con-

122 5281 377 5334 tinentur
405 5275 584 5332 omnia
625 5275 975 5331 fundamenta
999 5315 1013 5338 ,
1040 5287 1206 5342 super
1229 5286 1390 5342 quem
1417 5271 1583 5327 etiam
1617 5280 1726 5326 tota

120 5384 423 5441 compages
468 5368 727 5426 Ecclesiae
775 5375 1094 5423 constructa
1120 5376 1226 5421 est.
1265 5365 1339 5420 De
1389 5363 1493 5420 hoc
1537 5361 1730 5418 funda-

123 5474 325 5521 mento
350 5463 548 5519 Paulus
584 5463 824 5534 loquitur
861 5462 1053 5517 dicens
1086 5476 1098 5516 :
1137 5460 1198 5517 Si
1235 5459 1347 5530 quis
1369 5467 1544 5512 autem
1567 5457 1735 5527 cedi/i-

121 5573 210 5620 cat
241 5579 405 5634 supra
427 5564 816 5634 fundamentum
837 5564 954 5630 hoc,
979 5579 1184 5632 aurum,
1213 5572 1504 5637 argentum,
1535 5559 1732 5638 lapides

217 5740 244 5767 λ
271 5727 441 5795 Edit.,
481 5725 610 5782 Vera
636 5734 711 5782 est
733 5741 854 5794 ergo
880 5725 1035 5796 hujus
1062 5721 1096 5777 Ι
1102 5725 1284 5796 cannis
1315 5739 1542 5792 prtesens
1568 5739 1734 5796 asser-

145 5808 255 5865 tio,
297 5799 420 5871 quia
461 5799 732 5854 duodecim
762 5795 1096 5869 fundamenta
1125 5795 1371 5852 Ecclesia
1407 5811 1515 5852 esse
1561 5795 1739 5853 dixit:

149 5875 364 5960 optime
393 5886 520 5932 vero
549 5887 678 5928 mss.
707 5879 765 5927 ut
786 5871 838 5925 in
869 5875 1036 5928 textu.

1831 4708 1974 4779 quod
2021 4721 2116 4763 eos
2161 4706 2327 4762 libido
2355 4705 2620 4775 exagitat,
2652 4713 2708 4761 et
2733 4720 2794 4762 se
2836 4706 3121 4764 continere
3153 4721 3260 4762 non
3305 4722 3433 4777 pos.

1833 4809 1976 4867 sunt,
1996 4813 2196 4855 uxores
2226 4797 2520 4868 accipiunt.
2538 4796 2648 4854 Sed
2673 4807 2728 4853 et
2756 4796 2858 4853 hoc
2872 4798 3172 4868 Apostolus
3193 4799 3438 4869 praecipit

1832 4895 2049 4951 dicens:
2074 4893 2298 4962 Propter
2319 4893 2711 4964 fornicationem
2730 4902 2902 4949 autem
2919 4893 3267 4962 unusquisque
3282 4907 3432 4948 suam

1833 5005 2045 5043 uxorem
2092 4987 2306 5054 habeat,
2354 4998 2405 5042 et
2454 5003 2776 5058 unaquaque
2827 5003 2980 5042 suum
3030 4985 3196 5039 virum
3245 4983 3430 5040 habeat

1836 5083 1962 5155 (Tit.
1995 5098 2054 5147 ιι,
2075 5081 2158 5153 4).
2193 5082 2258 5136 Ει
2285 5081 2409 5152 quia
2435 5081 2571 5136 tales
2600 5080 3049 5137 conversationes
3075 5076 3193 5132 sine
3215 5075 3426 5132 crebris

1833 5176 2220 5232 offensionibus
2240 5190 2362 5231 esse
2392 5190 2497 5229 non
2522 5185 2779 5246 possunt,
2811 5171 2938 5228 dicit
2964 5187 3058 5242 per
3090 5169 3270 5240 ignem
3295 5169 3430 5226 tales

1833 5285 1953 5327 esse
1979 5269 2300 5337 salvandos,
2346 5268 2400 5324 id
2432 5278 2546 5333 est,
2580 5283 2676 5339 per
2721 5267 2901 5336 ignem
2935 5261 3332 5334 purgatorium.
3365 5263 3432 5318 Et

1833 5365 1939 5422 hoc
1969 5364 2088 5432 ﬁet,
2119 5364 2164 5418 si
2207 5379 2237 5418 a
2277 5361 2536 5433 gravibus
2579 5356 2818 5430 peccatis
2850 5372 2909 5413 se
2938 5355 3338 5420 abstinuerint,
3371 5364 3431 5410 et

1836 5475 1934 5531 per
1960 5459 2431 5528 eleemOsynarum
2464 5453 2809 5525 largitionem
2854 5448 2956 5504 hoc
2984 5448 3389 5519 promeruerint
3411 5489 3428 5516 ,

1837 5567 1895 5614 ut
1924 5568 2044 5630 post
2081 5565 2314 5612 mortem
2347 5566 2442 5622 per
2472 5551 2651 5620 ignem
2684 5545 3050 5618 purgatorium
3075 5545 3274 5603 salvari
3310 5562 3436 5618 pos-

1913 5719 1941 5760 b
1970 5719 2038 5774 Et
2067 5720 2286 5773 iterum:
2315 5711 2415 5790 Qui
2439 5726 2539 5766 non
2565 5707 2670 5763 vult
2696 5707 2936 5790 operari,
2956 5708 3143 5779 inquit,
3163 5726 3268 5765 non
3290 5729 3434 5769 man-

1849 5794 2026 5858 ducet,
2060 5806 2124 5846 ex
2167 5802 2298 5843 mss.
2332 5787 2384 5858 in
2439 5791 2646 5838 textum
2673 5786 3019 5858 restituitur;
3055 5795 3160 5836 non
3189 5797 3347 5858 secus
3375 5801 3440 5844 ac

1860 5865 2000 5947 quod
2016 5852 2260 5919 habetur
2288 5855 2426 5915 inira
2443 5897 2458 5928 ,
2477 5865 2523 5910 ει
2541 5866 2857 5929 ιιηαᾳιιιεᾳιιε
2880 5852 3045 5911 virum
3064 5868 3217 5915 suum
3239 5855 3442 5920 habeat,
