3950 6314
536 289 634 344 951

1462 282 1555 337 AD
1590 278 1825 339 OPERA
1863 280 2110 339 SANCTI
2149 279 2481 338 AMBROSII
2519 280 2889 339 APPENDIX.

3704 286 3783 341 952

530 403 661 459 sint.
694 402 846 459 Sicut
888 403 1033 458 enim
1057 414 1249 456 aurum
1288 397 1433 472 quod
1473 412 1542 455 ex
1578 398 1704 454 aliis
1750 399 2129 469 permixtioni-
2158 406 2211 468 Α
2237 409 2296 456 ut
2328 414 2425 471 per
2448 398 2570 457 illos
2596 400 2664 455 ad
2688 416 2884 457 omnes
2908 412 3101 473 gentes
3127 402 3410 473 migraret.
3438 403 3545 459 lloc
3572 408 3781 465 totumde

533 496 639 552 bus
676 496 962 552 sordidum
990 494 1245 562 efﬁcitur,
1288 509 1385 566 per
1415 494 1595 565 ignem
1638 503 1935 567 purgatur:
1972 496 2043 550 ita
2082 505 2137 551 et

528 590 628 647 isti
670 606 701 646 a
732 591 985 647 sordibus
1012 606 1145 661 quas
1174 606 1239 646 ex
1264 590 1557 645 mundanis
1604 591 1821 646 actibus
1848 602 2137 649 contraxe-

528 694 691 754 runt,
722 701 821 758 per
842 687 1020 758 ignem
1045 685 1398 754 mandantur,
1424 696 1479 741 ut
1506 685 1655 757 digni
1680 686 1816 742 ﬁant
1835 686 2133 743 electorum

529 794 761 836 numero
791 779 1013 841 sociari.

602 872 784 941 (Vers.
814 872 930 945 15.)
952 872 1021 928 Ει
1047 875 1133 946 qui
1157 873 1463 943 loquebatur
1491 889 1713 940 mecum,
1741 874 1955 929 habebat
1979 891 2136 930 arun-

530 967 705 1021 dinem
734 984 944 1022 auream
965 1009 977 1033 ,
1008 978 1063 1021 ut
1088 969 1357 1023 metiretur
1384 967 1671 1033 civitatem,
1701 977 1749 1022 et
1776 978 1953 1038 portas
1984 969 2097 1039 ejus
2116 1008 2132 1035 ,

529 1070 578 1115 et
604 1077 829 1115 murum.
862 1061 1106 1133 Angelus
1137 1061 1227 1132 qui
1274 1060 1597 1132 loquebatur
1627 1075 1750 1116 cum
1799 1060 2010 1116 Joanne
2031 1103 2045 1127 ,
2079 1062 2132 1116 in

530 1156 635 1211 hoc
665 1156 786 1212 loco
814 1155 1091 1211 Christum
1124 1155 1419 1229 signiﬁcat,
1450 1156 1539 1226 qui
1572 1155 1734 1211 modo
1774 1156 1913 1226 regit
1943 1170 2135 1211 omnes

526 1262 720 1322 gentes
739 1252 792 1306 in
815 1252 966 1321 virga
991 1240 1187 1317 ferrea,
1218 1252 1355 1306 sicut
1376 1250 1629 1321 superius
1653 1251 1766 1321 jam
1791 1250 1995 1305 dictum
2018 1260 2130 1305 est:

526 1345 579 1398 in
610 1344 792 1399 futuro
817 1353 1000 1399 autem
1030 1344 1305 1399 civitatem
1340 1344 1458 1410 Dei,
1488 1357 1609 1413 qua:
1635 1358 1703 1398 ex
1728 1343 1978 1398 omnibus
2005 1358 2134 1413 gen-

525 1438 672 1493 tibus
717 1437 1025 1504 constabit,
1076 1436 1347 1492 arundine
1376 1451 1539 1492 aurea
1570 1438 1850 1491 metietur.
1889 1436 2135 1491 Diximus

525 1532 779 1603 superius
810 1547 910 1602 per
938 1529 1143 1602 virgam
1191 1530 1424 1586 ferream
1472 1529 1815 1599 disciplinam
1845 1527 2133 1599 Evangelii

528 1641 653 1681 esse
681 1625 1055 1697 designatum:
1089 1625 1293 1681 ferrum
1333 1638 1465 1681 vero
1507 1638 1674 1695 grave
1703 1633 1787 1679 est
1823 1632 1878 1678 et
1906 1623 2133 1678 durissi-

532 1736 703 1776 mum.
732 1721 810 1778 De
839 1720 1040 1776 duritia
1068 1730 1246 1776 autem
1271 1721 1430 1791 581
1456 1720 1623 1791 virgae
1652 1718 1846 1775 ferrea:
1867 1718 2001 1774 dicit
2029 1718 2134 1774 Do-

2238 492 2503 565 quadrato
2534 494 2715 565 lapide
2761 495 2882 552 ideo
2910 494 3183 565 diximus,
3216 505 3278 551 ut
3332 496 3780 556 demonstraremus

2240 606 2335 660 per
2386 589 2779 661 quadraturam
2825 590 3066 645 civitatis
3123 592 3516 662 perfectionem
3568 592 3783 651 Ecclesia

2238 697 2363 740 esse
2387 682 2751 754 designatatn.
2783 684 2851 739 Et
2890 684 3015 755 quia
3045 684 3163 739 haac
3207 684 3404 740 civitas
3449 686 3781 757 quadraturam

2239 776 2504 847 aequalem
2554 774 2740 841 habet,
2795 776 3080 847 longitudo
3110 776 3230 846 ejus
3274 784 3419 831 tanta
3468 792 3585 832 esse
3608 777 3781 845 dicitur,

2238 880 2438 943 quanta
2466 880 2521 927 et
2547 870 2776 927 latitudo
2802 888 2817 937 ;
2851 888 2948 941 per
2978 870 3382 942 longitudinem
3414 886 3633 941 namque
3658 881 3781 927 ater-

2238 981 2305 1021 na
2328 965 2521 1034 gloria,
2548 981 2645 1036 per
2667 965 3007 1021 latitudinem
3027 976 3211 1021 autem
3236 965 3472 1022 charitas
3503 966 3780 1037 designant.

2238 1058 2544 1130 Longitudo
2574 1059 2739 1131 igitur
2771 1058 2931 1131 hujus
2951 1059 3188 1116 civitatis
3222 1070 3375 1115 tanta
3424 1070 3527 1125 est,
3550 1070 3722 1132 quanta
3744 1074 3783 1117 et

2241 1153 2499 1217 latitudo;
2532 1153 2657 1224 quia
2690 1163 2949 1225 quantum
2984 1155 3361 1225 unusquisque
3401 1154 3575 1211 ﬁdelis
3623 1156 3668 1209 in
3710 1157 3781 1213 hac

2242 1248 2353 1302 vita
2380 1248 2589 1317 positus
2618 1247 2793 1317 major
2812 1245 2980 1303 fuerit
2998 1248 3053 1303 in
3081 1247 3375 1315 charitate,
3407 1256 3553 1304 tanto
3570 1249 3781 1319 majorem

2237 1341 2467 1414 gloriam
2492 1342 2546 1397 in
2569 1342 2779 1398 caelesti
2807 1341 3150 1397 beatitudine
3180 1339 3486 1413 possidebit
3513 1360 3526 1396 :
3555 1352 3607 1397 et
3627 1356 3782 1413 quanto

2241 1436 2417 1491 minor
2444 1435 2609 1491 fuerit
2628 1436 2889 1505 charitas,
2918 1445 3069 1491 tanto
3090 1437 3268 1491 minor
3293 1436 3401 1491 erit
3425 1445 3481 1491 et
3503 1436 3673 1507 gloria.

2310 1527 2378 1582 Et
2405 1544 2611 1583 mensus
2641 1538 2715 1584 est
2742 1530 3001 1585 civitatem
3031 1547 3125 1601 per
3142 1528 3313 1583 stadia
3344 1530 3605 1584 duodecim
3627 1531 3781 1584 millia:

2238 1620 2510 1693 longitudo
2553 1630 2603 1676 et
2649 1622 2869 1678 latitudo
2910 1632 2956 1677 et
3005 1622 3227 1677 altitudo
3281 1626 3397 1697 ejus
3430 1625 3636 1693 wqualia
3676 1636 3779 1678 mu.

2241 1713 2501 1771 Eamdem
2550 1716 3001 1787 signiﬁcationem
3052 1717 3261 1774 habent
3306 1718 3481 1773 stadia
3525 1718 3781 1785 duodecim,

530 1814 712 1869 minus
764 1814 818 1869 in
850 1814 1147 1885 Evangelio
1179 1832 1190 1867 :
1244 1814 1401 1868 Arcta
1438 1822 1487 1868 et
1517 1824 1740 1885 angusta
1770 1814 1851 1866 via
1885 1823 1957 1867 est
1980 1854 1994 1879 ,
2020 1829 2137 1884 qua:
2167 1820 2212 1881 Β
2239 1824 2400 1881 quam
2428 1819 2481 1865 et
2503 1818 2675 1881 portae
2703 1810 2996 1867 duodecim
3025 1811 3231 1868 habent
3251 1830 3267 1878 ;
3290 1812 3781 1883 signiﬁcantnamque

530 1906 673 1961 ducit
702 1907 771 1961 ad
809 1908 967 1962 vitam
1000 1907 1232 1979 (Matth.
1263 1923 1371 1973 vn,
1403 1907 1515 1979 14).
1560 1906 1667 1964 Sed
1699 1906 1840 1962 hanc
1881 1906 2137 1962 duritiam

530 2013 687 2054 amor
717 1998 845 2065 Dei,
875 2008 933 2054 et
959 2014 1085 2069 spes
1111 1999 1353 2056 caelestis
1380 2001 1567 2070 patria:
1607 2013 1830 2054 suavem
1863 2008 1917 2055 et
1963 1998 2139 2055 levem

527 2090 681 2157 facit,
705 2091 842 2147 sicut
869 2092 987 2163 ipse
1016 2093 1211 2148 iterum
1230 2093 1361 2149 dicit
1380 2111 1391 2146 :
1409 2092 1613 2164 Jugum
1636 2094 1772 2148 enim
1793 2110 1962 2147 meum
1983 2110 2139 2149 suave

529 2196 605 2241 est
627 2230 641 2253 ,
671 2196 717 2241 et
748 2203 879 2243 onus
910 2204 1078 2242 meum
1108 2187 1213 2244 leve
1242 2187 1455 2259 (Matth.
1486 2203 1562 2255 xt,
1606 2187 1722 2259 50).
1754 2186 1917 2258 Virga
1956 2188 2139 2260 itaque

532 2282 712 2337 ferrea
739 2282 793 2337 in
815 2282 1139 2338 arundinem
1170 2282 1378 2351 levem,
1416 2296 1673 2348 suavem,
1708 2290 1871 2352 atque
1917 2296 2135 2337 auream

530 2375 992 2441 commutabitur;
1037 2378 1165 2446 quia
1193 2374 1367 2431 sancti
1410 2388 1509 2444 pro
1539 2374 1806 2444 angustiis
1828 2414 1844 2441 ,
1874 2388 2009 2444 quas
2041 2388 2139 2443 pro

530 2464 750 2523 Christo
776 2468 1157 2537 pertulerunt,
1190 2468 1515 2523 suavitatem
1564 2478 1618 2524 et
1665 2466 1893 2539 gloriam
1944 2482 2141 2539 perpe-

535 2570 682 2616 tuam
729 2560 1013 2632 recipient.
1060 2561 1315 2617 Metietur
1361 2576 1493 2617 vero
1539 2561 1835 2616 civitatem.
1869 2568 1925 2616 et
1955 2569 2140 2631 portas

532 2654 681 2724 ejus,
709 2663 765 2711 et
804 2670 1055 2722 murum;
1081 2654 1297 2727 quando
1326 2653 1629 2710 secundum
1660 2654 1978 2724 qualitatem
2010 2668 2141 2724 ope-

528 2767 653 2808 rum
682 2752 975 2822 unicuique
1012 2749 1318 2806 mercedem
1352 2752 1623 2805 restituet.
1650 2748 1756 2805 Sed
1785 2746 2137 2819 quaerendum

532 2846 694 2901 nobis
719 2852 835 2910 est,
860 2860 981 2900 cum
1012 2844 1289 2899 civitatem
1329 2856 1553 2897 mensus
1580 2839 1749 2897 fuisse
1779 2840 2015 2906 dicatur,
2044 2854 2142 2895 cur

530 2948 719 3011 portas
748 2948 804 2994 et
842 2954 1054 2993 murum
1095 2937 1441 3008 adjunxerit,
1488 2951 1612 2991 cum
1640 2934 1883 2991 civitatis
1919 2936 2139 2990 nomine

531 3031 654 3089 haec
682 3033 865 3088 omnia
893 3031 1448 3102 comprehendantur.
1466 3028 1667 3084 Verum
1698 3028 1840 3085 sicut
1864 3028 2136 3099 praeterita

528 3135 587 3183 et
616 3125 798 3182 futura
820 3127 1055 3193 docent,
1088 3141 1186 3197 per
1218 3134 1404 3197 portas
1434 3124 1668 3194 apostoli
1693 3166 1706 3191 ,
1740 3138 1836 3193 per
1863 3123 2138 3178 civitatem

2242 1904 2543 1973 apostolos.
2572 1903 2676 1959 Sed
2706 1904 2960 1975 superius
2989 1904 3387 1977 longitudinem
3418 1914 3473 1960 et
3498 1906 3781 1961 latitudinem

2244 1994 2383 2049 hanc
2424 1995 2703 2051 civitatem
2759 1998 3027 2067 aequalem
3075 1997 3283 2053 habere
3312 1998 3509 2053 dicitur
3536 2017 3548 2051 :
3577 1998 3652 2053 hic
3690 2014 3783 2053 vero

2240 2088 2440 2144 dicitur
2495 2090 2638 2160 quod
2688 2091 3003 2161 longitudo,
3055 2091 3286 2148 latitudo
3345 2102 3401 2148 et
3442 2092 3657 2147 altitudo
3696 2092 3782 2163 ejus

2243 2181 2469 2252 aequalia
2520 2191 2669 2238 sunt.
2718 2182 3025 2240 Possumus
3055 2201 3186 2256 ergo
3226 2186 3283 2241 in
3317 2185 3421 2242 hoc
3450 2185 3566 2241 loco
3610 2201 3689 2257 per
3713 2186 3783 2239 tria

2245 2273 2362 2329 haec
2388 2289 2508 2346 quae
2536 2276 2739 2346 posuit,
2769 2278 2958 2344 fidem,
2990 2293 3166 2349 spem,
3201 2290 3259 2336 et
3290 2279 3602 2336 charitatem
3629 2280 3782 2335 intelli~

2243 2380 2405 2437 gere;
2436 2366 2510 2423 ita
2542 2380 2599 2424 ut
2624 2385 2723 2441 per
2748 2370 3142 2443 longitudinem
3174 2372 3361 2442 ﬁdem,
3387 2390 3481 2444 per
3497 2373 3782 2428 latitudinem

2244 2458 2591 2530 charitatem,
2622 2478 2719 2535 per
2741 2465 3088 2523 altitudinem
3112 2483 3245 2523 vero
3277 2484 3429 2538 spem
3457 2470 3783 2535 intelligamus

2246 2551 2353 2607 Sed
2366 2555 2645 2624 quomodo
2657 2557 2887 2628 aequalia
2900 2572 3028 2614 esse
3048 2570 3301 2628 possunt,
3315 2576 3439 2616 cum
3460 2560 3786 2632 Apostolusdi-

2244 2654 2332 2701 cat
2349 2664 2362 2699 :
2381 2645 2539 2702 Nunc
2556 2657 2728 2704 autem
2746 2663 2954 2707 manent
2972 2654 3122 2724 fides,
3144 2672 3282 2727 spes,
3304 2657 3548 2725 charitas,
3574 2657 3659 2709 tria
3674 2656 3784 2710 latr:

2244 2742 2417 2812 major
2440 2752 2613 2798 autem
2640 2744 2825 2800 horum
2847 2758 2920 2801 est
2942 2747 3171 2803 charitas
3198 2748 3247 2819 (Ι
3271 2750 3391 2804 Cor.
3422 2764 3533 2814 xm,
3564 2749 3667 2819 15)?
3688 2747 3784 2803 Nam

2242 2838 2492 2908 quamvis
2530 2841 2768 2897 charitas
2818 2842 2993 2913 major
3039 2842 3109 2898 sit
3140 2844 3402 2900 omnibus
3432 2845 3716 2909 virtutibus,
3738 2859 3785 2899 eo

2244 2934 2391 3005 quod
2439 2935 2557 3007 ipsa
2605 2944 2791 2992 manet
2847 2937 2900 2992 in
2955 2948 3252 3006 attentum;
3315 2939 3606 2996 secundum
3648 2949 3786 2994 tamen

2244 3029 2533 3096 quemdam
2558 3031 2781 3087 modum
2814 3033 2882 3087 iis
2916 3033 3092 3090 tribus
3124 3035 3417 3092 virtutibus
3443 3036 3701 3108 aqualitas
3722 3052 3787 3090 as-

2244 3121 2381 3177 cribi
2414 3131 2611 3193 potest.
2646 3123 2786 3179 Dicit
2813 3126 3012 3196 quippe
3061 3125 3363 3197 Apostolus
3406 3130 3528 3200 quia
3566 3128 3684 3184 ﬁdes
3716 3144 3787 3198 per

530 3218 819 3288 apostolici
848 3218 992 3286 viri,
1021 3233 1115 3288 per
1145 3232 1334 3273 muros
1359 3232 1489 3273 vero
1516 3225 1713 3272 caetera
1754 3216 2045 3272 multitudo
2078 3216 2140 3270 ﬁ-
2167 3226 2213 3290 C
2244 3212 2567 3271 charitatem
2608 3225 2886 3288 operatur,
2940 3228 2997 3274 et
3027 3218 3163 3274 ﬁdes
3194 3220 3314 3276 sine
3342 3222 3592 3291 operibus
3619 3230 3789 3275 mortua

534 3309 737 3366 delium
774 3310 1106 3381 designatur.
1139 3310 1247 3368 Sed
1278 3312 1393 3367 haec
1416 3310 1694 3382 sequentia
1725 3310 1938 3381 plenius
1965 3310 2137 3365 mani-

533 3406 753 3462 festant.

608 3498 794 3575 (Vers.
827 3498 941 3571 ‘16.)
969 3497 1230 3568 Sequitur
1260 3518 1273 3555 :
1307 3498 1372 3553 Et
1416 3500 1597 3555 civitas
1625 3500 1680 3554 in
1728 3500 1926 3571 quadra
1967 3500 2135 3570 posita

535 3604 633 3659 est,
657 3601 705 3647 et
729 3591 1000 3664 longitudo
1028 3594 1141 3665 ejus
1164 3600 1309 3646 tanta
1344 3600 1439 3657 est,
1468 3599 1659 3661 quanta
1684 3600 1732 3647 et
1758 3590 2004 3645 latitudo.
2029 3589 2134 3645 Per

531 3686 925 3758 quadraturam
972 3685 1213 3741 civitatis
1246 3694 1271 3721 α
1300 3685 1562 3757 perfectio
1604 3693 1921 3741 sanctorum
1952 3682 2135 3755 desig-

535 3791 732 3847 natur;
766 3780 1090 3852 quadratum
1122 3780 1326 3852 quippe
1357 3778 1591 3851 lapidem
1643 3780 1695 3834 in
1729 3793 2133 3849 quamcumque

529 3883 744 3948 partem
766 3874 1027 3941 verteris,
1057 3882 1239 3929 rectus
1285 3871 1473 3929 stabit.
1506 3872 1573 3927 Et
1617 3873 1662 3927 si
1703 3872 2023 3943 quadratum
2054 3871 2131 3926 la-

526 3968 739 4041 ‘pidem,
778 3977 870 4023 aut
898 3966 1045 4022 aliud
1090 3966 1220 4038 quid
1251 3965 1397 4038 quod
1441 3965 1697 4037 quadrari
1750 3974 1971 4037 potest,
2005 3964 2132 4020 dili-

525 4070 718 4133 genter
754 4060 1083 4130 inspexeris,
1113 4058 1504 4130 perfectionem
1527 4058 1796 4115 Ecclesia:
1827 4060 1880 4113 in
1911 4074 1979 4115 eo
2005 4074 2129 4115 esse

528 4153 803 4225 depictam
830 4151 1243 4223 deprehendere
1272 4151 1504 4222 poteris;
1554 4151 1718 4207 habet
1766 4167 2001 4224 namque
2030 4167 2126 4208 sex

526 4248 717 4309 facies,
749 4255 874 4302 octo
895 4261 1129 4313 cornua,
1161 4247 1471 4317 crepidines
1518 4246 1827 4302 duodecim.
1881 4247 1990 4303 Sex
2047 4246 2126 4302 fa-

525 4341 646 4396 cies
688 4340 1084 4410 perfectionem
1121 4338 1498 4396 demonstrant
1536 4340 1810 4396 bonorum
1860 4354 2123 4410 operum;

527 4431 655 4502 quia
709 4431 959 4486 senarius
1007 4445 1269 4486 numerus
1316 4433 1592 4501 perfectus
1630 4441 1737 4489 est.
1780 4431 1956 4489 Habet
1996 4428 2123 4489 oeto

523 4537 733 4579 cornua
758 4566 773 4593 ,
812 4539 881 4580 ex
910 4524 1106 4595 quibus
1136 4532 1368 4595 quatuor
1386 4525 1583 4581 caelum
1602 4568 1618 4594 ,
1649 4535 1886 4596 quatuor
1915 4535 2117 4582 terram

2242 3315 2327 3361 est
2353 3306 2563 3377 (Iacob.
2596 3326 2657 3375 ιι,
2685 3310 2766 3376 2).
2797 3309 2857 3365 Si
2888 3320 3100 3366 mortua
3131 3321 3237 3377 est,
3262 3313 3354 3369 ille
3374 3313 3459 3369 cui
3479 3324 3673 3369 mortua
3698 3324 3788 3375 est.

2240 3400 2376 3456 nihil
2398 3412 2479 3458 est
2508 3423 2519 3455 :
2554 3411 2609 3459 et
2632 3403 2677 3459 si
2702 3402 2837 3460 ﬁdes
2866 3419 2965 3475 per
2984 3404 3314 3462 charitatem
3344 3417 3694 3477 Operatur,'et
3732 3408 3787 3462 illi

2237 3505 2452 3550 mortua
2484 3506 2601 3565 est,
2636 3498 2725 3568 qui
2756 3497 3038 3554 charitatis
3091 3512 3262 3569 Opera
3316 3514 3427 3556 non
3472 3502 3646 3567 habet,
3690 3516 3791 3570 ergo

2238 3586 2372 3643 ﬁdes
2422 3599 2569 3645 tanta
2597 3600 2709 3658 est,
2759 3602 2962 3662 quanta
3029 3602 3161 3648 sunt
3205 3605 3263 3649 et
3318 3610 3486 3666 opera
3529 3596 3792 3651 charitatis.

2236 3682 2503 3741 Similiter
2528 3700 2655 3756 spes
2675 3661 2818 3741 tanta
2841 3696 2947 3752 est,
2978 3696 3179 3758 quanta
3205 3661 3793 3760 ﬁdesretcharitasmuia

2234 3786 2437 3847 quanta
2455 3787 2580 3833 sunt
2604 3792 2767 3848 opera
2794 3778 2943 3846 ﬁdei,
2969 3796 3089 3851 quae
3107 3789 3194 3835 est
3215 3780 3459 3837 charitas
3473 3825 3489 3851 ,
3513 3792 3650 3837 tanta
3666 3792 3793 3837 estet

2234 3886 2359 3941 spes
2376 3872 2593 3943 gloritn:
2618 3873 2670 3927 in
2701 3883 2964 3945 quantum
2989 3889 3227 3946 namque
3254 3878 3623 3949 unusquisque
3648 3875 3791 3932 ﬁdelis

2234 3979 2333 4034 per
2353 3964 2634 4021 charitatis
2656 3981 2828 4037 opera
2858 3982 2921 4023 se
2950 3967 3181 4026 dilatare
3213 3971 3585 4042 przevaluerit,
3619 3971 3670 4026 in
3696 3982 3789 4025 tau-

2233 4066 2345 4115 tum
2399 4058 2502 4115 sibi
2546 4060 2777 4132 gloriam
2843 4062 3039 4133 patria:
3084 4066 3333 4122 ccelestis
3380 4081 3682 4124 accrescere
3707 4083 3790 4122 nos

2231 4153 2468 4211 dubitet.

2302 4249 2485 4322 (Vers.
2518 4252 2633 4320 l7.)
2675 4250 2740 4307 Et
2764 4270 2971 4309 mensus
3010 4263 3084 4309 est
3116 4253 3291 4310 muros
3315 4256 3427 4326 eius
3448 4274 3536 4329 per
3558 4258 3792 4312 circuitum

2226 4357 2425 4402 centum
2445 4347 2789 4421 quadraginta
2809 4351 3028 4421 quatuor
3056 4350 3351 4405 cubitorum
3390 4369 3627 4407 mensura
3656 4351 3793 4403 Itom-

2226 4440 2325 4507 nis,
2350 4457 2464 4511 quae
2492 4451 2567 4495 est
2616 4443 2805 4516 angeli.
2865 4443 2980 4499 Hoc
3021 4443 3070 4499 si
3121 4446 3411 4514 superiora
3454 4444 3794 4503 attendamus.

2225 4535 2524 4591 secundum
2550 4536 2785 4592 litteram
2813 4546 2962 4593 stare
2999 4552 3107 4593 non
3142 4546 3362 4609 potest;
3388 4539 3641 4610 superius
3664 4552 3790 4592 nam-

519 4618 838 4690 respiciunt.
868 4617 1113 4687 Quatuor
1142 4619 1305 4690 igitur
1321 4635 1527 4677 cornua
1545 4620 1836 4692 designant
1865 4621 2119 4693 Evange-
2146 4636 2201 4696 D
2225 4644 2330 4701 que
2356 4629 2489 4685 dicit
2535 4630 2659 4701 quia
2690 4645 2917 4687 mensus
2938 4640 3023 4688 est
3052 4631 3334 4688 civitatem
3364 4648 3463 4704 per
3497 4633 3663 4688 stadia
3681 4632 3795 4686 duo-

518 4712 613 4779 lia,
641 4726 765 4781 quae
791 4710 1169 4781 duplicantur;
1218 4712 1342 4782 quia
1389 4711 1738 4768 dilectiOnem
1774 4712 1867 4767 Dei
1903 4722 1959 4768 et
1989 4728 2117 4784 pro-

518 4805 656 4861 ximi
695 4804 1011 4876 specialiter
1038 4807 1446 4861 commendant.
1490 4808 1735 4875 Quatuor
1765 4808 1968 4865 caelum
1999 4824 2116 4865 res-

516 4900 748 4972 piciunt,
779 4907 837 4953 ut
860 4896 1097 4953 indicent
1125 4899 1291 4954 Deum
1319 4914 1482 4969 super
1510 4901 1694 4955 omnia
1726 4916 1854 4956 esse
1878 4901 2111 4973 diligen-

514 4994 643 5050 dum
670 5012 683 5050 :
710 5003 946 5066 quatuor
977 5002 1179 5049 terram
1202 4995 1524 5063 reSpiciunt,
1557 5003 1620 5049 ut
1657 4994 1902 5051 indicent
1929 4996 2115 5064 proxi-

512 5104 632 5145 mos
663 5096 942 5159 tamquam
967 5087 1339 5158 nosmetipsos
1375 5102 1501 5143 esse
1531 5086 1859 5160 diligendos.
1892 5088 2110 5145 Duode-

505 5184 612 5240 cim
664 5200 795 5241 vero
830 5182 1142 5254 crepidines
1187 5182 1347 5239 ﬁdem
1394 5181 1779 5238 demonstrant
1814 5182 2106 5239 duodecim

508 5278 907 5349 apostolorum.
931 5277 977 5332 Α
1001 5276 1232 5348 singulis
1280 5284 1463 5331 autem
1494 5276 1752 5331 cornibus
1781 5286 1892 5332 tres
1932 5278 2109 5347 crepi-

506 5369 664 5427 dines
694 5371 982 5443 prodeunt,
1024 5378 1083 5426 ut
1110 5371 1352 5427 indicent
1390 5386 1419 5426 a
1453 5370 1702 5427 doctrina
1726 5370 1957 5438 Christi,
1983 5386 2105 5442 qua:

505 5473 590 5519 est
626 5466 1003 5536 Evangelium,
1042 5482 1163 5538 quae
1199 5468 1366 5522 etiam
1412 5466 1466 5521 in
1498 5474 1730 5537 quatuor
1761 5465 2105 5521 librosdivi-

504 5556 673 5625 ditur,
705 5557 865 5613 ﬁdem
887 5567 1092 5614 sanctae
1119 5557 1405 5615 Trinitatis
1425 5560 1479 5615 in
1508 5557 1786 5628 apostolos
1810 5557 2096 5626 transisse,

569 5737 595 5765 ἰ
635 5726 841 5783 Omnes
886 5724 1043 5797 edit.,
1093 5727 1334 5797 perfectio
1372 5726 1796 5797 designatur....,
1828 5732 1917 5777 aut
1947 5723 2095 5777 aliud

492 5799 743 5868 quidquid
763 5796 1013 5867 quadrari
1036 5808 1267 5865 potest...
1294 5797 1463 5851 Habet
1489 5813 1708 5862 namque
1736 5812 1825 5850 sea:
1851 5797 2084 5849 latera...

489 5871 578 5923 sed
606 5872 770 5926 latera
797 5868 1163 5939 perfectionem
1184 5909 1197 5933 ,
1228 5877 1357 5934 ctc.;
1391 5882 1519 5923 mss.
1548 5874 1727 5923 autem
1769 5868 1926 5923 nobis
1952 5882 2081 5923 con-

2221 4721 2419 4787 decim;
2466 4722 2770 4779 hic‘autem
2812 4739 3000 4779 muros
3040 4725 3279 4781 civitatis
3328 4737 3550 4783 centum
3591 4725 3797 4797 quadra.

2220 4816 2366 4886 ginta
2422 4825 2654 4886 quatuor
2714 4815 3018 4871 cubitorum
3065 4816 3200 4872 dicit
3244 4832 3371 4875 esse
3438 4827 3789 4882 mensurstos;

2220 4906 2392 4962 multo
2422 4906 2566 4963 enim
2599 4904 2626 4944 δ
2658 4907 2833 4978 majus
2857 4916 2944 4963 est
2980 4909 3217 4979 Spatium
3264 4910 3567 4967 stadiorum
3608 4912 3789 4968 duode-

2216 5004 2341 5069 cim,
2377 5018 2539 5073 quam
2571 5002 2809 5073 spatium
2836 5011 3053 5059 centum
3084 5003 3451 5076 quadraginta
3472 5016 3691 5078 quatuor
3713 5021 3789 5061 cu-

2216 5093 2491 5160 bitorum;
2524 5094 2759 5166 ideoque
2807 5111 2905 5168 per
2935 5097 3110 5167 majus
3140 5094 3381 5169 Spatium
3422 5116 3541 5168 eos,
3587 5102 3672 5172 qui
3700 5115 3793 5155 ms.

2215 5188 2352 5258 joris
2403 5190 2583 5244 meriti
2637 5200 2787 5254 sunt,
2844 5192 3153 5261 intelligere
3198 5208 3518 5264 possumus.
3572 5196 3790 5251 Diximus

2218 5282 2473 5353 superius
2502 5297 2599 5352 per
2637 5281 2929 5340 duodecim
2974 5284 3152 5339 stadia
3200 5286 3493 5345 duodecim
3542 5289 3790 5361 apostolus

2216 5388 2337 5430 esse
2361 5374 2713 5445 designatos:
2758 5387 3029 5450 martyres
3080 5393 3213 5450 ergo
3243 5381 3699 5446 etconfessores,
3749 5390 3789 5434 et

2210 5467 2393 5523 creteri
2415 5468 2642 5538 perfecti
2674 5469 2798 5537 viri,
2829 5474 2922 5541 qui
2952 5473 3334 5543 apostolorum
3384 5474 3681 5530 doctrinam
3708 5489 3788 5544 per

2210 5560 2391 5615 omnia
2412 5568 2543 5615 sunt
2569 5560 2763 5627 secuti,
2794 5569 3062 5620 eteorum
3086 5573 3244 5623 actus
3277 5567 3514 5636 imitati,
3539 5569 3591 5624 in
3617 5581 3785 5625 eorum

2311 5740 2429 5779 υιιι.

2204 5732 2732 5874 grg‘ggdemeditq
2760 5800 2932 5874 majus
2962 5808 3035 5853 est
3064 5802 3291 5871 spatium
3310 5818 3403 5871 per
3416 5804 3557 5874 quod
3580 5821 3681 5869 eos,
3702 5806 3776 5872 qui

2189 5870 2403 5940 majoris
2432 5869 2603 5923 meriti
2631 5872 2771 5939 sunt,
2796 5869 2899 5927 etc.
2921 5886 2935 5939 ;
2958 5869 3098 5927 mss.
3119 5869 3328 5941 autem,
3356 5869 3489 5933 utin
3517 5869 3771 5934 contextu.
