3950 6314
104 347 199 404 955

808 335 876 392 ΙΝ
917 333 1388 393 APOCALYPSIN
1431 330 1819 389 EXPOSITIO.
1860 332 1951 390 DE
2008 335 2281 394 VISIONE
2320 336 2647 396 SEPTIMA.

3270 344 3376 403 954

104 465 291 522 ambitu
322 459 645 523 metientur;
692 455 817 527 quia
864 455 1113 511 eamdem
1154 453 1386 525 gloriam
1420 451 1673 523 posside-
1698 453 1753 513 Α
1775 450 1917 505 sicut
1947 466 2093 523 saepe
2132 454 2244 523 jam
2288 456 2621 513 inculcatum
2652 466 2761 525 est,
2812 459 3069 517 timentes
3100 459 3165 517 iis
3192 462 3282 532 qui
3315 478 3382 518 ex

102 562 244 623 bunt,
278 570 432 626 quam
465 562 517 607 et
549 551 648 607 illi.
684 550 783 605 Per
820 563 1004 604 muros
1033 563 1164 605 vero
1187 589 1201 613 ,
1250 547 1342 618 qui
1394 561 1462 601 ex
1494 545 1674 601 mino.

101 654 240 710 ribus
271 647 535 718 lapidibus
555 645 717 711 ﬁunt,
750 651 948 698 caetera
978 641 1268 697 multitudo
1290 639 1530 695 fidelium
1581 638 1677 693 de-

98 740 487 816 signatur:qui
539 740 801 795 minorem
853 737 1117 793 ambitum
1161 735 1446 800 tenebunt,
1504 748 1671 804 quam

100 840 170 895 illi
199 838 263 893 de
297 836 493 907 quibus
541 834 790 903 superius
831 831 1103 897 diximus;
1150 831 1276 902 quia
1308 830 1400 900 qui
1446 828 1675 884 minoris

96 942 244 991 erunt
271 931 468 994 meriti,
501 930 713 985 minora
746 928 1048 998 percipient
1074 934 1130 982 et
1152 925 1397 997 praemia.
1430 923 1673 991 Quorum

98 1040 332 1085 mensura
388 1024 444 1078 in
508 1021 845 1077 duodenario
904 1034 1133 1075 numero
1197 1016 1489 1083 consistit;
1549 1014 1674 1087 quia

97 1122 248 1177 tidem
276 1114 635 1188 apostolicam
688 1115 1064 1170 intemeratam
1092 1120 1490 1177 servaverunt;
1537 1109 1675 1165 duo-

97 1214 268 1271 decies
297 1225 532 1280 namque
561 1207 850 1264 duodecim
900 1206 1036 1261 liunt
1064 1214 1284 1260 centum
1312 1202 1673 1274 quadraginta

93 1313 329 1377 quatuor.
381 1298 537 1368 Quod
584 1308 766 1355 autem
818 1297 951 1353 dicit
1008 1295 1284 1351 civitatem
1319 1302 1344 1330 α
1376 1301 1433 1348 et
1488 1306 1674 1348 muros

98 1411 338 1453 mensura
369 1391 632 1458 hominis,
664 1407 784 1462 qua:
815 1399 897 1447 est
939 1389 1139 1460 angeli,
1172 1388 1340 1443 fuisse
1395 1400 1677 1442 mensura-

97 1503 190 1557 tos,
230 1491 566 1547 demonstrat
595 1486 849 1557 angelum
881 1486 935 1540 in
986 1482 1398 1539 similitudinem
1438 1480 1675 1535 hominis

94 1585 189 1641 sibi
232 1580 568 1653 apparuisse.
628 1579 927 1634 Possumus
988 1576 1092 1631 hoc
1141 1575 1302 1630 aliter
1344 1572 1671 1643 intelligere.

97 1678 389 1733 Mensuram
421 1672 660 1729 hominis
703 1671 835 1728 dicit
876 1686 999 1726 esse
1041 1682 1354 1725 mensuram
1386 1665 1587 1737 angeli,
1620 1673 1677 1720 et

95 1788 151 1827 ea
177 1784 425 1826 mensura
454 1768 733 1823 civitatem
766 1775 818 1822 et
850 1778 1038 1820 muros
1079 1762 1209 1818 dicit
1238 1776 1361 1816 esse
1395 1773 1675 1814 mensura-

1778 543 2034 615 gentibus
2060 546 2234 616 primo
2260 548 2634 617 crediderant,
2658 550 2967 608 austeriora
2999 552 3213 609 Domini
3249 570 3387 625 prai-

1777 646 1934 707 cepta
1984 641 2361 707 committere;
2421 658 2490 699 ne
2546 644 2687 700 forte
2730 644 2929 701 duritia
2980 656 3379 718 praeceptorum

1779 730 1977 796 territi,
2009 748 2117 788 non
2145 733 2415 790 auderent
2445 736 2513 791 ad
2542 738 2948 808 suscipiendam
2977 737 3181 796 Christi
3217 740 3379 796 ﬁdem

1776 823 2065 892 accedere,
2123 826 2465 898 scripserunt
2511 830 2638 885 eis:
2673 828 2885 886 Placuit
2934 831 3159 905 Spiritui
3205 844 3385 889 sancto

1777 925 1825 969 et
1854 916 2001 972 nobis
2029 918 2161 972 nihil
2189 919 2454 991 imponere
2481 922 2623 978 vobis
2644 925 2813 978 oneris
2835 966 2851 990 ,
2874 924 2976 979 nisi
3004 936 3060 979 ut
3084 928 3383 983 abstinealis

1778 1025 1865 1065 vos
1891 1013 2251 1068 tantummodo
2278 1032 2311 1069 a
2339 1018 2709 1086 fornicatione,
2764 1030 2813 1075 et
2842 1020 2905 1075 ab
2926 1022 3057 1075 escis
3083 1039 3199 1093 qua:
3227 1024 3381 1078 idolis

1776 1102 2140 1174 immolantur,
2168 1116 2218 1162 et
2245 1125 2278 1162 a
2304 1108 2588 1177 sulfocalo,
2614 1120 2661 1165 et
2685 1114 2940 1183 sanguine
2960 1113 3099 1179 (Act.
3136 1130 3228 1181 xv,
3255 1114 3374 1187 28).

1779 1196 1844 1252 Et
1864 1198 1913 1253 in
1942 1198 2052 1254 alio
2079 1200 2201 1257 loco
2230 1199 2425 1259 Petrus
2453 1205 2937 1261 conversationem
2984 1208 3227 1277 gentium
3258 1224 3383 1264 nar-

1778 1307 1927 1360 rans,
1975 1293 2108 1350 dicit
2133 1294 2377 1352 Judaeis:
2412 1296 2481 1350 Et
2522 1300 2613 1369 qui
2659 1300 2799 1355 novit
2830 1302 2990 1355 corda
3020 1299 3196 1368 Deus,
3232 1304 3379 1359 testi-

1778 1389 2007 1443 monium
2033 1391 2317 1461 perhibuit,
2349 1393 2482 1447 dans
2536 1394 2645 1448 illis
2694 1394 2953 1466 Spiritum
2983 1407 3220 1451 sanciunt
3252 1397 3385 1451 sicut

1778 1492 1828 1538 et
1855 1483 2029 1550 nobis,
2057 1484 2161 1554 ﬁde
2185 1486 2647 1556 puriﬁcanscorda
2669 1503 2847 1557 eorum
2876 1486 3066 1557 (Ibid.,
3097 1489 3129 1543 8
3151 1500 3197 1543 et
3226 1491 3376 1561 seq).

1784 1588 1805 1615 ο
1832 1577 2170 1649 Quicumque
2209 1594 2340 1650 ergo
2367 1580 2503 1635 istos
2543 1580 2853 1649 imitantur,
2895 1582 2949 1638 in
2980 1580 3149 1654 ﬁgura
3179 1583 3376 1654 lapidis

1775 1670 2005 1741 jaspidis
2028 1672 2404 1727 continentur.

1854 1786 2132 1843 Secundus
2174 1789 2477 1859 sapphirus.
2540 1789 2843 1861 Sapphirus
2898 1790 3121 1847 cazrulei
3177 1790 3385 1847 coloris

95 1875 206 1931 tos;
232 1864 356 1935 quia
395 1862 572 1918 sancti
597 1862 696 1917 viri
741 1860 1107 1932 aequalitatem
1135 1853 1414 1911 habebunt
1440 1868 1562 1909 cum
1584 1867 1662 1907 an

1784 1889 1891 1949 est,
1920 1882 2062 1937 sicut
2092 1882 2418 1954 hyacinthus
2454 1901 2467 1938 :
2499 1884 2595 1939 sed
2626 1894 2806 1955 guttas
2832 1883 2997 1940 habet
3039 1884 3382 1941 interrnixtas

91 1959 235 2029 gelis,
264 1967 319 2013 et
340 1970 532 2012 eorum
556 1968 811 2011 mensura
843 1950 1337 2013 mensurahuntur;
1367 1946 1487 2015 quia
1530 1960 1678 2001 eam-

88 2054 203 2110 dem
226 2052 454 2124 gloriam
479 2048 854 2121 possidebunt,
889 2042 1050 2117 quam
1093 2051 1149 2098 et
1184 2042 1286 2107 illi,
1320 2041 1461 2096 sicut
1490 2038 1675 2094 Durni-

86 2165 177 2205 nus
198 2149 327 2204 dicit
374 2149 427 2203 in
472 2145 811 2217 Evangelio:
844 2141 910 2197 In
960 2139 1332 2196 resurrectione
1373 2152 1532 2202 neque
1570 2151 1673 2187 nu-

84 2244 208 2311 bent,
238 2244 396 2313 ncque
414 2241 604 2297 uxores
634 2240 850 2305 ducent;
892 2237 983 2293 sed
1017 2244 1168 2290 erunt
1219 2234 1351 2287 sicut
1374 2229 1545 2302 angeli
1576 2228 1675 2283 Dei

79 2338 128 2391 in
149 2338 267 2391 caelo
291 2334 511 2408 (Matth.
538 2349 670 2399 xm,
695 2332 813 2403 50).

145 2429 323 2501 (Vers.
357 2428 475 2499 18.)
508 2426 576 2481 Et
616 2436 726 2481 erat
769 2424 1024 2478 structura
1064 2420 1199 2474 muri
1250 2420 1359 2491 ejus
1390 2434 1453 2472 ex
1501 2414 1675 2486 lapide

71 2523 308 2592 jaspide;
346 2524 462 2593 ipsa
507 2537 628 2576 vero
682 2519 860 2574 civitas
902 2533 1029 2571 auro
1072 2514 1263 2569 mundo
1309 2512 1498 2567 similis
1538 2514 1670 2565 vitro

81 2616 279 2668 mundo.
310 2614 419 2671 Sed
464 2621 521 2668 et
544 2612 632 2668 hic
678 2612 909 2682 aliquam
941 2609 1258 2664 distantiam
1310 2607 1453 2661 inter
1484 2619 1673 2659 muros

71 2706 403 2763 etcivitatem
440 2705 590 2762 fecit.
624 2704 806 2759 Muros
839 2702 1063 2758 dixitex
1099 2699 1284 2770 lapide
1310 2697 1527 2769 jaspide
1546 2712 1669 2752 esse

73 2807 431 2866 constructos,
465 2798 638 2869 ipsam
696 2812 829 2852 vero
872 2794 1149 2850 civitatem
1204 2808 1337 2847 auro
1384 2790 1588 2846 mundo
1615 2801 1670 2845 et

75 2894 207 2949 vitro
247 2893 456 2948 mundo
504 2892 643 2948 dixit
684 2906 809 2948 esse
865 2888 1137 2954 similem;
1194 2903 1290 2957 per
1338 2886 1664 2941 viriditatem

73 3004 295 3060 namque
316 2988 555 3061 jaspidis
575 2988 711 3043 tides
738 2986 1056 3057 designatur
1082 3003 1093 3038 :
1124 2982 1507 3055 perjaspidem
1536 2996 1667 3053 ergo

68 3084 218 3157 582
245 3084 528 3155 simplices
556 3082 755 3155 quique
782 3090 837 3137 et
866 3079 1172 3151 imperfecti
1201 3078 1299 3135 viri
1331 3094 1439 3134 non
1472 3078 1664 3133 incon-

66 3179 340 3233 venienter
366 3176 766 3249 designantur;
806 3176 895 3247 qui
923 3174 1027 3230 lide
1058 3174 1361 3239 salvantur,
1405 3172 1544 3227 sicut
1583 3171 1663 3226 di-

65 3272 131 3327 cit
147 3272 618 3343 pr0pheta:Justus
636 3282 803 3325 autem
818 3272 871 3324 in
884 3271 987 3341 ﬁde
1003 3287 1094 3324 sua
1116 3271 1242 3323 vivet
1261 3268 1555 3339 (Habeant,
1581 3266 1659 3335 4).
1694 3260 1737 3322 C

66 3362 238 3419 Sancti
268 3376 453 3421 autem
483 3374 539 3421 et
565 3364 793 3436 perfecti
820 3363 945 3429 viri,
977 3365 1067 3433 qui
1118 3378 1214 3433 per
1252 3362 1529 3417 civitatem
1569 3358 1665 3415 de-

66 3454 366 3529 signantur,
399 3473 538 3514 auro
577 3456 783 3513 tnuudn
814 3471 920 3513 non
958 3456 1403 3512 iucainvenienter
1452 3451 1665 3507 assimi-

64 3551 270 3619 lantur;
304 3568 373 3609 eo
418 3552 567 3625 quod
620 3561 675 3608 et
730 3550 997 3621 sapientia
1050 3548 1254 3605 fuerint
1281 3547 1497 3619 repleti,
1545 3561 1664 3616 qua:

62 3662 153 3719 per
177 3663 371 3704 aurum
403 3663 556 3718 smpe
603 3648 895 3719 ﬁguratur,
940 3656 995 3702 et
1038 3646 1274 3703 diversis
1302 3643 1667 3699 tribulationi-

60 3739 155 3794 bus
180 3740 418 3810 probati,
453 3741 596 3796 sicut
622 3756 812 3795 aurum
843 3739 986 3811 quod
1012 3756 1108 3809 per
1151 3740 1327 3811 ignem
1378 3745 1661 3809 purgatur.

60 3831 159 3889 Per
188 3835 391 3890 vitrum
421 3848 556 3890 vero
583 3834 867 3899 mundum,
896 3834 1039 3905 quod
1069 3834 1266 3887 clarius
1298 3842 1382 3888 est
1412 3830 1665 3887 omnibus

59 3927 311 3993 metallis,
340 3927 527 3999 angeli
551 3926 929 3998 designantur,
958 3941 1095 3997 quos
1121 3925 1263 3981 nulla
1296 3925 1504 3981 macula
1542 3938 1663 3995 pec-

56 4020 157 4075 cati
188 4037 453 4093 umquam
479 4021 765 4077 sordidare
791 4022 982 4093 potuit.
1200 4030 1203 4031 '

122 4112 305 4185 (Vcrs.
342 4114 465 4184 19.)
493 4112 856 4168 Fundamenta
883 4114 1025 4168 muri
1049 4112 1270 4167 ciuitatis
1304 4113 1445 4166 omni
1485 4110 1662 4180 lapide

56 4208 272 4275 pretioso
326 4216 541 4263 ornata.
600 4207 866 4279 Superius
930 4206 1167 4262 diximus
1227 4221 1321 4276 per
1370 4205 1658 4261 duodecim

55 4298 409 4357 fundamenta
462 4300 748 4357 duodecim
803 4301 1079 4371 apostolos
1124 4315 1246 4356 esse
1304 4300 1660 4371 designatos:

53 4404 147 4460 per
169 4392 387 4463 lapides
404 4404 591 4449 autem
619 4394 889 4465 pretiosos
915 4409 1108 4450 omnes
1130 4394 1263 4465 justi
1285 4394 1658 4465 designantur.

57 4485 352 4545 Duodecim
396 4503 537 4560 ergo
564 4487 914 4545 fundamenta
961 4488 1247 4544 duodecim
1276 4488 1545 4559 lapidibus
1570 4504 1662 4545 or-

57 4584 365 4652 nabuntur;
424 4586 551 4656 quia
604 4585 655 4639 in
710 4584 802 4640 illa
836 4582 1171 4639 beatitudine
1201 4582 1432 4653 apostoli
1463 4593 1518 4638 et
1547 4598 1658 4640 ca:-

56 4678 153 4732 teri
187 4679 592 4749 praedicatores
622 4693 718 4747 pro
745 4684 1074 4732 ornamento
1104 4676 1381 4733 habebunt
1420 4693 1541 4746 eos,

50 4785 145 4840 per
197 4788 295 4827 eos
344 4771 735 4838 crediderunt,
784 4771 1040 4842 quOniam
1094 4785 1193 4840 pro
1240 4770 1349 4825 illis
1407 4771 1664 4827 omnibus

50 4864 364 4921 mercedem
396 4864 690 4935 recipient.

125 4957 561 5013 Fundamentum
606 4958 828 5028 primum
848 4956 1044 5027 jaspis.
1080 4954 1107 4995 δ
1136 4954 1319 5026 Jaspis
1360 4956 1549 5011 viridis
1599 4972 1664 5011 ac

48 5052 224 5120 pressi
246 5050 468 5106 coloris
493 5059 577 5105 est
604 5066 617 5103 :
647 5048 1110 5119 signiticatautem
1135 5046 1324 5101 tideles
1345 5046 1656 5115 saeculares,

48 5146 135 5215 qui
166 5161 197 5200 a
232 5145 388 5200 vitiis
418 5141 780 5207 abstinentes,
809 5138 1060 5210 quamvis
1087 5154 1281 5194 eorum
1315 5138 1583 5203 viriditas,
1609 5139 1661 5194 id

46 5248 129 5293 est
151 5237 318 5304 tides,
349 5251 426 5293 ex
451 5233 637 5290 mundi
660 5233 873 5289 actibus
900 5230 1293 5301 aliquantulum
1325 5231 1659 5296 obfuscetur;

47 5329 432 5401 elecmosynis
464 5339 649 5383 tamen
669 5335 726 5382 et
752 5324 972 5381 czeteris
990 5323 1383 5379 misericordiae
1410 5324 1664 5394 operibus

44 5435 276 5495 peccata
334 5437 442 5478 sua
495 5419 766 5476 redimere
797 5433 908 5473 non
939 5428 1185 5472 cessant.
1227 5415 1337 5473 Nec
1366 5416 1463 5471 abs
1492 5431 1553 5472 re
1582 5425 1667 5473 est

44 5517 192 5587 quod
224 5516 372 5572 tales
396 5514 454 5569 in
482 5514 659 5584 primo
682 5512 804 5568 loco
818 5520 1123 5583 ponantur:
1154 5510 1666 5580 apostolinamque,

114 5716 139 5743 ει
164 5706 327 5765 Gill.,
356 5714 406 5758 et
429 5716 603 5756 muros
624 5714 865 5755 mensura
886 5695 1111 5751 hominis
1133 5701 1205 5749 est
1226 5736 1240 5759 ,
1260 5693 1337 5748 vel
1359 5709 1652 5749 mensuram

39 5779 275 5835 hominis
302 5776 441 5830 dicit
472 5774 681 5843 angelos
711 5772 871 5842 fuisse
899 5777 1244 5843 mensuratos.
1274 5766 1503 5843 Romani
1539 5780 1660 5820 cor-

39 5858 345 5913 rexerunt,
367 5855 418 5901 et
440 5838 617 5898 muros
644 5838 893 5913 mensura
912 5839 1139 5895 hominis
1162 5856 1286 5903 esse,
1316 5838 1394 5913 vel
1420 5854 1659 5913 mensura

44 5922 297 5989 bominis,
332 5910 474 5984 etc.;
504 5916 598 5972 sed
632 5911 763 5971 mss.
794 5911 985 5970 melius
1017 5913 1195 5967 locum
1229 5910 1543 5966 restituunt.

1782 1975 2029 2045 ejusdem
2054 1977 2277 2043 coloris,
2297 1977 2392 2033 scd
2444 1979 2722 2048 nigrioris.
2753 1978 3021 2035 Videntur
3050 1979 3216 2034 etiam
3249 1978 3383 2034 mihi

1781 2086 1879 2142 per
1911 2070 2056 2127 hunc
2079 2072 2319 2143 lapidem
2361 2073 2655 2129 smculares
2691 2072 2910 2144 quidam
2942 2072 3044 2128 viri
3071 2072 3376 2143 designari,

1779 2164 2027 2221 cwlestin
2059 2164 2282 2237 quidem
2310 2166 2713 2229 desiderantes.
2743 2166 2839 2221 sed
2864 2167 2916 2221 in
2949 2166 3135 2221 saeculi
3167 2165 3382 2220 actibus

1780 2258 1957 2314 adhuc
1975 2260 2251 2330 occupati,
2279 2275 2343 2315 ex
2374 2274 2483 2331 qua
2513 2258 2873 2330 occupatione
2893 2256 3155 2328 quasdam
3194 2272 3377 2313 macu-

1780 2352 1860 2407 las
1886 2353 2216 2409 contrahere
2239 2352 2515 2409 videntur.
2541 2352 2642 2421 Qui
2691 2367 2791 2423 pro
2842 2367 2908 2408 eo
2936 2351 3081 2423 quod
3121 2351 3379 2407 omnibus

1776 2446 1925 2501 curis
1948 2446 2198 2502 ccelestia
2225 2456 2592 2516 anteponunt,
2622 2445 2746 2501 caeli
2780 2444 2982 2500 habere
3020 2444 3261 2499 colorem
3297 2442 3380 2496 di-

1775 2548 1975 2594 cuntur
2000 2557 2013 2593 :
2040 2539 2130 2610 qui
2163 2540 2215 2595 in
2240 2539 2482 2596 secundo
2506 2554 2736 2595 numero
2764 2540 2885 2595 ideo
2914 2548 3221 2611 ponuntur;
3246 2539 3376 2611 quia

1778 2633 1945 2687 Deum
1975 2649 2141 2701 super
2168 2635 2377 2702 omnia,
2411 2643 2464 2689 et
2490 2633 2769 2704 proximos
2815 2633 2958 2689 sicut
3012 2634 3221 2704 scipsos
3261 2640 3375 2688 stu-

1772 2726 1903 2783 dent
1925 2727 2175 2798 diligere.

1848 2844 2054 2901 Tertius
2113 2847 2503 2902 chalcedonius.
2558 2844 2964 2903 Chalcedonius
3007 2845 3233 2902 rubcum
3279 2844 3375 2899 ha-

1771 2935 1864 2991 bet
1884 2937 2147 3005 colorem,
2176 2937 2271 2993 sed
2297 2949 2477 2994 tamen
2524 2938 2837 3003 obscurum,
2871 2938 2975 2993 nisi
3021 2936 3269 2992 cavaudo
3296 2948 3377 2991 at-

1773 3038 2029 3084 tenuetur
2060 3048 2071 3082 :
2106 3030 2224 3100 ipsa
2249 3046 2380 3085 vero
2404 3032 2718 3086 concavitas
2748 3029 3179 3099 pulcherrimum
3223 3028 3377 3083 colo-

1768 3138 1886 3178 rem
1914 3132 1968 3178 et
1988 3124 2367 3195 gratissimum
2410 3124 2458 3179 ei
2482 3124 2717 3180 confert.
2752 3123 3039 3195 Signiﬁcat
3091 3134 3272 3177 autem
3322 3130 3381 3178 et

1769 3215 1875 3270 iste
1900 3215 2194 3273 saeculares
2224 3217 2489 3292 quosdam
2520 3218 2688 3285 viros,
2723 3218 3055 3287 qui_qu:mla:
3074 3216 3382 3271 sanctitatis

1771 3320 1897 3366 ante
1924 3313 2329 3383 persecutionis
2362 3321 2575 3385 tempus
2626 3313 2857 3379 fuerint,
2891 3312 3141 3367 homines
3170 3311 3325 3366 latuit
3358 3329 3371 3365 :

1768 3404 1865 3461 sed
1912 3421 1940 3459 a
1982 3407 2431 3477 persecutoribus
2483 3407 2595 3462 suis
2651 3407 2882 3462 diversis
2934 3404 3376 3461 tribulationibus

1768 3500 2055 3565 attenuati,
2094 3508 2331 3570 quantus
2361 3499 2625 3570 splendor
2664 3498 2972 3553 sanctitatis
3006 3499 3057 3552 in
3099 3497 3373 3551 cislatttc—

1768 3593 1860 3661 rit,
1890 3594 2102 3649 cunctis
2128 3594 2298 3664 patuit
2333 3612 2344 3649 :
2376 3594 2467 3664 qui
2514 3610 2621 3647 non
2648 3593 3099 3647 inconvenienter
3128 3591 3179 3645 in
3216 3593 3378 3646 tertio

1768 3684 1890 3740 loco
1929 3694 2238 3756 ponuntur;
2272 3700 2337 3739 eo
2360 3684 2577 3756 quodin
2622 3682 2975 3739 confessione
3012 3690 3214 3737 sancta.-
3253 3680 3376 3735 Tri-

1768 3777 1955 3831 nitatis
1983 3777 2363 3847 perdurantes,
2404 3776 2469 3831 ad
2504 3775 2757 3848 martyrii
2797 3776 3036 3848 palmam
3087 3773 3375 3845 pervenire

1768 3870 2093 3926 meruerint.

1842 3991 2069 4059 Quartus
2099 3992 2430 4063 smaragdus.
2465 3991 2693 4046 Eximim
2733 3987 3164 4063 pulchritudinis
3210 3996 3375 4060 atque

1766 4085 2059 4140 viriditatis
2078 4095 2183 4151 est,
2211 4085 2263 4140 in
2286 4093 2494 4141 tantum
2528 4096 2585 4141 ut
2613 4101 2673 4141 ea
2696 4101 2815 4157 qua:
2834 4085 2975 4140 circa
3006 4099 3065 4140 se
3093 4093 3244 4148 sunt,
3267 4098 3370 4139 sua

1768 4179 2043 4237 viriditate
2065 4180 2289 4235 inliciat.
2323 4179 2605 4252 Signiﬁcat
2630 4190 2809 4236 autem
2841 4179 3226 4250 prtedicatores
3252 4193 3376 4234 san-

1766 4282 1902 4339 ctos,
1956 4274 2048 4344 qui
2100 4274 2313 4329 et'ﬁde
2360 4274 2604 4343 virides,
2656 4284 2709 4329 et
2750 4274 3039 4329 virtutibus
3081 4273 3329 4343 praeclari
3358 4314 3375 4341 ,

1767 4369 2118 4439 splendorem
2176 4386 2293 4426 suae
2352 4369 2475 4425 ﬁdei
2544 4370 2891 4441 pra‘dicaudo
2947 4370 3376 4439 circumquaque

1765 4472 2091 4531 Sparserunt
2120 4482 2131 4516 :
2162 4466 2253 4534 qui
2300 4464 2424 4519 ideo
2480 4464 2531 4517 in
2574 4473 2772 4536 quarto
2828 4463 2947 4518 loco
2976 4470 3275 4534 ponuntur.
3309 4478 3377 4515 eo

1765 4556 1909 4625 quod
1958 4556 2261 4611 doctrinam
2311 4556 2625 4629 Evangelii,
2660 4574 2779 4628 quae
2812 4558 2865 4611 in
2916 4568 3151 4628 quatuor
3205 4555 3376 4613 lihrns

1570 4679 1658 4749 qui
1689 4672 1743 4733 D
1769 4647 2057 4715 dividitur,
2087 4666 2186 4720 per
2218 4650 2391 4704 multa
2424 4651 2540 4705 lora
2570 4650 3095 4707 disseminaverunt.

1842 4762 2025 4835 (Vers.
2055 4763 2174 4836 20.)
2223 4765 2446 4833 Quintus
2486 4765 2764 4821 sardonix.
2798 4765 3073 4822 Sardunix
3108 4765 3376 4821 candidus

1766 4864 1873 4923 est,
1904 4856 1957 4911 in
1989 4858 2221 4914 rubenm
2246 4858 2491 4913 colorem
2518 4874 2817 4931 parumper
2845 4861 3134 4916 declinans
3164 4880 3176 4914 :
3210 4861 3381 4929 signi-

1766 4949 1895 5005 ﬁcat
1912 4956 2100 5006 autent
2117 4951 2401 5023 simplices
2415 4968 2662 5023 quosque
2680 4964 2733 5008 et
2758 4955 3079 5011 innocentes
3098 4953 3269 5018 viros,
3288 4956 3380 5024 qui

1767 5053 1992 5115 pr0pter
2010 5046 2135 5098 vitae
2164 5046 2450 5115 puritatem
2470 5061 2567 5115 per
2598 5047 2834 5117 lapidem
2864 5046 3160 5102 candidum
3191 5047 3373 5119 desig-

1768 5136 2096 5205 nantur.Qui
2116 5153 2215 5209 pro
2231 5154 2297 5193 eo
2310 5140 2454 5208 quod
2473 5139 2630 5212 vigila
2640 5141 2764 5202 ndo.
2767 5140 3375 5211 jejunando,abStiuen—

1765 5232 1859 5299 do,
1880 5247 1942 5287 ac
1967 5232 2201 5288 diversis
2218 5233 2399 5289 modis
2417 5249 2651 5304 corpora
2672 5250 2770 5290 sua
2790 5233 3379 5305 alﬂigendo,rnartyria

1766 5325 1869 5380 sibi
1919 5324 2235 5396 imponunt,
2286 5329 2441 5397 quasi
2488 5331 2734 5382 colorem
2766 5326 3001 5381 rubenm
3037 5324 3241 5381 habere
3292 5328 3380 5380 vi-

1767 5419 2013 5476 dentur:
2042 5422 2132 5491 qui
2161 5436 2270 5477 non
2310 5422 2765 5478 inconvenienter
2810 5422 2863 5477 in
2896 5422 3089 5491 quinto
3116 5420 3241 5476 loco
3282 5436 3378 5491 po-

1767 5525 2005 5583 nuntur;
2042 5532 2138 5588 per
2181 5518 2492 5589 quinarium
2526 5518 2672 5573 enim
2704 5530 2991 5571 numerum
3035 5523 3182 5587 saepe
3212 5519 3377 5589 quin-

1833 5695 1861 5771 ξ)
1886 5697 1961 5753 Ita
1981 5713 2141 5764 mss.;
2168 5697 2299 5753 edit.
2327 5706 2536 5764 autem,
2566 5694 2747 5767 Jaspis
2776 5711 2894 5752 vero
2917 5697 3121 5763 viridis,
3140 5714 3201 5752 ac
3225 5699 3379 5771 spissi

1767 5769 1959 5825 coloris
1995 5780 2090 5826 est.

1770 5785 1796 5821 c
1831 5780 1849 5823 t
1923 5780 1933 5783 '
2077 5812 2090 5826 ,

1770 5780 2090 5925 ,οξῃὸῖηξῗε
2118 5840 2277 5911 edit.,
2312 5841 2477 5896 Deum
2503 5841 2810 5907 imitantur;
2840 5856 3033 5899 omnes
3066 5854 3225 5908 mss.,
3256 5841 3382 5897 istos

1763 5922 2053 5968 imitantur.
