4054 6328
546 339 651 398 955
1481 337 1574 394 AD
1609 335 1842 396 OPERA
1880 332 2128 395 SANCTI
2166 329 2495 393 AMBROSII
2534 333 2901 395 APPENDIX.
3758 336 3859 394 956

545 471 650 528 quc
688 471 887 513 sensus
929 457 1177 529 corporis
1211 465 1235 496 ι
1263 453 1646 528 designantur.
1688 454 1889 510 Beatus
1929 463 2146 524 quoque
2173 449 2227 511 A
2251 449 2579 520 probantur;
2613 460 2667 508 et
2717 466 2816 524 per
2842 451 3035 508 activae
3077 452 3202 507 vita:
3255 449 3546 507 exercitia.
3596 451 3862 508 Videntur

555 549 862 620 Gregorius
905 548 1058 615 dicit,
1111 550 1240 620 quia
1267 563 1366 620 per
1410 547 1651 620 quinque
1679 545 1929 617 corporis
1953 556 2154 600 sensus
2258 540 2442 614 itaque
2493 545 2626 600 mihi
2679 560 2776 616 per
2830 543 3069 616 lapidem
3125 545 3403 616 tapazium
3461 546 3497 601 ii
3545 545 3860 618 designari,

0 3783 4 3978 ᾧ

557 642 900 697 exteriorum
949 641 1182 696 scientia
1226 641 1584 711 designatur:
1615 649 1672 695 et
1696 639 1820 710 quia
1874 637 1963 692 isti
2001 645 2159 692 exte-

549 734 756 790 riorum
788 734 1077 790 scientiam
1111 749 1277 806 quam
1336 739 1733 805 perceperunt,
1789 731 1911 785 aliis
1955 728 2154 800 imper-

554 829 657 884 tire
713 828 1073 894 studuerunt,
1107 839 1262 885 recte
1298 829 1352 884 in
1402 826 1638 884 tcdiiicio
1665 826 1909 884 civitatis
1949 831 2156 880 sanctte

555 922 805 994 quintum
820 922 1004 978 locum
1025 921 1299 978 obtinent.

631 1015 827 1073 Sextus
857 1015 1090 1070 sardius.
1138 1014 1366 1073 Sardius
1391 1013 1522 1070 fulvi
1550 1013 1756 1069 coloris
1799 1020 1906 1079 est,
1935 1009 2028 1082 qui
2051 1021 2159 1085 pro

563 1123 632 1164 eo
662 1107 807 1180 quod
840 1109 893 1164 in
941 1108 1307 1164 rubicundum
1359 1107 1597 1163 colorem
1628 1104 2025 1176 aliquantulum
2067 1103 2162 1158 de-

557 1204 763 1259 clinare
811 1203 1054 1269 videtur,
1085 1216 1383 1275 parumper
1413 1201 1766 1257 obscuratur.
1802 1198 1907 1254 Per
1953 1197 2158 1253 fulvum

557 1299 744 1369 itaque
795 1298 1076 1367 colorem,
1116 1297 1208 1368 qui
1265 1309 1436 1353 aureo
1480 1293 1664 1350 colori
1711 1291 2157 1365 appropinquat,

561 1391 944 1448 tribulationes
974 1405 1108 1462 quas
1154 1389 1329 1446 sancti
1371 1389 1442 1443 ab
1489 1386 1741 1443 hostibus
1787 1386 2157 1457 pertulerunt,

561 1487 926 1558 designantur
952 1502 965 1540 :
993 1485 1200 1541 rubens
1226 1497 1359 1539 vero
1374 1482 1528 1538 color
1549 1479 1873 1554 martyrium
1890 1479 2155 1551 designat.

561 1580 666 1636 Per
687 1579 934 1636 sardium
967 1579 1132 1650 igitur
1163 1578 1338 1633 sancti
1380 1585 1436 1632 et
1469 1574 1697 1647 perfecti
1742 1575 1842 1630 viri
1870 1573 2161 1646 designan-

569 1683 677 1740 tur,
713 1672 806 1745 qui
836 1682 959 1744 post
998 1671 1394 1743 experientiam
1428 1671 1670 1726 omnium
1724 1669 2011 1734 virtutum,
2041 1677 2164 1736 post

561 1766 811 1824 diversas
837 1766 1272 1836 persecutiones,
1308 1775 1429 1835 post
1457 1764 1710 1818 immania
1743 1771 2008 1818 tormenta
2039 1777 2160 1833 qua:

2259 647 2283 675 ο
2313 637 2403 708 qui
2455 639 2604 708 prius
2654 653 2752 709 per
2799 639 2996 694 activae
3027 637 3152 693 vitae
3197 652 3369 710 opera
3415 638 3777 710 probantur;
3814 648 3864 694 et

2256 739 2444 801 postea
2479 738 2766 787 transeunt
2791 730 2859 786 ad
2885 731 3392 802 contemplativam.
3425 731 3524 787 llle
3546 733 3696 787 enim
3719 747 3864 788 com-

2259 825 2462 896 petenti
2493 825 2660 897 gradu
2703 825 2772 884 ad
2800 827 3288 898 contemplativam
3321 828 3488 883 vitam
3519 827 3862 894 conscendit,

2256 919 2348 990 qui
2380 919 2527 990 prius
2561 933 2658 991 per
2693 921 2888 976 activae
2915 921 3048 976 vita!
3075 921 3342 977 exercitia
3376 919 3646 991 probatus
3682 921 3863 986 fuerit;

2259 1025 2383 1067 nam
2410 1013 2500 1084 qui
2533 1013 2720 1069 subito
2754 1013 2823 1069 ad
2853 1014 3298 1085 contemplativa:
3325 1015 3454 1070 vitae
3482 1015 3866 1072 celsitudinem

2259 1105 2381 1162 sine
2429 1107 2714 1162 exercitiis
2751 1107 2946 1163 activa:
2996 1108 3120 1163 vitm
3172 1108 3388 1176 transit,
3445 1107 3605 1164 facile
3647 1108 3865 1165 labitur.

2259 1198 2416 1268 Quod
2472 1207 2658 1256 autem
2700 1198 2788 1255 hic
2831 1199 2973 1270 lapis
3023 1199 3211 1256 radios
3261 1213 3391 1256 suos
3437 1200 3868 1272 circumquaque

2261 1304 2518 1362 spargere
2542 1289 2766 1361 dicitur,
2805 1292 3086 1364 significat
3113 1292 3241 1349 illos
3271 1292 3452 1360 viros,
3475 1293 3569 1364 qui
3607 1307 3708 1361 per
3750 1309 3867 1350 eum

2259 1383 2644 1455 designantur,
2685 1393 2742 1441 et
2789 1384 2860 1440 ad
2906 1386 3101 1442 activa
3130 1387 3258 1443 vitae
3296 1400 3464 1457 opera
3516 1385 3869 1457 pradicando

2261 1481 2463 1538 multos
2492 1481 2858 1555 pertraxisse,
2899 1491 2956 1538 et
2982 1482 3048 1539 ad
3081 1480 3526 1554 contemplativa:
3555 1484 3682 1538 vita:
3713 1483 3870 1539 celsi-

2265 1574 2508 1631 tudinem
2537 1576 2740 1631 multos
2787 1575 2953 1632 etiam
2997 1589 3186 1632 secum
3215 1577 3481 1632 duxisse:
3521 1576 3621 1646 qui
3653 1589 3770 1631 non
3795 1577 3872 1632 iu-

2261 1685 2503 1744 cOugrue
2547 1672 2603 1728 in
2661 1686 2810 1727 nono
2869 1671 2991 1726 loco
3044 1680 3362 1742 ponuntur;
3397 1679 3484 1726 ter
3528 1669 3676 1725 enim
3703 1677 3710 1680 ’
3739 1670 3870 1726 terni

2266 1765 2406 1820 fiunt
2433 1779 2650 1823 novem.
2683 1765 2871 1822 Sancti
2918 1779 3050 1837 ergo
3077 1764 3186 1821 viri
3214 1765 3306 1836 qui
3349 1774 3583 1837 propter
3627 1779 3870 1821 amorem

565 1859 635 1915 ab
665 1858 903 1915 inimicis
933 1858 1302 1931 pertulerunt,
1353 1855 1421 1912 ad
1454 1855 1699 1927 martyrii
1749 1856 1984 1926 palmam
2037 1870 2158 1926 per-
2188 1846 2464 1920 Bsanctm
2510 1860 2800 1916 Trinitatis
2854 1861 2910 1917 in
2957 1860 3156 1917 activa:
3203 1861 3333 1916 vitae
3394 1861 3557 1917 bonis
3613 1861 3872 1932 cperibus

562 1955 754 2010 venire
807 1953 1281 2024 merueruntzqui
1334 1967 1441 2007 non
1494 1953 1809 2022 iucougrue_
1837 1950 1891 2005 in
1941 1950 2161 2006 senario

564 2063 815 2115 numero,
857 2049 948 2120 qui
998 2047 1274 2119 perfectus
1305 2054 1412 2113 est,
1445 2052 1755 2117 ponuntur;
1783 2044 1910 2116 quia
1952 2051 2008 2099 et
2052 2042 2159 2099 vir-

563 2143 770 2198 tutihus
803 2141 1031 2213 perfecti
1075 2141 1432 2205 exstiterunt,
1463 2147 1520 2195 et
1561 2137 1734 2208 ipsam
1770 2135 2157 2208 perfectionem

564 2237 830 2308 martyrio
858 2243 1210 2292 ornaverunt.

635 2331 904 2404 Septimus
928 2330 1306 2403 chrysolillms.
1339 2328 1724 2401 Cltrysolithus
1757 2337 1909 2384 totus
1959 2339 2162 2383 aureus

562 2431 667 2491 est,
698 2434 754 2480 et
796 2438 944 2496 saepe
987 2439 1083 2495 per
1130 2438 1322 2480 aurum
1374 2423 1640 2493 sapientia
1675 2421 2021 2491 designatur.
2056 2420 2162 2478 Per

561 2518 964 2588 chrysolithum
1006 2531 1140 2589 ergo
1166 2518 1443 2588 sapientes
1474 2517 1525 2571 in
1558 2515 1805 2573 Ecclesia
1836 2515 1937 2570 viri
1966 2514 2163 2586 desig-

564 2619 785 2677 nantur,
815 2612 906 2682 qui
938 2619 1169 2682 propter
1198 2609 1468 2680 fulgorem
1513 2608 1798 2680 sapientiae
1827 2606 1978 2664 aurei
2021 2606 2161 2680 apud

565 2704 818 2760 homines
867 2713 1017 2760 recte
1069 2703 1175 2759 dici
1233 2712 1462 2774 possunt
1507 2721 1519 2758 :
1557 2703 1648 2774 qui
1691 2712 2060 2774 congruenter
2105 2702 2162 2758 in

561 2797 798 2870 septimo
825 2797 948 2853 loco
976 2805 1284 2869 ponuntur;
1334 2810 1402 2852 eo
1434 2795 1582 2869 quod
1614 2802 1824 2865 septem
1854 2793 2018 2850 donis
2043 2793 2166 2866 Spi-

562 2895 703 2950 ritus
742 2891 921 2948 sancti
965 2891 1186 2964 repleti,
1241 2890 1445 2947 multos
1485 2888 1669 2945 verbis
1695 2898 1752 2946 et
1799 2887 2068 2961 exemplis
2097 2889 2167 2950 ab

563 2986 850 3058 iniquitate
881 2987 1201 3043 everterint.

639 3081 866 3137 Octavus
910 3081 1160 3153 beryllus.
1217 3081 1468 3155 Beryllus
1510 3078 1728 3138 eximia:
1767 3078 2028 3134 claritatis
2059 3087 2161 3141 est.

565 3176 860 3230 cteruleum
915 3174 1162 3230 colorem
1220 3173 1431 3230 habens
1503 3172 1846 3239 admixtum;
1899 3169 2168 3243 significat

2265 1956 2416 2025 prius
2461 1954 2768 2028 afﬂigentes
2817 1957 3184 2028 semetipsos,
3217 1956 3335 2012 suis
3387 1955 3874 2014 exhortationibus

2264 2063 2642 2120 quoscumque
2669 2058 2990 2120 potuerunt,
3029 2049 3098 2106 ad
3148 2063 3306 2106 suam
3336 2048 3713 2106 imitationem
3759 2065 3876 2122 per-

2263 2150 2590 2209 traxerunt;
2626 2149 2684 2198 et
2727 2144 2926 2199 iterum
2975 2143 3044 2198 ad
3093 2143 3576 2216 contemplandam
3629 2143 3871 2215 ejusdem

2237 2243 2470 2290 sanctae
2491 2234 2775 2291 Trinitatis
2803 2234 3150 2292 divinitatem
3177 2235 3642 2301 conscendentes,
3671 2236 3872 2292 multos

2265 2344 2450 2384 secum
2500 2329 2896 2400 perduxerunt,
2946 2345 3053 2386 non
3108 2330 3566 2387 inconvenienter
3620 2329 3678 2385 in
3735 2344 3874 2387 nono

2266 2423 2384 2479 loco
2413 2430 2734 2494 ponuntur;
2769 2437 2836 2479 eo
2883 2423 3027 2494 quod
3075 2423 3344 2479 talentum
3381 2421 3534 2495 quod
3577 2438 3611 2478 a
3643 2423 3875 2480 Domino

2265 2525 2656 2589 perceperunt,
2703 2532 2811 2572 non
2847 2519 3026 2574 solum
3057 2517 3510 2590 duplicaverunt,~
3547 2518 3650 2574 sed
3693 2527 3756 2574 et
3783 2518 3876 2574 tri-

2267 2614 2626 2686 plicaverunt.

2341 2707 2582 2762 Decimus
2629 2708 3023 2781 chrysoprasus.
3055 2706 3473 2780 Chrysoprasns
3504 2707 3654 2779 lapis
3691 2708 3876 2766 viridis

2265 2803 2531 2872 aureique
2558 2804 2763 2858 coloris
2787 2817 2912 2859 esse
2963 2801 3288 2874 perhibetur
3321 2819 3336 2857 :
3363 2801 3462 2874 qui
3494 2817 3598 2874 pro
3629 2818 3698 2858 eo
3736 2804 3874 2873 quod

2265 2895 2318 2950 in
2345 2895 2557 2951 decimo
2588 2896 2710 2951 loco
2740 2897 2984 2967 ponitur,
3008 2909 3300 2966 possumus
3330 2907 3428 2966 per
3454 2909 3582 2951 eum
3607 2896 3874 2966 quosdam

2266 2990 2522 3046 ductores
2549 2988 2810 3045 Ecclesiae
2841 2987 3176 3060 intelligere,
3224 2987 3318 3059 qui
3368 2995 3425 3044 et
3454 2986 3651 3044 verbis
3675 2988 3732 3044 in
3761 3002 3878 3044 cor-

2269 3085 2495 3157 poribus
2545 3085 2709 3156 positi
2757 3084 2959 3142 multos
3011 3085 3339 3149 docuerunt,
3371 3095 3425 3140 et
3469 3084 3646 3140 multo
3695 3084 3878 3155 plures

2266 3179 2387 3236 suis
2409 3179 2632 3250 scriptis
2667 3179 2990 3236 erudierunt
3036 3176 3060 3216 τί
3087 3187 3144 3234 et
3192 3178 3454 3236 erudiunt
3495 3179 3773 3247 quotidie,
3822 3189 3876 3235 ut

563 3279 746 3325 autem
775 3283 929 3341 Ριπω
961 3267 1084 3324 Vim
1117 3268 1397 3336 homines.
1423 3277 1478 3324 ei
1525 3282 1555 3324 ³
1585 3267 1774 3325 εωθιιιί
1815 3265 2024 3322 auibus
2066 3280 2163 3338 Per
2189 3262 2234 3326 C
2271 3273 2490 3330 fuerunt
2539 3272 2944 3345 Hieronymus,
3016 3273 3391 3343 Augustinus,
3465 3272 3775 3343 Gregorius
3823 3282 3878 3330 et

567 3364 751 3419 omnia
792 3363 1006 3418 alienos
1036 3379 1049 3417 :
1079 3364 1171 3434 qui
1226 3378 1294 3420 ne
1335 3363 1642 3420 claritatem
1687 3363 1810 3418 vitae
1839 3376 1956 3418 suae
1985 3361 2165 3436 aliquo

569 3457 732 3512 modo
759 3457 1121 3526 macularent,
1146 3458 1309 3513 etiam
1336 3473 1366 3512 a
1397 3457 1678 3514 consortio
1712 3466 2033 3515 caaterorum
2066 3455 2163 3511 ho-

570 3550 778 3605 miuum
809 3551 1146 3622 sequestrari
1202 3551 1493 3606 voluerunt
1526 3568 1539 3604 :
1572 3565 1803 3621 quorum
1848 3549 2065 3606 claritas
2107 3549 2161 3606 in

568 3647 866 3702 caeruleum
918 3646 1160 3702 colorem
1214 3645 1551 3711 vertebatur;
1581 3645 1704 3716 quia
1759 3644 1900 3701 caelo
1945 3658 2165 3715 semper

569 3741 819 3807 intenti,
879 3740 1184 3812 angelicam
1238 3741 1401 3796 vitam
1455 3741 1596 3795 inter
1650 3739 1899 3795 homines
1946 3737 2165 3798 duxisse

565 3836 1034 3907 comprobantur:
1067 3839 1159 3908 qui
1214 3849 1328 3893 non
1381 3836 1834 3894 int-onvenienlcr
1879 3836 1930 3891 in
1971 3843 2164 3892 octavo

569 3932 691 3988 loco
721 3928 1086 4003 ponuntur;b
1120 3930 1202 3986 bis
1235 3944 1471 4001 namque
1519 3929 1770 4000 quaterni
1822 3927 1958 3983 ﬁunt
2014 3937 2160 3983 octo.

569 4025 990 4096 Quaternarium
1055 4025 1239 4098 itaque
1292 4040 1578 4082 numerum
1629 4024 1718 4080 isti
1770 4023 2162 4093 impleverunt;

568 4122 690 4192 quia
719 4119 1001 4193 Evangelii
1046 4134 1377 4192 praeceptum
1410 4121 1581 4177 secuti
1623 4129 1774 4187 sunt,
1805 4120 1948 4194 quod
1989 4120 2120 4178 dicit
2149 4139 2160 4174 :

579 4214 742 4284 Vade,
775 4216 938 4270 vende
979 4216 1154 4270 omnia
1183 4232 1298 4285 qute
1320 4215 1499 4281 habes,
1555 4225 1604 4270 et
1631 4215 1698 4268 da
1730 4215 2070 4286 pauperibus,
2119 4224 2166 4269 et

569 4307 776 4364 habebis
809 4310 1112 4365 thesaurum
1135 4310 1190 4364 in
1211 4310 1361 4378 caelo,
1381 4319 1430 4365 et
1456 4310 1590 4377 veni,
1618 4325 1826 4380 sequere
1845 4325 1923 4362 me
1944 4306 2161 4382 (Matth.

570 4417 685 4474 xix,
725 4401 840 4475 2i).
893 4400 1316 4470 Quaternarium
1373 4417 1660 4458 numerum
1711 4399 2162 4478 duplicaverunt;

567 4495 694 4567 quia
717 4495 784 4550 ad
817 4495 978 4572 583
1009 4493 1151 4550 idem
1177 4491 1535 4567 perfectionis
1556 4494 1772 4550 culmen
1802 4492 2002 4549 multos
2027 4492 2165 4550 alios

565 4603 750 4646 secum
782 4588 1157 4646 conscendere
1180 4596 1491 4645 suaserunt.

2270 3370 2425 3425 multi
2475 3369 2593 3432 alii;
2641 3368 2731 3438 qui
2777 3365 2944 3422 etiam
2973 3375 3027 3422 et
3068 3365 3271 3420 Iumina
3301 3365 3564 3421 Ecclesia:
3597 3375 3750 3422 recte
3773 3365 3878 3422 dici

2271 3474 2527 3536 possunt:
2559 3462 2648 3534 qui
2681 3477 2778 3534 per
2815 3461 3060 3517 viridem
3113 3470 3166 3516 et
3218 3475 3443 3516 aureum
3489 3461 3736 3516 colorem
3783 3459 3878 3517 de-

2267 3560 2575 3632 signantur;
2599 3574 2668 3615 co
2689 3557 2836 3630 quod
2882 3556 3164 3612 viriditate
3217 3555 3339 3611 fidei
3367 3554 3581 3612 fuerint
3617 3554 3782 3621 limi,
3823 3563 3878 3610 et

2267 3654 2560 3724 sapientia,
2618 3661 2679 3708 ut
2727 3665 2920 3707 aurum
2975 3649 3193 3721 fulgidi.
3245 3649 3353 3704 Per
3404 3649 3704 3703 denarium
3748 3661 3880 3704 vero

2269 3763 2558 3804 numerum
2585 3755 2742 3801 vetus
2767 3745 3203 3808 Testamentum,
3247 3751 3473 3814 propter
3505 3741 3701 3798 decem
3731 3742 3879 3800 vide-

2267 3840 2396 3895 licet
2424 3849 2694 3910 przeccpta
2722 3834 2905 3906 Legis,
2943 3848 3237 3907 possumus
3271 3833 3606 3906 intelligere.
3655 3834 3727 3890 Et
3749 3834 3875 3905 quia

2268 3941 2425 3988 vetus
2463 3932 2876 3987 Testamentum
2933 3930 3052 3984 sine
3086 3927 3334 3983 doctrina
3364 3927 3492 3984 novi
3537 3926 3876 3983 Teatamenti

2271 4028 2452 4083 nullus
2479 4026 2786 4097 intelligere
2809 4033 3009 4098 potest,
3028 4037 3098 4080 eo
3118 4022 3263 4094 quod
3287 4022 3555 4092 spiritalis
3571 4023 3889 4094 intelligens

2270 4119 2344 4175 tia
2395 4120 2449 4174 in
2503 4119 2674 4175 veteri
2725 4117 3082 4173 Testamento
3132 4115 3268 4171 nihil
3343 4115 3411 4170 sit
3468 4115 3663 4181 aliud,
3713 4129 3874 4186 quam

2269 4227 2470 4268 novum
2491 4210 2932 4275 Testamentum;
2960 4225 3068 4266 non
3092 4210 3546 4267 ineonvenienter
3573 4211 3630 4266 in
3659 4210 3878 4268 decimo

2270 4305 2395 4362 loco
2421 4316 2719 4377 ponuntur,
2743 4319 2810 4361 eo
2830 4304 2974 4376 quod
2995 4304 3279 4360 scientiam
3305 4306 3515 4360 veteris
3537 4303 3879 4361 Testameuti

2269 4417 2333 4458 ac
2361 4405 2483 4458 novt
2516 4401 2888 4472 plenissimam
2923 4397 3238 4456 habuerint.
3269 4398 3577 4455 PosSumus
3615 4409 3676 4455 et
3710 4399 3880 4456 dena-

2269 4497 2410 4552 rium
2465 4509 2746 4552 numerum
2788 4493 2955 4550 aliter
2993 4492 3317 4562 iutelligere;
3365 4491 3630 4548 denarius
3681 4491 3878 4564 quippe

2270 4605 2532 4646 numerus
2563 4588 2758 4644 dividit
2781 4597 2837 4644 et
2861 4587 3104 4653 ordinat,
3134 4596 3190 4642 et
3214 4587 3430 4657 perlicit
3459 4599 3661 4642 omnes
3684 4601 3874 4642 unme-

637 4681 822 4739 Nonus
873 4683 1126 4752 topazius.
1168 4683 1444 4754 Topazius
1483 4684 1612 4740 aerei
1663 4683 1924 4758 aureique
1963 4669 2240 4741 colorisD
2268 4697 2386 4739 ros:
2413 4681 2488 4736 ita
2519 4689 2576 4738 et
2607 4680 2695 4736 isti
2731 4680 3043 4735 diviserunt
3084 4677 3499 4750 quodammodo
3537 4677 3873 4750 Scripturas,

564 4791 690 4834 esse
717 4776 937 4840 dicitur,
987 4777 1150 4846 juhar
1197 4791 1355 4832 suum
1408 4778 1836 4848 circumquaque
1877 4792 2163 4851 spargens.

538 4870 724 4942 ,Satpe
761 4885 861 4943 per
880 4885 1071 4926 aurum
1102 4869 1317 4941 probati
1342 4870 1464 4938 viri,
1498 4870 1591 4941 qui
1631 4871 1756 4942 igne
1799 4869 2166 4928 tribulationis

563 4963 891 5033 probantur,
934 4962 1329 5033 designantur;
1377 4962 1620 5034 ipszequc
1667 4961 2049 5018 tribulationes
2084 4963 2168 5018 di-

564 5070 739 5112 verstc
767 5064 918 5122 sunt;
962 5055 1255 5128 aliquando
1302 5071 1536 5126 namque
1577 5057 1750 5110 sancti
1802 5056 1902 5111 viri
1933 5056 2168 5113 diversis

563 5149 954 5205 teutationibus
975 5163 1159 5220 quasa
1201 5149 1541 5205 daemonibus
1581 5151 1880 5221 patiuntur,
1926 5149 2164 5222 proban-

564 5251 690 5297 tur:
744 5241 1174 5313 aliquando‘per
1221 5241 1628 5308 tribulationes,
1670 5257 1792 5313 quae
1820 5233 1908 5297 eis
1940 5257 1969 5296 a
2007 5241 2166 5298 malis

566 5334 881 5391 hominibus
934 5335 1286 5407 ingeruntur;
1322 5334 1618 5406 aliquando
1665 5349 1765 5406 per
1810 5333 2161 5403 afﬂictiones,

562 5444 700 5499 quas
728 5429 832 5502 ipsi
862 5429 968 5487 sibi
995 5431 1274 5502 ingerunt:
1305 5429 1597 5501 aliquando
1618 5427 1846 5500 ﬂagellis
1875 5427 1970 5483 Dei
1996 5427 2163 5484 etiam

641 5579 667 5606 α
697 5569 915 5625 Eaedem
943 5569 1099 5635 edit.,
1143 5571 1504 5644 designantur.
1550 5569 1685 5637 Quia
1712 5569 1870 5644 igitur
1897 5586 1989 5644 per
2014 5572 2165 5640 quin-

565 5658 663 5713 que
692 5658 868 5713 sensus
898 5645 1164 5712 corporis;
1196 5642 1385 5700 contra
1419 5656 1548 5697 vero
1577 5642 1758 5698 cuncti
1788 5655 1918 5696 mss.
1957 5643 2008 5697 in
2038 5657 2168 5698 nos-

570 5711 708 5770 tram
731 5711 1136 5769 restitutionem
1163 5713 1536 5769 consentiunt.

639 5784 790 5915 :Bis
833 5803 1055 5858 namque
1091 5788 1328 5860 quaterni
1379 5786 1506 5860 ﬁunt
1544 5795 1696 5856 octo,
1729 5801 1793 5844 ex
1824 5799 1956 5844 mss.
2005 5783 2167 5844 resti-

607 5875 636 5913 u
665 5872 772 5916 lill‘.

581 5867 860 6006 t“falsa.
893 5937 1058 6007 etiam
1085 5936 1338 6022 omnibus
1375 5931 1602 6022 debetur
1632 5933 1748 5992 hac
1775 5930 2048 6014 restitutio
2078 5946 2094 5992 :
2119 5931 2175 6019 in

2269 4791 2390 4832 cum
2419 4789 2512 4831 eas
2557 4772 2886 4845 exponendo
2916 4787 3015 4844 per
3041 4771 3344 4828 sententias
3395 4782 3451 4826 et
3497 4772 3672 4826 libros
3715 4773 3875 4843 parti.

2270 4871 2308 4924 ti
2340 4878 2498 4925 sunt:
2550 4866 2947 4923 ordinaverunt
2977 4881 3096 4932 eas,
3125 4880 3247 4921 cum
3275 4879 3464 4920 earum
3510 4865 3875 4921 obscuritates

2269 4970 2621 5034 aperuerunt;
2673 4971 2727 5016 et
2765 4976 2887 5032 qum
2937 4960 3253 5016 inordinata
3305 4957 3662 5023 videbantur,
3709 4975 3875 5030 quam

2271 5067 2479 5112 rectum
2511 5054 2758 5110 ordinem
2809 5053 3122 5120 habuerint,
3171 5051 3701 5107 manifestaverunt:
3750 5067 3854 5123 per

2271 5149 2516 5206 fecerunt
2572 5160 2797 5216 autem,
2855 5162 2976 5202 cum
3031 5159 3097 5201 ea
3122 5161 3244 5215 quae
3263 5145 3457 5199 deesse
3505 5143 3874 5208 videbantur,

2270 5242 2684 5313 suppleverunt.

2348 5334 2661 5390 Undecimus
2694 5334 3022 5407 hyacinthus.
3073 5331 3414 5404 Hyacinthus
3452 5331 3610 5403 cuius
3659 5332 3878 5404 species

2271 5429 2629 5506 hyacinthino
2657 5430 2825 5486 colori
2867 5443 3066 5486 nomen
3111 5418 3394 5499 imposuit,
3443 5428 3880 5499 pretiosissimis

2275 5571 2409 5627 edit.
2433 5570 2578 5625 enim
2610 5570 2915 5640 legebatur,
2962 5571 3047 5641 qui
3096 5587 3186 5638 per
3229 5571 3409 5624 artiore
3454 5571 3570 5626 vitae
3623 5585 3780 5640 apere
3807 5574 3884 5624 ad

2277 5642 2720 5726 con-temptaturum
2787 5642 2943 5698 vitam
3017 5643 3397 5708 conscendunt,
3446 5643 3537 5713 qui
3579 5644 3724 5711 prius
3777 5660 3880 5713 per

2369 5721 2381 5726 ’
2402 5732 2411 5756 ν

2278 5721 2671 5856 “315532;;
2705 5785 2838 5842 edit.
2864 5799 3024 5854 vero,
3052 5795 3098 5842 et
3120 5787 3382 5843 erudiunt.
3415 5785 3516 5856 Qui
3545 5786 3697 5840 etiam
3718 5795 3764 5840 et
3793 5788 3882 5840 lu-

2283 5858 2424 5937 mina
2447 5853 2794 5937 Ecclesiw....
2828 5877 2884 5918 eo
2906 5853 3041 5937 quod
3053 5861 3324 5937 viriditate
3369 5853 3510 5934 ﬁdei,
3540 5858 3781 5930 [imitate
3833 5867 3882 5916 et

2290 5932 2566 6009 rapientia,
2597 5943 2652 5992 ut
2681 5949 2864 6010 aurum
2891 5932 3080 6014 fulgidi
3105 5938 3330 6014 fuerunt.
3371 5932 3376 5934 ⁷
3711 5949 3714 5952 ’
