3950 6314
107 336 202 394 957

818 326 887 384 ΙΝ
925 323 1401 385 APOCALYPSIN
1445 323 1838 386 EXPOSITIO.
1883 328 1973 388 DE
2017 329 2291 391 VISIONE
2324 332 2646 394 SEPTIMA.

3277 337 3384 398 958

104 468 198 520 cst,
231 451 346 510 rmli
375 445 814 507 scrcnicolorcm
862 447 1093 513 habens,
1151 447 1295 504 sicut
1339 446 1675 519 sapphirus:
1709 450 1749 510 Α
1782 449 1878 505 sed
1910 448 2000 507 hic
2029 465 2127 522 per
2170 452 2406 524 plateam
2436 454 2672 512 civitatis
2715 465 2929 514 montes
2968 457 3236 515 ﬁdelium:
3290 473 3386 530 per

102 548 188 606 sed
216 547 307 602 ille
329 543 567 602 maculas
593 540 779 606 habet,
806 542 966 598 istius
988 541 1338 613 pulchritudo
1365 541 1532 598 nullis
1560 557 1678 598 ma-

103 640 230 696 culis
257 638 589 706 deturpatur.
624 633 906 706 Signiﬁcat
935 643 1119 691 autem
1165 646 1385 691 sanctos
1418 635 1568 690 viros
1607 634 1676 690 ab

98 733 330 791 omnibus
373 729 623 785 sordibus
649 739 997 798 peccatorum
1050 728 1282 794 alienos,
1317 737 1522 785 terram
1555 742 1677 783 cor-

97 825 324 899 poribus,
370 822 567 880 cmlum
601 821 874 878 mentibus
917 836 1140 894 semper
1175 821 1580 887 inhabitantes;
1607 820 1676 878 de

95 920 328 993 qualibus
365 918 461 974 fuit
489 915 812 988 Apostolus,
861 917 954 989 qui
982 917 1232 973 dicebat:
1267 915 1468 972 Nostra
1505 926 1676 972 autem

94 1012 392 1070 convasatis
436 1012 491 1066 iu
534 1010 673 1066 caelis
727 1009 850 1085 est(
905 1010 1108 1083 Philip.
1138 1028 1218 1077 ιιι,
1258 1011 1330 1067 20
1356 1011 1398 1084 ).
1432 1011 1536 1082 Qui
1567 1027 1674 1068 non

91 1109 516 1167 inconvenienter
567 1107 622 1162 in
666 1107 958 1164 undecimo
1009 1107 1135 1164 loco
1191 1117 1508 1178 ponuntur;
1578 1123 1676 1179 per

92 1205 265 1260 decem
319 1215 547 1272 namque
586 1199 814 1256 scientia
870 1199 1184 1257 divinarum
1237 1201 1672 1273 Scripturarum,

88 1297 217 1352 sicut
243 1292 488 1365 superius
508 1292 776 1361 diximus,
805 1293 918 1365 jam
941 1294 1293 1365 designatur:
1355 1309 1494 1349 unus
1540 1307 1672 1350 vero

90 1388 171 1460 qui
201 1386 386 1445 decem
416 1387 685 1457 sequitur,
715 1394 777 1441 ut
796 1386 1048 1443 undecim
1075 1387 1226 1454 ﬁant,
1257 1385 1326 1442 ad
1368 1386 1531 1441 unius
1572 1385 1670 1442 Dei

87 1481 584 1551 contemplationem
603 1479 862 1551 pertinet.
891 1480 984 1535 lsti
1002 1497 1134 1553 ergo
1153 1481 1330 1537 sancti
1351 1490 1376 1518 ει
1397 1481 1668 1538 decimum

89 1590 360 1632 numerum
410 1575 871 1646 compleverunt;
906 1577 1030 1648 quia
1089 1577 1320 1635 scientia
1361 1578 1670 1636 divinarum

88 1669 473 1739 Scripturarum
516 1671 735 1741 repleti,
769 1671 974 1728 multos
1027 1673 1140 1728 suis
1189 1672 1671 1743 praedicationibus

87 1763 147 1818 ad
191 1763 349 1817 vitam
401 1771 663 1820 aeternam
718 1764 1123 1836 perduxerunt:
1166 1771 1668 1823 unum'numerum

1777 558 1970 598 aurum
2004 559 2135 600 vero
2175 545 2479 614 mundum,
2519 557 2573 605 et
2599 551 2799 606 vitrum
2848 551 3186 622 perlucidum
3229 566 3388 608 mun-

1777 632 1915 690 ditia
1955 635 2220 692 mentium
2264 635 2550 694 hominum
2599 638 2954 712 designatur,
2998 651 3164 712 atque
3221 656 3386 714 ange-

1778 726 1992 793 lorum;
2053 729 2181 799 quia
2224 729 2373 786 sicut
2436 731 2505 787 ad
2574 742 2787 790 mentes
2852 735 3179 806 angelorum
3240 736 3388 793 nulla

1778 834 2031 890 umquam
2047 835 2182 877 vana
2202 821 2368 896 5“
2381 825 2640 894 cogitatio
2652 827 2920 884 accedere
2936 829 3130 898 potuit,
3155 843 3277 900 quae
3289 842 3386 885 eos

1777 915 2111 974 macularet:
2150 919 2220 973 ita
2250 927 2305 973 et
2330 920 2537 974 sanctis
2563 931 2686 991 post
2713 923 3181 981 resurrectionem
3226 925 3374 981 nulla

1778 1024 2030 1081 umquam
2083 1011 2293 1067 inutilis
2347 1015 2610 1086 cogitatio
2659 1015 2932 1081 adveniet,
2993 1033 3119 1090 quae
3185 1033 3378 1076 eorum

1775 1113 1991 1161 mentes
2017 1106 2404 1163 commaculet.

1848 1198 2030 1267 (Vers.
2059 1199 2176 1270 2i.)
2205 1197 2276 1253 Et
2320 1200 2568 1273 templum
2610 1219 2716 1258 non
2759 1206 2867 1260 uidi
2911 1206 2966 1261 in
3005 1222 3096 1273 ea;
3123 1206 3380 1266 Dominus

1775 1291 1910 1346 enim
1959 1293 2284 1364 omnipotens
2318 1295 2570 1366 templum
2609 1296 2755 1352 illius
2803 1307 2906 1367 est,
2961 1310 3010 1356 et
3045 1301 3246 1374 Agnus.
3277 1301 3384 1358 Per

1775 1382 2076 1453 templum,
2111 1385 2164 1440 in
2211 1400 2318 1457 quo
2365 1386 2556 1444 hostia:
2582 1396 2638 1445 et
2681 1390 2944 1446 sacrilicia
2990 1391 3380 1462 oﬂ'erehantur,

1775 1492 2016 1548 praesens
2065 1479 2312 1536 Ecclesia
2349 1481 2687 1554 designatur,
2719 1484 2772 1538 in
2821 1499 2926 1555 qua
2953 1501 3060 1540 non
3105 1489 3381 1555 carnalia,

1773 1571 1870 1627 sed
1899 1573 2162 1642 spiritalia
2188 1575 2457 1632 sacriﬁcia
2477 1577 2719 1648 quotidie
2746 1578 2859 1634 Deo
2889 1579 3212 1636 offeruntur.
3241 1581 3376 1639 Nam

1772 1666 1914 1723 sicut
1943 1667 2056 1723 illic
2083 1669 2384 1726 secundum
2421 1671 2744 1742 qualitatem
2773 1687 3126 1745 peccatorum
3159 1691 3382 1735 exerce-

1774 1760 1932 1818 batur
1953 1763 2091 1831 ritus
2116 1765 2544 1834 sacriﬁciorum;
2570 1767 2642 1822 ita
2662 1776 2716 1824 et
2732 1767 2787 1824 in
2812 1769 3052 1825 Ecclesia
3079 1773 3377 1828 secundum

86 1855 502 1927 compleverunt;
557 1857 686 1928 quia
726 1859 782 1914 in
828 1858 1294 1938 contemplatione
1339 1859 1436 1915 Dei
1489 1860 1668 1915 omni-
1697 1847 1745 1910 Β
1771 1857 1990 1913 modum
2017 1859 2298 1932 culparum
2322 1860 2525 1917 debent
2566 1877 2691 1917 esse
2720 1862 2989 1918 sacriﬁcia
3019 1863 3376 1935 paenitentiae,

84 1950 305 2020 potentis
332 1949 536 2004 assidui
566 1949 815 2007 fuerunt:
836 1965 940 2007 nec
969 1951 1229 2006 instantia
1256 1950 1667 2021 praedicationis
1767 1951 2035 2008 sacriﬁcia
2082 1954 2391 2010 orationum
2413 1997 2428 2021 ,
2478 1954 2735 2023 ﬁetuum,
2785 1957 2968 2012 cordis
3005 1961 3381 2030 compunctio-

84 2059 110 2097 a
131 2041 598 2113 contemplatione,
626 2057 730 2099 nec
761 2044 981 2099 assidua
1025 2045 1416 2114 contemplatio
1442 2058 1474 2100 a
1524 2059 1666 2115 prte-

83 2137 340 2191 dicatione
363 2150 464 2192 eos
485 2137 737 2204 retraxit;
760 2137 1176 2193 similitudinem
1202 2145 1484 2209 gestantes
1503 2152 1671 2210 ange-

85 2229 264 2293 lorum,
293 2228 474 2299 quiet
510 2229 816 2300 angelicum
865 2229 1105 2286 ofﬁcium
1145 2246 1364 2303 semper
1417 2232 1667 2303 implent,

84 2331 134 2376 et
175 2336 204 2376 a
245 2307 712 2392 contemplatione
762 2321 858 2378 Dei
925 2322 1315 2395 omnipotentis
1372 2339 1669 2396 numquam

85 2414 231 2469 alieni
277 2415 543 2470 existunt.
579 2415 657 2472 De
701 2416 903 2472 talibus
953 2415 1168 2473 videtur
1217 2417 1350 2473 mihi
1403 2417 1668 2489 propheta

83 2507 304 2563 dixisse:
356 2507 522 2564 Latia
569 2509 855 2564 sacerdotis
923 2510 1226 2565 custodiunt
1289 2512 1576 2580 scientiam,
1606 2513 1671 2582 ζει

84 2603 234 2674 legem
276 2603 550 2673 requirunt
577 2619 644 2658 ea:
697 2619 786 2658 ore
828 2607 980 2678 ejus;
1033 2604 1156 2675 quia
1201 2605 1419 2677 angelus
1458 2603 1673 2661 Domini

83 2697 384 2753 exercituum
397 2709 474 2755 est
517 2697 536 2771 (
565 2698 763 2754 Malae.
795 2714 856 2768 tt,
877 2700 954 2768 7).
982 2700 1057 2757 De
1081 2700 1281 2758 talibus
1304 2701 1408 2757 fuit
1432 2701 1672 2760 Joannes

85 2790 332 2862 Baptista,
357 2795 427 2850 de
455 2811 567 2866 quo
612 2795 874 2851 Dominus
909 2795 1161 2852 diccbat:
1221 2796 1322 2852 Hic
1341 2807 1415 2853 est
1465 2799 1530 2854 de
1570 2814 1671 2870 quo

81 2887 319 2955 scriptum
345 2897 420 2943 est
450 2905 470 2942 :
515 2886 653 2944 Ecce
669 2905 764 2961 ego
817 2890 964 2944 mitto
1019 2891 1261 2963 angelum
1321 2907 1489 2946 meum
1555 2902 1674 2948 ante

84 2979 254 3049 [aciem
313 2991 458 3036 tuam
500 2983 589 3052 qui
668 2982 983 3054 praeparabit
1041 2984 1174 3037 uiam
1241 2993 1382 3038 tuam
1445 2995 1566 3039 ante
1625 2996 1674 3041 te

83 3073 224 3143 (Luc.
259 3077 490 3149 υκαι).

149 3167 488 3226 Duodecimus
537 3171 877 3243 amethystus.
937 3171 1096 3242 Saepe
1127 3185 1222 3244 per
1274 3172 1672 3232 duodenarinm

1770 2059 1919 2099 num.
1953 2044 2033 2102 De
2054 2045 2254 2101 talibus
2275 2046 2562 2104 sacriﬁciis
2591 2047 2864 2120 Propheta
2890 2048 3128 2122 loquitur
3148 2051 3338 2108 dicens
3363 2065 3382 2108 :

1770 2138 2105 2211 Sacrificium
2149 2139 2259 2197 Deo
2300 2143 2519 2214 spiritus
2543 2144 2924 2200 contribulatus
2952 2143 3128 2219 (Psal.
3161 2162 3194 2201 ι.
3215 2188 3229 2212 ,
3262 2144 3374 2216 19);

1769 2242 1824 2289 et
1857 2233 2052 2290 iterum
2086 2253 2100 2289 :
2133 2234 2281 2291 Tunc
2304 2237 2594 2306 acceptabis
2617 2239 3174 2314 sacriﬁciumjustitiaz
3205 2239 3375 2315 (Ibid.
3465 2235 3468 2240 ’

1769 2326 1889 2399 21).
1920 2327 1978 2383 Si
1997 2339 2082 2384 est
2104 2329 2430 2388 sacriﬁcium
2456 2332 2704 2403 iustitiae,
2729 2331 2757 2372 ι)
2779 2343 2936 2390 estet
2965 2334 3264 2405 patientiae,
3292 2344 3378 2391 est

1769 2428 1824 2475 et
1852 2419 2233 2491 abstinentiae,
2263 2435 2349 2481 est
2374 2435 2431 2480 et
2458 2425 2781 2483 humilitatis
2804 2439 3236 2499 caeterarumquc
3267 2429 3380 2483 vir-

1774 2521 1972 2570 tutum.
2001 2514 2127 2572 Hac
2166 2527 2295 2573 sunt
2337 2518 2604 2576 sacriﬁcia
2628 2563 2644 2587 ,
2690 2535 2813 2591 quas
2841 2520 3063 2577 odorem
3113 2522 3375 2578 suavissi-

1775 2625 1919 2665 nmm
1954 2611 2200 2682 praebent
2230 2613 2494 2679 Domino,
2537 2629 2644 2671 non
2679 2629 2876 2672 carnes
2918 2618 3182 2688 pecudum
3209 2660 3223 2686 ,
3256 2632 3377 2688 quae

1774 2701 1826 2758 in
1839 2703 2421 2762 altaricremabantur.
2437 2707 2826 2780 Joannesergo
2841 2711 3099 2781 templum
3119 2711 3171 2765 in
3186 2719 3375 2767 sancta

1772 2799 1994 2856 civitate
2037 2813 2098 2856 se
2127 2815 2234 2857 non
2275 2801 2481 2858 vidisse
2524 2801 2696 2870 dixit;
2727 2805 2848 2876 quia
2895 2803 3012 2860 haec
3042 2805 3223 2860 omnia
3253 2820 3375 2876 quas

1772 2894 2042 2961 diximus,
2085 2895 2138 2949 in
2179 2895 2269 2950 illa
2298 2895 2632 2952 beatitudine
2662 2897 2972 2953 necessaria
3014 2912 3121 2953 non
3162 2907 3373 2954 erunt:

1775 2985 2047 3060 Absterget
2067 2987 2212 3042 enim
2241 2986 2380 3042 Deus
2404 3003 2607 3042 omnem
2629 2988 2912 3059 Iacrymam
2941 2989 3004 3043 ab
3037 2989 3201 3044 oculis
3226 3005 3376 3043 sauc-

1777 3090 1976 3148 torum,
2006 3090 2055 3135 et
2102 3097 2239 3137 mors
2271 3083 2409 3137 ultra
2452 3099 2554 3139 non
2599 3083 2734 3150 erit,
2768 3100 2927 3154 neque
2973 3085 3170 3150 luctus,
3215 3099 3378 3155 neque

1777 3177 1993 3244 clamor,
2035 3193 2197 3248 neque
2240 3177 2390 3232 dolor
2434 3179 2532 3232 erit
2573 3178 2746 3247 ultra,
2774 3195 2890 3246 qua:
2931 3179 3100 3249 prima
3140 3178 3379 3232 abierunt

79 3277 354 3320 numerum
407 3265 645 3338 apostoli
699 3265 1086 3337 designantur:
1143 3268 1482 3341 amethystus
1542 3245 1742 3327 veroC
1777 3269 1940 3343 (Sup.
1987 3285 2039 3324 v.
2071 3245 2154 3342 Δ).
2209 3271 2470 3327 Dominus
2516 3287 2647 3328 vero
2695 3245 2952 3343 templum
3003 3270 3148 3327 illius
3175 3270 3280 3324 erit
3324 3278 3380 3324 et

81 3372 372 3427 purpureus
391 3369 476 3414 est
505 3375 520 3425 ;
549 3366 606 3414 et
629 3359 833 3415 scimus
857 3360 983 3431 quin
1015 3376 1250 3430 purpura
1288 3372 1670 3419 ornamentum

76 3459 153 3506 est
177 3454 388 3524 regale.
409 3454 516 3510 Per
547 3454 918 3527 amethystum
949 3454 1118 3525 igitur
1160 3455 1413 3526 apostoli,
1455 3471 1674 3512 eorum-

77 3561 176 3611 que
199 3546 408 3604 similes
453 3548 836 3620 designantur,
885 3549 979 3619 qui
1025 3558 1404 3604 ornamentum
1452 3550 1674 3608 l‘urrnnt

78 3637 198 3704 Dei;
244 3641 371 3711 quia
417 3656 544 3696 eum
592 3656 690 3712 per
738 3643 1054 3700 universum
1103 3643 1362 3699 mundum
1413 3644 1676 3714 praedica-

76 3742 276 3787 verunt.
311 3732 708 3790 Ornamentum
739 3735 836 3792 Dei
865 3736 968 3792 fuit
1011 3736 1226 3802 Petrus,
1256 3737 1325 3792 dc
1365 3753 1472 3807 quo
1497 3738 1675 3809 scrip-

75 3832 182 3879 tum
202 3835 284 3881 est
309 3826 456 3898 quod
487 3827 877 3884 clariﬁcaverit
895 3833 1069 3885 Deum
1117 3838 1293 3885 morte
1333 3845 1428 3884 sua
1463 3829 1672 3903 (Joan.

76 3935 181 3986 xxt,
210 3921 354 3991 l9):
404 3922 662 3978 similiter
689 3924 956 3980 etcreteri
1005 3924 1236 3995 apostoli
1289 3936 1673 3982 ornamentum

74 4014 160 4068 llci
177 4013 562 4088 fuerunt;quia
579 4032 703 4074 eum
728 4018 1100 4088 praedicando,
1119 4020 1378 4082 miracula
1403 4021 1674 4089 iaciendo,

73 4123 168 4180 pro
197 4113 424 4169 nomine
452 4114 573 4183 ejus
598 4113 903 4179 moriendo,
931 4113 1394 4171 clariﬁcaverunt.

139 4204 321 4276 (Vera.
353 4207 448 4262 91.
476 4206 497 4280 )
520 4207 587 4262 Et
611 4207 884 4264 duodecim
909 4218 1072 4281 porta
1085 4209 1360 4264 duodecim
1382 4213 1678 4283 margarin

69 4316 156 4368 per
184 4301 427 4374 singulas
452 4317 471 4356 :
491 4309 537 4355 et
557 4301 778 4372 singulae
803 4311 1200 4371 portaeerantex
1224 4303 1444 4376 singulis
1472 4320 1674 4376 marga-

67 4393 198 4447 ritis.
229 4392 344 4450 Hoc
378 4395 684 4450 secundum
738 4394 980 4452 litteram
1028 4405 1175 4453 stare
1201 4411 1314 4454 non
1374 4406 1572 4469 potest.
1619 4397 1678 4454 Si

65 4485 288 4555 singula:
327 4493 509 4558 portae
559 4495 718 4543 erant
769 4502 835 4544 ex
881 4487 1106 4560 singulis
1159 4491 1488 4559 margaritis,
1545 4504 1681 4562 quo-

1775 3363 1987 3434 Agnus;
2032 3366 2154 3435 quia
2186 3364 2240 3418 in
2284 3365 2375 3419 illo
2405 3374 2564 3420 erunt
2609 3364 2824 3433 sancti,
2852 3374 2907 3420 et
2953 3364 3006 3419 in
3044 3363 3138 3418 illo
3169 3361 3381 3418 habita-

1776 3459 1947 3525 bunt,
1977 3459 2116 3514 sicut
2158 3458 2274 3529 ipse
2321 3459 2459 3514 dixit
2492 3458 2771 3530 discipulis
2822 3458 2935 3514 suis
2965 3475 2979 3512 :
3025 3457 3170 3513 Sicut
3202 3472 3296 3527 ego
3324 3457 3377 3509 in

1777 3551 1970 3618 Patre,
1994 3560 2041 3606 et
2061 3567 2150 3606 vos
2174 3553 2228 3607 in
2259 3568 2370 3617 me,
2401 3562 2448 3606 et
2476 3568 2571 3624 ego
2597 3552 2652 3606 in
2680 3551 2822 3606 vobis
2847 3550 3028 3622 (Joan.
3060 3564 3135 3611 xt.
3164 3547 3278 3619 20).

1847 3642 2030 3716 (Vere.
2057 3642 2178 3714 Q3.)
2207 3641 2276 3698 Et
2298 3644 2473 3698 civitas
2501 3660 2604 3698 non
2634 3653 2742 3716 eget
2768 3645 2905 3708 sole,
2934 3657 3095 3711 neque
3126 3641 3250 3694 luna
3272 3681 3286 3705 ,
3317 3649 3377 3692 ut

1776 3737 1979 3790 luceant
2000 3737 2056 3790 in
2086 3751 2177 3800 ea;
2210 3753 2332 3790 nam
2351 3735 2564 3791 claritas
2586 3734 2684 3792 Dei
2713 3734 3030 3790 illuminabit
3060 3750 3191 3798 eam,
3223 3743 3267 3786 et
3293 3732 3376 3787 lu-

1775 3833 2055 3904 cernqejus
2077 3840 2154 3885 est
2177 3832 2372 3902 Agnus.
2400 3830 2502 3887 Per
2523 3831 2696 3886 solem
2723 3846 2920 3885 novum
2944 3829 3375 3896 Testamentum,

1779 3939 1874 3994 per
1890 3924 2074 3980 lunam
2091 3934 2248 3980 vetus
2265 3923 2601 3995 designatur.
2621 3923 2841 3995 Absque
2855 3921 3198 3978 istisduobus
3214 3919 3374 3975 lumi-

1779 4019 2001 4074 narihus
2052 4017 2294 4075 Ecclesia
2336 4034 2432 4086 per
2469 4020 2609 4074 viam
2641 4016 2987 4076 rectitudinis
3026 4018 3082 4072 in
3125 4014 3377 4072 tenebris

1777 4113 1940 4185 hujus
1969 4115 2158 4171 szeculi
2183 4114 2304 4170 sine
2325 4113 2542 4170 crebris
2567 4111 3236 4170 oﬁensioniliusiucederc
3263 4125 3371 4165 non

1778 4217 2002 4280 potest:
2040 4210 2091 4264 in
2125 4211 2214 4265 illa
2243 4218 2425 4266 autem
2468 4208 2836 4273 beatitudine,
2882 4209 2972 4265 ubi
3016 4207 3177 4263 nulla:
3221 4215 3377 4260 tene-

1779 4305 1892 4360 bra:
1921 4313 2103 4373 erunt,
2153 4305 2305 4362 nulla
2351 4304 2605 4373 oﬁ‘etislo,
2652 4304 2787 4360 nihil
2831 4306 3204 4360 incorrectum
3232 4301 3377 4374 quod

1779 4399 1982 4470 corrigi
2037 4400 2234 4470 possit,
2294 4401 2383 4456 lux
2412 4399 2540 4457 novi
2572 4413 2634 4456 ac
2663 4399 2866 4456 veteris
2893 4397 3231 4455 'l‘eStamenti
3279 4409 3379 4451 ne-

1780 4493 2022 4548 cessaria
2076 4507 2185 4548 non
2234 4493 2377 4558 erit;
2427 4493 2574 4548 illius
2613 4494 2760 4549 enim
2791 4493 3000 4548 lumine
3045 4489 3221 4547 sancti
3255 4489 3376 4544 sine

69 4579 227 4636 modo
251 4596 350 4651 per
381 4594 823 4652 unamquamque
850 4581 1138 4637 duodecim
1172 4583 1484 4654 margaritas
1511 4582 1679 4641 fuisse
1704 4637 1755 4658 ἢ
1787 4586 1903 4643 ﬁne
1959 4586 2308 4658 perfruentur
2331 4629 2346 4655 ,
2402 4588 2492 4658 qui
2514 4585 2718 4642 "auctor
2746 4593 2832 4641 est
2860 4587 3023 4653 lucis,
3052 4585 3143 4657 qui
3176 4584 3378 4640 illumi-

64 4637 346 4732 dicuntur.
405 4672 516 4729 Sed
558 4637 876 4744 spiritaliter
924 4637 1340 4744 intelligendum
1397 4684 1503 4740 est,
1541 4637 1873 4735 duo-Dnat
1913 4637 2112 4736 omnem
2164 4637 2437 4734 Immitis»:
2477 4679 2763 4733 venientem
2832 4678 2884 4732 in
2945 4637 3086 4732 hum:
3125 4677 3376 4732 mundum

67 4764 241 4820 decim
293 4780 537 4836 namque
570 4765 878 4837 margarita:
930 4775 1079 4833 sunt,
1106 4779 1174 4820 ex
1205 4766 1404 4837 quibus
1446 4767 1680 4841 singulm

67 4866 241 4925 μοι-ιω
289 4873 427 4915 esse
473 4857 749 4926 dicuntur,
804 4858 857 4914 id
900 4865 1006 4926 est,
1048 4865 1270 4914 centum
1321 4859 1680 4933 quadraginta

65 4962 319 5022 quatuor,
354 4969 456 5024 per
482 4967 618 5024 quas
646 4953 1024 5025 apostolorum
1048 4969 1400 5012 successores
1427 4955 1684 5014 doctores

64 5046 334 5104 Ecclesia:
365 5047 748 5119 designantur,
772 5048 865 5118 qui
896 5046 1058 5103 ﬁdem
1082 5047 1498 5120 doctrinamque
1521 5063 1682 5120 apos-

65 5141 308 5198 tolorum
333 5151 468 5198 sunt
494 5144 692 5209 secuti,
723 5152 779 5199 et
813 5150 970 5200 actus
1022 5143 1255 5199 imitati:
1311 5144 1403 5214 qui
1455 5151 1680 5216 propter

58 5235 188 5292 vita:
215 5236 546 5292 munditiam
578 5246 634 5292 et
663 5235 1010 5292 sanctitatem
1043 5236 1372 5306 praecipuam
1415 5250 1511 5307 per
1550 5252 1680 5294 can-

62 5327 252 5385 dorem
280 5329 705 5399 margaritarum
735 5327 1134 5401 signiﬁcantur.
1154 5326 1220 5382 Et
1243 5328 1432 5399 plateae
1456 5331 1682 5387 civitatis

59 5441 254 5481 aurum
314 5424 595 5491 mundum,
649 5433 917 5496 tamquam
959 5426 1150 5479 vitrum
1203 5423 1546 5494 perlucidum.
1579 5425 1682 5481 Su-

60 5517 253 5587 perius
285 5532 390 5588 per
409 5531 601 5573 aurum
631 5517 890 5573 mundum
919 5527 975 5573 et
999 5516 1195 5572 vitrum
1246 5516 1507 5572 mundum
1561 5532 1683 5588 per-

57 5609 238 5667 fectos
273 5611 434 5668 viros
459 5619 516 5668 et
543 5620 763 5667 sanctos
783 5610 1007 5684 angelos
1037 5610 1277 5667 diximus
1301 5609 1640 5681 signiﬁcatus
1669 5633 1683 5670 :

135 5770 406 5853 {Omnes
429 5769 584 5838 edit.,
603 5770 947 5853 undegarium
964 5785 1234 5853 omum
1253 5784 1272 5834 ;
1288 5783 1479 5853 omnes
1502 5782 1660 5853 mss,

59 5845 336 5983 ﬁedmum
386 5859 676 5904 numerum.
731 5842 942 5910 Melius,
995 5855 1118 5908 cum
1159 5841 1232 5906 de
1278 5841 1486 5904 unitate
1515 5840 1654 5909 infra

111 5931 191 5977 ica
226 5931 316 5978 ur.

1805 4774 1964 4830 Joan.
1989 4791 2030 4842 ι,
2055 4773 2136 4846 9).

1782 4776 2190 4938 (livoris?ng
2225 4863 2296 4919 Et
2332 4864 2672 4921 ambulabunt
2708 4875 2885 4938 gentes
2915 4881 3006 4940 per
3046 4866 3216 4921 lumen
3244 4865 3375 4934 ejus,

1782 4968 1832 5012 et
1873 4974 2020 5029 reges
2067 4965 2216 5012 terra
2244 4957 2462 5025 alferent
2493 4958 2715 5032 gloriator
2755 4976 2908 5014 suam
2957 4969 3003 5014 et
3047 4959 3293 5012 honorem
3322 4958 3378 5010 in

1784 5053 1954 5108 illam.
1999 5051 2104 5108 Per
2145 5062 2334 5122 gentes
2375 5069 2570 5111 omnes
2615 5054 2777 5112 electi
2830 5054 3205 5123 designantur.
3270 5049 3376 5106 Sed

1780 5145 2054 5218 quomodo
2101 5146 2509 5202 ambulabunt?
2562 5147 2935 5204 Ambulabunt
2980 5149 3166 5198 mente
3195 5183 3209 5207 ,
3268 5157 3376 5198 non

1781 5245 2024 5310 corpore’
2054 5255 2070 5293 :
2126 5255 2234 5295 non
2272 5241 2536 5297 mutando
2575 5241 2779 5303 locum,
2829 5239 2924 5295 sed
2975 5237 3381 5295 considerando

1782 5333 2259 5406 omnipotentiam,
2299 5335 2647 5390 divinitatem
2681 5343 2843 5403 atque
2876 5331 3246 5401 maiestatem.
3275 5331 3379 5387 Per

1784 5429 1966 5484 lumen
2004 5431 2261 5487 Ecclesia:
2300 5431 2698 5496 ambulabunt;
2728 5428 2855 5499 quia
2895 5433 2956 5481 ut
2985 5425 3088 5480 hoc
3119 5427 3221 5482 iter
3251 5442 3374 5498 pcr-

1786 5522 1952 5581 ﬁcere
2003 5525 2235 5596 possint,
2288 5525 2384 5582 illo
2433 5525 2635 5581 lumine
2693 5522 3176 5586 illuminabuntur,
3231 5523 3378 5594 quod

1783 5626 2004 5675 cunctas
2049 5620 2315 5678 Ecclesia:
2367 5619 2718 5690 omnipotens
2773 5617 2919 5675 Deus
2972 5618 3197 5674 daturus
3237 5627 3323 5674 est
3363 5636 3378 5674 :

1844 5777 1871 5816 ιν
1898 5778 2123 5854 Eaedem
2149 5779 2310 5854 edit.,
2335 5789 2408 5837 est
2443 5789 2491 5836 el
2519 5781 2791 5854 sapientiae
2813 5797 2832 5850 ;
2856 5795 2988 5838 mss.
3020 5795 3052 5838 e
3075 5776 3373 5849 contrario,

1765 5858 1842 5907 est
1871 5860 1917 5934 et
1941 5852 2222 5926 patientia.
