3950 6314
557 312 668 373 959

1499 314 1594 372 AD
1627 315 1859 373 OPERA
1897 315 2147 374 SANCTI
2184 315 2512 376 AMBROSII
2544 316 2912 377 APPENDIX.
3718 328 3797 385 960

560 445 662 502 per
691 445 848 503 reges
869 438 1048 488 autem
1089 439 1254 489 terrae
1301 431 1537 506 apostoli
1569 440 1626 488 et
1651 432 1841 488 caeteri
1881 431 2149 504 pracdica-
2178 436 2231 497 Α
2255 432 2402 489 enim
2435 431 2786 489 abominatur
2809 433 2978 501 Deus,
3012 433 3115 490 nisi
3147 433 3436 501 malitiam,
3467 435 3602 492 sicut
3625 437 3676 494 in
3695 439 3798 496 libro

549 531 718 584 tores
763 524 1123 598 designantur
1151 545 1166 583 :
1199 527 1434 599 gloriam
1475 542 1612 584 vero
1635 538 1691 584 et
1725 528 1989 584 honorem
2019 542 2159 600 prae-

568 617 876 677 dicatorum
901 636 997 678 eos
1025 631 1206 690 vocat,
1227 623 1318 694 qui
1347 638 1443 693 per
1470 638 1570 679 eos
1603 623 1986 690 crediderunt,
2023 625 2165 680 sicut

565 713 853 783 apostolus
889 713 1091 770 Paulus
1129 714 1263 771 dicit
1291 714 1581 786 discipulis
1621 717 1770 783 suis;
1801 717 1946 787 [nam
1991 716 2164 788 gloria

569 817 762 864 nostra
790 823 889 864 vos
919 809 1054 865 estis
1085 810 1137 866 in
1176 809 1411 866 Domino
1438 811 1505 885 (ll
1533 811 1654 867 Cor.
1687 828 1747 878 ιι,
1778 811 1894 882 14).
1927 809 2169 868 All‘erent

572 913 705 970 ergo
733 900 962 972 gloriam
1012 916 1170 958 suam
1211 914 1266 960 et
1309 904 1571 960 honorem
1603 905 1656 959 in
1705 904 1888 971 illam;
1921 919 2043 960 cum
2071 919 2169 961 eos

570 991 666 1064 qui
695 1008 792 1064 per
834 1009 932 1051 eos
979 996 1360 1065 crediderunt,
1403 997 1635 1054 Domino
1671 997 2166 1069 repraesentabunt.

647 1094 831 1166 (Vers.
863 1094 983 1168 25.)
1013 1095 1080 1151 Ει
1103 1107 1266 1168 porta:
1295 1100 1408 1172 ejus
1431 1113 1533 1152 non
1561 1097 1869 1152 claudentur
1891 1113 1980 1168 per
2008 1097 2168 1162 diem;

571 1204 679 1243 nox
701 1189 837 1244 enim
864 1205 968 1244 non
992 1191 1094 1244 erit
1116 1190 1248 1246 illic.
1283 1189 1548 1260 Superius
1582 1204 1678 1260 per
1707 1189 2002 1246 duodecim
2048 1205 2172 1259 por-

574 1290 681 1350 tas,
715 1297 839 1353 qua:
883 1297 949 1339 ex
991 1282 1278 1340 duodecim
1321 1283 1634 1356 margaritis
1667 1283 1839 1340 fuisse
1886 1283 2170 1348 dicuntur,

573 1376 856 1446 apostolos
906 1375 1074 1432 fuisse
1111 1375 1351 1432 diximus
1409 1376 1723 1448 designatos
1756 1393 1770 1431 ε
1809 1375 1906 1432 εεὰ
1961 1375 2049 1432 hic
2081 1375 2174 1432 ubi

573 1468 697 1525 sine
727 1484 961 1524 numero
1003 1480 1299 1541 ponuntur,
1351 1470 1516 1526 aliam
1562 1468 2024 1540 signiﬁcationem
2082 1469 2176 1523 ha-

576 1559 738 1627 bent;
789 1561 1104 1633 signiﬁcant
1155 1579 1388 1636 namque
1446 1563 1616 1619 corda
1665 1562 1936 1630 ﬁdelium,
1987 1562 2178 1619 ﬁdeles

578 1668 820 1725 namque
879 1654 933 1710 in
988 1655 1090 1712 hac
1129 1657 1239 1712 vita
1289 1655 1452 1728 positi
1493 1665 1711 1712 noctem
1758 1655 2080 1726 patiuntur,
2123 1654 2176 1710 id

577 1754 686 1810 est.
714 1745 994 1805 daemones
1041 1757 1098 1805 et
1148 1749 1345 1819 impios
1378 1747 1653 1805 homines.
1684 1747 1878 1804 Portas
1915 1757 2096 1804 autem
2122 1749 2174 1802 in

2266 523 2558 596 Sapientiae
2583 527 2844 598 scriptum
2870 535 2957 583 est
2990 544 3004 581 τ
3037 525 3307 582 Misereris
3336 530 3583 596 omnium,
3605 530 3795 599 Domine,

2267 631 2314 676 et
2340 620 2471 676 nihil
2501 637 2678 677 eorum
2699 622 2878 688 odisti,
2907 637 3022 693 qua:
3049 623 3218 692 fecisti
3240 622 3398 695 (Sep.
3434 639 3506 688 ιι,
3528 624 3639 695 25).
3663 626 3796 694 Quaeri

2267 721 2449 769 autem
2492 723 2674 784 potest
2719 729 2817 771 cur
2870 715 3217 772 mendacium
3262 715 3380 773 ﬁeri
3430 715 3653 774 dicatur.
3683 719 3795 789 Quod

2270 821 2451 867 autem
2482 811 2736 877 facimus,
2761 812 2873 882 jam
2920 827 3027 868 non
3056 823 3140 868 est
3172 812 3536 880 mendacium,
3569 813 3677 884 quia
3695 817 3794 885 quod

2271 902 2472 960 factum
2501 914 2607 968 est,
2638 920 2747 960 non
2777 915 2959 976 potest
2985 920 3092 961 non
3121 920 3247 962 esse
3276 905 3500 972 factum,
3528 915 3588 960 ut
3608 909 3669 962 sit
3685 922 3797 963 metr

2272 997 2508 1055 dacium.
2546 999 2651 1056 Sed
2686 1000 2887 1056 factum
2934 1015 3035 1072 pro
3087 1001 3370 1057 locutione
3412 1002 3620 1071 posuit;
3659 1017 3798 1073 pecca-

2277 1102 2388 1146 tum
2431 1091 2631 1163 quippe
2676 1091 2946 1148 mendacii
2978 1092 3252 1164 loquendo
3298 1093 3551 1161 facimus,
3594 1109 3687 1150 non
3711 1111 3798 1166 ope-

2273 1184 2472 1240 rando.
2550 1184 2852 1239 Possumus
2915 1185 3079 1240 etiam
3143 1200 3243 1256 per
3311 1168 3640 1242 mendacium
3688 1202 3799 1245 ouue

2274 1285 2558 1347 peccatum
2587 1276 2930 1348 intelligere;
2964 1279 3176 1332 scimus
3197 1278 3346 1333 enim
3377 1278 3501 1348 quia
3550 1278 3677 1334 Deus
3698 1283 3799 1335 reri-

2277 1376 2358 1424 tas
2412 1378 2533 1433 est,
2587 1379 2875 1439 peceatum
2928 1385 3060 1426 vero
3109 1371 3364 1442 deceptio
3416 1382 3500 1426 est
3541 1372 3798 1428 animarum.

2275 1461 2546 1532 Quidquid
2600 1479 2729 1534 ergo
2780 1463 3120 1519 contrarium
3176 1473 3264 1519 est
3319 1464 3565 1529 veritati,
3593 1475 3728 1535 atque
3755 1468 3802 1520 ad

2277 1554 2659 1626 deceptionem
2691 1557 2998 1612 animarum
3043 1558 3305 1625 pertinet,
3347 1557 3590 1627 quamvis
3616 1557 3803 1612 videatur

2280 1662 2490 1715 verum,
2539 1649 2886 1704 mendacium
2924 1658 3076 1704 recte
3105 1648 3214 1704 dici
3237 1657 3442 1720 potest.
3487 1648 3544 1704 ln
3572 1649 3650 1703 illa
3674 1651 3804 1720 itaque

2280 1747 2466 1794 sancta
2497 1739 2721 1794 civitate
2753 1756 2860 1795 non
2908 1739 3137 1795 intrabit
3181 1739 3391 1810 aliquid
3439 1740 3805 1810 coinquinatum,

579 1848 746 1897 nocte
775 1841 1067 1908 claudunt,
1102 1858 1226 1900 cum
1258 1852 1452 1900 contra
1483 1842 1667 1899 omnia
1701 1851 2040 1899 tentamcnta
2065 1842 2178 1898 dae-
2213 1838 2259 1898 B
2286 1842 2340 1888 et
2393 1832 2600 1890 faciens
2655 1834 2817 1908 585
2867 1835 3332 1891 abominationem
3389 1843 3450 1891 et
3501 1835 3806 1900 mendacium;

577 1949 803 1992 monum
835 1935 1018 1992 aditus
1049 1937 1312 1993 mentium
1353 1952 1578 1993 suarum
1607 1936 1923 2003 obstruunt,
1952 1950 2125 2006 eaque
2150 1951 2178 1990 a

574 2041 638 2084 se
678 2029 971 2100 repellunt.
994 2028 1273 2085 Claudunt
1305 2029 1470 2087 etiam
1510 2039 1697 2101 portas
1741 2029 1795 2084 in
1830 2038 2016 2097 nocte,
2049 2044 2174 2085 cum

577 2131 772 2179 contra
801 2123 1066 2180 malitiam
1095 2139 1388 2195 pravorum
1419 2125 1703 2182 hominum
1734 2125 1902 2181 corda
1931 2140 2030 2180 sua
2055 2141 2180 2180 mu-

467 2218 478 2228 '
578 2214 776 2282 niunt;
823 2226 882 2272 ut
909 2231 1018 2273 non
1061 2216 1286 2274 audiant
1333 2218 1574 2290 linguam
1616 2217 2025 2285 detrahentem,
2069 2232 2180 2273 non

587 2307 820 2365 reddant
859 2310 1062 2366 malum
1094 2326 1194 2382 pro
1237 2311 1402 2379 malo,
1431 2311 1520 2367 vel
1556 2310 1906 2367 maledictum
1938 2326 2037 2381 pro
2064 2326 2183 2366 ma-

579 2401 806 2471 ledicto,
836 2411 895 2458 ut
931 2403 1234 2460 secundum
1270 2403 1596 2476 prophetam
1631 2422 1644 2457 :
1678 2402 1960 2460 Excutiam
1989 2421 2174 2459 manus

577 2513 702 2554 suas
727 2496 790 2552 ab
832 2499 973 2553 omni
999 2514 1234 2566 munere,
1264 2509 1312 2554 et
1334 2499 1570 2554 obturant
1613 2513 1767 2553 aures
1811 2514 1955 2563 suas,
1989 2513 2054 2553 ne
2079 2515 2179 2552 au-

581 2592 730 2646 diant
760 2592 1103 2662 sanguinem;
1133 2602 1182 2648 et
1207 2593 1456 2648 claudant
1485 2592 1665 2648 oculos
1694 2608 1837 2659 suos,
1878 2609 1941 2646 ne
1978 2591 2182 2647 uideant

580 2687 779 2740 malum
809 2685 983 2759 (Eccl.
1026 2703 1234 2756 χχχιιι,
1272 2687 1383 2761 16).
1413 2689 1583 2745 Porro
1615 2688 1667 2743 in
1694 2687 1787 2744 illa
1817 2687 2180 2752 beatitudine,

579 2778 670 2836 ubi
701 2779 884 2836 nullus
911 2780 1152 2848 daemon,
1184 2782 1366 2838 nullus
1398 2783 1666 2854 reprobus
1697 2797 1819 2838 esse
1844 2781 2068 2853 poterit,
2093 2783 2184 2852 qui

580 2873 724 2930 mala
749 2874 1000 2941 suadeat,
1032 2875 1126 2947 qui
1177 2891 1276 2948 per
1314 2888 1531 2933 noctem
1578 2876 1963 2948 designantur,
2005 2886 2186 2946 porta-

581 2983 704 3024 rum
735 3009 751 3036 ,
795 2969 848 3024 id
878 2977 980 3037 est,
1033 2970 1303 3026 mensium
1358 2970 1675 3026 observatio
1716 2971 2028 3026 necessaria
2076 2984 2182 3024 non

583 3063 722 3127 erit;
753 3075 877 3117 nam
909 3072 966 3119 et
996 3062 1297 3119 secundum
1326 3064 1565 3120 litteram
1598 3065 1704 3120 erit
1731 3064 1806 3120 ibi
1837 3063 1956 3121 dies
1988 3079 2185 3136 perpe-

584 3164 734 3221 tuus,
771 3155 918 3211 nulla
950 3166 1112 3214 nocte
1134 3156 1484 3213 succedente.

2284 1929 2413 2000 quia
2441 1929 2494 1984 in
2524 1929 2614 1985 die
2630 1929 2821 2000 judicii
2843 1930 3052 1985 exibunt
3081 1931 3279 2001 angeli,
3305 1941 3354 1985 et
3381 1930 3812 1996 separabantndos

2285 2020 2350 2074 de
2391 2020 2563 2076 medio
2582 2022 2874 2090 justorum,
2923 2032 2970 2077 et
3000 2022 3203 2077 mittent
3241 2039 3332 2078 eos
3367 2024 3422 2077 in
3449 2024 3688 2078 caminum
3713 2024 3814 2096 igni:

2283 2115 2512 2170 ardentis
2549 2113 2770 2188 (Matth.
2821 2130 2939 2183 xm,
2975 2115 3092 2188 49).
3137 2115 3274 2171 Nam
3317 2122 3376 2172 et
3421 2115 3531 2171 illis
3571 2115 3655 2186 qui
3681 2115 3814 2170 olem

2284 2205 2568 2263 charitatis
2608 2207 2662 2262 in
2714 2207 2862 2263 vasis
2905 2207 3021 2264 suis
3067 2223 3174 2264 non
3220 2207 3546 2274 habuerint,
3596 2206 3814 2262 claudetur

2279 2299 2443 2371 janua
2494 2301 2646 2371 regni
2682 2300 2962 2368 ctelestis;
3007 2300 3336 2373 diceturque
3392 2301 3561 2357 illisa
3605 2301 3814 2356 Domino:

2284 2395 2446 2451 Amen
2472 2396 2589 2451 dico
2617 2397 2782 2464 vobis,
2816 2397 2989 2452 nescio
3019 2413 3108 2452 vos
3140 2396 3361 2470 (Matth.
3396 2412 3524 2461 xxv.
3561 2394 3663 2468 12).

2283 2511 2306 2556 ε
2355 2491 2586 2549 CAPUT
2614 2491 2782 2548 XXII.
2809 2523 2880 2534 —
2920 2491 3109 2564 (Vers.
3143 2491 3224 2562 1.)
3257 2491 3328 2546 Et
3358 2492 3580 2547 ostendit
3615 2491 3723 2546 mihi
3747 2491 3816 2561 thi-

2285 2589 2422 2644 vium
2474 2606 2621 2660 aqua:
2670 2590 2810 2656 vitm,
2856 2589 3186 2660 splendidum
3236 2598 3502 2659 tamquam
3543 2586 3816 2658 crystalla,

2285 2659 2644 2756 procedentem
2667 2685 2732 2738 de
2756 2659 2995 2740 sedeDei
3015 2694 3063 2739 et
3088 2682 3246 2757 Agni,
3273 2685 3329 2738 in
3350 2683 3520 2738 medio
3541 2683 3708 2754 ptm
3720 2684 3815 2748 eius.

2287 2775 2565 2832 Ezechieli
2606 2777 2658 2832 in
2692 2776 2883 2832 ultima
2931 2776 3145 2833 visione
3195 2786 3418 2833 torrens
3482 2775 3819 2832 demonsmtss

2286 2878 2391 2936 est,
2415 2869 2506 2940 qui
2533 2869 2602 2924 de
2627 2869 2831 2940 templo
2858 2869 3062 2936 exibat,
3093 2877 3150 2926 et
3175 2868 3514 2926 decurrebat
3533 2868 3587 2924 in
3614 2882 3757 2933 mare,
3777 2867 3821 2920 de

2286 2976 2396 3033 quo
2425 2962 2499 3017 ita
2529 2962 2776 3033 loquitur
2808 2979 2823 3017 :
2856 2962 2924 3017 Et
2954 2963 3104 3017 duxit
3132 2979 3234 3030 me,
3264 2962 3467 3033 inquit,
3496 2962 3701 3031 angelus
3723 2960 3820 3014 mille

2287 3059 2508 3125 cubitos,
2561 3068 2611 3113 et
2649 3060 2944 3114 transduxit
2974 3075 3052 3114 me
3091 3075 3182 3130 per
3228 3073 3424 3128 aquam
3453 3058 3688 3127 usquead
3708 3057 3818 3108 talos.

2289 3151 2357 3208 Et
2383 3153 2534 3208 duxit
2554 3169 2636 3209 me
2657 3152 2801 3208 mille
2827 3153 3044 3219 cubitos,
3078 3161 3125 3207 et
3147 3151 3450 3206 transduxit
3479 3167 3560 3205 me
3584 3166 3666 3223 per
3691 3163 3820 3218 aqua

659 3247 840 3316 (Vers.
865 3247 986 3318 26.)
1019 3247 1085 3304 Et
1119 3249 1340 3317 a/ferent
1368 3251 1593 3322 gloriam
1637 3253 1890 3324 gentium,
1924 3263 1971 3308 et
2011 3254 2179 3307 hono-
2208 3241 2254 3304 C
2284 3263 2448 3317 usque
2489 3247 2558 3302 ad
2607 3263 2797 3321 genua.
2827 3244 2896 3300 Et
2917 3246 3071 3301 duxit
3101 3262 3180 3300 me
3219 3245 3361 3300 mille
3391 3245 3616 3310 cubitos,
3642 3253 3680 3298 et
3701 3253 3822 3296 treas-

583 3354 696 3393 rem
719 3339 772 3394 in
794 3339 964 3394 illam.
997 3339 1268 3412 Superius
1293 3357 1452 3414 reges
1481 3353 1662 3411 terrae,
1709 3343 1762 3400 id
1785 3353 1889 3411 est,
1919 3345 2185 3416 pradica-

590 3438 739 3486 tores
779 3439 1017 3497 sanctos,
1061 3433 1297 3505 gloriam
1338 3451 1492 3491 suam
1525 3437 1578 3492 in
1615 3437 1890 3492 civitatem
1939 3448 2183 3493 sanctam

593 3523 861 3581 detulisse
889 3524 1026 3583 dicit
1066 3544 1080 3582 :
1114 3543 1214 3599 per
1242 3543 1406 3600 quam
1437 3529 1668 3602 gloriam
1700 3539 1916 3602 gentes,
1939 3547 2060 3603 qua:
2091 3548 2188 3604 per

589 3632 689 3674 eos
721 3617 1097 3690 crediderunt,
1123 3621 1361 3679 diximus
1393 3621 1564 3680 fuisse
1585 3623 1918 3696 designatas.
1951 3626 2009 3681 Si
2053 3641 2188 3697 ergo

587 3711 760 3784 gloria
814 3714 1236 3784 praedicatorum
1286 3726 1477 3788 gentes
1519 3731 1670 3785 sunt,
1725 3720 1900 3792 gloria
1941 3723 2186 3792 gentium

585 3820 709 3876 qua
732 3807 859 3862 est?
883 3805 998 3862 Nisi
1042 3807 1184 3864 forte
1213 3810 1511 3867 secundum
1538 3811 1904 3872 lSalomonem
1947 3813 2052 3871 hoc
2076 3815 2190 3871 dic-

589 3906 703 3954 tum
738 3899 1130 3972 intelligamus,
1178 3901 1270 3972 qui
1302 3900 1434 3959 dicit
1469 3921 1482 3955 :
1509 3902 1691 3959 Gloria
1715 3921 1895 3960 senum
1925 3906 2022 3976 ﬁlii
2049 3906 2188 3976 ﬁlio-

584 4007 703 4045 rum
726 4008 745 4046 :
768 4001 818 4047 et
843 3993 1013 4062 gloria
1036 3993 1266 4062 ﬁliorum
1288 4001 1314 4031 ⁸
1339 4005 1514 4067 patres
1543 4013 1721 4052 eorum
1741 3997 1927 4069 (Prov.
1947 4014 2082 4064 xvn,
2107 3999 2184 4069 6).

587 4081 777 4138 Gloria
817 4099 1055 4157 namque
1100 4101 1318 4154 senum,
1371 4087 1426 4142 id
1479 4098 1586 4155 est,
1633 4091 2036 4160 apostolorum,
2094 4092 2188 4147 lilii

589 4188 720 4234 sunt
758 4177 994 4236 ﬁliorum
1021 4222 1036 4248 ,
1076 4181 1130 4235 id
1161 4190 1266 4246 est,
1293 4193 1486 4252 gentes
1509 4199 1631 4254 qum
1663 4201 1762 4256 per
1806 4186 1979 4258 ipsos,
2007 4195 2064 4242 et
2095 4201 2190 4256 per

584 4269 746 4335 ﬁlios,
788 4271 839 4325 id
890 4281 992 4336 est,
1019 4271 1318 4343 discipulos
1348 4290 1537 4332 eorum
1567 4277 1963 4336 crediderunt:
2009 4279 2184 4351 gloria

590 4377 725 4417 vero
752 4362 982 4420 ﬁliorum
1011 4375 1177 4422 erunt
1222 4375 1408 4436 patres
1443 4385 1632 4426 eorum
1658 4388 1674 4438 ;
1717 4374 1840 4443 quia
1869 4374 2189 4445 gaudebunt

587 4465 804 4529 gentes,
846 4473 915 4514 eo
948 4459 1090 4532 quod
1136 4462 1272 4517 tanti
1313 4462 1494 4519 meriti
1522 4472 1798 4538 tantaeque
1845 4468 2187 4524 excellentiae

588 4561 772 4623 patres
817 4553 1071 4620 habeant,
1113 4571 1234 4612 eum
1283 4567 1472 4612 eorum
1514 4558 1708 4628 gloria;
1740 4560 2035 4631 participes
2063 4576 2187 4617 esse

2289 3341 2438 3396 duxit
2485 3357 2564 3396 me
2603 3356 2694 3412 per
2749 3357 2936 3412 aquam
2976 3355 3141 3409 usque
3187 3339 3257 3393 ad
3305 3355 3484 3394 renes.
3532 3335 3603 3392 Et
3637 3336 3824 3390 duitas

2288 3437 2435 3492 mille
2483 3437 2714 3504 cubitos,
2769 3443 3144 3504 torrentemque
3190 3450 3296 3488 non
3343 3432 3494 3504 potui
3523 3431 3824 3486 transsuere:

2288 3529 2410 3600 quia
2438 3529 2792 3583 intumuerant
2814 3542 2964 3597 aqua:
3004 3527 3268 3589 torrentis,
3298 3526 3388 3594 qui
3433 3523 3738 3579 transvadari
3757 3536 3825 3573 sua

2289 3632 2456 3696 potest
2485 3621 2702 3694 (Ezeclt.
2727 3637 2899 3689 vau,
2925 3623 2958 3678 5
2978 3630 3025 3675 et
3043 3619 3202 3689 seq.).
3235 3618 3345 3676 Per
3375 3628 3670 3674 torrentem
3687 3614 3826 3681 Scrip-

2292 3725 2472 3771 turam
2504 3715 2740 3770 divinam
2774 3714 3086 3786 intelligere
3110 3712 3546 3782 debemus,qu:e
3567 3711 3634 3766 de
3661 3709 3826 3778 templa,

2290 3807 2345 3864 id
2376 3818 2458 3864 εει
2479 3850 2496 3877 ,
2530 3809 2596 3863 de
2639 3808 2886 3864 Ecclesia
2918 3805 3202 3878 egreditur
3223 3847 3238 3875 ,
3285 3805 3357 3862 ab
3381 3821 3482 3861 ore
3511 3805 3707 3861 scilicet
3731 3817 3827 3872 pra:-

2289 3902 2596 3960 dicatorum
2630 3921 2643 3957 :
2668 3903 2897 3974 angelus
2927 3918 3060 3959 vero
3090 3901 3384 3957 Dominum
3408 3901 3714 3972 signiﬁcat:
3742 3912 3828 3967 pro-

2250 3995 2455 4085 ‘pheta
2487 4006 2672 4052 autem
2701 4007 2887 4068 typum
2917 4004 3067 4050 tenet
3098 4009 3288 4050 eorum
3338 3994 3432 4065 qui
3461 3993 3668 4049 divinas
3692 3989 3829 4057 Scrip-

2294 4103 2444 4147 turas
2492 4091 2561 4146 ad
2591 4091 2697 4148 hoc
2718 4090 2939 4146 discere
2960 4089 3177 4156 volunt,
3200 4087 3377 4159 ιιιίρεί
3398 4088 3453 4142 in
3476 4087 3560 4142 eis
3583 4083 3828 4154 proﬁciant.

2290 4194 2342 4242 et
2371 4184 2510 4240 alios
2534 4201 2634 4256 per
2663 4199 2853 4240 earum
2882 4183 3170 4239 scientiam
3203 4181 3480 4236 instruant
3506 4196 3522 4232 :
3555 4175 3832 4234 millettarias

2291 4293 2422 4334 vero
2468 4291 2730 4333 numerus
2779 4276 3175 4347 perfectionem
3207 4273 3442 4344 alicujus
3494 4272 3580 4327 rei
3628 4284 3753 4340 sape
3775 4265 3835 4319 tl:—

2291 4379 2578 4426 monstrat.
2611 4369 2681 4425 Et
2712 4370 2884 4440 prima
2917 4351 3257 4424 transductio
3296 4365 3368 4422 ad
3408 4363 3663 4421 historiae
3690 4359 3834 4416 intelli-

2289 4467 2552 4535 gentiam,
2599 4462 2841 4520 secunda
2886 4462 2954 4519 ad
3003 4461 3296 4528 moralem,
3351 4459 3513 4516 tertia
3563 4449 3836 4530 pertinetal

2291 4557 2616 4630 spiritalem.

587 4644 908 4702 meruerint.
943 4647 1094 4715 Quod
1134 4657 1317 4705 autem
1343 4648 1476 4705 dicit
1518 4649 1760 4719 a/rerent,
1790 4667 2083 4724 possumus
2114 4653 2182 4710 ad
2214 4639 2269 4700 Ῑ)
2364 4650 2392 4690 b
2419 4650 2659 4722 Angelus
2702 4649 2870 4721 igitur
2898 4648 3224 4721 prophetam
3254 4647 3406 4704 mille
3454 4646 3674 4702 cubitos
3711 4640 3834 4696 ducit

587 4737 813 4808 angelos
852 4739 1085 4807 referre;
1118 4743 1209 4812 qni
1252 4743 1304 4798 in
1344 4743 1432 4800 die
1464 4743 1663 4817 judicii
1703 4757 1925 4804 sanctos
1968 4749 2063 4805 Dei
2109 4749 2176 4805 ad

588 4833 941 4906 percipienda
972 4837 1196 4907 praemia
1224 4842 1560 4908 repromissa
1583 4842 1881 4914 deducent,
1908 4847 2049 4901 sicut
2073 4846 2185 4903 Do-

587 4929 768 4985 minus
812 4929 944 4986 dicit
993 4931 1048 4985 in
1099 4931 1400 5004 Evangelio
1446 4955 1461 4992 :
1509 4938 1680 4994 Mittet
1731 4939 1910 4996 Filius
1960 4941 2186 4998 hominis

585 5023 797 5093 angelos
835 5039 976 5088 suos,
1028 5032 1076 5078 et
1119 5027 1504 5100 congregabunt
1544 5031 1730 5088 electos
1749 5034 1862 5101 ejus
1892 5050 1924 5087 a
1961 5043 2186 5104 quatuor

585 5119 746 5173 ventis
777 5117 912 5185 caeli,
929 5130 976 5175 et
1005 5137 1036 5174 a
1059 5121 1352 5176 summitate
1372 5122 1618 5179 caelorum
1636 5125 1854 5196 (Matth.
1889 5143 2039 5195 xxw,
2063 5127 2182 5200 3i).

657 5211 846 5281 (νει-ε.
877 5210 1000 5283 27.)
1034 5212 1148 5269 Nec
1174 5215 1389 5270 intrabit
1428 5217 1482 5270 in
1509 5233 1624 5272 eam
1651 5220 1852 5289 aliquid
1883 5221 2183 5293 coinquina-

585 5316 717 5370 tum,
759 5316 807 5360 et
834 5307 1034 5378 faciens
1055 5310 1495 5366 abominationem
1520 5321 1567 5366 et
1591 5314 1934 5382 mendacium,
1969 5316 2072 5370 nisi
2096 5317 2184 5386 qui

583 5398 762 5467 scripti
789 5408 910 5453 sunt
939 5402 994 5455 in
1021 5401 1152 5457 libro
1181 5401 1317 5458 Viue
1337 5403 1496 5476 Agni.
1529 5405 1849 5477 lnquinatos
1873 5419 2032 5464 vocat
2059 5423 2181 5476 eos,

581 5487 676 5554 qui
709 5503 768 5544 se
796 5490 1028 5550 diversis
1057 5494 1366 5553 sceleribus
1397 5498 1820 5569 inquinaverunt
1851 5518 1865 5555 :
1897 5502 2181 5558 abomina-

588 5579 792 5637 tionem
831 5591 1012 5640 autem
1051 5586 1276 5657 faciunt,
1321 5591 1412 5662 qui
1441 5593 1647 5649 malum
1690 5604 2019 5666 operantur;
2043 5597 2182 5654 nihil

653 5747 688 5823 ξ
707 5739 914 5823 Dmnes
933 5741 1089 5808 edit.,
1116 5754 1290 5823 patres
1314 5763 1514 5823 eorum.
1545 5749 1726 5806 Gloria
1754 5767 1874 5807 vero
1902 5753 2133 5823 ﬁliorum
2154 5769 2176 5819 ;

595 5806 691 5888 sed
718 5813 984 5888 lacunam
997 5806 1212 5884 egregie
1230 5819 1500 5888 supplent
1526 5806 1971 5888 omnes
1994 5806 2026 5808 Π
2053 5806 2076 5884 λ

659 5880 687 5917 ι’
718 5881 778 5936 ln
804 5881 938 5953 edit.
972 5880 1087 5939 haec
1131 5880 1324 5956 verba,
1346 5880 1576 5960 'angelus
1597 5880 1751 5964 igitur
1796 5880 2176 5953 trtinsdncil....

2290 4761 2414 4802 cum
2446 4745 2713 4801 Dominus
2755 4744 2921 4800 alicui
2948 4743 3095 4799 ﬁdeli
3143 4758 3248 4800 suo
3287 4741 3629 4798 desiderium
3665 4736 3836 4805 largitur

2291 4837 2630 4909 intelligendi
2668 4837 2985 4908 Scripturas
3031 4854 3045 4889 :
3102 4835 3413 4891 transducit
3459 4849 3587 4888 eum
3625 4843 3776 4901 usque
3793 4824 3836 4879 al

2291 4935 2456 4997 talos,
2489 4947 2612 4989 cum
2642 4932 2692 4988 ei
2735 4931 2985 4988 historia:
3020 4931 3359 4987 intellectum
3390 4930 3587 4985 tribuit
3610 4946 3624 4994 ;
3647 4921 3836 4998 quisquiS

2288 5028 2436 5084 enim
2467 5025 2732 5082 moralem
2757 5035 2814 5081 et
2838 5023 3141 5096 spiritalem
3166 5021 3589 5093 intelligentiam
3615 5023 3666 5076 in
3690 5012 3834 5074 divinis

2294 5122 2598 5193 Scripturis
2631 5121 2960 5191 investigare
3008 5118 3336 5184 desiderat,
3403 5132 3633 5174 necesse
3684 5123 3757 5170 est
3798 5117 3835 5162 Ii

2293 5219 2538 5275 historiae
2589 5216 3010 5288 intelligentiam
3043 5215 3200 5286 prius
3247 5213 3533 5285 possideat
3583 5231 3596 5266 :
3649 5203 3834 5266 secundo

2289 5312 2516 5383 angelus
2539 5310 2864 5382 prophetam
2891 5308 3043 5364 mille
3082 5307 3305 5363 cubitos
3332 5305 3503 5371 ducit,
3554 5320 3676 5360 cum
3704 5296 3836 5356 Datur

2291 5420 2398 5461 nus
2427 5404 2645 5461 ﬁdelem
2671 5419 2832 5459 suum
2859 5403 2928 5458 ad
2961 5402 3229 5457 moralem
3260 5399 3688 5470 intelligentiam

2292 5498 2547 5572 piendam
2571 5497 2824 5555 accendit
2851 5513 2866 5550 :
2897 5512 2992 5567 per
3020 5511 3221 5567 aquam
3252 5508 3422 5563 usque
3451 5491 3518 5546 ad
3559 5503 3728 5561 genua
3751 5498 3835 5581 seu

2291 5591 2637 5661 transducit,
2677 5605 2802 5646 cum
2855 5587 3081 5646 moralis
3111 5586 3365 5643 scientia:
3406 5597 3600 5639 sensus
3628 5581 3676 5637 ei
3711 5589 3836 5635 mam-

2282 5751 2606 5821 intelligendi
2657 5749 2988 5818 Scripturas,
3031 5765 3198 5822 supra
3223 5750 3684 5822 ponebaturpost
3714 5751 3834 5822 vocis

2291 5819 2580 5951 Dominum
2623 5822 2925 5894 signiﬁcat;
2973 5822 3068 5880 sed
3115 5821 3169 5878 in
3215 5819 3350 5879 mss.
3395 5819 3498 5878 hoc
3542 5820 3663 5876 loco
3705 5819 3835 5886 apti!

2289 5912 2353 5952 co
2403 5907 2615 5951 ocatur.
