  <div class='ocr_page' id='page_1' title='image "/cluster/home/n/w/nwhite01/storage/ocr_20150623/17/hvd.32044015471329/486.png"; bbox 0 0 3950 6314; ppageno 0'>
   <div class='ocr_carea' id='block_1_1' title="bbox 106 242 3372 333">
    <p class='ocr_par' dir='ltr' id='par_1_1' title="bbox 106 242 3372 333">
     <span class='ocr_line' id='line_1_1' title="bbox 106 242 3372 333; baseline -0.009 -1"><span class='ocrx_word' id='word_1_1' title='bbox 106 272 199 333; x_wconf 76' lang='grc' dir='ltr'><strong>θδι</strong></span> <span class='ocrx_word' id='word_1_2' title='bbox 804 257 869 316; x_wconf 83' lang='grc' dir='ltr'><strong>ΙΝ</strong></span> <span class='ocrx_word' id='word_1_3' title='bbox 906 255 1387 317; x_wconf 83' lang='lat' dir='ltr'><strong>APOCALYPSIN</strong></span> <span class='ocrx_word' id='word_1_4' title='bbox 1431 252 1821 315; x_wconf 79' lang='lat' dir='ltr'><strong>EXPOSITIO.</strong></span> <span class='ocrx_word' id='word_1_5' title='bbox 1866 250 1955 309; x_wconf 88' lang='lat' dir='ltr'><strong>DE</strong></span> <span class='ocrx_word' id='word_1_6' title='bbox 1997 242 2271 307; x_wconf 77' lang='lat' dir='ltr'><strong>VISIONE</strong></span> <span class='ocrx_word' id='word_1_7' title='bbox 2312 245 2635 306; x_wconf 81' lang='lat' dir='ltr'><strong>SEPTIMA.</strong></span> <span class='ocrx_word' id='word_1_8' title='bbox 3264 246 3372 303; x_wconf 75' lang='lat'><strong>962</strong></span> 
     </span>
    </p>
   </div>
   <div class='ocr_carea' id='block_1_2' title="bbox 108 362 3377 447">
    <p class='ocr_par' dir='ltr' id='par_1_2' title="bbox 108 362 3377 447">
     <span class='ocr_line' id='line_1_2' title="bbox 108 362 3377 447; baseline -0.007 -5"><span class='ocrx_word' id='word_1_9' title='bbox 108 386 272 444; x_wconf 88' lang='lat' dir='ltr'><strong>festat.</strong></span> <span class='ocrx_word' id='word_1_10' title='bbox 307 392 331 419; x_wconf 69' lang='grc' dir='ltr'>α</span> <span class='ocrx_word' id='word_1_11' title='bbox 375 378 564 438; x_wconf 86' lang='lat' dir='ltr'><strong>Tertio</strong></span> <span class='ocrx_word' id='word_1_12' title='bbox 609 374 835 446; x_wconf 83' lang='lat' dir='ltr'><strong>angelus</strong></span> <span class='ocrx_word' id='word_1_13' title='bbox 879 375 1202 447; x_wconf 88' lang='lat' dir='ltr'><strong>pr0phetam</strong></span> <span class='ocrx_word' id='word_1_14' title='bbox 1260 374 1412 429; x_wconf 91' lang='lat' dir='ltr'><strong>mille</strong></span> <span class='ocrx_word' id='word_1_15' title='bbox 1459 372 1676 428; x_wconf 88' lang='lat' dir='ltr'><strong>cubitos</strong></span> <span class='ocrx_word' id='word_1_16' title='bbox 1704 384 1754 445; x_wconf 77' lang='grc' dir='ltr'><strong>Α</strong></span> <span class='ocrx_word' id='word_1_17' title='bbox 1858 368 1995 423; x_wconf 83' lang='lat' dir='ltr'><strong>Ecce</strong></span> <span class='ocrx_word' id='word_1_18' title='bbox 2027 366 2281 422; x_wconf 84' lang='lat' dir='ltr'><strong>Ezechiel</strong></span> <span class='ocrx_word' id='word_1_19' title='bbox 2315 373 2611 421; x_wconf 73' lang='lat' dir='ltr'><strong>torrentem</strong></span> <span class='ocrx_word' id='word_1_20' title='bbox 2648 362 2718 420; x_wconf 83' lang='lat' dir='ltr'><strong>de</strong></span> <span class='ocrx_word' id='word_1_21' title='bbox 2752 362 2953 435; x_wconf 79' lang='lat' dir='ltr'><strong>templo</strong></span> <span class='ocrx_word' id='word_1_22' title='bbox 2983 362 3179 420; x_wconf 79' lang='lat' dir='ltr'><strong>cxiisse</strong></span> <span class='ocrx_word' id='word_1_23' title='bbox 3205 378 3265 420; x_wconf 89' lang='lat' dir='ltr'><strong>se</strong></span> <span class='ocrx_word' id='word_1_24' title='bbox 3293 365 3377 420; x_wconf 84' lang='lat' dir='ltr'><strong>vi-</strong></span> 
     </span>
    </p>
   </div>
   <div class='ocr_carea' id='block_1_3' title="bbox 106 458 3379 545">
    <p class='ocr_par' dir='ltr' id='par_1_3' title="bbox 106 458 3379 545">
     <span class='ocr_line' id='line_1_3' title="bbox 106 458 3379 545; baseline -0.007 -10"><span class='ocrx_word' id='word_1_25' title='bbox 106 480 275 545; x_wconf 89' lang='lat' dir='ltr'><strong>ducit,</strong></span> <span class='ocrx_word' id='word_1_26' title='bbox 325 490 442 532; x_wconf 91' lang='lat' dir='ltr'><strong>cum</strong></span> <span class='ocrx_word' id='word_1_27' title='bbox 490 472 750 528; x_wconf 85' lang='lat' dir='ltr'><strong>Dominus</strong></span> <span class='ocrx_word' id='word_1_28' title='bbox 790 478 918 541; x_wconf 89' lang='lat' dir='ltr'><strong>post</strong></span> <span class='ocrx_word' id='word_1_29' title='bbox 957 468 1225 525; x_wconf 81' lang='lat' dir='ltr'><strong>moralem</strong></span> <span class='ocrx_word' id='word_1_30' title='bbox 1256 467 1674 538; x_wconf 77' lang='lat' dir='ltr'><strong>intelligentiam</strong></span> <span class='ocrx_word' id='word_1_31' title='bbox 1782 460 1930 517; x_wconf 87' lang='lat' dir='ltr'><strong>disse</strong></span> <span class='ocrx_word' id='word_1_32' title='bbox 1960 460 2137 517; x_wconf 87' lang='lat' dir='ltr'><strong>dixit:</strong></span> <span class='ocrx_word' id='word_1_33' title='bbox 2169 459 2409 516; x_wconf 84' lang='lat' dir='ltr'><strong>Joannes</strong></span> <span class='ocrx_word' id='word_1_34' title='bbox 2436 468 2616 515; x_wconf 90' lang='lat' dir='ltr'><strong>autem</strong></span> <span class='ocrx_word' id='word_1_35' title='bbox 2660 474 2766 513; x_wconf 91' lang='lat' dir='ltr'><strong>non</strong></span> <span class='ocrx_word' id='word_1_36' title='bbox 2796 466 3118 527; x_wconf 83' lang='lat' dir='ltr'><strong>torrentem,</strong></span> <span class='ocrx_word' id='word_1_37' title='bbox 3144 458 3237 514; x_wconf 84' lang='lat' dir='ltr'><strong>sed</strong></span> <span class='ocrx_word' id='word_1_38' title='bbox 3273 459 3379 513; x_wconf 88' lang='lat' dir='ltr'><strong>ﬂu-</strong></span> 
     </span>
    </p>
   </div>
   <div class='ocr_carea' id='block_1_4' title="bbox 104 554 3379 636">
    <p class='ocr_par' dir='ltr' id='par_1_4' title="bbox 104 554 3379 636">
     <span class='ocr_line' id='line_1_4' title="bbox 104 554 3379 636; baseline -0.005 -8"><span class='ocrx_word' id='word_1_39' title='bbox 104 571 305 628; x_wconf 86' lang='lat' dir='ltr'><strong>ﬂdelem</strong></span> <span class='ocrx_word' id='word_1_40' title='bbox 355 584 509 625; x_wconf 90' lang='lat' dir='ltr'><strong>suum</strong></span> <span class='ocrx_word' id='word_1_41' title='bbox 562 566 632 623; x_wconf 89' lang='lat' dir='ltr'><strong>ad</strong></span> <span class='ocrx_word' id='word_1_42' title='bbox 684 563 991 636; x_wconf 86' lang='lat' dir='ltr'><strong>spiritualis</strong></span> <span class='ocrx_word' id='word_1_43' title='bbox 1054 562 1430 635; x_wconf 71' lang='lat' dir='ltr'><strong>intelligentia:</strong></span> <span class='ocrx_word' id='word_1_44' title='bbox 1486 574 1679 617; x_wconf 85' lang='lat' dir='ltr'><strong>sensus</strong></span> <span class='ocrx_word' id='word_1_45' title='bbox 1780 560 1924 614; x_wconf 88' lang='lat' dir='ltr'><strong>vium</strong></span> <span class='ocrx_word' id='word_1_46' title='bbox 1955 557 2143 614; x_wconf 90' lang='lat' dir='ltr'><strong>asede</strong></span> <span class='ocrx_word' id='word_1_47' title='bbox 2163 557 2260 613; x_wconf 89' lang='lat' dir='ltr'><strong>Dei</strong></span> <span class='ocrx_word' id='word_1_48' title='bbox 2283 565 2337 612; x_wconf 92' lang='lat' dir='ltr'><strong>et</strong></span> <span class='ocrx_word' id='word_1_49' title='bbox 2359 556 2498 626; x_wconf 84' lang='lat' dir='ltr'><strong>Agni</strong></span> <span class='ocrx_word' id='word_1_50' title='bbox 2532 555 2925 627; x_wconf 80' lang='lat' dir='ltr'><strong>procedentem</strong></span> <span class='ocrx_word' id='word_1_51' title='bbox 2955 554 3063 610; x_wconf 89' lang='lat' dir='ltr'><strong>sibi</strong></span> <span class='ocrx_word' id='word_1_52' title='bbox 3094 564 3379 611; x_wconf 88' lang='lat' dir='ltr'><strong>ostensum</strong></span> 
     </span>
    </p>
   </div>
   <div class='ocr_carea' id='block_1_5' title="bbox 104 646 3380 732">
    <p class='ocr_par' dir='ltr' id='par_1_5' title="bbox 104 646 3380 732">
     <span class='ocr_line' id='line_1_5' title="bbox 104 646 3380 732; baseline -0.007 -10"><span class='ocrx_word' id='word_1_53' title='bbox 104 663 456 724; x_wconf 89' lang='lat' dir='ltr'><strong>enucleandos</strong></span> <span class='ocrx_word' id='word_1_54' title='bbox 521 676 617 732; x_wconf 91' lang='lat' dir='ltr'><strong>per</strong></span> <span class='ocrx_word' id='word_1_55' title='bbox 669 657 1009 715; x_wconf 82' lang='lat' dir='ltr'><strong>desiderium</strong></span> <span class='ocrx_word' id='word_1_56' title='bbox 1066 656 1269 713; x_wconf 82' lang='lat' dir='ltr'><strong>evehit.</strong></span> <span class='ocrx_word' id='word_1_57' title='bbox 1330 656 1436 710; x_wconf 90' lang='lat' dir='ltr'><strong>Per</strong></span> <span class='ocrx_word' id='word_1_58' title='bbox 1482 668 1677 725; x_wconf 90' lang='lat' dir='ltr'><strong>aquam</strong></span> <span class='ocrx_word' id='word_1_59' title='bbox 1782 650 1951 708; x_wconf 85' lang='lat' dir='ltr'><strong>fuisse</strong></span> <span class='ocrx_word' id='word_1_60' title='bbox 1979 651 2111 707; x_wconf 90' lang='lat' dir='ltr'><strong>dicit</strong></span> <span class='ocrx_word' id='word_1_61' title='bbox 2134 648 2353 721; x_wconf 81' lang='lat' dir='ltr'><strong>(Ezech.</strong></span> <span class='ocrx_word' id='word_1_62' title='bbox 2385 663 2555 716; x_wconf 68' lang='lat' dir='ltr'><strong>xuvu,</strong></span> <span class='ocrx_word' id='word_1_63' title='bbox 2599 646 2679 719; x_wconf 83' lang='lat'><strong>5).</strong></span> <span class='ocrx_word' id='word_1_64' title='bbox 2718 646 2961 704; x_wconf 89' lang='lat' dir='ltr'><strong>Torrens</strong></span> <span class='ocrx_word' id='word_1_65' title='bbox 2991 662 3057 703; x_wconf 77' lang='lat' dir='ltr'><strong>ex</strong></span> <span class='ocrx_word' id='word_1_66' title='bbox 3087 646 3259 703; x_wconf 90' lang='lat' dir='ltr'><strong>nimio</strong></span> <span class='ocrx_word' id='word_1_67' title='bbox 3285 662 3380 701; x_wconf 88' lang='lat' dir='ltr'><strong>ar-</strong></span> 
     </span>
    </p>
   </div>
   <div class='ocr_carea' id='block_1_6' title="bbox 103 741 3384 829">
    <p class='ocr_par' dir='ltr' id='par_1_6' title="bbox 103 741 3384 829">
     <span class='ocr_line' id='line_1_6' title="bbox 103 741 3384 829; baseline -0.005 -16"><span class='ocrx_word' id='word_1_68' title='bbox 103 771 261 829; x_wconf 87' lang='lat' dir='ltr'><strong>usque</strong></span> <span class='ocrx_word' id='word_1_69' title='bbox 297 755 362 811; x_wconf 90' lang='lat' dir='ltr'><strong>ad</strong></span> <span class='ocrx_word' id='word_1_70' title='bbox 421 767 587 809; x_wconf 89' lang='lat' dir='ltr'><strong>renes</strong></span> <span class='ocrx_word' id='word_1_71' title='bbox 630 766 758 808; x_wconf 92' lang='lat' dir='ltr'><strong>eum</strong></span> <span class='ocrx_word' id='word_1_72' title='bbox 809 749 1115 807; x_wconf 89' lang='lat' dir='ltr'><strong>transducit</strong></span> <span class='ocrx_word' id='word_1_73' title='bbox 1141 790 1158 819; x_wconf 96' lang='lat'><strong>,</strong></span> <span class='ocrx_word' id='word_1_74' title='bbox 1201 764 1324 805; x_wconf 91' lang='lat' dir='ltr'><strong>cum</strong></span> <span class='ocrx_word' id='word_1_75' title='bbox 1377 745 1679 817; x_wconf 87' lang='lat' dir='ltr'><strong>spiritualis</strong></span> <span class='ocrx_word' id='word_1_76' title='bbox 1784 747 1917 804; x_wconf 88' lang='lat' dir='ltr'><strong>dore</strong></span> <span class='ocrx_word' id='word_1_77' title='bbox 1944 745 2079 803; x_wconf 90' lang='lat' dir='ltr'><strong>solis</strong></span> <span class='ocrx_word' id='word_1_78' title='bbox 2117 744 2262 802; x_wconf 84' lang='lat' dir='ltr'><strong>solet</strong></span> <span class='ocrx_word' id='word_1_79' title='bbox 2299 743 2525 810; x_wconf 91' lang='lat' dir='ltr'><strong>siccari,</strong></span> <span class='ocrx_word' id='word_1_80' title='bbox 2553 741 2752 800; x_wconf 87' lang='lat' dir='ltr'><strong>ﬂuvius</strong></span> <span class='ocrx_word' id='word_1_81' title='bbox 2804 757 2936 800; x_wconf 79' lang='lat' dir='ltr'><strong>vero</strong></span> <span class='ocrx_word' id='word_1_82' title='bbox 2985 741 3138 799; x_wconf 91' lang='lat' dir='ltr'><strong>nullo</strong></span> <span class='ocrx_word' id='word_1_83' title='bbox 3183 741 3384 798; x_wconf 87' lang='lat' dir='ltr'><strong>ardore</strong></span> 
     </span>
    </p>
   </div>
   <div class='ocr_carea' id='block_1_7' title="bbox 103 837 3380 917">
    <p class='ocr_par' dir='ltr' id='par_1_7' title="bbox 103 837 3380 917">
     <span class='ocr_line' id='line_1_7' title="bbox 103 837 3380 917; baseline -0.005 -9"><span class='ocrx_word' id='word_1_84' title='bbox 103 851 331 909; x_wconf 68' lang='lat' dir='ltr'><strong>scientiae</strong></span> <span class='ocrx_word' id='word_1_85' title='bbox 357 863 551 906; x_wconf 89' lang='lat' dir='ltr'><strong>sensus</strong></span> <span class='ocrx_word' id='word_1_86' title='bbox 575 847 625 904; x_wconf 94' lang='lat' dir='ltr'><strong>ei</strong></span> <span class='ocrx_word' id='word_1_87' title='bbox 655 846 853 917; x_wconf 90' lang='lat' dir='ltr'><strong>aperit.</strong></span> <span class='ocrx_word' id='word_1_88' title='bbox 893 845 1101 913; x_wconf 90' lang='lat' dir='ltr'><strong>Quarto</strong></span> <span class='ocrx_word' id='word_1_89' title='bbox 1140 842 1467 914; x_wconf 87' lang='lat' dir='ltr'><strong>pr0phetam</strong></span> <span class='ocrx_word' id='word_1_90' title='bbox 1508 854 1681 913; x_wconf 84' lang='lat' dir='ltr'><strong>ange-</strong></span> <span class='ocrx_word' id='word_1_91' title='bbox 1786 842 2090 899; x_wconf 81' lang='lat' dir='ltr'><strong>exsiccatur</strong></span> <span class='ocrx_word' id='word_1_92' title='bbox 2120 856 2135 893; x_wconf 94' lang='lat'><strong>:</strong></span> <span class='ocrx_word' id='word_1_93' title='bbox 2164 852 2273 895; x_wconf 93' lang='lat' dir='ltr'><strong>non</strong></span> <span class='ocrx_word' id='word_1_94' title='bbox 2303 837 2758 894; x_wconf 90' lang='lat' dir='ltr'><strong>inconvenienter</strong></span> <span class='ocrx_word' id='word_1_95' title='bbox 2795 850 2926 908; x_wconf 88' lang='lat' dir='ltr'><strong>ergo</strong></span> <span class='ocrx_word' id='word_1_96' title='bbox 2953 851 3051 907; x_wconf 89' lang='lat' dir='ltr'><strong>per</strong></span> <span class='ocrx_word' id='word_1_97' title='bbox 3081 844 3380 892; x_wconf 85' lang='lat' dir='ltr'><strong>torrentem</strong></span> 
     </span>
    </p>
   </div>
   <div class='ocr_carea' id='block_1_8' title="bbox 102 926 3387 1009">
    <p class='ocr_par' dir='ltr' id='par_1_8' title="bbox 102 926 3387 1009">
     <span class='ocr_line' id='line_1_8' title="bbox 102 926 3387 1009; baseline -0.005 -8"><span class='ocrx_word' id='word_1_98' title='bbox 102 945 179 1002; x_wconf 90' lang='lat' dir='ltr'><strong>lus</strong></span> <span class='ocrx_word' id='word_1_99' title='bbox 216 944 363 1001; x_wconf 90' lang='lat' dir='ltr'><strong>mille</strong></span> <span class='ocrx_word' id='word_1_100' title='bbox 409 943 620 999; x_wconf 89' lang='lat' dir='ltr'><strong>cubitos</strong></span> <span class='ocrx_word' id='word_1_101' title='bbox 668 938 856 1007; x_wconf 89' lang='lat' dir='ltr'><strong>ducit,</strong></span> <span class='ocrx_word' id='word_1_102' title='bbox 902 954 1024 994; x_wconf 91' lang='lat' dir='ltr'><strong>cum</strong></span> <span class='ocrx_word' id='word_1_103' title='bbox 1078 946 1203 1009; x_wconf 91' lang='lat' dir='ltr'><strong>post</strong></span> <span class='ocrx_word' id='word_1_104' title='bbox 1261 935 1681 1005; x_wconf 78' lang='lat' dir='ltr'><strong>intelligentiam</strong></span> <span class='ocrx_word' id='word_1_105' title='bbox 1785 938 1968 994; x_wconf 91' lang='lat' dir='ltr'><strong>divina</strong></span> <span class='ocrx_word' id='word_1_106' title='bbox 2017 936 2298 1006; x_wconf 79' lang='lat' dir='ltr'><strong>Scriptura</strong></span> <span class='ocrx_word' id='word_1_107' title='bbox 2334 931 2684 1002; x_wconf 80' lang='lat' dir='ltr'><strong>exprimitur,</strong></span> <span class='ocrx_word' id='word_1_108' title='bbox 2717 946 2841 1002; x_wconf 70' lang='lat' dir='ltr'><strong>qua:</strong></span> <span class='ocrx_word' id='word_1_109' title='bbox 2872 931 3131 987; x_wconf 74' lang='lat' dir='ltr'><strong>veniente</strong></span> <span class='ocrx_word' id='word_1_110' title='bbox 3156 929 3299 997; x_wconf 87' lang='lat' dir='ltr'><strong>sole,</strong></span> <span class='ocrx_word' id='word_1_111' title='bbox 3332 926 3387 985; x_wconf 89' lang='lat' dir='ltr'><strong>id</strong></span> 
     </span>
    </p>
   </div>
   <div class='ocr_carea' id='block_1_9' title="bbox 103 1022 3392 1111">
    <p class='ocr_par' dir='ltr' id='par_1_9' title="bbox 103 1022 3392 1111">
     <span class='ocr_line' id='line_1_9' title="bbox 103 1022 3392 1111; baseline -0.005 -15"><span class='ocrx_word' id='word_1_112' title='bbox 103 1040 495 1111; x_wconf 89' lang='lat' dir='ltr'><strong>Scripturarum</strong></span> <span class='ocrx_word' id='word_1_113' title='bbox 535 1035 750 1091; x_wconf 83' lang='lat' dir='ltr'><strong>fidelem</strong></span> <span class='ocrx_word' id='word_1_114' title='bbox 802 1049 962 1090; x_wconf 89' lang='lat' dir='ltr'><strong>suum</strong></span> <span class='ocrx_word' id='word_1_115' title='bbox 1010 1032 1281 1089; x_wconf 91' lang='lat' dir='ltr'><strong>Dominus</strong></span> <span class='ocrx_word' id='word_1_116' title='bbox 1324 1030 1391 1087; x_wconf 88' lang='lat' dir='ltr'><strong>ad</strong></span> <span class='ocrx_word' id='word_1_117' title='bbox 1439 1039 1686 1086; x_wconf 91' lang='lat' dir='ltr'><strong>contem-</strong></span> <span class='ocrx_word' id='word_1_118' title='bbox 1788 1038 1893 1095; x_wconf 92' lang='lat' dir='ltr'><strong>est,</strong></span> <span class='ocrx_word' id='word_1_119' title='bbox 1927 1028 2160 1085; x_wconf 93' lang='lat' dir='ltr'><strong>Domino</strong></span> <span class='ocrx_word' id='word_1_120' title='bbox 2190 1024 2571 1097; x_wconf 85' lang='lat' dir='ltr'><strong>adjudicium,</strong></span> <span class='ocrx_word' id='word_1_121' title='bbox 2607 1022 2943 1090; x_wconf 88' lang='lat' dir='ltr'><strong>siccabitur;</strong></span> <span class='ocrx_word' id='word_1_122' title='bbox 2992 1023 3118 1094; x_wconf 85' lang='lat' dir='ltr'><strong>quia</strong></span> <span class='ocrx_word' id='word_1_123' title='bbox 3149 1032 3273 1095; x_wconf 84' lang='lat' dir='ltr'><strong>post</strong></span> <span class='ocrx_word' id='word_1_124' title='bbox 3304 1037 3392 1079; x_wconf 91' lang='lat' dir='ltr'><strong>re-</strong></span> 
     </span>
    </p>
   </div>
   <div class='ocr_carea' id='block_1_10' title="bbox 100 1114 3392 1205">
    <p class='ocr_par' dir='ltr' id='par_1_10' title="bbox 100 1114 3392 1205">
     <span class='ocr_line' id='line_1_10' title="bbox 100 1114 3392 1205; baseline -0.006 -17"><span class='ocrx_word' id='word_1_125' title='bbox 100 1132 286 1205; x_wconf 88' lang='lat' dir='ltr'><strong>planda</strong></span> <span class='ocrx_word' id='word_1_126' title='bbox 324 1131 508 1187; x_wconf 90' lang='lat' dir='ltr'><strong>divina</strong></span> <span class='ocrx_word' id='word_1_127' title='bbox 559 1139 614 1185; x_wconf 90' lang='lat' dir='ltr'><strong>et</strong></span> <span class='ocrx_word' id='word_1_128' title='bbox 659 1128 908 1186; x_wconf 73' lang='lat' dir='ltr'><strong>cmlestia</strong></span> <span class='ocrx_word' id='word_1_129' title='bbox 933 1133 1278 1183; x_wconf 89' lang='lat' dir='ltr'><strong>sacramenta</strong></span> <span class='ocrx_word' id='word_1_130' title='bbox 1306 1125 1506 1181; x_wconf 85' lang='lat' dir='ltr'><strong>elevat.</strong></span> <span class='ocrx_word' id='word_1_131' title='bbox 1550 1122 1687 1179; x_wconf 88' lang='lat' dir='ltr'><strong>&#39;l‘or-</strong></span> <span class='ocrx_word' id='word_1_132' title='bbox 1789 1122 2191 1179; x_wconf 86' lang='lat' dir='ltr'><strong>surrectioncm</strong></span> <span class='ocrx_word' id='word_1_133' title='bbox 2243 1118 2427 1174; x_wconf 89' lang='lat' dir='ltr'><strong>divina</strong></span> <span class='ocrx_word' id='word_1_134' title='bbox 2458 1115 2743 1185; x_wconf 85' lang='lat' dir='ltr'><strong>Scriptura</strong></span> <span class='ocrx_word' id='word_1_135' title='bbox 2773 1114 3087 1172; x_wconf 88' lang='lat' dir='ltr'><strong>necessaria</strong></span> <span class='ocrx_word' id='word_1_136' title='bbox 3124 1131 3231 1171; x_wconf 94' lang='lat' dir='ltr'><strong>non</strong></span> <span class='ocrx_word' id='word_1_137' title='bbox 3262 1114 3392 1171; x_wconf 91' lang='lat' dir='ltr'><strong>erit.</strong></span> 
     </span>
    </p>
   </div>
   <div class='ocr_carea' id='block_1_11' title="bbox 106 1208 3393 1298">
    <p class='ocr_par' dir='ltr' id='par_1_11' title="bbox 106 1208 3393 1298">
     <span class='ocr_line' id='line_1_11' title="bbox 106 1208 3393 1298; baseline -0.005 -15"><span class='ocrx_word' id='word_1_138' title='bbox 106 1236 413 1298; x_wconf 85' lang='lat' dir='ltr'><strong>rentemque</strong></span> <span class='ocrx_word' id='word_1_139' title='bbox 448 1240 556 1281; x_wconf 92' lang='lat' dir='ltr'><strong>non</strong></span> <span class='ocrx_word' id='word_1_140' title='bbox 593 1224 776 1295; x_wconf 87' lang='lat' dir='ltr'><strong>potuit</strong></span> <span class='ocrx_word' id='word_1_141' title='bbox 812 1220 1206 1287; x_wconf 88' lang='lat' dir='ltr'><strong>transvadare;</strong></span> <span class='ocrx_word' id='word_1_142' title='bbox 1242 1219 1366 1289; x_wconf 86' lang='lat' dir='ltr'><strong>quia</strong></span> <span class='ocrx_word' id='word_1_143' title='bbox 1403 1216 1689 1290; x_wconf 87' lang='lat' dir='ltr'><strong>profundi-</strong></span> <span class='ocrx_word' id='word_1_144' title='bbox 1792 1215 1966 1272; x_wconf 89' lang='lat' dir='ltr'><strong>Porro</strong></span> <span class='ocrx_word' id='word_1_145' title='bbox 1988 1230 2084 1285; x_wconf 88' lang='lat' dir='ltr'><strong>per</strong></span> <span class='ocrx_word' id='word_1_146' title='bbox 2116 1210 2470 1283; x_wconf 91' lang='lat' dir='ltr'><strong>ﬂuvium,qui</strong></span> <span class='ocrx_word' id='word_1_147' title='bbox 2495 1209 2645 1265; x_wconf 91' lang='lat' dir='ltr'><strong>nullo</strong></span> <span class='ocrx_word' id='word_1_148' title='bbox 2678 1208 2877 1264; x_wconf 89' lang='lat' dir='ltr'><strong>ardore</strong></span> <span class='ocrx_word' id='word_1_149' title='bbox 2902 1209 3039 1266; x_wconf 92' lang='lat' dir='ltr'><strong>solis</strong></span> <span class='ocrx_word' id='word_1_150' title='bbox 3063 1210 3393 1278; x_wconf 84' lang='lat' dir='ltr'><strong>exsiccatur,</strong></span> 
     </span>
    </p>
   </div>
   <div class='ocr_carea' id='block_1_12' title="bbox 108 1303 3395 1386">
    <p class='ocr_par' dir='ltr' id='par_1_12' title="bbox 108 1303 3395 1386">
     <span class='ocr_line' id='line_1_12' title="bbox 108 1303 3395 1386; baseline -0.005 -10"><span class='ocrx_word' id='word_1_151' title='bbox 108 1331 262 1377; x_wconf 87' lang='lat' dir='ltr'><strong>tatem</strong></span> <span class='ocrx_word' id='word_1_152' title='bbox 279 1319 591 1375; x_wconf 88' lang='lat' dir='ltr'><strong>divinorum</strong></span> <span class='ocrx_word' id='word_1_153' title='bbox 622 1315 1043 1386; x_wconf 79' lang='lat' dir='ltr'><strong>ctelestiumque</strong></span> <span class='ocrx_word' id='word_1_154' title='bbox 1071 1315 1455 1386; x_wconf 89' lang='lat' dir='ltr'><strong>mysteriorum</strong></span> <span class='ocrx_word' id='word_1_155' title='bbox 1482 1311 1687 1377; x_wconf 88' lang='lat' dir='ltr'><strong>nullus,</strong></span> <span class='ocrx_word' id='word_1_156' title='bbox 1791 1311 1965 1382; x_wconf 89' lang='lat' dir='ltr'><strong>gloria</strong></span> <span class='ocrx_word' id='word_1_157' title='bbox 2007 1316 2325 1364; x_wconf 88' lang='lat' dir='ltr'><strong>sanctorum</strong></span> <span class='ocrx_word' id='word_1_158' title='bbox 2357 1314 2623 1377; x_wconf 89' lang='lat' dir='ltr'><strong>perpetua</strong></span> <span class='ocrx_word' id='word_1_159' title='bbox 2676 1303 3001 1374; x_wconf 89' lang='lat' dir='ltr'><strong>intelligitur</strong></span> <span class='ocrx_word' id='word_1_160' title='bbox 3033 1323 3044 1357; x_wconf 91' lang='lat'><strong>:</strong></span> <span class='ocrx_word' id='word_1_161' title='bbox 3072 1304 3164 1375; x_wconf 90' lang='lat' dir='ltr'><strong>qui</strong></span> <span class='ocrx_word' id='word_1_162' title='bbox 3195 1320 3225 1360; x_wconf 89' lang='lat' dir='ltr'><strong>a</strong></span> <span class='ocrx_word' id='word_1_163' title='bbox 3258 1304 3395 1362; x_wconf 85' lang='lat' dir='ltr'><strong>sede</strong></span> 
     </span>
    </p>
   </div>
   <div class='ocr_carea' id='block_1_13' title="bbox 106 1398 3402 1481">
    <p class='ocr_par' dir='ltr' id='par_1_13' title="bbox 106 1398 3402 1481">
     <span class='ocr_line' id='line_1_13' title="bbox 106 1398 3402 1481; baseline -0.004 -13"><span class='ocrx_word' id='word_1_164' title='bbox 106 1414 242 1469; x_wconf 86' lang='lat' dir='ltr'><strong>sicut</strong></span> <span class='ocrx_word' id='word_1_165' title='bbox 282 1420 398 1477; x_wconf 90' lang='lat' dir='ltr'><strong>est,</strong></span> <span class='ocrx_word' id='word_1_166' title='bbox 438 1408 773 1481; x_wconf 88' lang='lat' dir='ltr'><strong>perscrutari</strong></span> <span class='ocrx_word' id='word_1_167' title='bbox 825 1416 1008 1479; x_wconf 89' lang='lat' dir='ltr'><strong>potest</strong></span> <span class='ocrx_word' id='word_1_168' title='bbox 1047 1424 1061 1461; x_wconf 92' lang='lat'><strong>:</strong></span> <span class='ocrx_word' id='word_1_169' title='bbox 1112 1406 1195 1461; x_wconf 72' lang='lat' dir='ltr'><strong>Ex</strong></span> <span class='ocrx_word' id='word_1_170' title='bbox 1233 1415 1377 1477; x_wconf 83' lang='lat' dir='ltr'><strong>parte</strong></span> <span class='ocrx_word' id='word_1_171' title='bbox 1403 1404 1540 1460; x_wconf 87' lang='lat' dir='ltr'><strong>enim</strong></span> <span class='ocrx_word' id='word_1_172' title='bbox 1569 1419 1691 1475; x_wconf 89' lang='lat' dir='ltr'><strong>cog-</strong></span> <span class='ocrx_word' id='word_1_173' title='bbox 1794 1406 1889 1461; x_wconf 90' lang='lat' dir='ltr'><strong>Dei</strong></span> <span class='ocrx_word' id='word_1_174' title='bbox 1919 1414 1975 1461; x_wconf 90' lang='lat' dir='ltr'><strong>et</strong></span> <span class='ocrx_word' id='word_1_175' title='bbox 2002 1403 2142 1475; x_wconf 87' lang='lat' dir='ltr'><strong>Agni</strong></span> <span class='ocrx_word' id='word_1_176' title='bbox 2193 1399 2491 1473; x_wconf 88' lang='lat' dir='ltr'><strong>procedere</strong></span> <span class='ocrx_word' id='word_1_177' title='bbox 2520 1400 2757 1466; x_wconf 88' lang='lat' dir='ltr'><strong>dicitur;</strong></span> <span class='ocrx_word' id='word_1_178' title='bbox 2789 1398 2917 1470; x_wconf 84' lang='lat' dir='ltr'><strong>quia</strong></span> <span class='ocrx_word' id='word_1_179' title='bbox 2955 1398 3151 1454; x_wconf 91' lang='lat' dir='ltr'><strong>abillo</strong></span> <span class='ocrx_word' id='word_1_180' title='bbox 3193 1398 3402 1455; x_wconf 88' lang='lat' dir='ltr'><strong>ﬂuvius</strong></span> 
     </span>
    </p>
   </div>
   <div class='ocr_carea' id='block_1_14' title="bbox 106 1491 3399 1573">
    <p class='ocr_par' dir='ltr' id='par_1_14' title="bbox 106 1491 3399 1573">
     <span class='ocr_line' id='line_1_14' title="bbox 106 1491 3399 1573; baseline -0.003 -12"><span class='ocrx_word' id='word_1_181' title='bbox 106 1506 385 1572; x_wconf 74' lang='lat' dir='ltr'><strong>noscimus,</strong></span> <span class='ocrx_word' id='word_1_182' title='bbox 410 1514 455 1559; x_wconf 96' lang='lat' dir='ltr'><strong>et</strong></span> <span class='ocrx_word' id='word_1_183' title='bbox 468 1520 532 1558; x_wconf 80' lang='lat' dir='ltr'><strong>ea:</strong></span> <span class='ocrx_word' id='word_1_184' title='bbox 550 1512 699 1573; x_wconf 85' lang='lat' dir='ltr'><strong>parte</strong></span> <span class='ocrx_word' id='word_1_185' title='bbox 725 1499 1276 1573; x_wconf 84' lang='lat' dir='ltr'><strong>prophetamus,sicnt</strong></span> <span class='ocrx_word' id='word_1_186' title='bbox 1298 1498 1432 1553; x_wconf 87' lang='lat' dir='ltr'><strong>dicit</strong></span> <span class='ocrx_word' id='word_1_187' title='bbox 1451 1498 1693 1567; x_wconf 84' lang='lat' dir='ltr'><strong>Aposto-</strong></span> <span class='ocrx_word' id='word_1_188' title='bbox 1793 1497 1986 1569; x_wconf 70' lang='lat' dir='ltr'><strong>gloria:</strong></span> <span class='ocrx_word' id='word_1_189' title='bbox 2016 1504 2328 1552; x_wconf 87' lang='lat' dir='ltr'><strong>sanctorum</strong></span> <span class='ocrx_word' id='word_1_190' title='bbox 2354 1491 2643 1565; x_wconf 88' lang='lat' dir='ltr'><strong>procedet,</strong></span> <span class='ocrx_word' id='word_1_191' title='bbox 2666 1508 2696 1547; x_wconf 90' lang='lat' dir='ltr'><strong>a</strong></span> <span class='ocrx_word' id='word_1_192' title='bbox 2724 1507 2854 1563; x_wconf 88' lang='lat' dir='ltr'><strong>quo,</strong></span> <span class='ocrx_word' id='word_1_193' title='bbox 2883 1491 2995 1548; x_wconf 91' lang='lat' dir='ltr'><strong>illis</strong></span> <span class='ocrx_word' id='word_1_194' title='bbox 3022 1492 3076 1548; x_wconf 91' lang='lat' dir='ltr'><strong>in</strong></span> <span class='ocrx_word' id='word_1_195' title='bbox 3103 1507 3267 1549; x_wconf 88' lang='lat' dir='ltr'><strong>carne</strong></span> <span class='ocrx_word' id='word_1_196' title='bbox 3298 1508 3399 1565; x_wconf 86' lang='lat' dir='ltr'><strong>po-</strong></span> 
     </span>
    </p>
   </div>
   <div class='ocr_carea' id='block_1_15' title="bbox 110 1587 3033 1665">
    <p class='ocr_par' dir='ltr' id='par_1_15' title="bbox 110 1587 3033 1665">
     <span class='ocr_line' id='line_1_15' title="bbox 110 1587 3033 1665; baseline -0.007 -10"><span class='ocrx_word' id='word_1_197' title='bbox 110 1601 191 1655; x_wconf 88' lang='lat' dir='ltr'><strong>lus</strong></span> <span class='ocrx_word' id='word_1_198' title='bbox 225 1617 238 1652; x_wconf 90' lang='lat'><strong>:</strong></span> <span class='ocrx_word' id='word_1_199' title='bbox 271 1596 399 1653; x_wconf 87' lang='lat' dir='ltr'><strong>Cum</strong></span> <span class='ocrx_word' id='word_1_200' title='bbox 427 1605 600 1651; x_wconf 88' lang='lat' dir='ltr'><strong>autem</strong></span> <span class='ocrx_word' id='word_1_201' title='bbox 624 1595 817 1651; x_wconf 83' lang='lat' dir='ltr'><strong>venerit</strong></span> <span class='ocrx_word' id='word_1_202' title='bbox 842 1592 980 1665; x_wconf 85' lang='lat' dir='ltr'><strong>quod</strong></span> <span class='ocrx_word' id='word_1_203' title='bbox 1010 1595 1294 1663; x_wconf 80' lang='lat' dir='ltr'><strong>perfectum</strong></span> <span class='ocrx_word' id='word_1_204' title='bbox 1326 1600 1401 1645; x_wconf 87' lang='lat' dir='ltr'><strong>est</strong></span> <span class='ocrx_word' id='word_1_205' title='bbox 1429 1631 1442 1655; x_wconf 96' lang='lat'><strong>,</strong></span> <span class='ocrx_word' id='word_1_206' title='bbox 1476 1604 1683 1643; x_wconf 82' lang='lat' dir='ltr'><strong>evacua-</strong></span> <span class='ocrx_word' id='word_1_207' title='bbox 1797 1592 1945 1659; x_wconf 72' lang='lat' dir='ltr'><strong>sitis,</strong></span> <span class='ocrx_word' id='word_1_208' title='bbox 1975 1591 2239 1662; x_wconf 81' lang='lat' dir='ltr'><strong>processit</strong></span> <span class='ocrx_word' id='word_1_209' title='bbox 2274 1588 2427 1645; x_wconf 84' lang='lat' dir='ltr'><strong>rivus</strong></span> <span class='ocrx_word' id='word_1_210' title='bbox 2456 1587 2701 1645; x_wconf 87' lang='lat' dir='ltr'><strong>omnium</strong></span> <span class='ocrx_word' id='word_1_211' title='bbox 2741 1587 3033 1644; x_wconf 81' lang='lat' dir='ltr'><strong>honorum.</strong></span> 
     </span>
    </p>
   </div>
   <div class='ocr_carea' id='block_1_16' title="bbox 108 1682 1693 1760">
    <p class='ocr_par' dir='ltr' id='par_1_16' title="bbox 108 1682 1693 1760">
     <span class='ocr_line' id='line_1_16' title="bbox 108 1682 1693 1760; baseline -0.008 -13"><span class='ocrx_word' id='word_1_212' title='bbox 108 1692 244 1748; x_wconf 83' lang='lat' dir='ltr'><strong>bitur</strong></span> <span class='ocrx_word' id='word_1_213' title='bbox 279 1690 418 1760; x_wconf 83' lang='lat' dir='ltr'><strong>quod</strong></span> <span class='ocrx_word' id='word_1_214' title='bbox 459 1701 525 1744; x_wconf 74' lang='lat' dir='ltr'><strong>ex</strong></span> <span class='ocrx_word' id='word_1_215' title='bbox 570 1697 717 1760; x_wconf 84' lang='lat' dir='ltr'><strong>parte</strong></span> <span class='ocrx_word' id='word_1_216' title='bbox 746 1696 820 1741; x_wconf 88' lang='lat' dir='ltr'><strong>est</strong></span> <span class='ocrx_word' id='word_1_217' title='bbox 855 1684 907 1756; x_wconf 82' lang='lat' dir='ltr'><strong>(l</strong></span> <span class='ocrx_word' id='word_1_218' title='bbox 930 1684 1051 1740; x_wconf 87' lang='lat' dir='ltr'><strong>Cor.</strong></span> <span class='ocrx_word' id='word_1_219' title='bbox 1086 1698 1165 1750; x_wconf 82' lang='lat' dir='ltr'><strong>ut,</strong></span> <span class='ocrx_word' id='word_1_220' title='bbox 1195 1682 1297 1752; x_wconf 88' lang='lat'><strong>9);</strong></span> <span class='ocrx_word' id='word_1_221' title='bbox 1341 1690 1400 1738; x_wconf 86' lang='lat' dir='ltr'><strong>et</strong></span> <span class='ocrx_word' id='word_1_222' title='bbox 1448 1684 1643 1736; x_wconf 87' lang='lat' dir='ltr'><strong>iterum</strong></span> <span class='ocrx_word' id='word_1_223' title='bbox 1680 1698 1693 1733; x_wconf 88' lang='lat'><strong>:</strong></span> 
     </span>
    </p>
   </div>
   <div class='ocr_carea' id='block_1_17' title="bbox 1869 1682 3406 1755">
    <p class='ocr_par' dir='ltr' id='par_1_17' title="bbox 1869 1682 3406 1755">
     <span class='ocr_line' id='line_1_17' title="bbox 1869 1682 3406 1755; baseline 0.003 -17"><span class='ocrx_word' id='word_1_224' title='bbox 1869 1684 1973 1751; x_wconf 90' lang='lat' dir='ltr'><strong>Qui</strong></span> <span class='ocrx_word' id='word_1_225' title='bbox 2022 1684 2219 1740; x_wconf 92' lang='lat' dir='ltr'><strong>ﬂuvius</strong></span> <span class='ocrx_word' id='word_1_226' title='bbox 2267 1682 2589 1755; x_wconf 91' lang='lat' dir='ltr'><strong>splendidus</strong></span> <span class='ocrx_word' id='word_1_227' title='bbox 2630 1690 2929 1753; x_wconf 47' lang='lat' dir='ltr'><strong>tamquam,</strong></span> <span class='ocrx_word' id='word_1_228' title='bbox 2954 1682 3249 1755; x_wconf 84' lang='lat' dir='ltr'><strong>crystallus</strong></span> <span class='ocrx_word' id='word_1_229' title='bbox 3280 1698 3406 1742; x_wconf 81' lang='lat' dir='ltr'><strong>esse</strong></span> 
     </span>
    </p>
   </div>
   <div class='ocr_carea' id='block_1_18' title="bbox 117 1775 3410 1852">
    <p class='ocr_par' dir='ltr' id='par_1_18' title="bbox 117 1775 3410 1852">
     <span class='ocr_line' id='line_1_18' title="bbox 117 1775 3410 1852; baseline -0.005 -1"><span class='ocrx_word' id='word_1_230' title='bbox 117 1786 361 1840; x_wconf 74' lang='lat' dir='ltr'><strong>Videmus</strong></span> <span class='ocrx_word' id='word_1_231' title='bbox 382 1799 517 1837; x_wconf 84' lang='lat' dir='ltr'><strong>nunc</strong></span> <span class='ocrx_word' id='word_1_232' title='bbox 550 1797 640 1852; x_wconf 78' lang='lat' dir='ltr'><strong>per</strong></span> <span class='ocrx_word' id='word_1_233' title='bbox 665 1780 938 1852; x_wconf 75' lang='lat' dir='ltr'><strong>speculum</strong></span> <span class='ocrx_word' id='word_1_234' title='bbox 964 1778 1019 1832; x_wconf 79' lang='lat' dir='ltr'><strong>in</strong></span> <span class='ocrx_word' id='word_1_235' title='bbox 1044 1776 1341 1847; x_wconf 67' lang='lat' dir='ltr'><strong>aenigmate,</strong></span> <span class='ocrx_word' id='word_1_236' title='bbox 1366 1784 1486 1828; x_wconf 81' lang='lat' dir='ltr'><strong>tunc</strong></span> <span class='ocrx_word' id='word_1_237' title='bbox 1526 1782 1697 1827; x_wconf 82' lang='lat' dir='ltr'><strong>autem</strong></span> <span class='ocrx_word' id='word_1_238' title='bbox 1728 1788 1774 1849; x_wconf 77' lang='grc' dir='ltr'><strong>Β</strong></span> <span class='ocrx_word' id='word_1_239' title='bbox 1803 1775 2045 1833; x_wconf 87' lang='lat' dir='ltr'><strong>dicitur:</strong></span> <span class='ocrx_word' id='word_1_240' title='bbox 2073 1793 2263 1834; x_wconf 88' lang='lat' dir='ltr'><strong>verum</strong></span> <span class='ocrx_word' id='word_1_241' title='bbox 2292 1776 2417 1849; x_wconf 83' lang='lat' dir='ltr'><strong>quia</strong></span> <span class='ocrx_word' id='word_1_242' title='bbox 2449 1776 2611 1847; x_wconf 88' lang='lat' dir='ltr'><strong>hujus</strong></span> <span class='ocrx_word' id='word_1_243' title='bbox 2635 1776 2837 1848; x_wconf 85' lang='lat' dir='ltr'><strong>lapidis</strong></span> <span class='ocrx_word' id='word_1_244' title='bbox 2868 1777 2923 1832; x_wconf 89' lang='lat' dir='ltr'><strong>in</strong></span> <span class='ocrx_word' id='word_1_245' title='bbox 2955 1776 3060 1833; x_wconf 89' lang='lat' dir='ltr'><strong>hoc</strong></span> <span class='ocrx_word' id='word_1_246' title='bbox 3086 1777 3228 1834; x_wconf 89' lang='lat' dir='ltr'><strong>libro</strong></span> <span class='ocrx_word' id='word_1_247' title='bbox 3259 1793 3410 1851; x_wconf 65' lang='lat' dir='ltr'><strong>sa‘pe</strong></span> 
     </span>
    </p>
   </div>
   <div class='ocr_carea' id='block_1_19' title="bbox 106 1867 1699 1950">
    <p class='ocr_par' dir='ltr' id='par_1_19' title="bbox 106 1867 1699 1950">
     <span class='ocr_line' id='line_1_19' title="bbox 106 1867 1699 1950; baseline -0.007 -17"><span class='ocrx_word' id='word_1_248' title='bbox 106 1880 237 1950; x_wconf 79' lang='lat' dir='ltr'><strong>facie</strong></span> <span class='ocrx_word' id='word_1_249' title='bbox 274 1878 345 1931; x_wconf 82' lang='lat' dir='ltr'><strong>ad</strong></span> <span class='ocrx_word' id='word_1_250' title='bbox 376 1876 561 1948; x_wconf 82' lang='lat' dir='ltr'><strong>[aciem</strong></span> <span class='ocrx_word' id='word_1_251' title='bbox 603 1872 795 1947; x_wconf 85' lang='lat' dir='ltr'><strong>(Ibid.,</strong></span> <span class='ocrx_word' id='word_1_252' title='bbox 846 1871 957 1944; x_wconf 85' lang='grc'><strong>10).</strong></span> <span class='ocrx_word' id='word_1_253' title='bbox 1006 1871 1165 1927; x_wconf 82' lang='lat' dir='ltr'><strong>Hunc</strong></span> <span class='ocrx_word' id='word_1_254' title='bbox 1212 1878 1513 1924; x_wconf 90' lang='lat' dir='ltr'><strong>torrentem</strong></span> <span class='ocrx_word' id='word_1_255' title='bbox 1552 1867 1699 1922; x_wconf 90' lang='lat' dir='ltr'><strong>idem</strong></span> 
     </span>
    </p>
   </div>
   <div class='ocr_carea' id='block_1_20' title="bbox 106 1960 1701 2036">
    <p class='ocr_par' dir='ltr' id='par_1_20' title="bbox 106 1960 1701 2036">
     <span class='ocr_line' id='line_1_20' title="bbox 106 1960 1701 2036; baseline -0.007 -10"><span class='ocrx_word' id='word_1_256' title='bbox 106 1972 303 2027; x_wconf 83' lang='lat' dir='ltr'><strong>Paulus</strong></span> <span class='ocrx_word' id='word_1_257' title='bbox 335 1978 681 2025; x_wconf 90' lang='lat' dir='ltr'><strong>transmeare</strong></span> <span class='ocrx_word' id='word_1_258' title='bbox 708 1982 768 2023; x_wconf 91' lang='lat' dir='ltr'><strong>se</strong></span> <span class='ocrx_word' id='word_1_259' title='bbox 814 1981 922 2021; x_wconf 92' lang='lat' dir='ltr'><strong>non</strong></span> <span class='ocrx_word' id='word_1_260' title='bbox 974 1978 1137 2036; x_wconf 82' lang='lat' dir='ltr'><strong>posse</strong></span> <span class='ocrx_word' id='word_1_261' title='bbox 1166 1961 1524 2019; x_wconf 89' lang='lat' dir='ltr'><strong>considerans</strong></span> <span class='ocrx_word' id='word_1_262' title='bbox 1549 1960 1701 2017; x_wconf 89' lang='lat' dir='ltr'><strong>dice-</strong></span> 
     </span>
    </p>
   </div>
   <div class='ocr_carea' id='block_1_21' title="bbox 1804 1874 3408 1947">
    <p class='ocr_par' dir='ltr' id='par_1_21' title="bbox 1804 1874 3408 1947">
     <span class='ocr_line' id='line_1_21' title="bbox 1804 1874 3408 1947; baseline 0.003 -18"><span class='ocrx_word' id='word_1_263' title='bbox 1804 1875 1863 1931; x_wconf 88' lang='lat' dir='ltr'><strong>ﬁt</strong></span> <span class='ocrx_word' id='word_1_264' title='bbox 1912 1876 2143 1943; x_wconf 90' lang='lat' dir='ltr'><strong>mentio,</strong></span> <span class='ocrx_word' id='word_1_265' title='bbox 2199 1874 2400 1947; x_wconf 91' lang='lat' dir='ltr'><strong>placuit</strong></span> <span class='ocrx_word' id='word_1_266' title='bbox 2429 1884 2489 1930; x_wconf 89' lang='lat' dir='ltr'><strong>ut</strong></span> <span class='ocrx_word' id='word_1_267' title='bbox 2538 1874 2607 1931; x_wconf 90' lang='lat' dir='ltr'><strong>de</strong></span> <span class='ocrx_word' id='word_1_268' title='bbox 2658 1883 2854 1930; x_wconf 90' lang='lat' dir='ltr'><strong>natura</strong></span> <span class='ocrx_word' id='word_1_269' title='bbox 2905 1883 2963 1931; x_wconf 89' lang='lat' dir='ltr'><strong>et</strong></span> <span class='ocrx_word' id='word_1_270' title='bbox 3006 1875 3408 1947; x_wconf 83' lang='lat' dir='ltr'><strong>significatione</strong></span> 
     </span>
    </p>
   </div>
   <div class='ocr_carea' id='block_1_22' title="bbox 1803 1966 3414 2039">
    <p class='ocr_par' dir='ltr' id='par_1_22' title="bbox 1803 1966 3414 2039">
     <span class='ocr_line' id='line_1_22' title="bbox 1803 1966 3414 2039; baseline 0.001 -16"><span class='ocrx_word' id='word_1_271' title='bbox 1803 1968 1925 2039; x_wconf 91' lang='lat' dir='ltr'><strong>ejus</strong></span> <span class='ocrx_word' id='word_1_272' title='bbox 1953 1984 2124 2039; x_wconf 86' lang='lat' dir='ltr'><strong>pauca</strong></span> <span class='ocrx_word' id='word_1_273' title='bbox 2151 1968 2420 2024; x_wconf 90' lang='lat' dir='ltr'><strong>dicamus.</strong></span> <span class='ocrx_word' id='word_1_274' title='bbox 2449 1966 2550 2023; x_wconf 78' lang='lat' dir='ltr'><strong>llic</strong></span> <span class='ocrx_word' id='word_1_275' title='bbox 2597 1966 2738 2037; x_wconf 83' lang='lat' dir='ltr'><strong>lapis</strong></span> <span class='ocrx_word' id='word_1_276' title='bbox 2779 1966 2984 2023; x_wconf 89' lang='lat' dir='ltr'><strong>clarior</strong></span> <span class='ocrx_word' id='word_1_277' title='bbox 3024 1977 3109 2024; x_wconf 90' lang='lat' dir='ltr'><strong>est</strong></span> <span class='ocrx_word' id='word_1_278' title='bbox 3156 1969 3414 2025; x_wconf 89' lang='lat' dir='ltr'><strong>omnibus</strong></span> 
     </span>
    </p>
   </div>
   <div class='ocr_carea' id='block_1_23' title="bbox 102 2051 3412 2131">
    <p class='ocr_par' dir='ltr' id='par_1_23' title="bbox 102 2051 3412 2131">
     <span class='ocr_line' id='line_1_23' title="bbox 102 2051 3412 2131; baseline -0.002 -7"><span class='ocrx_word' id='word_1_279' title='bbox 102 2065 196 2121; x_wconf 84' lang='lat' dir='ltr'><strong>bat</strong></span> <span class='ocrx_word' id='word_1_280' title='bbox 230 2083 241 2116; x_wconf 91' lang='lat'><strong>:</strong></span> <span class='ocrx_word' id='word_1_281' title='bbox 282 2063 327 2118; x_wconf 87' lang='lat'><em>0</em></span> <span class='ocrx_word' id='word_1_282' title='bbox 350 2060 578 2118; x_wconf 76' lang='lat' dir='ltr'><strong>altitudo</strong></span> <span class='ocrx_word' id='word_1_283' title='bbox 600 2059 902 2115; x_wconf 76' lang='lat' dir='ltr'><strong>divitiarum</strong></span> <span class='ocrx_word' id='word_1_284' title='bbox 942 2058 1211 2129; x_wconf 73' lang='lat' dir='ltr'><strong>sapientia:</strong></span> <span class='ocrx_word' id='word_1_285' title='bbox 1239 2065 1287 2111; x_wconf 85' lang='lat' dir='ltr'><strong>et</strong></span> <span class='ocrx_word' id='word_1_286' title='bbox 1322 2054 1551 2110; x_wconf 65' lang='lat' dir='ltr'><strong>scientia?</strong></span> <span class='ocrx_word' id='word_1_287' title='bbox 1578 2051 1700 2120; x_wconf 77' lang='lat' dir='ltr'><strong>Dei.</strong></span> <span class='ocrx_word' id='word_1_288' title='bbox 1803 2059 2076 2131; x_wconf 82' lang='lat' dir='ltr'><strong>lapidibus</strong></span> <span class='ocrx_word' id='word_1_289' title='bbox 2107 2076 2120 2113; x_wconf 92' lang='lat'><strong>:</strong></span> <span class='ocrx_word' id='word_1_290' title='bbox 2169 2059 2413 2116; x_wconf 89' lang='lat' dir='ltr'><strong>nascitur</strong></span> <span class='ocrx_word' id='word_1_291' title='bbox 2463 2067 2645 2116; x_wconf 90' lang='lat' dir='ltr'><strong>autem</strong></span> <span class='ocrx_word' id='word_1_292' title='bbox 2679 2058 2734 2114; x_wconf 90' lang='lat' dir='ltr'><strong>in</strong></span> <span class='ocrx_word' id='word_1_293' title='bbox 2781 2058 3157 2131; x_wconf 78' lang='lat' dir='ltr'><strong>frigidissimis</strong></span> <span class='ocrx_word' id='word_1_294' title='bbox 3189 2060 3347 2128; x_wconf 91' lang='lat' dir='ltr'><strong>locis,</strong></span> <span class='ocrx_word' id='word_1_295' title='bbox 3380 2077 3412 2117; x_wconf 90' lang='lat' dir='ltr'><strong>a</strong></span> 
     </span>
    </p>
   </div>
   <div class='ocr_carea' id='block_1_24' title="bbox 100 2146 1706 2229">
    <p class='ocr_par' dir='ltr' id='par_1_24' title="bbox 100 2146 1706 2229">
     <span class='ocr_line' id='line_1_24' title="bbox 100 2146 1706 2229; baseline -0.007 -17"><span class='ocrx_word' id='word_1_296' title='bbox 100 2174 254 2229; x_wconf 86' lang='lat' dir='ltr'><strong>quant</strong></span> <span class='ocrx_word' id='word_1_297' title='bbox 282 2153 830 2228; x_wconf 83' lang='lat' dir='ltr'><strong>incomprehensibilia</strong></span> <span class='ocrx_word' id='word_1_298' title='bbox 857 2161 979 2207; x_wconf 89' lang='lat' dir='ltr'><strong>sunt</strong></span> <span class='ocrx_word' id='word_1_299' title='bbox 992 2150 1201 2222; x_wconf 85' lang='lat' dir='ltr'><strong>judicia</strong></span> <span class='ocrx_word' id='word_1_300' title='bbox 1230 2153 1365 2223; x_wconf 84' lang='lat' dir='ltr'><strong>ejus,</strong></span> <span class='ocrx_word' id='word_1_301' title='bbox 1417 2156 1463 2203; x_wconf 90' lang='lat' dir='ltr'><strong>et</strong></span> <span class='ocrx_word' id='word_1_302' title='bbox 1495 2146 1706 2201; x_wconf 88' lang='lat' dir='ltr'><strong>investi-</strong></span> 
     </span>
    </p>
   </div>
   <div class='ocr_carea' id='block_1_25' title="bbox 102 2238 1705 2325">
    <p class='ocr_par' dir='ltr' id='par_1_25' title="bbox 102 2238 1705 2325">
     <span class='ocr_line' id='line_1_25' title="bbox 102 2238 1705 2325; baseline -0.008 -20"><span class='ocrx_word' id='word_1_303' title='bbox 102 2252 296 2325; x_wconf 84' lang='lat' dir='ltr'><strong>gabiles</strong></span> <span class='ocrx_word' id='word_1_304' title='bbox 319 2251 421 2305; x_wconf 76' lang='lat' dir='ltr'><strong>vite</strong></span> <span class='ocrx_word' id='word_1_305' title='bbox 451 2252 565 2320; x_wconf 87' lang='lat' dir='ltr'><strong>ejus</strong></span> <span class='ocrx_word' id='word_1_306' title='bbox 585 2248 605 2301; x_wconf 86' lang='lat'><strong>.&#39;</strong></span> <span class='ocrx_word' id='word_1_307' title='bbox 638 2246 767 2315; x_wconf 85' lang='lat' dir='ltr'><strong>Quis</strong></span> <span class='ocrx_word' id='word_1_308' title='bbox 797 2246 935 2300; x_wconf 89' lang='lat' dir='ltr'><strong>enim</strong></span> <span class='ocrx_word' id='word_1_309' title='bbox 962 2243 1201 2317; x_wconf 85' lang='lat' dir='ltr'><strong>cognovit</strong></span> <span class='ocrx_word' id='word_1_310' title='bbox 1230 2257 1437 2297; x_wconf 80' lang='lat' dir='ltr'><strong>sensum</strong></span> <span class='ocrx_word' id='word_1_311' title='bbox 1466 2238 1705 2306; x_wconf 88' lang='lat' dir='ltr'><strong>Domini,</strong></span> 
     </span>
    </p>
   </div>
   <div class='ocr_carea' id='block_1_26' title="bbox 100 2332 1704 2414">
    <p class='ocr_par' dir='ltr' id='par_1_26' title="bbox 100 2332 1704 2414">
     <span class='ocr_line' id='line_1_26' title="bbox 100 2332 1704 2414; baseline -0.008 -16"><span class='ocrx_word' id='word_1_312' title='bbox 100 2354 185 2397; x_wconf 89' lang='lat' dir='ltr'><strong>aut</strong></span> <span class='ocrx_word' id='word_1_313' title='bbox 208 2344 325 2414; x_wconf 90' lang='lat' dir='ltr'><strong>quis</strong></span> <span class='ocrx_word' id='word_1_314' title='bbox 352 2340 687 2397; x_wconf 78' lang='lat' dir='ltr'><strong>consiliarius</strong></span> <span class='ocrx_word' id='word_1_315' title='bbox 710 2342 825 2412; x_wconf 85' lang='lat' dir='ltr'><strong>ejus</strong></span> <span class='ocrx_word' id='word_1_316' title='bbox 857 2342 980 2409; x_wconf 81' lang='lat' dir='ltr'><strong>fuit,</strong></span> <span class='ocrx_word' id='word_1_317' title='bbox 1004 2346 1094 2392; x_wconf 90' lang='lat' dir='ltr'><strong>aut</strong></span> <span class='ocrx_word' id='word_1_318' title='bbox 1119 2336 1235 2407; x_wconf 86' lang='lat' dir='ltr'><strong>quis</strong></span> <span class='ocrx_word' id='word_1_319' title='bbox 1257 2335 1402 2405; x_wconf 86' lang='lat' dir='ltr'><strong>prior</strong></span> <span class='ocrx_word' id='word_1_320' title='bbox 1430 2333 1573 2387; x_wconf 87' lang='lat' dir='ltr'><strong>dedit</strong></span> <span class='ocrx_word' id='word_1_321' title='bbox 1602 2332 1704 2399; x_wconf 86' lang='lat' dir='ltr'><strong>illi,</strong></span> 
     </span>
    </p>
   </div>
   <div class='ocr_carea' id='block_1_27' title="bbox 1807 2150 3412 2225">
    <p class='ocr_par' dir='ltr' id='par_1_27' title="bbox 1807 2150 3412 2225">
     <span class='ocr_line' id='line_1_27' title="bbox 1807 2150 3412 2225; baseline 0.001 -17"><span class='ocrx_word' id='word_1_322' title='bbox 1807 2154 2005 2225; x_wconf 89' lang='lat' dir='ltr'><strong>quibus</strong></span> <span class='ocrx_word' id='word_1_323' title='bbox 2046 2153 2217 2225; x_wconf 79' lang='lat' dir='ltr'><strong>frigus</strong></span> <span class='ocrx_word' id='word_1_324' title='bbox 2260 2167 2557 2224; x_wconf 90' lang='lat' dir='ltr'><strong>numquam</strong></span> <span class='ocrx_word' id='word_1_325' title='bbox 2607 2150 2833 2209; x_wconf 86' lang='lat' dir='ltr'><strong>recedit.</strong></span> <span class='ocrx_word' id='word_1_326' title='bbox 2876 2151 3012 2221; x_wconf 86' lang='lat' dir='ltr'><strong>Quia</strong></span> <span class='ocrx_word' id='word_1_327' title='bbox 3052 2168 3121 2209; x_wconf 82' lang='lat' dir='ltr'><strong>ex</strong></span> <span class='ocrx_word' id='word_1_328' title='bbox 3162 2151 3412 2210; x_wconf 86' lang='lat' dir='ltr'><strong>inferiori</strong></span> 
     </span>
    </p>
   </div>
   <div class='ocr_carea' id='block_1_28' title="bbox 1810 2246 3414 2319">
    <p class='ocr_par' dir='ltr' id='par_1_28' title="bbox 1810 2246 3414 2319">
     <span class='ocr_line' id='line_1_28' title="bbox 1810 2246 3414 2319; baseline 0.002 -17"><span class='ocrx_word' id='word_1_329' title='bbox 1810 2256 1965 2319; x_wconf 87' lang='lat' dir='ltr'><strong>parte</strong></span> <span class='ocrx_word' id='word_1_330' title='bbox 2006 2262 2139 2303; x_wconf 84' lang='lat' dir='ltr'><strong>saxo</strong></span> <span class='ocrx_word' id='word_1_331' title='bbox 2183 2247 2582 2318; x_wconf 90' lang='lat' dir='ltr'><strong>aliquantulum</strong></span> <span class='ocrx_word' id='word_1_332' title='bbox 2608 2246 2855 2303; x_wconf 85' lang='lat' dir='ltr'><strong>molliori</strong></span> <span class='ocrx_word' id='word_1_333' title='bbox 2883 2246 3141 2316; x_wconf 80' lang='lat' dir='ltr'><strong>inhzeret,</strong></span> <span class='ocrx_word' id='word_1_334' title='bbox 3172 2247 3414 2306; x_wconf 85' lang='lat' dir='ltr'><strong>radicem</strong></span> 
     </span>
    </p>
   </div>
   <div class='ocr_carea' id='block_1_29' title="bbox 1814 2339 3417 2412">
    <p class='ocr_par' dir='ltr' id='par_1_29' title="bbox 1814 2339 3417 2412">
     <span class='ocr_line' id='line_1_29' title="bbox 1814 2339 3417 2412; baseline 0.004 -18"><span class='ocrx_word' id='word_1_335' title='bbox 1814 2340 1868 2395; x_wconf 94' lang='lat' dir='ltr'><strong>in</strong></span> <span class='ocrx_word' id='word_1_336' title='bbox 1895 2355 1963 2397; x_wconf 91' lang='lat' dir='ltr'><strong>eo</strong></span> <span class='ocrx_word' id='word_1_337' title='bbox 1994 2356 2289 2411; x_wconf 87' lang='lat' dir='ltr'><strong>parumper</strong></span> <span class='ocrx_word' id='word_1_338' title='bbox 2318 2339 2587 2412; x_wconf 86' lang='lat' dir='ltr'><strong>deﬁgens,</strong></span> <span class='ocrx_word' id='word_1_339' title='bbox 2635 2355 2961 2412; x_wconf 86' lang='lat' dir='ltr'><strong>sursumque</strong></span> <span class='ocrx_word' id='word_1_340' title='bbox 3000 2356 3260 2399; x_wconf 86' lang='lat' dir='ltr'><strong>crescens</strong></span> <span class='ocrx_word' id='word_1_341' title='bbox 3306 2343 3417 2400; x_wconf 89' lang='lat' dir='ltr'><strong>eri-</strong></span> 
     </span>
    </p>
   </div>
   <div class='ocr_carea' id='block_1_30' title="bbox 103 2425 3419 2504">
    <p class='ocr_par' dir='ltr' id='par_1_30' title="bbox 103 2425 3419 2504">
     <span class='ocr_line' id='line_1_30' title="bbox 103 2425 3419 2504; baseline -0.004 -13"><span class='ocrx_word' id='word_1_342' title='bbox 103 2446 148 2491; x_wconf 85' lang='lat' dir='ltr'><strong>ct</strong></span> <span class='ocrx_word' id='word_1_343' title='bbox 175 2437 495 2492; x_wconf 84' lang='lat' dir='ltr'><strong>retribuetur</strong></span> <span class='ocrx_word' id='word_1_344' title='bbox 518 2434 609 2489; x_wconf 86' lang='lat' dir='ltr'><strong>ei?</strong></span> <span class='ocrx_word' id='word_1_345' title='bbox 636 2430 896 2498; x_wconf 83' lang='lat' dir='ltr'><strong>Quoniam</strong></span> <span class='ocrx_word' id='word_1_346' title='bbox 924 2446 986 2484; x_wconf 81' lang='lat' dir='ltr'><strong>ea:</strong></span> <span class='ocrx_word' id='word_1_347' title='bbox 1010 2430 1146 2500; x_wconf 88' lang='lat' dir='ltr'><strong>ipso,</strong></span> <span class='ocrx_word' id='word_1_348' title='bbox 1170 2437 1219 2484; x_wconf 88' lang='lat' dir='ltr'><strong>et</strong></span> <span class='ocrx_word' id='word_1_349' title='bbox 1244 2443 1336 2499; x_wconf 83' lang='lat' dir='ltr'><strong>per</strong></span> <span class='ocrx_word' id='word_1_350' title='bbox 1357 2428 1553 2497; x_wconf 89' lang='lat' dir='ltr'><strong>ipsum,</strong></span> <span class='ocrx_word' id='word_1_351' title='bbox 1578 2434 1625 2479; x_wconf 88' lang='lat' dir='ltr'><strong>et</strong></span> <span class='ocrx_word' id='word_1_352' title='bbox 1658 2425 1711 2478; x_wconf 89' lang='lat' dir='ltr'><strong>in</strong></span> <span class='ocrx_word' id='word_1_353' title='bbox 1813 2433 1979 2504; x_wconf 61' lang='lat' dir='ltr'><strong>gitur,</strong></span> <span class='ocrx_word' id='word_1_354' title='bbox 2011 2447 2110 2488; x_wconf 72' lang='lat' dir='ltr'><strong>sex</strong></span> <span class='ocrx_word' id='word_1_355' title='bbox 2136 2432 2366 2504; x_wconf 72' lang='lat' dir='ltr'><strong>angulos</strong></span> <span class='ocrx_word' id='word_1_356' title='bbox 2394 2432 2624 2501; x_wconf 59' lang='lat' dir='ltr'><strong>habens,</strong></span> <span class='ocrx_word' id='word_1_357' title='bbox 2661 2433 2717 2489; x_wconf 81' lang='lat' dir='ltr'><strong>in</strong></span> <span class='ocrx_word' id='word_1_358' title='bbox 2759 2432 3073 2491; x_wconf 63' lang='lat' dir='ltr'><strong>summitate</strong></span> <span class='ocrx_word' id='word_1_359' title='bbox 3111 2450 3245 2493; x_wconf 68' lang='lat' dir='ltr'><strong>vero</strong></span> <span class='ocrx_word' id='word_1_360' title='bbox 3270 2436 3419 2493; x_wconf 75' lang='lat' dir='ltr'><strong>acui-</strong></span> 
     </span>
    </p>
   </div>
   <div class='ocr_carea' id='block_1_31' title="bbox 101 2518 1709 2599">
    <p class='ocr_par' dir='ltr' id='par_1_31' title="bbox 101 2518 1709 2599">
     <span class='ocr_line' id='line_1_31' title="bbox 101 2518 1709 2599; baseline -0.007 -16"><span class='ocrx_word' id='word_1_361' title='bbox 101 2531 215 2599; x_wconf 81' lang='lat' dir='ltr'><strong>ipso</strong></span> <span class='ocrx_word' id='word_1_362' title='bbox 252 2538 381 2584; x_wconf 86' lang='lat' dir='ltr'><strong>sunt</strong></span> <span class='ocrx_word' id='word_1_363' title='bbox 418 2527 640 2581; x_wconf 88' lang='lat' dir='ltr'><strong>omnia:</strong></span> <span class='ocrx_word' id='word_1_364' title='bbox 673 2524 776 2597; x_wconf 84' lang='lat' dir='ltr'><strong>ipsi</strong></span> <span class='ocrx_word' id='word_1_365' title='bbox 812 2524 981 2595; x_wconf 83' lang='lat' dir='ltr'><strong>gloria</strong></span> <span class='ocrx_word' id='word_1_366' title='bbox 1020 2523 1072 2576; x_wconf 87' lang='lat' dir='ltr'><strong>in</strong></span> <span class='ocrx_word' id='word_1_367' title='bbox 1122 2521 1319 2577; x_wconf 79' lang='lat' dir='ltr'><strong>swcula</strong></span> <span class='ocrx_word' id='word_1_368' title='bbox 1365 2518 1709 2585; x_wconf 75' lang='lat' dir='ltr'><strong>saeculorum,</strong></span> 
     </span>
    </p>
   </div>
   <div class='ocr_carea' id='block_1_32' title="bbox 110 2613 1714 2693">
    <p class='ocr_par' dir='ltr' id='par_1_32' title="bbox 110 2613 1714 2693">
     <span class='ocr_line' id='line_1_32' title="bbox 110 2613 1714 2693; baseline -0.004 -18"><span class='ocrx_word' id='word_1_369' title='bbox 110 2639 258 2677; x_wconf 83' lang='lat' dir='ltr'><strong>amen</strong></span> <span class='ocrx_word' id='word_1_370' title='bbox 315 2621 497 2693; x_wconf 89' lang='lat' dir='ltr'><strong>(Rom.</strong></span> <span class='ocrx_word' id='word_1_371' title='bbox 552 2635 630 2687; x_wconf 74' lang='grc' dir='ltr'><strong>χι,</strong></span> <span class='ocrx_word' id='word_1_372' title='bbox 685 2619 754 2673; x_wconf 75' lang='grc'><strong>55</strong></span> <span class='ocrx_word' id='word_1_373' title='bbox 788 2626 835 2673; x_wconf 82' lang='grc' dir='ltr'><strong><em>ει</em></strong></span> <span class='ocrx_word' id='word_1_374' title='bbox 861 2615 1021 2687; x_wconf 86' lang='lat' dir='ltr'><strong>seq.).</strong></span> <span class='ocrx_word' id='word_1_375' title='bbox 1074 2615 1143 2671; x_wconf 90' lang='lat' dir='ltr'><strong>Et</strong></span> <span class='ocrx_word' id='word_1_376' title='bbox 1175 2614 1437 2687; x_wconf 83' lang='lat' dir='ltr'><strong>propheta</strong></span> <span class='ocrx_word' id='word_1_377' title='bbox 1473 2613 1714 2669; x_wconf 84' lang='lat' dir='ltr'><strong>Esaias:</strong></span> 
     </span>
    </p>
   </div>
   <div class='ocr_carea' id='block_1_33' title="bbox 114 2706 1719 2782">
    <p class='ocr_par' dir='ltr' id='par_1_33' title="bbox 114 2706 1719 2782">
     <span class='ocr_line' id='line_1_33' title="bbox 114 2706 1719 2782; baseline -0.007 -10"><span class='ocrx_word' id='word_1_378' title='bbox 114 2716 314 2772; x_wconf 84' lang='lat' dir='ltr'><strong>Oculus</strong></span> <span class='ocrx_word' id='word_1_379' title='bbox 366 2731 473 2768; x_wconf 88' lang='lat' dir='ltr'><strong>non</strong></span> <span class='ocrx_word' id='word_1_380' title='bbox 524 2713 674 2781; x_wconf 76' lang='lat' dir='ltr'><strong>cidit,</strong></span> <span class='ocrx_word' id='word_1_381' title='bbox 715 2710 876 2778; x_wconf 86' lang='lat' dir='ltr'><strong>Deus,</strong></span> <span class='ocrx_word' id='word_1_382' title='bbox 912 2712 1102 2782; x_wconf 84' lang='lat' dir='ltr'><strong>absque</strong></span> <span class='ocrx_word' id='word_1_383' title='bbox 1148 2720 1218 2775; x_wconf 89' lang='lat' dir='ltr'><strong>te,</strong></span> <span class='ocrx_word' id='word_1_384' title='bbox 1259 2725 1376 2780; x_wconf 72' lang='lat' dir='ltr'><strong>qua:</strong></span> <span class='ocrx_word' id='word_1_385' title='bbox 1411 2706 1719 2779; x_wconf 75' lang='lat' dir='ltr'><strong>prwparasti</strong></span> 
     </span>
    </p>
   </div>
   <div class='ocr_carea' id='block_1_34' title="bbox 110 2802 1718 2882">
    <p class='ocr_par' dir='ltr' id='par_1_34' title="bbox 110 2802 1718 2882">
     <span class='ocr_line' id='line_1_34' title="bbox 110 2802 1718 2882; baseline -0.006 -16"><span class='ocrx_word' id='word_1_386' title='bbox 110 2808 539 2882; x_wconf 69' lang='lat' dir='ltr'><strong>exspectantibus</strong></span> <span class='ocrx_word' id='word_1_387' title='bbox 576 2816 624 2861; x_wconf 89' lang='lat' dir='ltr'><strong>te</strong></span> <span class='ocrx_word' id='word_1_388' title='bbox 661 2804 822 2877; x_wconf 86' lang='lat' dir='ltr'><strong>(Isai.</strong></span> <span class='ocrx_word' id='word_1_389' title='bbox 868 2820 1023 2871; x_wconf 77' lang='lat' dir='ltr'><strong>Lxrv,</strong></span> <span class='ocrx_word' id='word_1_390' title='bbox 1060 2804 1144 2875; x_wconf 70' lang='grc'><strong>4).</strong></span> <span class='ocrx_word' id='word_1_391' title='bbox 1168 2802 1310 2859; x_wconf 86' lang='lat' dir='ltr'><strong>Ecce</strong></span> <span class='ocrx_word' id='word_1_392' title='bbox 1338 2802 1565 2874; x_wconf 87' lang='lat' dir='ltr'><strong>angelus</strong></span> <span class='ocrx_word' id='word_1_393' title='bbox 1590 2815 1718 2871; x_wconf 80' lang='lat' dir='ltr'><strong>pro-</strong></span> 
     </span>
    </p>
   </div>
   <div class='ocr_carea' id='block_1_35' title="bbox 108 2897 1717 2975">
    <p class='ocr_par' dir='ltr' id='par_1_35' title="bbox 108 2897 1717 2975">
     <span class='ocr_line' id='line_1_35' title="bbox 108 2897 1717 2975; baseline -0.007 -13"><span class='ocrx_word' id='word_1_394' title='bbox 108 2906 335 2975; x_wconf 88' lang='lat' dir='ltr'><strong>phetam</strong></span> <span class='ocrx_word' id='word_1_395' title='bbox 386 2916 563 2974; x_wconf 89' lang='lat' dir='ltr'><strong>usque</strong></span> <span class='ocrx_word' id='word_1_396' title='bbox 595 2901 663 2956; x_wconf 90' lang='lat' dir='ltr'><strong>ad</strong></span> <span class='ocrx_word' id='word_1_397' title='bbox 704 2900 887 2956; x_wconf 92' lang='lat' dir='ltr'><strong>locum</strong></span> <span class='ocrx_word' id='word_1_398' title='bbox 929 2898 1262 2970; x_wconf 76' lang='lat' dir='ltr'><strong>praefinitum</strong></span> <span class='ocrx_word' id='word_1_399' title='bbox 1305 2897 1481 2963; x_wconf 74' lang='lat' dir='ltr'><strong>duxit,</strong></span> <span class='ocrx_word' id='word_1_400' title='bbox 1516 2907 1570 2953; x_wconf 89' lang='lat' dir='ltr'><strong>ct</strong></span> <span class='ocrx_word' id='word_1_401' title='bbox 1610 2911 1717 2952; x_wconf 90' lang='lat' dir='ltr'><strong>non</strong></span> 
     </span>
    </p>
   </div>
   <div class='ocr_carea' id='block_1_36' title="bbox 108 2991 1719 3065">
    <p class='ocr_par' dir='ltr' id='par_1_36' title="bbox 108 2991 1719 3065">
     <span class='ocr_line' id='line_1_36' title="bbox 108 2991 1719 3065; baseline -0.007 -11"><span class='ocrx_word' id='word_1_402' title='bbox 108 3014 237 3055; x_wconf 88' lang='lat' dir='ltr'><strong>cum</strong></span> <span class='ocrx_word' id='word_1_403' title='bbox 278 2995 635 3061; x_wconf 82' lang='lat' dir='ltr'><strong>transduxit;</strong></span> <span class='ocrx_word' id='word_1_404' title='bbox 678 2994 807 3065; x_wconf 84' lang='lat' dir='ltr'><strong>quia</strong></span> <span class='ocrx_word' id='word_1_405' title='bbox 838 2992 1193 3063; x_wconf 90' lang='lat' dir='ltr'><strong>omnipotens</strong></span> <span class='ocrx_word' id='word_1_406' title='bbox 1226 2991 1368 3046; x_wconf 83' lang='lat' dir='ltr'><strong>Deus</strong></span> <span class='ocrx_word' id='word_1_407' title='bbox 1402 3004 1532 3045; x_wconf 90' lang='lat' dir='ltr'><strong>suos</strong></span> <span class='ocrx_word' id='word_1_408' title='bbox 1555 3001 1719 3043; x_wconf 90' lang='lat' dir='ltr'><strong>sanc-</strong></span> 
     </span>
    </p>
   </div>
   <div class='ocr_carea' id='block_1_37' title="bbox 101 3087 1723 3164">
    <p class='ocr_par' dir='ltr' id='par_1_37' title="bbox 101 3087 1723 3164">
     <span class='ocr_line' id='line_1_37' title="bbox 101 3087 1723 3164; baseline -0.006 -16"><span class='ocrx_word' id='word_1_409' title='bbox 101 3102 188 3149; x_wconf 90' lang='lat' dir='ltr'><strong>tos</strong></span> <span class='ocrx_word' id='word_1_410' title='bbox 217 3106 407 3164; x_wconf 90' lang='lat' dir='ltr'><strong>usque</strong></span> <span class='ocrx_word' id='word_1_411' title='bbox 435 3090 503 3146; x_wconf 90' lang='lat' dir='ltr'><strong>ad</strong></span> <span class='ocrx_word' id='word_1_412' title='bbox 546 3087 977 3160; x_wconf 88' lang='lat' dir='ltr'><strong>contemplanda</strong></span> <span class='ocrx_word' id='word_1_413' title='bbox 1005 3095 1219 3143; x_wconf 88' lang='lat' dir='ltr'><strong>secreta</strong></span> <span class='ocrx_word' id='word_1_414' title='bbox 1249 3095 1304 3141; x_wconf 92' lang='lat' dir='ltr'><strong>et</strong></span> <span class='ocrx_word' id='word_1_415' title='bbox 1348 3098 1545 3140; x_wconf 85' lang='lat' dir='ltr'><strong>arcana</strong></span> <span class='ocrx_word' id='word_1_416' title='bbox 1578 3097 1723 3155; x_wconf 87' lang='lat' dir='ltr'><strong>mys-</strong></span> 
     </span>
    </p>
   </div>
   <div class='ocr_carea' id='block_1_38' title="bbox 1818 2524 3419 2603">
    <p class='ocr_par' dir='ltr' id='par_1_38' title="bbox 1818 2524 3419 2603">
     <span class='ocr_line' id='line_1_38' title="bbox 1818 2524 3419 2603; baseline 0.006 -24"><span class='ocrx_word' id='word_1_417' title='bbox 1818 2533 1938 2591; x_wconf 91' lang='lat' dir='ltr'><strong>tur;</strong></span> <span class='ocrx_word' id='word_1_418' title='bbox 1971 2524 2224 2581; x_wconf 89' lang='lat' dir='ltr'><strong>eumdem</strong></span> <span class='ocrx_word' id='word_1_419' title='bbox 2258 2532 2441 2581; x_wconf 89' lang='lat' dir='ltr'><strong>tamen</strong></span> <span class='ocrx_word' id='word_1_420' title='bbox 2472 2525 2722 2582; x_wconf 87' lang='lat' dir='ltr'><strong>ordinem</strong></span> <span class='ocrx_word' id='word_1_421' title='bbox 2752 2541 2847 2583; x_wconf 84' lang='lat' dir='ltr'><strong>sex</strong></span> <span class='ocrx_word' id='word_1_422' title='bbox 2889 2528 3215 2599; x_wconf 83' lang='lat' dir='ltr'><strong>angulorum</strong></span> <span class='ocrx_word' id='word_1_423' title='bbox 3245 2546 3419 2603; x_wconf 87' lang='lat' dir='ltr'><strong>usque</strong></span> 
     </span>
    </p>
   </div>
   <div class='ocr_carea' id='block_1_39' title="bbox 1820 2617 3459 2691">
    <p class='ocr_par' dir='ltr' id='par_1_39' title="bbox 1820 2617 3459 2691">
     <span class='ocr_line' id='line_1_39' title="bbox 1820 2617 3459 2691; baseline 0.005 -19"><span class='ocrx_word' id='word_1_424' title='bbox 1820 2617 1889 2673; x_wconf 91' lang='lat' dir='ltr'><strong>ad</strong></span> <span class='ocrx_word' id='word_1_425' title='bbox 1930 2618 2301 2673; x_wconf 90' lang='lat' dir='ltr'><strong>summitatem</strong></span> <span class='ocrx_word' id='word_1_426' title='bbox 2349 2632 2598 2674; x_wconf 85' lang='lat' dir='ltr'><strong>servans.</strong></span> <span class='ocrx_word' id='word_1_427' title='bbox 2661 2619 2949 2691; x_wconf 81' lang='lat' dir='ltr'><strong>Signiﬁcat</strong></span> <span class='ocrx_word' id='word_1_428' title='bbox 2996 2630 3179 2679; x_wconf 91' lang='lat' dir='ltr'><strong>autem</strong></span> <span class='ocrx_word' id='word_1_429' title='bbox 3224 2632 3459 2681; x_wconf 69' lang='lat' dir='ltr'><strong>unum-‘</strong></span> 
     </span>
    </p>
   </div>
   <div class='ocr_carea' id='block_1_40' title="bbox 1820 2710 3420 2786">
    <p class='ocr_par' dir='ltr' id='par_1_40' title="bbox 1820 2710 3420 2786">
     <span class='ocr_line' id='line_1_40' title="bbox 1820 2710 3420 2786; baseline 0.005 -20"><span class='ocrx_word' id='word_1_430' title='bbox 1820 2726 2089 2782; x_wconf 90' lang='lat' dir='ltr'><strong>quemque</strong></span> <span class='ocrx_word' id='word_1_431' title='bbox 2121 2710 2427 2782; x_wconf 83' lang='lat' dir='ltr'><strong>perfectum</strong></span> <span class='ocrx_word' id='word_1_432' title='bbox 2451 2712 2632 2769; x_wconf 86' lang='lat' dir='ltr'><strong>virum</strong></span> <span class='ocrx_word' id='word_1_433' title='bbox 2662 2729 2675 2767; x_wconf 91' lang='lat'><strong>:</strong></span> <span class='ocrx_word' id='word_1_434' title='bbox 2702 2712 2845 2785; x_wconf 90' lang='lat' dir='ltr'><strong>lapis</strong></span> <span class='ocrx_word' id='word_1_435' title='bbox 2867 2728 3022 2780; x_wconf 87' lang='lat' dir='ltr'><strong>vero,</strong></span> <span class='ocrx_word' id='word_1_436' title='bbox 3050 2716 3137 2771; x_wconf 82' lang='lat' dir='ltr'><strong>cui</strong></span> <span class='ocrx_word' id='word_1_437' title='bbox 3168 2714 3420 2786; x_wconf 59' lang='lat' dir='ltr'><strong>inhaeret,</strong></span> 
     </span>
    </p>
   </div>
   <div class='ocr_carea' id='block_1_41' title="bbox 1820 2802 3423 2880">
    <p class='ocr_par' dir='ltr' id='par_1_41' title="bbox 1820 2802 3423 2880">
     <span class='ocr_line' id='line_1_41' title="bbox 1820 2802 3423 2880; baseline 0.004 -20"><span class='ocrx_word' id='word_1_438' title='bbox 1820 2802 2099 2860; x_wconf 86' lang='lat' dir='ltr'><strong>Christum</strong></span> <span class='ocrx_word' id='word_1_439' title='bbox 2169 2804 2421 2876; x_wconf 86' lang='lat' dir='ltr'><strong>designat</strong></span> <span class='ocrx_word' id='word_1_440' title='bbox 2476 2822 2489 2857; x_wconf 91' lang='lat'><strong>:</strong></span> <span class='ocrx_word' id='word_1_441' title='bbox 2555 2803 2777 2861; x_wconf 87' lang='lat' dir='ltr'><strong>claritas</strong></span> <span class='ocrx_word' id='word_1_442' title='bbox 2828 2807 3072 2879; x_wconf 84' lang='lat' dir='ltr'><strong>crystalli</strong></span> <span class='ocrx_word' id='word_1_443' title='bbox 3128 2810 3423 2880; x_wconf 88' lang='lat' dir='ltr'><strong>puritatem</strong></span> 
     </span>
    </p>
   </div>
   <div class='ocr_carea' id='block_1_42' title="bbox 1826 2898 3427 2972">
    <p class='ocr_par' dir='ltr' id='par_1_42' title="bbox 1826 2898 3427 2972">
     <span class='ocr_line' id='line_1_42' title="bbox 1826 2898 3427 2972; baseline 0.005 -19"><span class='ocrx_word' id='word_1_444' title='bbox 1826 2898 2090 2954; x_wconf 91' lang='lat' dir='ltr'><strong>mentium</strong></span> <span class='ocrx_word' id='word_1_445' title='bbox 2114 2898 2279 2971; x_wconf 77' lang='lat'><strong>586</strong></span> <span class='ocrx_word' id='word_1_446' title='bbox 2311 2907 2625 2955; x_wconf 89' lang='lat' dir='ltr'><strong>sanctorum</strong></span> <span class='ocrx_word' id='word_1_447' title='bbox 2657 2914 2673 2957; x_wconf 93' lang='lat'><strong>:</strong></span> <span class='ocrx_word' id='word_1_448' title='bbox 2699 2913 2800 2956; x_wconf 83' lang='lat' dir='ltr'><strong>sex</strong></span> <span class='ocrx_word' id='word_1_449' title='bbox 2832 2900 3010 2972; x_wconf 87' lang='lat' dir='ltr'><strong>anguli</strong></span> <span class='ocrx_word' id='word_1_450' title='bbox 3034 2902 3427 2971; x_wconf 89' lang='lat' dir='ltr'><strong>perfectionem</strong></span> 
     </span>
    </p>
   </div>
   <div class='ocr_carea' id='block_1_43' title="bbox 1827 2991 3423 3071">
    <p class='ocr_par' dir='ltr' id='par_1_43' title="bbox 1827 2991 3423 3071">
     <span class='ocr_line' id='line_1_43' title="bbox 1827 2991 3423 3071; baseline 0.006 -24"><span class='ocrx_word' id='word_1_451' title='bbox 1827 2991 2452 3063; x_wconf 90' lang='lat' dir='ltr'><strong>demonstrantoperum</strong></span> <span class='ocrx_word' id='word_1_452' title='bbox 2481 2993 2773 3049; x_wconf 88' lang='lat' dir='ltr'><strong>bonorum.</strong></span> <span class='ocrx_word' id='word_1_453' title='bbox 2815 2993 3074 3052; x_wconf 87' lang='lat' dir='ltr'><strong>Ordinem</strong></span> <span class='ocrx_word' id='word_1_454' title='bbox 3121 3012 3220 3055; x_wconf 82' lang='lat' dir='ltr'><strong>sex</strong></span> <span class='ocrx_word' id='word_1_455' title='bbox 3254 3014 3423 3071; x_wconf 80' lang='lat' dir='ltr'><strong>angu-</strong></span> 
     </span>
    </p>
   </div>
   <div class='ocr_carea' id='block_1_44' title="bbox 1829 3088 3435 3163">
    <p class='ocr_par' dir='ltr' id='par_1_44' title="bbox 1829 3088 3435 3163">
     <span class='ocr_line' id='line_1_44' title="bbox 1829 3088 3435 3163; baseline 0.004 -20"><span class='ocrx_word' id='word_1_456' title='bbox 1829 3088 2004 3144; x_wconf 92' lang='lat' dir='ltr'><strong>lorum</strong></span> <span class='ocrx_word' id='word_1_457' title='bbox 2038 3103 2208 3160; x_wconf 88' lang='lat' dir='ltr'><strong>usque</strong></span> <span class='ocrx_word' id='word_1_458' title='bbox 2234 3088 2302 3145; x_wconf 86' lang='lat' dir='ltr'><strong>ad</strong></span> <span class='ocrx_word' id='word_1_459' title='bbox 2327 3089 2696 3145; x_wconf 91' lang='lat' dir='ltr'><strong>summitatem</strong></span> <span class='ocrx_word' id='word_1_460' title='bbox 2728 3090 2915 3158; x_wconf 90' lang='lat' dir='ltr'><strong>ducit;</strong></span> <span class='ocrx_word' id='word_1_461' title='bbox 2952 3091 3077 3163; x_wconf 89' lang='lat' dir='ltr'><strong>quia</strong></span> <span class='ocrx_word' id='word_1_462' title='bbox 3124 3093 3295 3149; x_wconf 88' lang='lat' dir='ltr'><strong>sancti</strong></span> <span class='ocrx_word' id='word_1_463' title='bbox 3326 3092 3435 3151; x_wconf 88' lang='lat' dir='ltr'><strong>hoc</strong></span> 
     </span>
    </p>
   </div>
   <div class='ocr_carea' id='block_1_45' title="bbox 100 3177 3433 3256">
    <p class='ocr_par' dir='ltr' id='par_1_45' title="bbox 100 3177 3433 3256">
     <span class='ocr_line' id='line_1_45' title="bbox 100 3177 3433 3256; baseline 0.001 -19"><span class='ocrx_word' id='word_1_464' title='bbox 100 3183 244 3240; x_wconf 85' lang='lat' dir='ltr'><strong>teria</strong></span> <span class='ocrx_word' id='word_1_465' title='bbox 276 3198 405 3240; x_wconf 79' lang='lat' dir='ltr'><strong>sua:</strong></span> <span class='ocrx_word' id='word_1_466' title='bbox 450 3181 758 3237; x_wconf 89' lang='lat' dir='ltr'><strong>divinitatis</strong></span> <span class='ocrx_word' id='word_1_467' title='bbox 799 3178 1053 3250; x_wconf 87' lang='lat' dir='ltr'><strong>perducit</strong></span> <span class='ocrx_word' id='word_1_468' title='bbox 1088 3196 1101 3232; x_wconf 91' lang='lat'><strong>:</strong></span> <span class='ocrx_word' id='word_1_469' title='bbox 1130 3177 1226 3233; x_wconf 90' lang='lat' dir='ltr'><strong>scd</strong></span> <span class='ocrx_word' id='word_1_470' title='bbox 1258 3192 1601 3248; x_wconf 86' lang='lat' dir='ltr'><strong>nequaquam</strong></span> <span class='ocrx_word' id='word_1_471' title='bbox 1627 3190 1721 3232; x_wconf 91' lang='lat' dir='ltr'><strong>eos</strong></span> <span class='ocrx_word' id='word_1_472' title='bbox 1751 3190 1796 3253; x_wconf 72' lang='grc' dir='ltr'><strong>ρ</strong></span> <span class='ocrx_word' id='word_1_473' title='bbox 1827 3181 2069 3247; x_wconf 77' lang='lat' dir='ltr'><strong>student,</strong></span> <span class='ocrx_word' id='word_1_474' title='bbox 2100 3191 2159 3237; x_wconf 84' lang='lat' dir='ltr'><strong>ut</strong></span> <span class='ocrx_word' id='word_1_475' title='bbox 2185 3179 2581 3251; x_wconf 92' lang='lat' dir='ltr'><strong>perfectionem</strong></span> <span class='ocrx_word' id='word_1_476' title='bbox 2607 3182 2873 3240; x_wconf 90' lang='lat' dir='ltr'><strong>bonorum</strong></span> <span class='ocrx_word' id='word_1_477' title='bbox 2904 3198 3134 3255; x_wconf 91' lang='lat' dir='ltr'><strong>operum</strong></span> <span class='ocrx_word' id='word_1_478' title='bbox 3167 3200 3339 3256; x_wconf 90' lang='lat' dir='ltr'><strong>usque</strong></span> <span class='ocrx_word' id='word_1_479' title='bbox 3364 3185 3433 3242; x_wconf 89' lang='lat' dir='ltr'><strong>ad</strong></span> 
     </span>
    </p>
   </div>
   <div class='ocr_carea' id='block_1_46' title="bbox 101 3267 1725 3347">
    <p class='ocr_par' dir='ltr' id='par_1_46' title="bbox 101 3267 1725 3347">
     <span class='ocr_line' id='line_1_46' title="bbox 101 3267 1725 3347; baseline -0.004 -15"><span class='ocrx_word' id='word_1_480' title='bbox 101 3276 464 3341; x_wconf 87' lang='lat' dir='ltr'><strong>transducit;</strong></span> <span class='ocrx_word' id='word_1_481' title='bbox 497 3275 628 3347; x_wconf 89' lang='lat' dir='ltr'><strong>quia</strong></span> <span class='ocrx_word' id='word_1_482' title='bbox 660 3267 1194 3345; x_wconf 69' lang='lat' dir='ltr'><strong>fragilitas&#39;humana</strong></span> <span class='ocrx_word' id='word_1_483' title='bbox 1226 3271 1463 3342; x_wconf 90' lang='lat' dir='ltr'><strong>perfecte</strong></span> <span class='ocrx_word' id='word_1_484' title='bbox 1492 3285 1601 3326; x_wconf 90' lang='lat' dir='ltr'><strong>non</strong></span> <span class='ocrx_word' id='word_1_485' title='bbox 1630 3285 1725 3341; x_wconf 84' lang='lat' dir='ltr'><strong>po-</strong></span> 
     </span>
    </p>
   </div>
   <div class='ocr_carea' id='block_1_47' title="bbox 101 3364 1727 3441">
    <p class='ocr_par' dir='ltr' id='par_1_47' title="bbox 101 3364 1727 3441">
     <span class='ocr_line' id='line_1_47' title="bbox 101 3364 1727 3441; baseline -0.006 -15"><span class='ocrx_word' id='word_1_486' title='bbox 101 3380 213 3427; x_wconf 90' lang='lat' dir='ltr'><strong>test</strong></span> <span class='ocrx_word' id='word_1_487' title='bbox 243 3369 737 3441; x_wconf 87' lang='lat' dir='ltr'><strong>comprehendere</strong></span> <span class='ocrx_word' id='word_1_488' title='bbox 771 3368 862 3423; x_wconf 87' lang='lat' dir='ltr'><strong>illa</strong></span> <span class='ocrx_word' id='word_1_489' title='bbox 904 3364 1282 3421; x_wconf 90' lang='lat' dir='ltr'><strong>inscrutabilia</strong></span> <span class='ocrx_word' id='word_1_490' title='bbox 1306 3364 1555 3419; x_wconf 89' lang='lat' dir='ltr'><strong>etdivina</strong></span> <span class='ocrx_word' id='word_1_491' title='bbox 1583 3376 1727 3434; x_wconf 78' lang='lat' dir='ltr'><strong>mys-</strong></span> 
     </span>
    </p>
   </div>
   <div class='ocr_carea' id='block_1_48' title="bbox 100 3459 1730 3534">
    <p class='ocr_par' dir='ltr' id='par_1_48' title="bbox 100 3459 1730 3534">
     <span class='ocr_line' id='line_1_48' title="bbox 100 3459 1730 3534; baseline -0.007 -10"><span class='ocrx_word' id='word_1_492' title='bbox 100 3467 271 3524; x_wconf 86' lang='lat' dir='ltr'><strong>teria.</strong></span> <span class='ocrx_word' id='word_1_493' title='bbox 320 3467 396 3522; x_wconf 85' lang='lat' dir='ltr'><strong>Et</strong></span> <span class='ocrx_word' id='word_1_494' title='bbox 436 3465 582 3521; x_wconf 87' lang='lat' dir='ltr'><strong>sicut</strong></span> <span class='ocrx_word' id='word_1_495' title='bbox 633 3463 729 3534; x_wconf 90' lang='lat' dir='ltr'><strong>qui</strong></span> <span class='ocrx_word' id='word_1_496' title='bbox 772 3463 953 3534; x_wconf 89' lang='lat' dir='ltr'><strong>regios</strong></span> <span class='ocrx_word' id='word_1_497' title='bbox 1006 3462 1160 3518; x_wconf 87' lang='lat' dir='ltr'><strong>cibos</strong></span> <span class='ocrx_word' id='word_1_498' title='bbox 1202 3459 1463 3515; x_wconf 90' lang='lat' dir='ltr'><strong>odoratus</strong></span> <span class='ocrx_word' id='word_1_499' title='bbox 1510 3468 1628 3525; x_wconf 88' lang='lat' dir='ltr'><strong>est,</strong></span> <span class='ocrx_word' id='word_1_500' title='bbox 1673 3466 1730 3514; x_wconf 87' lang='lat' dir='ltr'><strong>et</strong></span> 
     </span>
    </p>
   </div>
   <div class='ocr_carea' id='block_1_49' title="bbox 99 3552 1733 3630">
    <p class='ocr_par' dir='ltr' id='par_1_49' title="bbox 99 3552 1733 3630">
     <span class='ocr_line' id='line_1_49' title="bbox 99 3552 1733 3630; baseline -0.007 -11"><span class='ocrx_word' id='word_1_501' title='bbox 99 3577 311 3619; x_wconf 88' lang='lat' dir='ltr'><strong>eorum</strong></span> <span class='ocrx_word' id='word_1_502' title='bbox 347 3559 709 3617; x_wconf 90' lang='lat' dir='ltr'><strong>dulcedinem</strong></span> <span class='ocrx_word' id='word_1_503' title='bbox 753 3558 1141 3630; x_wconf 66' lang='lat' dir='ltr'><strong>praegustavit;</strong></span> <span class='ocrx_word' id='word_1_504' title='bbox 1190 3556 1422 3625; x_wconf 90' lang='lat' dir='ltr'><strong>amplius</strong></span> <span class='ocrx_word' id='word_1_505' title='bbox 1451 3569 1548 3610; x_wconf 90' lang='lat' dir='ltr'><strong>eos</strong></span> <span class='ocrx_word' id='word_1_506' title='bbox 1588 3552 1733 3608; x_wconf 88' lang='lat' dir='ltr'><strong>desi-</strong></span> 
     </span>
    </p>
   </div>
   <div class='ocr_carea' id='block_1_50' title="bbox 97 3648 1727 3728">
    <p class='ocr_par' dir='ltr' id='par_1_50' title="bbox 97 3648 1727 3728">
     <span class='ocr_line' id='line_1_50' title="bbox 97 3648 1727 3728; baseline -0.009 -13"><span class='ocrx_word' id='word_1_507' title='bbox 97 3657 297 3725; x_wconf 89' lang='lat' dir='ltr'><strong>derat,</strong></span> <span class='ocrx_word' id='word_1_508' title='bbox 335 3671 505 3728; x_wconf 89' lang='lat' dir='ltr'><strong>quam</strong></span> <span class='ocrx_word' id='word_1_509' title='bbox 540 3654 632 3710; x_wconf 91' lang='lat' dir='ltr'><strong>ille</strong></span> <span class='ocrx_word' id='word_1_510' title='bbox 661 3653 752 3724; x_wconf 89' lang='lat' dir='ltr'><strong>qui</strong></span> <span class='ocrx_word' id='word_1_511' title='bbox 782 3667 883 3707; x_wconf 90' lang='lat' dir='ltr'><strong>nec</strong></span> <span class='ocrx_word' id='word_1_512' title='bbox 912 3667 1011 3708; x_wconf 90' lang='lat' dir='ltr'><strong>eos</strong></span> <span class='ocrx_word' id='word_1_513' title='bbox 1040 3649 1196 3715; x_wconf 87' lang='lat' dir='ltr'><strong>vidit,</strong></span> <span class='ocrx_word' id='word_1_514' title='bbox 1219 3664 1320 3706; x_wconf 91' lang='lat' dir='ltr'><strong>nec</strong></span> <span class='ocrx_word' id='word_1_515' title='bbox 1337 3648 1597 3704; x_wconf 89' lang='lat' dir='ltr'><strong>odoratus</strong></span> <span class='ocrx_word' id='word_1_516' title='bbox 1620 3653 1727 3713; x_wconf 88' lang='lat' dir='ltr'><strong>est,</strong></span> 
     </span>
    </p>
   </div>
   <div class='ocr_carea' id='block_1_51' title="bbox 97 3739 1729 3822">
    <p class='ocr_par' dir='ltr' id='par_1_51' title="bbox 97 3739 1729 3822">
     <span class='ocr_line' id='line_1_51' title="bbox 97 3739 1729 3822; baseline -0.01 -14"><span class='ocrx_word' id='word_1_517' title='bbox 97 3767 211 3808; x_wconf 90' lang='lat' dir='ltr'><strong>nec</strong></span> <span class='ocrx_word' id='word_1_518' title='bbox 260 3748 455 3822; x_wconf 88' lang='lat' dir='ltr'><strong>qualis</strong></span> <span class='ocrx_word' id='word_1_519' title='bbox 503 3756 652 3805; x_wconf 89' lang='lat' dir='ltr'><strong>esset</strong></span> <span class='ocrx_word' id='word_1_520' title='bbox 692 3760 885 3802; x_wconf 90' lang='lat' dir='ltr'><strong>eorum</strong></span> <span class='ocrx_word' id='word_1_521' title='bbox 932 3743 1169 3799; x_wconf 91' lang='lat' dir='ltr'><strong>dulcedo</strong></span> <span class='ocrx_word' id='word_1_522' title='bbox 1204 3740 1473 3813; x_wconf 89' lang='lat' dir='ltr'><strong>gustando</strong></span> <span class='ocrx_word' id='word_1_523' title='bbox 1509 3739 1685 3795; x_wconf 88' lang='lat' dir='ltr'><strong>sensit</strong></span> <span class='ocrx_word' id='word_1_524' title='bbox 1717 3755 1729 3791; x_wconf 87' lang='lat'><strong>:</strong></span> 
     </span>
    </p>
   </div>
   <div class='ocr_carea' id='block_1_52' title="bbox 97 3829 1735 3911">
    <p class='ocr_par' dir='ltr' id='par_1_52' title="bbox 97 3829 1735 3911">
     <span class='ocr_line' id='line_1_52' title="bbox 97 3829 1735 3911; baseline -0.011 -9"><span class='ocrx_word' id='word_1_525' title='bbox 97 3846 177 3902; x_wconf 86' lang='lat' dir='ltr'><strong>ita</strong></span> <span class='ocrx_word' id='word_1_526' title='bbox 209 3854 273 3902; x_wconf 87' lang='lat' dir='ltr'><strong>et</strong></span> <span class='ocrx_word' id='word_1_527' title='bbox 322 3842 507 3901; x_wconf 90' lang='lat' dir='ltr'><strong>sancti</strong></span> <span class='ocrx_word' id='word_1_528' title='bbox 536 3884 551 3909; x_wconf 95' lang='lat'><strong>,</strong></span> <span class='ocrx_word' id='word_1_529' title='bbox 584 3839 676 3911; x_wconf 93' lang='lat' dir='ltr'><strong>qui</strong></span> <span class='ocrx_word' id='word_1_530' title='bbox 702 3853 800 3910; x_wconf 89' lang='lat' dir='ltr'><strong>per</strong></span> <span class='ocrx_word' id='word_1_531' title='bbox 831 3833 1317 3907; x_wconf 77' lang='lat' dir='ltr'><strong>contemplationis</strong></span> <span class='ocrx_word' id='word_1_532' title='bbox 1340 3832 1571 3904; x_wconf 89' lang='lat' dir='ltr'><strong>gratiam</strong></span> <span class='ocrx_word' id='word_1_533' title='bbox 1610 3829 1735 3885; x_wconf 78' lang='lat' dir='ltr'><strong>dul—</strong></span> 
     </span>
    </p>
   </div>
   <div class='ocr_carea' id='block_1_53' title="bbox 97 3926 1736 4007">
    <p class='ocr_par' dir='ltr' id='par_1_53' title="bbox 97 3926 1736 4007">
     <span class='ocr_line' id='line_1_53' title="bbox 97 3926 1736 4007; baseline -0.009 -12"><span class='ocrx_word' id='word_1_534' title='bbox 97 3938 378 3995; x_wconf 85' lang='lat' dir='ltr'><strong>cedinem</strong></span> <span class='ocrx_word' id='word_1_535' title='bbox 406 3934 599 4007; x_wconf 75' lang='lat' dir='ltr'><strong>patria:</strong></span> <span class='ocrx_word' id='word_1_536' title='bbox 621 3932 865 3989; x_wconf 71' lang='lat' dir='ltr'><strong>caelestis</strong></span> <span class='ocrx_word' id='word_1_537' title='bbox 894 3945 1042 4001; x_wconf 83' lang='lat' dir='ltr'><strong>saepe</strong></span> <span class='ocrx_word' id='word_1_538' title='bbox 1064 3929 1373 3999; x_wconf 89' lang='lat' dir='ltr'><strong>degustant,</strong></span> <span class='ocrx_word' id='word_1_539' title='bbox 1421 3926 1593 3981; x_wconf 91' lang='lat' dir='ltr'><strong>multo</strong></span> <span class='ocrx_word' id='word_1_540' title='bbox 1619 3940 1736 3981; x_wconf 91' lang='lat' dir='ltr'><strong>am-</strong></span> 
     </span>
    </p>
   </div>
   <div class='ocr_carea' id='block_1_54' title="bbox 99 4019 1737 4106">
    <p class='ocr_par' dir='ltr' id='par_1_54' title="bbox 99 4019 1737 4106">
     <span class='ocr_line' id='line_1_54' title="bbox 99 4019 1737 4106; baseline -0.01 -16"><span class='ocrx_word' id='word_1_541' title='bbox 99 4032 262 4106; x_wconf 88' lang='lat' dir='ltr'><strong>plius</strong></span> <span class='ocrx_word' id='word_1_542' title='bbox 290 4032 355 4087; x_wconf 89' lang='lat' dir='ltr'><strong>in</strong></span> <span class='ocrx_word' id='word_1_543' title='bbox 382 4030 506 4099; x_wconf 88' lang='lat' dir='ltr'><strong>ejus</strong></span> <span class='ocrx_word' id='word_1_544' title='bbox 535 4042 723 4083; x_wconf 90' lang='lat' dir='ltr'><strong>amore</strong></span> <span class='ocrx_word' id='word_1_545' title='bbox 748 4024 993 4097; x_wconf 91' lang='lat' dir='ltr'><strong>quotidie</strong></span> <span class='ocrx_word' id='word_1_546' title='bbox 1024 4020 1419 4086; x_wconf 81' lang='lat' dir='ltr'><strong>exardescnnt,</strong></span> <span class='ocrx_word' id='word_1_547' title='bbox 1458 4035 1623 4091; x_wconf 90' lang='lat' dir='ltr'><strong>quam</strong></span> <span class='ocrx_word' id='word_1_548' title='bbox 1656 4019 1737 4075; x_wconf 90' lang='lat' dir='ltr'><strong>illi</strong></span> 
     </span>
    </p>
   </div>
   <div class='ocr_carea' id='block_1_55' title="bbox 96 4112 1738 4199">
    <p class='ocr_par' dir='ltr' id='par_1_55' title="bbox 96 4112 1738 4199">
     <span class='ocr_line' id='line_1_55' title="bbox 96 4112 1738 4199; baseline -0.01 -15"><span class='ocrx_word' id='word_1_549' title='bbox 96 4128 199 4199; x_wconf 88' lang='lat' dir='ltr'><strong>qui</strong></span> <span class='ocrx_word' id='word_1_550' title='bbox 232 4133 478 4199; x_wconf 90' lang='lat' dir='ltr'><strong>propter</strong></span> <span class='ocrx_word' id='word_1_551' title='bbox 499 4119 849 4177; x_wconf 89' lang='lat' dir='ltr'><strong>dulcedinem</strong></span> <span class='ocrx_word' id='word_1_552' title='bbox 875 4116 1065 4175; x_wconf 63' lang='lat' dir='ltr'><strong>saeculi</strong></span> <span class='ocrx_word' id='word_1_553' title='bbox 1095 4112 1444 4171; x_wconf 89' lang='lat' dir='ltr'><strong>dulcedinem</strong></span> <span class='ocrx_word' id='word_1_554' title='bbox 1471 4126 1580 4168; x_wconf 92' lang='lat' dir='ltr'><strong>non</strong></span> <span class='ocrx_word' id='word_1_555' title='bbox 1614 4126 1738 4168; x_wconf 90' lang='lat' dir='ltr'><strong>sen-</strong></span> 
     </span>
    </p>
   </div>
   <div class='ocr_carea' id='block_1_56' title="bbox 99 4220 720 4280">
    <p class='ocr_par' dir='ltr' id='par_1_56' title="bbox 99 4220 720 4280">
     <span class='ocr_line' id='line_1_56' title="bbox 99 4220 720 4280; baseline -0.011 -2"><span class='ocrx_word' id='word_1_556' title='bbox 99 4222 258 4280; x_wconf 88' lang='lat' dir='ltr'><strong>tiunt</strong></span> <span class='ocrx_word' id='word_1_557' title='bbox 304 4220 450 4276; x_wconf 75' lang='lat' dir='ltr'><strong>vitae</strong></span> <span class='ocrx_word' id='word_1_558' title='bbox 480 4225 720 4274; x_wconf 67' lang='lat' dir='ltr'><strong>teternaz.</strong></span> 
     </span>
    </p>
   </div>
   <div class='ocr_carea' id='block_1_57' title="bbox 150 4301 1742 4381">
    <p class='ocr_par' dir='ltr' id='par_1_57' title="bbox 150 4301 1742 4381">
     <span class='ocr_line' id='line_1_57' title="bbox 150 4301 1742 4381; baseline -0.009 -9"><span class='ocrx_word' id='word_1_559' title='bbox 150 4310 343 4371; x_wconf 48' lang='lat' dir='ltr'><strong>&#39;Dicit</strong></span> <span class='ocrx_word' id='word_1_560' title='bbox 405 4310 550 4367; x_wconf 91' lang='lat' dir='ltr'><strong>idem</strong></span> <span class='ocrx_word' id='word_1_561' title='bbox 602 4307 874 4381; x_wconf 88' lang='lat' dir='ltr'><strong>propheta</strong></span> <span class='ocrx_word' id='word_1_562' title='bbox 921 4307 977 4362; x_wconf 90' lang='lat' dir='ltr'><strong>in</strong></span> <span class='ocrx_word' id='word_1_563' title='bbox 1020 4302 1382 4376; x_wconf 88' lang='lat' dir='ltr'><strong>sequentibus</strong></span> <span class='ocrx_word' id='word_1_564' title='bbox 1423 4301 1629 4358; x_wconf 77' lang='lat' dir='ltr'><strong>vidisse</strong></span> <span class='ocrx_word' id='word_1_565' title='bbox 1681 4316 1742 4357; x_wconf 90' lang='lat' dir='ltr'><strong>sc</strong></span> 
     </span>
    </p>
   </div>
   <div class='ocr_carea' id='block_1_58' title="bbox 98 4394 1742 4483">
    <p class='ocr_par' dir='ltr' id='par_1_58' title="bbox 98 4394 1742 4483">
     <span class='ocr_line' id='line_1_58' title="bbox 98 4394 1742 4483; baseline -0.01 -16"><span class='ocrx_word' id='word_1_566' title='bbox 98 4409 269 4483; x_wconf 87' lang='lat' dir='ltr'><strong>ligna</strong></span> <span class='ocrx_word' id='word_1_567' title='bbox 326 4408 389 4463; x_wconf 89' lang='lat' dir='ltr'><strong>in</strong></span> <span class='ocrx_word' id='word_1_568' title='bbox 446 4415 679 4475; x_wconf 88' lang='lat' dir='ltr'><strong>utraque</strong></span> <span class='ocrx_word' id='word_1_569' title='bbox 726 4402 843 4473; x_wconf 88' lang='lat' dir='ltr'><strong>ripa</strong></span> <span class='ocrx_word' id='word_1_570' title='bbox 909 4401 1196 4467; x_wconf 90' lang='lat' dir='ltr'><strong>torrentis,</strong></span> <span class='ocrx_word' id='word_1_571' title='bbox 1244 4412 1479 4471; x_wconf 91' lang='lat' dir='ltr'><strong>quorum</strong></span> <span class='ocrx_word' id='word_1_572' title='bbox 1532 4394 1742 4451; x_wconf 90' lang='lat' dir='ltr'><strong>fructus</strong></span> 
     </span>
    </p>
   </div>
   <div class='ocr_carea' id='block_1_59' title="bbox 97 4487 1742 4563">
    <p class='ocr_par' dir='ltr' id='par_1_59' title="bbox 97 4487 1742 4563">
     <span class='ocr_line' id='line_1_59' title="bbox 97 4487 1742 4563; baseline -0.011 -4"><span class='ocrx_word' id='word_1_573' title='bbox 97 4510 284 4561; x_wconf 88' lang='lat' dir='ltr'><strong>erant</strong></span> <span class='ocrx_word' id='word_1_574' title='bbox 336 4500 401 4554; x_wconf 88' lang='lat' dir='ltr'><strong>in</strong></span> <span class='ocrx_word' id='word_1_575' title='bbox 451 4495 659 4563; x_wconf 87' lang='lat' dir='ltr'><strong>cibum,</strong></span> <span class='ocrx_word' id='word_1_576' title='bbox 701 4503 757 4550; x_wconf 91' lang='lat' dir='ltr'><strong>ct</strong></span> <span class='ocrx_word' id='word_1_577' title='bbox 797 4492 927 4548; x_wconf 90' lang='lat' dir='ltr'><strong>folia</strong></span> <span class='ocrx_word' id='word_1_578' title='bbox 968 4491 1036 4548; x_wconf 92' lang='lat' dir='ltr'><strong>ad</strong></span> <span class='ocrx_word' id='word_1_579' title='bbox 1075 4490 1422 4548; x_wconf 91' lang='lat' dir='ltr'><strong>medicinam.</strong></span> <span class='ocrx_word' id='word_1_580' title='bbox 1454 4487 1581 4543; x_wconf 71' lang='lat' dir='ltr'><strong>Dum</strong></span> <span class='ocrx_word' id='word_1_581' title='bbox 1610 4487 1742 4558; x_wconf 74' lang='lat' dir='ltr'><strong>ripa:</strong></span> 
     </span>
    </p>
   </div>
   <div class='ocr_carea' id='block_1_60' title="bbox 1828 3274 3430 3349">
    <p class='ocr_par' dir='ltr' id='par_1_60' title="bbox 1828 3274 3430 3349">
     <span class='ocr_line' id='line_1_60' title="bbox 1828 3274 3430 3349; baseline 0.003 -18"><span class='ocrx_word' id='word_1_582' title='bbox 1828 3276 1992 3332; x_wconf 84' lang='lat' dir='ltr'><strong>finem</strong></span> <span class='ocrx_word' id='word_1_583' title='bbox 2019 3275 2141 3330; x_wconf 72' lang='lat' dir='ltr'><strong>vita:</strong></span> <span class='ocrx_word' id='word_1_584' title='bbox 2173 3274 2512 3345; x_wconf 90' lang='lat' dir='ltr'><strong>perducant:</strong></span> <span class='ocrx_word' id='word_1_585' title='bbox 2539 3276 2593 3331; x_wconf 89' lang='lat' dir='ltr'><strong>in</strong></span> <span class='ocrx_word' id='word_1_586' title='bbox 2626 3277 3002 3349; x_wconf 89' lang='lat' dir='ltr'><strong>superioribus</strong></span> <span class='ocrx_word' id='word_1_587' title='bbox 3036 3293 3165 3334; x_wconf 89' lang='lat' dir='ltr'><strong>vero</strong></span> <span class='ocrx_word' id='word_1_588' title='bbox 3194 3278 3430 3336; x_wconf 89' lang='lat' dir='ltr'><strong>summi-</strong></span> 
     </span>
    </p>
   </div>
   <div class='ocr_carea' id='block_1_61' title="bbox 1828 3369 3434 3439">
    <p class='ocr_par' dir='ltr' id='par_1_61' title="bbox 1828 3369 3434 3439">
     <span class='ocr_line' id='line_1_61' title="bbox 1828 3369 3434 3439; baseline 0.002 -14"><span class='ocrx_word' id='word_1_589' title='bbox 1828 3379 1940 3425; x_wconf 87' lang='lat' dir='ltr'><strong>tate</strong></span> <span class='ocrx_word' id='word_1_590' title='bbox 2000 3370 2248 3435; x_wconf 89' lang='lat' dir='ltr'><strong>acuitur;</strong></span> <span class='ocrx_word' id='word_1_591' title='bbox 2299 3369 2427 3439; x_wconf 87' lang='lat' dir='ltr'><strong>quia</strong></span> <span class='ocrx_word' id='word_1_592' title='bbox 2481 3370 2663 3426; x_wconf 81' lang='lat' dir='ltr'><strong>omnis</strong></span> <span class='ocrx_word' id='word_1_593' title='bbox 2718 3370 2953 3427; x_wconf 88' lang='lat' dir='ltr'><strong>intentio</strong></span> <span class='ocrx_word' id='word_1_594' title='bbox 3005 3380 3325 3428; x_wconf 89' lang='lat' dir='ltr'><strong>sanctorum</strong></span> <span class='ocrx_word' id='word_1_595' title='bbox 3362 3372 3434 3429; x_wconf 88' lang='lat' dir='ltr'><strong>ad</strong></span> 
     </span>
    </p>
   </div>
   <div class='ocr_carea' id='block_1_62' title="bbox 1830 3462 3438 3535">
    <p class='ocr_par' dir='ltr' id='par_1_62' title="bbox 1830 3462 3438 3535">
     <span class='ocr_line' id='line_1_62' title="bbox 1830 3462 3438 3535; baseline 0.003 -17"><span class='ocrx_word' id='word_1_596' title='bbox 1830 3462 1985 3519; x_wconf 91' lang='lat' dir='ltr'><strong>illum</strong></span> <span class='ocrx_word' id='word_1_597' title='bbox 2014 3463 2209 3530; x_wconf 86' lang='lat' dir='ltr'><strong>tendit,</strong></span> <span class='ocrx_word' id='word_1_598' title='bbox 2235 3462 2330 3534; x_wconf 91' lang='lat' dir='ltr'><strong>qui</strong></span> <span class='ocrx_word' id='word_1_599' title='bbox 2363 3478 2503 3521; x_wconf 85' lang='lat' dir='ltr'><strong>unus</strong></span> <span class='ocrx_word' id='word_1_600' title='bbox 2530 3472 2639 3531; x_wconf 88' lang='lat' dir='ltr'><strong>est,</strong></span> <span class='ocrx_word' id='word_1_601' title='bbox 2668 3472 2723 3520; x_wconf 91' lang='lat' dir='ltr'><strong>et</strong></span> <span class='ocrx_word' id='word_1_602' title='bbox 2741 3464 2792 3519; x_wconf 93' lang='lat' dir='ltr'><strong>in</strong></span> <span class='ocrx_word' id='word_1_603' title='bbox 2817 3478 2928 3534; x_wconf 90' lang='lat' dir='ltr'><strong>quo</strong></span> <span class='ocrx_word' id='word_1_604' title='bbox 2948 3465 3112 3520; x_wconf 89' lang='lat' dir='ltr'><strong>etiam</strong></span> <span class='ocrx_word' id='word_1_605' title='bbox 3138 3463 3243 3535; x_wconf 90' lang='lat' dir='ltr'><strong>ipsi</strong></span> <span class='ocrx_word' id='word_1_606' title='bbox 3265 3479 3438 3523; x_wconf 89' lang='lat' dir='ltr'><strong>unum</strong></span> 
     </span>
    </p>
   </div>
   <div class='ocr_carea' id='block_1_63' title="bbox 1833 3552 1987 3609">
    <p class='ocr_par' dir='ltr' id='par_1_63' title="bbox 1833 3552 1987 3609">
     <span class='ocr_line' id='line_1_63' title="bbox 1833 3552 1987 3609; baseline -0.013 -2"><span class='ocrx_word' id='word_1_607' title='bbox 1833 3552 1987 3609; x_wconf 74' lang='lat' dir='ltr'><strong>ﬁunL</strong></span> 
     </span>
    </p>
   </div>
   <div class='ocr_carea' id='block_1_64' title="bbox 1902 3647 3443 3722">
    <p class='ocr_par' dir='ltr' id='par_1_64' title="bbox 1902 3647 3443 3722">
     <span class='ocr_line' id='line_1_64' title="bbox 1902 3647 3443 3722; baseline 0.001 -19"><span class='ocrx_word' id='word_1_608' title='bbox 1902 3647 2127 3703; x_wconf 86' lang='lat' dir='ltr'><strong>Flavius</strong></span> <span class='ocrx_word' id='word_1_609' title='bbox 2148 3662 2279 3719; x_wconf 89' lang='lat' dir='ltr'><strong>ergo</strong></span> <span class='ocrx_word' id='word_1_610' title='bbox 2304 3648 2429 3716; x_wconf 87' lang='lat' dir='ltr'><strong>iste,</strong></span> <span class='ocrx_word' id='word_1_611' title='bbox 2454 3649 2545 3721; x_wconf 91' lang='lat' dir='ltr'><strong>qui</strong></span> <span class='ocrx_word' id='word_1_612' title='bbox 2569 3649 2799 3721; x_wconf 90' lang='lat' dir='ltr'><strong>gloriam</strong></span> <span class='ocrx_word' id='word_1_613' title='bbox 2826 3657 3136 3706; x_wconf 89' lang='lat' dir='ltr'><strong>sanctorum</strong></span> <span class='ocrx_word' id='word_1_614' title='bbox 3160 3648 3443 3722; x_wconf 88' lang='lat' dir='ltr'><strong>designat,</strong></span> 
     </span>
    </p>
   </div>
   <div class='ocr_carea' id='block_1_65' title="bbox 1832 3740 3444 3814">
    <p class='ocr_par' dir='ltr' id='par_1_65' title="bbox 1832 3740 3444 3814">
     <span class='ocr_line' id='line_1_65' title="bbox 1832 3740 3444 3814; baseline 0.002 -18"><span class='ocrx_word' id='word_1_615' title='bbox 1832 3740 2181 3811; x_wconf 89' lang='lat' dir='ltr'><strong>splendorem</strong></span> <span class='ocrx_word' id='word_1_616' title='bbox 2222 3742 2467 3814; x_wconf 83' lang='lat' dir='ltr'><strong>crystalli</strong></span> <span class='ocrx_word' id='word_1_617' title='bbox 2500 3741 2701 3797; x_wconf 91' lang='lat' dir='ltr'><strong>habere</strong></span> <span class='ocrx_word' id='word_1_618' title='bbox 2731 3740 2955 3809; x_wconf 91' lang='lat' dir='ltr'><strong>dicitur;</strong></span> <span class='ocrx_word' id='word_1_619' title='bbox 2984 3742 3108 3813; x_wconf 89' lang='lat' dir='ltr'><strong>quia</strong></span> <span class='ocrx_word' id='word_1_620' title='bbox 3147 3742 3444 3813; x_wconf 87' lang='lat' dir='ltr'><strong>unicuique</strong></span> 
     </span>
    </p>
   </div>
   <div class='ocr_carea' id='block_1_66' title="bbox 1835 3833 3444 3906">
    <p class='ocr_par' dir='ltr' id='par_1_66' title="bbox 1835 3833 3444 3906">
     <span class='ocr_line' id='line_1_66' title="bbox 1835 3833 3444 3906; baseline 0.002 -18"><span class='ocrx_word' id='word_1_621' title='bbox 1835 3833 2072 3891; x_wconf 85' lang='lat' dir='ltr'><strong>fidelium</strong></span> <span class='ocrx_word' id='word_1_622' title='bbox 2128 3834 2425 3890; x_wconf 91' lang='lat' dir='ltr'><strong>secundum</strong></span> <span class='ocrx_word' id='word_1_623' title='bbox 2463 3834 2781 3906; x_wconf 89' lang='lat' dir='ltr'><strong>qualitatem</strong></span> <span class='ocrx_word' id='word_1_624' title='bbox 2814 3849 3041 3905; x_wconf 88' lang='lat' dir='ltr'><strong>operum</strong></span> <span class='ocrx_word' id='word_1_625' title='bbox 3074 3848 3297 3890; x_wconf 87' lang='lat' dir='ltr'><strong>suorum</strong></span> <span class='ocrx_word' id='word_1_626' title='bbox 3354 3850 3444 3892; x_wconf 85' lang='lat' dir='ltr'><strong>re-</strong></span> 
     </span>
    </p>
   </div>
   <div class='ocr_carea' id='block_1_67' title="bbox 1836 3927 3448 3999">
    <p class='ocr_par' dir='ltr' id='par_1_67' title="bbox 1836 3927 3448 3999">
     <span class='ocr_line' id='line_1_67' title="bbox 1836 3927 3448 3999; baseline 0.002 -16"><span class='ocrx_word' id='word_1_627' title='bbox 1836 3928 2026 3998; x_wconf 89' lang='lat' dir='ltr'><strong>fulget,</strong></span> <span class='ocrx_word' id='word_1_628' title='bbox 2084 3928 2224 3984; x_wconf 88' lang='lat' dir='ltr'><strong>sicut</strong></span> <span class='ocrx_word' id='word_1_629' title='bbox 2252 3928 2385 3984; x_wconf 92' lang='lat' dir='ltr'><strong>dicit</strong></span> <span class='ocrx_word' id='word_1_630' title='bbox 2433 3927 2757 3999; x_wconf 85' lang='lat' dir='ltr'><strong>Apostolus:</strong></span> <span class='ocrx_word' id='word_1_631' title='bbox 2805 3928 2975 3984; x_wconf 88' lang='lat' dir='ltr'><strong>Stella</strong></span> <span class='ocrx_word' id='word_1_632' title='bbox 2997 3929 3135 3983; x_wconf 87' lang='lat' dir='ltr'><strong>enim</strong></span> <span class='ocrx_word' id='word_1_633' title='bbox 3185 3929 3250 3984; x_wconf 81' lang='lat' dir='ltr'><strong>ab</strong></span> <span class='ocrx_word' id='word_1_634' title='bbox 3294 3930 3448 3987; x_wconf 85' lang='lat' dir='ltr'><strong>stella</strong></span> 
     </span>
    </p>
   </div>
   <div class='ocr_carea' id='block_1_68' title="bbox 1838 4019 3445 4092">
    <p class='ocr_par' dir='ltr' id='par_1_68' title="bbox 1838 4019 3445 4092">
     <span class='ocr_line' id='line_1_68' title="bbox 1838 4019 3445 4092; baseline 0.002 -17"><span class='ocrx_word' id='word_1_635' title='bbox 1838 4019 2018 4089; x_wconf 73' lang='lat' dir='ltr'><strong>differt</strong></span> <span class='ocrx_word' id='word_1_636' title='bbox 2042 4022 2095 4075; x_wconf 89' lang='lat' dir='ltr'><strong>in</strong></span> <span class='ocrx_word' id='word_1_637' title='bbox 2120 4019 2378 4088; x_wconf 85' lang='lat' dir='ltr'><strong>claritate,</strong></span> <span class='ocrx_word' id='word_1_638' title='bbox 2400 4021 2477 4076; x_wconf 88' lang='lat' dir='ltr'><strong>sic</strong></span> <span class='ocrx_word' id='word_1_639' title='bbox 2502 4029 2549 4076; x_wconf 87' lang='lat' dir='ltr'><strong>et</strong></span> <span class='ocrx_word' id='word_1_640' title='bbox 2574 4020 2884 4075; x_wconf 81' lang='lat' dir='ltr'><strong>resurrectio</strong></span> <span class='ocrx_word' id='word_1_641' title='bbox 2912 4030 3234 4075; x_wconf 84' lang='lat' dir='ltr'><strong>mortuorum</strong></span> <span class='ocrx_word' id='word_1_642' title='bbox 3257 4020 3300 4092; x_wconf 88' lang='grc'><strong>(1</strong></span> <span class='ocrx_word' id='word_1_643' title='bbox 3320 4020 3445 4079; x_wconf 87' lang='lat' dir='ltr'><strong>Cor.</strong></span> 
     </span>
    </p>
   </div>
   <div class='ocr_carea' id='block_1_69' title="bbox 1838 4113 3446 4186">
    <p class='ocr_par' dir='ltr' id='par_1_69' title="bbox 1838 4113 3446 4186">
     <span class='ocr_line' id='line_1_69' title="bbox 1838 4113 3446 4186; baseline 0.002 -16"><span class='ocrx_word' id='word_1_644' title='bbox 1838 4131 1930 4182; x_wconf 82' lang='lat' dir='ltr'><strong>xv,</strong></span> <span class='ocrx_word' id='word_1_645' title='bbox 1961 4115 2077 4185; x_wconf 74' lang='grc' dir='ltr'><strong>Η).</strong></span> <span class='ocrx_word' id='word_1_646' title='bbox 2105 4115 2209 4183; x_wconf 87' lang='lat' dir='ltr'><strong>Qui</strong></span> <span class='ocrx_word' id='word_1_647' title='bbox 2241 4114 2311 4171; x_wconf 92' lang='lat' dir='ltr'><strong>de</strong></span> <span class='ocrx_word' id='word_1_648' title='bbox 2341 4114 2473 4171; x_wconf 91' lang='lat' dir='ltr'><strong>sede</strong></span> <span class='ocrx_word' id='word_1_649' title='bbox 2499 4114 2597 4170; x_wconf 90' lang='lat' dir='ltr'><strong>Dei</strong></span> <span class='ocrx_word' id='word_1_650' title='bbox 2632 4122 2689 4171; x_wconf 88' lang='lat' dir='ltr'><strong>et</strong></span> <span class='ocrx_word' id='word_1_651' title='bbox 2711 4113 2850 4186; x_wconf 84' lang='lat' dir='ltr'><strong>Agni</strong></span> <span class='ocrx_word' id='word_1_652' title='bbox 2880 4115 3178 4186; x_wconf 90' lang='lat' dir='ltr'><strong>procedere</strong></span> <span class='ocrx_word' id='word_1_653' title='bbox 3211 4115 3446 4186; x_wconf 91' lang='lat' dir='ltr'><strong>dicitur;</strong></span> 
     </span>
    </p>
   </div>
   <div class='ocr_carea' id='block_1_70' title="bbox 1840 4207 3451 4283">
    <p class='ocr_par' dir='ltr' id='par_1_70' title="bbox 1840 4207 3451 4283">
     <span class='ocr_line' id='line_1_70' title="bbox 1840 4207 3451 4283; baseline 0.004 -20"><span class='ocrx_word' id='word_1_654' title='bbox 1840 4209 1965 4281; x_wconf 89' lang='lat' dir='ltr'><strong>quia</strong></span> <span class='ocrx_word' id='word_1_655' title='bbox 1992 4208 2060 4264; x_wconf 92' lang='lat' dir='ltr'><strong>ab</strong></span> <span class='ocrx_word' id='word_1_656' title='bbox 2090 4209 2207 4280; x_wconf 91' lang='lat' dir='ltr'><strong>ipso</strong></span> <span class='ocrx_word' id='word_1_657' title='bbox 2256 4207 2520 4280; x_wconf 88' lang='lat' dir='ltr'><strong>procedet</strong></span> <span class='ocrx_word' id='word_1_658' title='bbox 2546 4207 2724 4263; x_wconf 90' lang='lat' dir='ltr'><strong>omnis</strong></span> <span class='ocrx_word' id='word_1_659' title='bbox 2748 4208 2933 4280; x_wconf 89' lang='lat' dir='ltr'><strong>lgloria</strong></span> <span class='ocrx_word' id='word_1_660' title='bbox 2982 4218 3325 4279; x_wconf 89' lang='lat' dir='ltr'><strong>sanctorum,</strong></span> <span class='ocrx_word' id='word_1_661' title='bbox 3356 4213 3451 4283; x_wconf 87' lang='lat' dir='ltr'><strong>qui</strong></span> 
     </span>
    </p>
   </div>
   <div class='ocr_carea' id='block_1_71' title="bbox 1843 4302 3454 4375">
    <p class='ocr_par' dir='ltr' id='par_1_71' title="bbox 1843 4302 3454 4375">
     <span class='ocr_line' id='line_1_71' title="bbox 1843 4302 3454 4375; baseline 0.003 -18"><span class='ocrx_word' id='word_1_662' title='bbox 1843 4311 2035 4359; x_wconf 88' lang='lat' dir='ltr'><strong>auctor</strong></span> <span class='ocrx_word' id='word_1_663' title='bbox 2084 4312 2168 4359; x_wconf 90' lang='lat' dir='ltr'><strong>est</strong></span> <span class='ocrx_word' id='word_1_664' title='bbox 2215 4302 2459 4359; x_wconf 91' lang='lat' dir='ltr'><strong>omnium</strong></span> <span class='ocrx_word' id='word_1_665' title='bbox 2507 4302 2817 4359; x_wconf 87' lang='lat' dir='ltr'><strong>bonorum:</strong></span> <span class='ocrx_word' id='word_1_666' title='bbox 2867 4303 2957 4375; x_wconf 87' lang='lat' dir='ltr'><strong>qui</strong></span> <span class='ocrx_word' id='word_1_667' title='bbox 2989 4303 3152 4361; x_wconf 87' lang='lat' dir='ltr'><strong>etiam</strong></span> <span class='ocrx_word' id='word_1_668' title='bbox 3183 4305 3237 4361; x_wconf 93' lang='lat' dir='ltr'><strong>in</strong></span> <span class='ocrx_word' id='word_1_669' title='bbox 3268 4306 3454 4363; x_wconf 90' lang='lat' dir='ltr'><strong>medio</strong></span> 
     </span>
    </p>
   </div>
   <div class='ocr_carea' id='block_1_72' title="bbox 1845 4393 3451 4467">
    <p class='ocr_par' dir='ltr' id='par_1_72' title="bbox 1845 4393 3451 4467">
     <span class='ocr_line' id='line_1_72' title="bbox 1845 4393 3451 4467; baseline 0.003 -18"><span class='ocrx_word' id='word_1_670' title='bbox 1845 4394 2043 4465; x_wconf 79' lang='lat' dir='ltr'><strong>platea:</strong></span> <span class='ocrx_word' id='word_1_671' title='bbox 2067 4394 2304 4450; x_wconf 91' lang='lat' dir='ltr'><strong>civitatis</strong></span> <span class='ocrx_word' id='word_1_672' title='bbox 2328 4394 2625 4452; x_wconf 90' lang='lat' dir='ltr'><strong>decurrere</strong></span> <span class='ocrx_word' id='word_1_673' title='bbox 2647 4393 2866 4463; x_wconf 91' lang='lat' dir='ltr'><strong>dicitur;</strong></span> <span class='ocrx_word' id='word_1_674' title='bbox 2896 4396 3021 4467; x_wconf 91' lang='lat' dir='ltr'><strong>quia</strong></span> <span class='ocrx_word' id='word_1_675' title='bbox 3050 4397 3213 4453; x_wconf 91' lang='lat' dir='ltr'><strong>corda</strong></span> <span class='ocrx_word' id='word_1_676' title='bbox 3230 4409 3451 4454; x_wconf 88' lang='lat' dir='ltr'><strong>sancto-</strong></span> 
     </span>
    </p>
   </div>
   <div class='ocr_carea' id='block_1_73' title="bbox 1846 4487 3245 4560">
    <p class='ocr_par' dir='ltr' id='par_1_73' title="bbox 1846 4487 3245 4560">
     <span class='ocr_line' id='line_1_73' title="bbox 1846 4487 3245 4560; baseline 0.002 -16"><span class='ocrx_word' id='word_1_677' title='bbox 1846 4504 1967 4544; x_wconf 90' lang='lat' dir='ltr'><strong>rum</strong></span> <span class='ocrx_word' id='word_1_678' title='bbox 2004 4496 2265 4560; x_wconf 87' lang='lat' dir='ltr'><strong>perpetua</strong></span> <span class='ocrx_word' id='word_1_679' title='bbox 2290 4489 2576 4547; x_wconf 90' lang='lat' dir='ltr'><strong>suavitatis</strong></span> <span class='ocrx_word' id='word_1_680' title='bbox 2603 4487 2896 4545; x_wconf 90' lang='lat' dir='ltr'><strong>dulcedine</strong></span> <span class='ocrx_word' id='word_1_681' title='bbox 2927 4489 3245 4547; x_wconf 66' lang='lat' dir='ltr'><strong>lastiticabit.</strong></span> 
     </span>
    </p>
   </div>
   <div class='ocr_carea' id='block_1_74' title="bbox 98 4580 3456 4659">
    <p class='ocr_par' dir='ltr' id='par_1_74' title="bbox 98 4580 3456 4659">
     <span class='ocr_line' id='line_1_74' title="bbox 98 4580 3456 4659; baseline -0.003 -5"><span class='ocrx_word' id='word_1_682' title='bbox 98 4598 225 4654; x_wconf 89' lang='lat' dir='ltr'><strong>duo</strong></span> <span class='ocrx_word' id='word_1_683' title='bbox 276 4593 649 4649; x_wconf 85' lang='lat' dir='ltr'><strong>Testamenta</strong></span> <span class='ocrx_word' id='word_1_684' title='bbox 687 4588 1001 4659; x_wconf 81' lang='lat' dir='ltr'><strong>signiﬁcant</strong></span> <span class='ocrx_word' id='word_1_685' title='bbox 1034 4602 1048 4639; x_wconf 93' lang='lat'><strong>:</strong></span> <span class='ocrx_word' id='word_1_686' title='bbox 1079 4585 1222 4641; x_wconf 88' lang='lat' dir='ltr'><strong>inter</strong></span> <span class='ocrx_word' id='word_1_687' title='bbox 1266 4584 1363 4637; x_wconf 89' lang='lat' dir='ltr'><strong>has</strong></span> <span class='ocrx_word' id='word_1_688' title='bbox 1408 4580 1551 4637; x_wconf 89' lang='lat' dir='ltr'><strong>duas</strong></span> <span class='ocrx_word' id='word_1_689' title='bbox 1595 4583 1741 4650; x_wconf 85' lang='lat' dir='ltr'><strong>ripas</strong></span> <span class='ocrx_word' id='word_1_690' title='bbox 1765 4582 1820 4643; x_wconf 88' lang='lat' dir='ltr'><strong>D</strong></span> <span class='ocrx_word' id='word_1_691' title='bbox 1917 4580 1987 4636; x_wconf 86' lang='lat' dir='ltr'><strong>Et</strong></span> <span class='ocrx_word' id='word_1_692' title='bbox 2032 4599 2099 4638; x_wconf 74' lang='lat' dir='ltr'><strong>ex</strong></span> <span class='ocrx_word' id='word_1_693' title='bbox 2146 4594 2368 4655; x_wconf 86' lang='lat' dir='ltr'><strong>utraque</strong></span> <span class='ocrx_word' id='word_1_694' title='bbox 2392 4594 2540 4655; x_wconf 84' lang='lat' dir='ltr'><strong>parte</strong></span> <span class='ocrx_word' id='word_1_695' title='bbox 2575 4584 2811 4655; x_wconf 84' lang='lat' dir='ltr'><strong>ﬂuminis</strong></span> <span class='ocrx_word' id='word_1_696' title='bbox 2840 4584 3038 4657; x_wconf 83' lang='lat' dir='ltr'><strong>lignum</strong></span> <span class='ocrx_word' id='word_1_697' title='bbox 3064 4586 3183 4642; x_wconf 70' lang='lat' dir='ltr'><strong>vitae</strong></span> <span class='ocrx_word' id='word_1_698' title='bbox 3214 4587 3231 4659; x_wconf 96' lang='lat'>(</span> <span class='ocrx_word' id='word_1_699' title='bbox 3258 4585 3456 4643; x_wconf 79' lang='lat' dir='ltr'><strong>Ezech.</strong></span> 
     </span>
    </p>
   </div>
   <div class='ocr_carea' id='block_1_75' title="bbox 96 4672 1747 4761">
    <p class='ocr_par' dir='ltr' id='par_1_75' title="bbox 96 4672 1747 4761">
     <span class='ocr_line' id='line_1_75' title="bbox 96 4672 1747 4761; baseline -0.013 -14"><span class='ocrx_word' id='word_1_700' title='bbox 96 4701 376 4761; x_wconf 88' lang='lat' dir='ltr'><strong>magnus</strong></span> <span class='ocrx_word' id='word_1_701' title='bbox 398 4692 622 4741; x_wconf 87' lang='lat' dir='ltr'><strong>torrens</strong></span> <span class='ocrx_word' id='word_1_702' title='bbox 645 4682 1079 4752; x_wconf 88' lang='lat' dir='ltr'><strong>Scripturarum,</strong></span> <span class='ocrx_word' id='word_1_703' title='bbox 1102 4676 1193 4750; x_wconf 91' lang='lat' dir='ltr'><strong>qui</strong></span> <span class='ocrx_word' id='word_1_704' title='bbox 1218 4690 1247 4730; x_wconf 91' lang='lat' dir='ltr'><strong>a</strong></span> <span class='ocrx_word' id='word_1_705' title='bbox 1271 4674 1479 4731; x_wconf 92' lang='lat' dir='ltr'><strong>sanctis</strong></span> <span class='ocrx_word' id='word_1_706' title='bbox 1496 4672 1747 4728; x_wconf 87' lang='lat' dir='ltr'><strong>Patribus</strong></span> 
     </span>
    </p>
   </div>
   <div class='ocr_carea' id='block_1_76' title="bbox 96 4764 1748 4846">
    <p class='ocr_par' dir='ltr' id='par_1_76' title="bbox 96 4764 1748 4846">
     <span class='ocr_line' id='line_1_76' title="bbox 96 4764 1748 4846; baseline -0.013 -6"><span class='ocrx_word' id='word_1_707' title='bbox 96 4784 313 4841; x_wconf 87' lang='lat' dir='ltr'><strong>editus</strong></span> <span class='ocrx_word' id='word_1_708' title='bbox 343 4786 454 4846; x_wconf 67' lang='grc' dir='ltr'>εει,</span> <span class='ocrx_word' id='word_1_709' title='bbox 477 4776 721 4833; x_wconf 89' lang='lat' dir='ltr'><strong>decurrit</strong></span> <span class='ocrx_word' id='word_1_710' title='bbox 748 4793 759 4827; x_wconf 88' lang='lat'><strong>:</strong></span> <span class='ocrx_word' id='word_1_711' title='bbox 796 4788 891 4845; x_wconf 91' lang='lat' dir='ltr'><strong>per</strong></span> <span class='ocrx_word' id='word_1_712' title='bbox 923 4771 1069 4843; x_wconf 89' lang='lat' dir='ltr'><strong>ligna</strong></span> <span class='ocrx_word' id='word_1_713' title='bbox 1098 4781 1230 4825; x_wconf 85' lang='lat' dir='ltr'><strong>vero</strong></span> <span class='ocrx_word' id='word_1_714' title='bbox 1262 4767 1524 4823; x_wconf 89' lang='lat' dir='ltr'><strong>doctores</strong></span> <span class='ocrx_word' id='word_1_715' title='bbox 1556 4764 1748 4820; x_wconf 86' lang='lat' dir='ltr'><strong>Eccle-</strong></span> 
     </span>
    </p>
   </div>
   <div class='ocr_carea' id='block_1_77' title="bbox 94 4858 1743 4942">
    <p class='ocr_par' dir='ltr' id='par_1_77' title="bbox 94 4858 1743 4942">
     <span class='ocr_line' id='line_1_77' title="bbox 94 4858 1743 4942; baseline -0.013 -8"><span class='ocrx_word' id='word_1_716' title='bbox 94 4877 207 4934; x_wconf 65' lang='lat' dir='ltr'><strong>sia</strong></span> <span class='ocrx_word' id='word_1_717' title='bbox 243 4871 650 4942; x_wconf 84' lang='lat' dir='ltr'><strong>designantur,</strong></span> <span class='ocrx_word' id='word_1_718' title='bbox 700 4867 793 4939; x_wconf 90' lang='lat' dir='ltr'><strong>qui</strong></span> <span class='ocrx_word' id='word_1_719' title='bbox 833 4865 889 4921; x_wconf 92' lang='lat' dir='ltr'><strong>in</strong></span> <span class='ocrx_word' id='word_1_720' title='bbox 922 4864 1169 4933; x_wconf 87' lang='lat' dir='ltr'><strong>utrisque</strong></span> <span class='ocrx_word' id='word_1_721' title='bbox 1224 4859 1383 4930; x_wconf 90' lang='lat' dir='ltr'><strong>ripis,</strong></span> <span class='ocrx_word' id='word_1_722' title='bbox 1433 4858 1487 4913; x_wconf 91' lang='lat' dir='ltr'><strong>id</strong></span> <span class='ocrx_word' id='word_1_723' title='bbox 1540 4865 1645 4925; x_wconf 90' lang='lat' dir='ltr'><strong>est,</strong></span> <span class='ocrx_word' id='word_1_724' title='bbox 1690 4858 1743 4913; x_wconf 93' lang='lat' dir='ltr'><strong>in</strong></span> 
     </span>
    </p>
   </div>
   <div class='ocr_carea' id='block_1_78' title="bbox 95 4949 1749 5026">
    <p class='ocr_par' dir='ltr' id='par_1_78' title="bbox 95 4949 1749 5026">
     <span class='ocr_line' id='line_1_78' title="bbox 95 4949 1749 5026; baseline -0.015 0"><span class='ocrx_word' id='word_1_725' title='bbox 95 4967 394 5026; x_wconf 81' lang='lat' dir='ltr'><strong>doctrina</strong></span> <span class='ocrx_word' id='word_1_726' title='bbox 442 4961 653 5020; x_wconf 88' lang='lat' dir='ltr'><strong>veteris</strong></span> <span class='ocrx_word' id='word_1_727' title='bbox 695 4975 761 5016; x_wconf 88' lang='lat' dir='ltr'><strong>ac</strong></span> <span class='ocrx_word' id='word_1_728' title='bbox 807 4957 933 5014; x_wconf 89' lang='lat' dir='ltr'><strong>novi</strong></span> <span class='ocrx_word' id='word_1_729' title='bbox 970 4953 1312 5011; x_wconf 88' lang='lat' dir='ltr'><strong>Testamenti</strong></span> <span class='ocrx_word' id='word_1_730' title='bbox 1356 4949 1586 5023; x_wconf 89' lang='lat' dir='ltr'><strong>plantati</strong></span> <span class='ocrx_word' id='word_1_731' title='bbox 1625 4963 1749 5005; x_wconf 91' lang='lat' dir='ltr'><strong>esse</strong></span> 
     </span>
    </p>
   </div>
   <div class='ocr_carea' id='block_1_79' title="bbox 94 5045 1755 5126">
    <p class='ocr_par' dir='ltr' id='par_1_79' title="bbox 94 5045 1755 5126">
     <span class='ocr_line' id='line_1_79' title="bbox 94 5045 1755 5126; baseline -0.013 -6"><span class='ocrx_word' id='word_1_732' title='bbox 94 5064 447 5126; x_wconf 84' lang='lat' dir='ltr'><strong>dicuntur;</strong></span> <span class='ocrx_word' id='word_1_733' title='bbox 479 5055 627 5113; x_wconf 90' lang='lat' dir='ltr'><strong>unde</strong></span> <span class='ocrx_word' id='word_1_734' title='bbox 657 5069 829 5126; x_wconf 91' lang='lat' dir='ltr'><strong>aquas</strong></span> <span class='ocrx_word' id='word_1_735' title='bbox 877 5065 1024 5107; x_wconf 78' lang='lat' dir='ltr'><strong>vera:</strong></span> <span class='ocrx_word' id='word_1_736' title='bbox 1074 5047 1326 5105; x_wconf 68' lang='lat' dir='ltr'><strong>scientia:</strong></span> <span class='ocrx_word' id='word_1_737' title='bbox 1363 5045 1666 5111; x_wconf 88' lang='lat' dir='ltr'><strong>trahentes,</strong></span> <span class='ocrx_word' id='word_1_738' title='bbox 1699 5052 1755 5099; x_wconf 91' lang='lat' dir='ltr'><strong>et</strong></span> 
     </span>
    </p>
   </div>
   <div class='ocr_carea' id='block_1_80' title="bbox 98 5141 1756 5224">
    <p class='ocr_par' dir='ltr' id='par_1_80' title="bbox 98 5141 1756 5224">
     <span class='ocr_line' id='line_1_80' title="bbox 98 5141 1756 5224; baseline -0.015 -9"><span class='ocrx_word' id='word_1_739' title='bbox 98 5160 361 5214; x_wconf 85' lang='lat' dir='ltr'><strong>fructus</strong></span> <span class='ocrx_word' id='word_1_740' title='bbox 388 5152 637 5224; x_wconf 88' lang='lat' dir='ltr'><strong>gignunt,</strong></span> <span class='ocrx_word' id='word_1_741' title='bbox 664 5156 721 5203; x_wconf 90' lang='lat' dir='ltr'><strong>et</strong></span> <span class='ocrx_word' id='word_1_742' title='bbox 746 5146 877 5202; x_wconf 90' lang='lat' dir='ltr'><strong>folia</strong></span> <span class='ocrx_word' id='word_1_743' title='bbox 908 5162 921 5198; x_wconf 90' lang='lat'><strong>:</strong></span> <span class='ocrx_word' id='word_1_744' title='bbox 958 5158 1055 5215; x_wconf 88' lang='lat' dir='ltr'><strong>per</strong></span> <span class='ocrx_word' id='word_1_745' title='bbox 1086 5141 1296 5197; x_wconf 90' lang='lat' dir='ltr'><strong>fructus</strong></span> <span class='ocrx_word' id='word_1_746' title='bbox 1327 5152 1562 5209; x_wconf 90' lang='lat' dir='ltr'><strong>namque</strong></span> <span class='ocrx_word' id='word_1_747' title='bbox 1589 5150 1756 5208; x_wconf 89' lang='lat' dir='ltr'><strong>opera</strong></span> 
     </span>
    </p>
   </div>
   <div class='ocr_carea' id='block_1_81' title="bbox 98 5227 1761 5314">
    <p class='ocr_par' dir='ltr' id='par_1_81' title="bbox 98 5227 1761 5314">
     <span class='ocr_line' id='line_1_81' title="bbox 98 5227 1761 5314; baseline -0.017 -5"><span class='ocrx_word' id='word_1_748' title='bbox 98 5252 275 5309; x_wconf 85' lang='lat' dir='ltr'><strong>bona</strong></span> <span class='ocrx_word' id='word_1_749' title='bbox 306 5288 326 5314; x_wconf 90' lang='lat'><strong>,</strong></span> <span class='ocrx_word' id='word_1_750' title='bbox 380 5259 474 5314; x_wconf 89' lang='lat' dir='ltr'><strong>per</strong></span> <span class='ocrx_word' id='word_1_751' title='bbox 515 5242 645 5298; x_wconf 90' lang='lat' dir='ltr'><strong>folia</strong></span> <span class='ocrx_word' id='word_1_752' title='bbox 686 5248 873 5295; x_wconf 89' lang='lat' dir='ltr'><strong>autem</strong></span> <span class='ocrx_word' id='word_1_753' title='bbox 919 5235 1088 5293; x_wconf 84' lang='lat' dir='ltr'><strong>verba</strong></span> <span class='ocrx_word' id='word_1_754' title='bbox 1139 5231 1548 5305; x_wconf 69' lang='lat' dir='ltr'><strong>praedicationis</strong></span> <span class='ocrx_word' id='word_1_755' title='bbox 1614 5227 1761 5284; x_wconf 89' lang='lat' dir='ltr'><strong>desi-</strong></span> 
     </span>
    </p>
   </div>
   <div class='ocr_carea' id='block_1_82' title="bbox 100 5321 1759 5417">
    <p class='ocr_par' dir='ltr' id='par_1_82' title="bbox 100 5321 1759 5417">
     <span class='ocr_line' id='line_1_82' title="bbox 100 5321 1759 5417; baseline -0.016 -17"><span class='ocrx_word' id='word_1_756' title='bbox 100 5349 414 5417; x_wconf 82' lang='lat' dir='ltr'><strong>gnantur.</strong></span> <span class='ocrx_word' id='word_1_757' title='bbox 460 5335 695 5391; x_wconf 89' lang='lat' dir='ltr'><strong>Fructus</strong></span> <span class='ocrx_word' id='word_1_758' title='bbox 741 5332 794 5387; x_wconf 91' lang='lat' dir='ltr'><strong>in</strong></span> <span class='ocrx_word' id='word_1_759' title='bbox 823 5330 1032 5396; x_wconf 89' lang='lat' dir='ltr'><strong>cibum,</strong></span> <span class='ocrx_word' id='word_1_760' title='bbox 1064 5335 1121 5384; x_wconf 91' lang='lat' dir='ltr'><strong>et</strong></span> <span class='ocrx_word' id='word_1_761' title='bbox 1165 5325 1297 5383; x_wconf 90' lang='lat' dir='ltr'><strong>folia</strong></span> <span class='ocrx_word' id='word_1_762' title='bbox 1326 5323 1392 5378; x_wconf 90' lang='lat' dir='ltr'><strong>ad</strong></span> <span class='ocrx_word' id='word_1_763' title='bbox 1431 5321 1759 5377; x_wconf 89' lang='lat' dir='ltr'><strong>medicinam</strong></span> 
     </span>
    </p>
   </div>
   <div class='ocr_carea' id='block_1_83' title="bbox 94 5414 1761 5512">
    <p class='ocr_par' dir='ltr' id='par_1_83' title="bbox 94 5414 1761 5512">
     <span class='ocr_line' id='line_1_83' title="bbox 94 5414 1761 5512; baseline -0.013 -19"><span class='ocrx_word' id='word_1_764' title='bbox 94 5414 486 5512; x_wconf 62' lang='lat' dir='ltr'><strong>proficiunt;</strong></span> <span class='ocrx_word' id='word_1_765' title='bbox 507 5428 632 5500; x_wconf 91' lang='lat' dir='ltr'><strong>quia</strong></span> <span class='ocrx_word' id='word_1_766' title='bbox 654 5425 1028 5497; x_wconf 88' lang='lat' dir='ltr'><strong>unusquisque</strong></span> <span class='ocrx_word' id='word_1_767' title='bbox 1041 5422 1234 5477; x_wconf 92' lang='lat' dir='ltr'><strong>doctor</strong></span> <span class='ocrx_word' id='word_1_768' title='bbox 1256 5416 1535 5487; x_wconf 89' lang='lat' dir='ltr'><strong>languenti</strong></span> <span class='ocrx_word' id='word_1_769' title='bbox 1565 5414 1761 5471; x_wconf 84' lang='lat' dir='ltr'><strong>animae</strong></span> 
     </span>
    </p>
   </div>
   <div class='ocr_carea' id='block_1_84' title="bbox 101 5507 1763 5589">
    <p class='ocr_par' dir='ltr' id='par_1_84' title="bbox 101 5507 1763 5589">
     <span class='ocr_line' id='line_1_84' title="bbox 101 5507 1763 5589; baseline -0.017 1"><span class='ocrx_word' id='word_1_770' title='bbox 101 5507 487 5589; x_wconf 63' lang='lat' dir='ltr'><strong>rnedicinam</strong></span> <span class='ocrx_word' id='word_1_771' title='bbox 546 5522 841 5580; x_wconf 89' lang='lat' dir='ltr'><strong>verborum</strong></span> <span class='ocrx_word' id='word_1_772' title='bbox 909 5514 1251 5573; x_wconf 86' lang='lat' dir='ltr'><strong>salutiferam</strong></span> <span class='ocrx_word' id='word_1_773' title='bbox 1295 5520 1424 5567; x_wconf 92' lang='lat' dir='ltr'><strong>tunc</strong></span> <span class='ocrx_word' id='word_1_774' title='bbox 1468 5507 1763 5578; x_wconf 87' lang='lat' dir='ltr'><strong>ministrat,</strong></span> 
     </span>
    </p>
   </div>
   <div class='ocr_carea' id='block_1_85' title="bbox 95 5601 1762 5688">
    <p class='ocr_par' dir='ltr' id='par_1_85' title="bbox 95 5601 1762 5688">
     <span class='ocr_line' id='line_1_85' title="bbox 95 5601 1762 5688; baseline -0.014 -5"><span class='ocrx_word' id='word_1_775' title='bbox 95 5637 257 5683; x_wconf 85' lang='lat' dir='ltr'><strong>cum</strong></span> <span class='ocrx_word' id='word_1_776' title='bbox 292 5632 434 5676; x_wconf 85' lang='lat' dir='ltr'><strong>eam</strong></span> <span class='ocrx_word' id='word_1_777' title='bbox 461 5616 613 5688; x_wconf 89' lang='lat' dir='ltr'><strong>prius</strong></span> <span class='ocrx_word' id='word_1_778' title='bbox 645 5611 1219 5686; x_wconf 82' lang='lat' dir='ltr'><strong>exemplis.bonorum</strong></span> <span class='ocrx_word' id='word_1_779' title='bbox 1268 5619 1499 5677; x_wconf 90' lang='lat' dir='ltr'><strong>operum</strong></span> <span class='ocrx_word' id='word_1_780' title='bbox 1528 5601 1762 5676; x_wconf 86' lang='lat' dir='ltr'><strong>paverit.</strong></span> 
     </span>
    </p>
   </div>
   <div class='ocr_carea' id='block_1_86' title="bbox 202 5778 1769 5857">
    <p class='ocr_par' dir='ltr' id='par_1_86' title="bbox 202 5778 1769 5857">
     <span class='ocr_line' id='line_1_86' title="bbox 202 5778 1769 5857; baseline -0.007 -15"><span class='ocrx_word' id='word_1_781' title='bbox 202 5800 239 5829; x_wconf 78' lang='grc' dir='ltr'>α</span> <span class='ocrx_word' id='word_1_782' title='bbox 278 5784 580 5857; x_wconf 82' lang='lat' dir='ltr'><strong>Quidquid</strong></span> <span class='ocrx_word' id='word_1_783' title='bbox 619 5799 649 5838; x_wconf 92' lang='lat' dir='ltr'><strong>a</strong></span> <span class='ocrx_word' id='word_1_784' title='bbox 697 5783 941 5857; x_wconf 86' lang='lat' dir='ltr'><strong>vocibus,</strong></span> <span class='ocrx_word' id='word_1_785' title='bbox 981 5778 1155 5857; x_wconf 77' lang='lat' dir='ltr'><strong>Tertio</strong></span> <span class='ocrx_word' id='word_1_786' title='bbox 1195 5778 1412 5857; x_wconf 77' lang='lat' dir='ltr'><strong>angelus</strong></span> <span class='ocrx_word' id='word_1_787' title='bbox 1462 5778 1769 5851; x_wconf 85' lang='lat' dir='ltr'><strong>praphetam</strong></span> 
     </span>
    </p>
   </div>
   <div class='ocr_carea' id='block_1_87' title="bbox 102 5852 1779 5938">
    <p class='ocr_par' dir='ltr' id='par_1_87' title="bbox 102 5852 1779 5938">
     <span class='ocr_line' id='line_1_87' title="bbox 102 5852 1779 5938; baseline -0.007 -20"><span class='ocrx_word' id='word_1_788' title='bbox 102 5852 343 5938; x_wconf 65' lang='lat' dir='ltr'><strong>usque</strong></span> <span class='ocrx_word' id='word_1_789' title='bbox 388 5852 823 5914; x_wconf 66' lang='lat' dir='ltr'><strong>ad&#39;sacramenta</strong></span> <span class='ocrx_word' id='word_1_790' title='bbox 869 5856 1027 5910; x_wconf 80' lang='lat' dir='ltr'><strong>elevat</strong></span> <span class='ocrx_word' id='word_1_791' title='bbox 1074 5852 1383 5921; x_wconf 89' lang='lat' dir='ltr'><strong>intercedit,</strong></span> <span class='ocrx_word' id='word_1_792' title='bbox 1433 5866 1464 5909; x_wconf 88' lang='lat' dir='ltr'><strong>e</strong></span> <span class='ocrx_word' id='word_1_793' title='bbox 1491 5864 1627 5908; x_wconf 88' lang='lat' dir='ltr'><strong>mss.</strong></span> <span class='ocrx_word' id='word_1_794' title='bbox 1660 5864 1779 5907; x_wconf 88' lang='lat' dir='ltr'><strong>om-</strong></span> 
     </span>
    </p>
   </div>
   <div class='ocr_carea' id='block_1_88' title="bbox 1847 4676 3460 4750">
    <p class='ocr_par' dir='ltr' id='par_1_88' title="bbox 1847 4676 3460 4750">
     <span class='ocr_line' id='line_1_88' title="bbox 1847 4676 3460 4750; baseline 0.002 -19"><span class='ocrx_word' id='word_1_795' title='bbox 1847 4692 2011 4743; x_wconf 68' lang='lat' dir='ltr'><strong>xavn,</strong></span> <span class='ocrx_word' id='word_1_796' title='bbox 2042 4676 2147 4748; x_wconf 89' lang='lat'><strong>7).</strong></span> <span class='ocrx_word' id='word_1_797' title='bbox 2176 4677 2454 4735; x_wconf 86' lang='lat' dir='ltr'><strong>Ezechieli</strong></span> <span class='ocrx_word' id='word_1_798' title='bbox 2493 4678 2549 4733; x_wconf 92' lang='lat' dir='ltr'><strong>in</strong></span> <span class='ocrx_word' id='word_1_799' title='bbox 2600 4685 2832 4750; x_wconf 89' lang='lat' dir='ltr'><strong>utraque</strong></span> <span class='ocrx_word' id='word_1_800' title='bbox 2878 4677 2994 4749; x_wconf 89' lang='lat' dir='ltr'><strong>ripa</strong></span> <span class='ocrx_word' id='word_1_801' title='bbox 3028 4679 3286 4736; x_wconf 90' lang='lat' dir='ltr'><strong>torrentis</strong></span> <span class='ocrx_word' id='word_1_802' title='bbox 3340 4679 3460 4750; x_wconf 90' lang='lat' dir='ltr'><strong>plu-</strong></span> 
     </span>
    </p>
   </div>
   <div class='ocr_carea' id='block_1_89' title="bbox 1798 4769 3460 4844">
    <p class='ocr_par' dir='ltr' id='par_1_89' title="bbox 1798 4769 3460 4844">
     <span class='ocr_line' id='line_1_89' title="bbox 1798 4769 3460 4844; baseline 0.002 -20"><span class='ocrx_word' id='word_1_803' title='bbox 1798 4808 1803 4811; x_wconf 87' lang='grc'><strong><em>-</em></strong></span> <span class='ocrx_word' id='word_1_804' title='bbox 1847 4769 1983 4824; x_wconf 89' lang='lat' dir='ltr'><strong>rima</strong></span> <span class='ocrx_word' id='word_1_805' title='bbox 2017 4769 2160 4841; x_wconf 91' lang='lat' dir='ltr'><strong>ligna</strong></span> <span class='ocrx_word' id='word_1_806' title='bbox 2212 4770 2584 4827; x_wconf 90' lang='lat' dir='ltr'><strong>demonstrata</strong></span> <span class='ocrx_word' id='word_1_807' title='bbox 2636 4780 2796 4840; x_wconf 90' lang='lat' dir='ltr'><strong>sunt,</strong></span> <span class='ocrx_word' id='word_1_808' title='bbox 2853 4771 2922 4828; x_wconf 92' lang='lat' dir='ltr'><strong>de</strong></span> <span class='ocrx_word' id='word_1_809' title='bbox 2963 4772 3160 4844; x_wconf 89' lang='lat' dir='ltr'><strong>quibus</strong></span> <span class='ocrx_word' id='word_1_810' title='bbox 3208 4771 3460 4844; x_wconf 89' lang='lat' dir='ltr'><strong>superius</strong></span> 
     </span>
    </p>
   </div>
   <div class='ocr_carea' id='block_1_90' title="bbox 1848 4863 3463 4942">
    <p class='ocr_par' dir='ltr' id='par_1_90' title="bbox 1848 4863 3463 4942">
     <span class='ocr_line' id='line_1_90' title="bbox 1848 4863 3463 4942; baseline 0.004 -21"><span class='ocrx_word' id='word_1_811' title='bbox 1848 4863 2014 4921; x_wconf 89' lang='lat' dir='ltr'><strong>locuti</strong></span> <span class='ocrx_word' id='word_1_812' title='bbox 2064 4878 2290 4921; x_wconf 88' lang='lat' dir='ltr'><strong>sumus:</strong></span> <span class='ocrx_word' id='word_1_813' title='bbox 2350 4865 2438 4923; x_wconf 90' lang='lat' dir='ltr'><strong>hic</strong></span> <span class='ocrx_word' id='word_1_814' title='bbox 2485 4874 2666 4923; x_wconf 90' lang='lat' dir='ltr'><strong>autem</strong></span> <span class='ocrx_word' id='word_1_815' title='bbox 2710 4868 2839 4924; x_wconf 74' lang='lat' dir='ltr'><strong>vita:</strong></span> <span class='ocrx_word' id='word_1_816' title='bbox 2891 4868 3096 4942; x_wconf 87' lang='lat' dir='ltr'><strong>lignum</strong></span> <span class='ocrx_word' id='word_1_817' title='bbox 3169 4880 3463 4939; x_wconf 85' lang='lat' dir='ltr'><strong>utramque</strong></span> 
     </span>
    </p>
   </div>
   <div class='ocr_carea' id='block_1_91' title="bbox 1850 4954 3462 5032">
    <p class='ocr_par' dir='ltr' id='par_1_91' title="bbox 1850 4954 3462 5032">
     <span class='ocr_line' id='line_1_91' title="bbox 1850 4954 3462 5032; baseline 0.007 -25"><span class='ocrx_word' id='word_1_818' title='bbox 1850 4964 2061 5027; x_wconf 85' lang='lat' dir='ltr'><strong>partem</strong></span> <span class='ocrx_word' id='word_1_819' title='bbox 2084 4954 2329 5014; x_wconf 89' lang='lat' dir='ltr'><strong>ﬂuminis</strong></span> <span class='ocrx_word' id='word_1_820' title='bbox 2375 4972 2673 5030; x_wconf 88' lang='lat' dir='ltr'><strong>occupasse</strong></span> <span class='ocrx_word' id='word_1_821' title='bbox 2693 4960 2845 5018; x_wconf 90' lang='lat' dir='ltr'><strong>dicit.</strong></span> <span class='ocrx_word' id='word_1_822' title='bbox 2881 4960 2990 5019; x_wconf 88' lang='lat' dir='ltr'><strong>Sed</strong></span> <span class='ocrx_word' id='word_1_823' title='bbox 3018 4961 3127 5018; x_wconf 92' lang='lat' dir='ltr'><strong>illic</strong></span> <span class='ocrx_word' id='word_1_824' title='bbox 3151 4976 3248 5032; x_wconf 89' lang='lat' dir='ltr'><strong>per</strong></span> <span class='ocrx_word' id='word_1_825' title='bbox 3288 4960 3462 5018; x_wconf 87' lang='lat' dir='ltr'><strong>multa</strong></span> 
     </span>
    </p>
   </div>
   <div class='ocr_carea' id='block_1_92' title="bbox 1858 5046 3466 5125">
    <p class='ocr_par' dir='ltr' id='par_1_92' title="bbox 1858 5046 3466 5125">
     <span class='ocr_line' id='line_1_92' title="bbox 1858 5046 3466 5125; baseline 0.005 -24"><span class='ocrx_word' id='word_1_826' title='bbox 1858 5046 2003 5117; x_wconf 88' lang='lat' dir='ltr'><strong>ligna</strong></span> <span class='ocrx_word' id='word_1_827' title='bbox 2036 5047 2191 5103; x_wconf 92' lang='lat' dir='ltr'><strong>multi</strong></span> <span class='ocrx_word' id='word_1_828' title='bbox 2220 5048 2638 5119; x_wconf 81' lang='lat' dir='ltr'><strong>praedicatores:</strong></span> <span class='ocrx_word' id='word_1_829' title='bbox 2668 5051 2760 5110; x_wconf 91' lang='lat' dir='ltr'><strong>hic</strong></span> <span class='ocrx_word' id='word_1_830' title='bbox 2784 5060 2964 5110; x_wconf 89' lang='lat' dir='ltr'><strong>autem</strong></span> <span class='ocrx_word' id='word_1_831' title='bbox 2999 5068 3096 5125; x_wconf 90' lang='lat' dir='ltr'><strong>per</strong></span> <span class='ocrx_word' id='word_1_832' title='bbox 3134 5067 3300 5108; x_wconf 90' lang='lat' dir='ltr'><strong>unum</strong></span> <span class='ocrx_word' id='word_1_833' title='bbox 3336 5052 3466 5109; x_wconf 75' lang='lat' dir='ltr'><strong>vita:</strong></span> 
     </span>
    </p>
   </div>
   <div class='ocr_carea' id='block_1_93' title="bbox 1860 5138 3470 5217">
    <p class='ocr_par' dir='ltr' id='par_1_93' title="bbox 1860 5138 3470 5217">
     <span class='ocr_line' id='line_1_93' title="bbox 1860 5138 3470 5217; baseline 0.006 -23"><span class='ocrx_word' id='word_1_834' title='bbox 1860 5138 2065 5211; x_wconf 88' lang='lat' dir='ltr'><strong>lignum</strong></span> <span class='ocrx_word' id='word_1_835' title='bbox 2090 5156 2227 5196; x_wconf 93' lang='lat' dir='ltr'><strong>unus</strong></span> <span class='ocrx_word' id='word_1_836' title='bbox 2250 5141 2499 5200; x_wconf 85' lang='lat' dir='ltr'><strong>Christus</strong></span> <span class='ocrx_word' id='word_1_837' title='bbox 2520 5144 2857 5217; x_wconf 89' lang='lat' dir='ltr'><strong>designatur,</strong></span> <span class='ocrx_word' id='word_1_838' title='bbox 2875 5148 2967 5217; x_wconf 87' lang='lat' dir='ltr'><strong>qui</strong></span> <span class='ocrx_word' id='word_1_839' title='bbox 2994 5154 3081 5202; x_wconf 92' lang='lat' dir='ltr'><strong>est</strong></span> <span class='ocrx_word' id='word_1_840' title='bbox 3106 5145 3216 5202; x_wconf 87' lang='lat' dir='ltr'><strong>vita</strong></span> <span class='ocrx_word' id='word_1_841' title='bbox 3245 5154 3470 5203; x_wconf 89' lang='lat' dir='ltr'><strong>cuncto-</strong></span> 
     </span>
    </p>
   </div>
   <div class='ocr_carea' id='block_1_94' title="bbox 1861 5232 3470 5309">
    <p class='ocr_par' dir='ltr' id='par_1_94' title="bbox 1861 5232 3470 5309">
     <span class='ocr_line' id='line_1_94' title="bbox 1861 5232 3470 5309; baseline 0.006 -21"><span class='ocrx_word' id='word_1_842' title='bbox 1861 5248 1981 5288; x_wconf 91' lang='lat' dir='ltr'><strong>rum</strong></span> <span class='ocrx_word' id='word_1_843' title='bbox 2014 5232 2285 5290; x_wconf 85' lang='lat' dir='ltr'><strong>fidelium:</strong></span> <span class='ocrx_word' id='word_1_844' title='bbox 2332 5252 2431 5307; x_wconf 89' lang='lat' dir='ltr'><strong>per</strong></span> <span class='ocrx_word' id='word_1_845' title='bbox 2471 5245 2760 5307; x_wconf 89' lang='lat' dir='ltr'><strong>utramque</strong></span> <span class='ocrx_word' id='word_1_846' title='bbox 2788 5252 2919 5293; x_wconf 92' lang='lat' dir='ltr'><strong>vero</strong></span> <span class='ocrx_word' id='word_1_847' title='bbox 2968 5246 3178 5309; x_wconf 91' lang='lat' dir='ltr'><strong>partem</strong></span> <span class='ocrx_word' id='word_1_848' title='bbox 3226 5236 3470 5297; x_wconf 87' lang='lat' dir='ltr'><strong>ﬂuminis</strong></span> 
     </span>
    </p>
   </div>
   <div class='ocr_carea' id='block_1_95' title="bbox 1864 5316 3474 5403">
    <p class='ocr_par' dir='ltr' id='par_1_95' title="bbox 1864 5316 3474 5403">
     <span class='ocr_line' id='line_1_95' title="bbox 1864 5316 3474 5403; baseline 0.008 -26"><span class='ocrx_word' id='word_1_849' title='bbox 1864 5338 2153 5394; x_wconf 91' lang='lat' dir='ltr'><strong>possumus</strong></span> <span class='ocrx_word' id='word_1_850' title='bbox 2201 5327 2431 5398; x_wconf 88' lang='lat' dir='ltr'><strong>angelos</strong></span> <span class='ocrx_word' id='word_1_851' title='bbox 2459 5338 2515 5384; x_wconf 89' lang='lat' dir='ltr'><strong>et</strong></span> <span class='ocrx_word' id='word_1_852' title='bbox 2541 5316 2793 5401; x_wconf 86' lang='lat' dir='ltr'><strong>homines</strong></span> <span class='ocrx_word' id='word_1_853' title='bbox 2820 5328 3149 5400; x_wconf 90' lang='lat' dir='ltr'><strong>intelligere.</strong></span> <span class='ocrx_word' id='word_1_854' title='bbox 3178 5328 3474 5403; x_wconf 87' lang='lat' dir='ltr'><strong>Utramque</strong></span> 
     </span>
    </p>
   </div>
   <div class='ocr_carea' id='block_1_96' title="bbox 1864 5415 3475 5496">
    <p class='ocr_par' dir='ltr' id='par_1_96' title="bbox 1864 5415 3475 5496">
     <span class='ocr_line' id='line_1_96' title="bbox 1864 5415 3475 5496; baseline 0.007 -25"><span class='ocrx_word' id='word_1_855' title='bbox 1864 5415 2029 5488; x_wconf 86' lang='lat' dir='ltr'><strong>igitur</strong></span> <span class='ocrx_word' id='word_1_856' title='bbox 2068 5428 2276 5490; x_wconf 89' lang='lat' dir='ltr'><strong>partem</strong></span> <span class='ocrx_word' id='word_1_857' title='bbox 2305 5421 2549 5477; x_wconf 90' lang='lat' dir='ltr'><strong>ﬂuminis</strong></span> <span class='ocrx_word' id='word_1_858' title='bbox 2575 5421 2781 5491; x_wconf 92' lang='lat' dir='ltr'><strong>lignum</strong></span> <span class='ocrx_word' id='word_1_859' title='bbox 2826 5421 2953 5479; x_wconf 73' lang='lat' dir='ltr'><strong>vita:</strong></span> <span class='ocrx_word' id='word_1_860' title='bbox 3001 5422 3311 5480; x_wconf 85' lang='lat' dir='ltr'><strong>obtinebit:</strong></span> <span class='ocrx_word' id='word_1_861' title='bbox 3346 5426 3475 5496; x_wconf 84' lang='lat' dir='ltr'><strong>quia</strong></span> 
     </span>
    </p>
   </div>
   <div class='ocr_carea' id='block_1_97' title="bbox 1867 5514 3478 5590">
    <p class='ocr_par' dir='ltr' id='par_1_97' title="bbox 1867 5514 3478 5590">
     <span class='ocr_line' id='line_1_97' title="bbox 1867 5514 3478 5590; baseline 0.006 -21"><span class='ocrx_word' id='word_1_862' title='bbox 1867 5520 1922 5569; x_wconf 90' lang='lat' dir='ltr'><strong>et</strong></span> <span class='ocrx_word' id='word_1_863' title='bbox 1971 5515 2194 5585; x_wconf 90' lang='lat' dir='ltr'><strong>angelos</strong></span> <span class='ocrx_word' id='word_1_864' title='bbox 2245 5525 2300 5572; x_wconf 91' lang='lat' dir='ltr'><strong>et</strong></span> <span class='ocrx_word' id='word_1_865' title='bbox 2328 5514 2578 5571; x_wconf 90' lang='lat' dir='ltr'><strong>homines</strong></span> <span class='ocrx_word' id='word_1_866' title='bbox 2623 5523 2847 5570; x_wconf 89' lang='lat' dir='ltr'><strong>sanctos</strong></span> <span class='ocrx_word' id='word_1_867' title='bbox 2888 5514 3138 5573; x_wconf 88' lang='lat' dir='ltr'><strong>Christus</strong></span> <span class='ocrx_word' id='word_1_868' title='bbox 3194 5518 3478 5590; x_wconf 73' lang='lat' dir='ltr'><strong>aequaliter</strong></span> 
     </span>
    </p>
   </div>
   <div class='ocr_carea' id='block_1_98' title="bbox 1870 5607 3476 5681">
    <p class='ocr_par' dir='ltr' id='par_1_98' title="bbox 1870 5607 3476 5681">
     <span class='ocr_line' id='line_1_98' title="bbox 1870 5607 3476 5681; baseline 0.005 -17"><span class='ocrx_word' id='word_1_869' title='bbox 1870 5608 2193 5679; x_wconf 87' lang='lat' dir='ltr'><strong>possidebit.</strong></span> <span class='ocrx_word' id='word_1_870' title='bbox 2220 5608 2461 5678; x_wconf 78' lang='lat' dir='ltr'><strong>A/fcrens</strong></span> <span class='ocrx_word' id='word_1_871' title='bbox 2494 5612 2697 5681; x_wconf 81' lang='lat' dir='ltr'><strong>fructus</strong></span> <span class='ocrx_word' id='word_1_872' title='bbox 2741 5607 3040 5666; x_wconf 84' lang='lat' dir='ltr'><strong>duodecim.</strong></span> <span class='ocrx_word' id='word_1_873' title='bbox 3073 5610 3308 5671; x_wconf 84' lang='lat' dir='ltr'><strong>Fructus</strong></span> <span class='ocrx_word' id='word_1_874' title='bbox 3334 5611 3476 5672; x_wconf 81' lang='lat' dir='ltr'><strong>duo-</strong></span> 
     </span>
    </p>
   </div>
   <div class='ocr_carea' id='block_1_99' title="bbox 1880 5778 2397 5839">
    <p class='ocr_par' dir='ltr' id='par_1_99' title="bbox 1880 5778 2397 5839">
     <span class='ocr_line' id='line_1_99' title="bbox 1880 5778 2397 5839; baseline 0 -3"><span class='ocrx_word' id='word_1_875' title='bbox 1880 5778 2039 5839; x_wconf 90' lang='lat' dir='ltr'><strong>nibus</strong></span> <span class='ocrx_word' id='word_1_876' title='bbox 2072 5781 2397 5839; x_wconf 88' lang='lat' dir='ltr'><strong>restituitur.</strong></span> 
     </span>
    </p>
   </div>
  </div>
