3950 6314
555 272 664 329 oss
1487 248 1580 323 AD
1628 247 1860 324 orsus
1902 248 2152 325 SANCTI
2194 266 2518 327 usuusu
2559 240 2927 326 APPENDIX.
3744 262 3830 328 es:

544 392 722 448 decim
754 390 981 459 apostoli
1009 397 1155 454 sunt,
1190 399 1487 455 omnesque
1514 384 1603 455 qui
1628 400 1821 441 eurum
1847 385 2152 442 doctrinam
2180 392 2231 455 Α
2260 388 2384 459 quia
2416 386 2692 444 daamones
2718 402 2840 443 cum
2865 386 3121 444 omnibus
3154 387 3338 459 impiis
3368 387 3421 443 in
3450 387 3631 443 cloaca
3661 388 3832 445 intenti

550 495 679 540 Sunt
708 483 919 539 secuti:
966 481 1171 535 fructus
1196 478 1483 534 duodecim
1530 478 1735 550 lignum
1767 480 1893 535 vita:
1943 478 2191 545 alIeret;-
2262 481 2316 537 in
2356 490 2676 553 perpetuum
2724 479 3052 537 tenebuntur
3093 480 3317 536 reclusi.
3369 477 3438 532 Et
3490 496 3593 534 non
3645 481 3834 554 egebant

551 579 680 648 quia
702 578 756 632 in
776 577 866 631 illa
888 573 1221 631 beatitudine
1239 572 1489 628 Christus
1508 588 1727 629 omnem
1752 574 2155 630 multitudinem

553 669 796 725 ﬁdelium
858 667 1165 723 collocabit.
1222 666 1327 720 Per
1370 683 1570 721 menses
1640 667 1874 739 singulos
1935 668 2159 723 reddens

552 767 778 835 fructum
807 777 977 816 suum.
1009 760 1219 815 Menses
1249 760 1448 831 singuli
1479 770 1727 832 tempora
1760 769 1889 817 sunt
1910 762 1978 816 ab
2003 762 2159 817 initio

556 854 741 911 mundi
773 868 943 925 usque
990 852 1058 909 ad
1096 854 1257 909 ﬁnem
1289 855 1429 925 ejus,
1481 854 1550 910 de
1601 855 1796 926 quibus
1849 858 2161 927 frequenter

552 948 818 1005 diximus.
847 948 951 1005 Per
981 964 1201 1005 menses
1237 964 1370 1020 ergo
1416 949 1667 1021 singulos
1697 949 1886 1007 reddet
1927 954 2158 1007 lrucnnn

551 1058 750 1110 suum;
786 1043 911 1115 quia
959 1058 1151 1099 omnes
1174 1044 1381 1099 electos
1412 1043 1503 1114 qui
1551 1043 1783 1115 singulis
1826 1044 2161 1115 temporibus

553 1135 801 1202 ﬁlerunt,
835 1145 891 1193 et
912 1145 1073 1192 erunt
1099 1151 1271 1207 usque
1298 1135 1365 1191 ad
1398 1136 1585 1203 linem,
1617 1136 1669 1192 in
1696 1137 1785 1191 illa
1821 1136 2160 1193 beatitudine

549 1230 702 1287 Patri
726 1229 1160 1302 reprtesentabit.
1207 1229 1274 1284 Et
1302 1230 1431 1301 folia
1463 1230 1591 1301 ligni
1614 1229 1683 1283 ad
1732 1230 2011 1286 sanitatem
2037 1246 2163 1301 gen-

544 1324 698 1379 tium.
730 1324 882 1380 Folia
905 1325 1037 1395 ligni
1059 1322 1223 1379 verba
1248 1332 1374 1378 sunt
1393 1324 1694 1394 Evangelii,
1719 1337 1841 1394 qua:
1868 1326 2157 1380 sanitatem

554 1418 742 1473 multis
767 1418 1020 1490 gentibus
1056 1417 1446 1487 pnnstiteruut.
1480 1416 1546 1472 Et
1576 1426 1660 1473 est
1680 1432 1875 1473 sensus
1910 1435 1923 1472 :
1956 1416 2160 1473 Omnes

548 1518 744 1581 gentes
773 1525 891 1581 qua:
945 1524 1043 1579 per
1072 1508 1374 1563 doctrinam
1420 1508 1757 1581 Evangelii)
1806 1509 2159 1581 languoribus

549 1604 854 1659 animarum
904 1604 1068 1659 salvae
1096 1601 1255 1657 facta:
1281 1612 1430 1668 sunt,
1485 1604 1536 1659 in
1566 1604 1775 1661 caelesti
1822 1604 2161 1661 beatitudine

554 1696 877 1753 constituet.

2268 574 2461 630 lumine
2482 576 2731 642 lucernae,
2761 592 2923 647 neque
2944 574 3141 630 lumine
3167 576 3315 629 solis.
3346 574 3586 630 Diximus
3611 578 3836 646 superis:

2262 682 2359 739 per
2379 667 2560 725 lumen
2586 670 2728 725 luna:
2752 683 2816 725 ac
2842 669 3025 725 lumen
3054 668 3191 724 solis
3219 678 3376 723 vetus
3406 682 3469 723 ac
3499 682 3697 724 novum
3726 668 3835 725 Tes-

2262 770 2564 819 tamentum
2595 777 2719 821 esse
2740 763 3116 836 designatum:
3160 763 3408 819 eamdem
3440 764 3621 835 itaque
3654 764 3836 837 signino

2266 856 2534 912 cationem
2560 856 2723 912 habet
2770 856 2988 912 lucerna
3024 857 3075 911 in
3107 855 3213 911 hoc
3238 856 3381 924 loco,
3423 871 3583 928 quam
3614 858 3837 927 superius

2263 948 2505 1006 diximus
2546 952 2727 1007 lunam
2758 950 3032 1007 habuisse.
3067 952 3142 1007 De
3188 951 3390 1006 lumine
3433 959 3615 1007 autem
3643 954 3765 1007 soEi.
3790 970 3835 1008 ac

2263 1044 2422 1107 lunae.
2458 1043 2510 1099 id
2558 1052 2660 1109 est,
2694 1042 2895 1100 veteris
2924 1057 2989 1099 ac
3036 1044 3161 1099 novi
3210 1042 3573 1109 Testamenti,
3616 1045 3836 1110 su,erius

2263 1137 2445 1207 aliqua
2501 1136 2767 1192 diximus.
2825 1136 2936 1192 lloc
2984 1137 3150 1209 igitur
3216 1136 3424 1193 lumine
3470 1150 3580 1192 non
3633 1137 3836 1208 cgelmnt

2263 1228 2459 1285 sancti.
2500 1228 2757 1297 Quoniam
2790 1227 3040 1283 Dominus
3090 1227 3233 1284 Deus
3284 1228 3603 1283 illuminabit
3648 1230 3777 1287 illos.
3804 1244 3835 1284 et

2262 1308 2547 1395 regnabant
2568 1322 2623 1377 in
2655 1322 2848 1377 serrula
2876 1322 3206 1377 sucularum.
3243 1319 3536 1393 [lucusque
3564 1323 3699 1378 visio
3737 1337 3834 1393 sep-

2263 1416 2419 1471 tima.
2457 1415 2590 1483 Qua:
2632 1425 2955 1487 sequuntur,
2994 1413 3062 1470 ad
3110 1415 3540 1472 admonitionem
3600 1417 3833 1487 pertineat

2265 1509 2436 1579 ipsius
2458 1508 2688 1564 Joannis
2715 1518 3159 1580 caeterorumque
3190 1507 3458 1563 ﬁdelium.

2337 1602 2517 1675 (Vcrs.
2547 1601 2628 1671 ϐ.)
2660 1600 2729 1655 Et
2756 1601 2892 1657 dixit
2921 1600 3048 1656 mihi
3080 1617 3099 1656 :
3129 1600 3260 1657 Haec
3298 1603 3454 1657 verba
3484 1601 3773 1672 ﬁdelissime
3801 1614 3831 1657 et

2262 1710 2379 1748 rem
2398 1703 2537 1748 sunt.
2571 1692 2685 1749 Hoc
2714 1692 2797 1750 his
2820 1694 3168 1767 ideo‘repetit
3194 1702 3252 1749 ut
3297 1694 3483 1751 nullus
3510 1693 3830 1751 considerans

625 1789 827 1861 (Vers.
861 1791 911 1846 5.
945 1788 965 1862 )
999 1788 1063 1844 Et
1087 1805 1236 1843 omne
1269 1789 1598 1844 maledictum
1636 1806 1743 1846 non
1783 1791 1881 1845 erit
1907 1792 2153 1862 amplius.
2188 1800 2237 1861 Β
2264 1787 2623 1845 obscuritates
2649 1787 2975 1855 dictionum,
3005 1797 3063 1845 et
3084 1802 3147 1844 ea
3166 1803 3287 1859 qua:
3307 1787 3612 1844 secundum
3635 1789 3829 1845 litteram

553 1886 687 1941 Cum
742 1883 893 1949 dicit,
939 1900 1087 1939 omne
1132 1884 1462 1939 maledictum
1509 1883 1849 1944 demonstrat
1899 1885 2159 1955 plurimas

552 1992 677 2034 esse
735 1976 1166 2032 maledictiones.
1209 1975 1643 2031 Maledictionem
1699 1975 1892 2031 mortis
1951 1976 2158 2045 primus

553 2070 719 2129 homo
743 2070 996 2137 incurrit,
1031 2067 1248 2139 quando
1278 2068 1543 2137 peccavit,
1575 2078 1633 2125 et
1660 2068 1727 2123 ab
1757 2068 1851 2123 illo
1876 2068 1929 2124 in
1966 2083 2159 2124 omnes

556 2162 805 2218 homines
835 2162 1186 2233 pertransivit
1231 2160 1408 2234 (Gen.
1451 2176 1531 2226 ιιι,
1566 2162 1631 2216 l'l
1662 2160 1701 2232 ).
1736 2161 1803 2216 Et
1832 2161 1899 2217 de
1936 2161 2159 2218 Christo

552 2254 754 2310 Paulus
798 2254 933 2310 dicit
973 2253 1119 2326 quod
1147 2254 1317 2309 lactus
1362 2256 1434 2309 sit
1476 2252 1825 2311 maledictum
1858 2267 1958 2325 pro
2002 2254 2158 2311 nobis

548 2348 731 2423 (Rom.
761 2366 814 2417 ν,
856 2350 921 2405 il
952 2349 1004 2420 );
1061 2349 1184 2420 quia
1239 2357 1494 2416 mortem,
1547 2363 1670 2419 quae
1716 2356 1803 2403 est
1842 2346 2159 2404 maledictio

548 2442 709 2512 primi
745 2439 1006 2507 hominis,
1052 2456 1155 2511 pro
1193 2448 1381 2496 nostra
1434 2440 1609 2495 salute
1656 2440 1897 2512 suscepit
1925 2441 1944 2510 (
1975 2438 2155 2495 Colat.

548 2552 630 2602 in,
664 2537 728 2591 i3
752 2534 794 2607 ).
820 2535 925 2592 Sed
945 2544 1002 2595 et
1026 2535 1159 2591 Cain
1189 2549 1286 2605 pro
1315 2544 1468 2591 reatu
1516 2533 1791 2590 homicidii
1833 2534 2157 2591 maledictus

550 2639 639 2687 est
672 2646 703 2685 a
760 2631 869 2685 Deo
894 2631 913 2703 (
942 2628 1072 2685 Ceu.
1105 2645 1181 2696 iv,
1207 2630 1267 2685 ιι
1303 2626 1343 2702 ).
1400 2629 1467 2684 Ει
1489 2628 1969 2700 contemptorihns
1997 2626 2155 2700 Legis

550 2722 685 2779 dicit
709 2721 951 2795 Moyses:
983 2720 1297 2776 Maledictus
1318 2720 1407 2789 qui
1429 2736 1533 2775 non
1554 2721 1894 2793 permanserit
1918 2729 1942 2757 ⁸·
1972 2721 2026 2775 in
2048 2737 2156 2775 ser-

553 2817 795 2873 monibus
823 2816 941 2872 libri
967 2815 1130 2890 Itusz
1175 2814 1357 2889 (Deut.
1393 2832 1565 2883 xxvu,
1608 2817 1679 2873 26
1706 2817 1750 2887 ).
1804 2816 2068 2873 Similiter
2102 2826 2157 2872 et

552 2930 655 2970 nos
702 2929 823 2970 cum
855 2914 1094 2985 graviter
1130 2926 1443 2983 peccamus,
1488 2912 1589 2981 ipsi
1639 2910 2004 2982 nosmetipsos
2035 2925 2157 2982 pes-

547 3011 689 3068 sima
734 3009 1119 3067 maledictione
1168 3007 1513 3063 damnamus.
1560 3006 1735 3061 Omne
1779 3006 1944 3077 igitur
1983 3005 2151 3060 male-

552 3102 759 3158 dictum
805 3117 915 3157 nou
954 3102 1059 3158 erit
1088 3098 1356 3169 amplius;
1386 3100 1510 3168 quia
1535 3106 1820 3169 peccatum
1873 3112 1980 3153 non
2028 3098 2151 3165 erit,

2262 1879 2654 1936 irrationabilia
2696 1880 2971 1947 videntur,
3012 1880 3334 1937 incredulus
3362 1880 3606 1946 existat;
3653 1880 3831 1937 fuerant

2261 1973 2405 2029 enim
2429 1972 2675 2045 quidam,
2702 1976 2793 2045 qui
2823 1988 2929 2029 non
2969 1974 3339 2045 intelligentes
3370 1975 3564 2030 divina
3590 1977 3826 2049 mysteria,

2258 2082 2381 2139 qua:
2418 2069 2471 2122 in
2502 2066 2606 2125 hoc
2637 2065 2777 2124 libro
2820 2067 3194 2133 continentur,
3222 2083 3252 2123 a
3282 2067 3539 2141 catalogo
3567 2067 3825 2124 divinarum

2257 2159 2666 2232 Scripturarum
2697 2174 2821 2217 eum
2853 2170 3141 2232 amputare
3168 2162 3487 2217 voluerunt.
3525 2159 3599 2215 Et
3617 2158 3825 2216 bonum

2259 2251 2403 2307 Deus
2471 2253 2753 2325 spirituum
2800 2254 3172 2325 prophetarum
3218 2254 3361 2309 misit
3426 2255 3672 2327 msgelum
3711 2272 3827 2308 sunt

2259 2346 2525 2402 ostendere
2552 2348 2712 2401 servis
2758 2347 2888 2415 suis,
2938 2363 3055 2418 qua
3080 2356 3282 2420 Oportet
3332 2348 3450 2418 ﬁeri
3481 2349 3611 2411 cito;
3660 2347 3707 2402 id
3746 2359 3823 2411 εει,

2259 2438 2521 2496 Dominus
2548 2441 2695 2496 Deus
2717 2442 2808 2512 qni
2834 2442 3085 2512 spiritum
3112 2440 3420 2513 prophetia:
3444 2442 3598 2497 dedit
3618 2442 3822 2498 omnibus

2257 2534 2466 2591 sanctis
2497 2534 2801 2605 prophetis,
2835 2533 2951 2605 ipse
2986 2533 3134 2589 misit
3165 2534 3425 2605 angelum
3458 2550 3640 2601 suum,
3670 2534 3715 2589 id
3747 2544 3823 2589 est.

2258 2629 2437 2701 ipsum
2490 2629 2585 2700 qui
2631 2629 2736 2686 hoc
2766 2628 3117 2700 loquebatur,
3149 2630 3241 2699 qui
3292 2638 3348 2686 et
3388 2630 3595 2687 Joanni
3637 2631 3824 2687 ostendit

2258 2724 2441 2779 omnia
2465 2723 2749 2797 mysteria,
2777 2740 2897 2796 qua:
2919 2723 2971 2779 in
2995 2722 3099 2779 hoc
3123 2724 3267 2779 libro
3296 2726 3680 2793 coiitinentur,
3698 2736 3823 2781 estes-

2258 2818 2378 2873 dere
2398 2819 2554 2873 servis
2580 2819 2686 2873 suis
2711 2833 2823 2889 qua:
2846 2828 3049 2887 oportet
3080 2818 3199 2888 ﬁeri
3222 2818 3347 2873 cito.
3374 2816 3516 2874 Cum
3546 2817 3657 2874 huc
3679 2818 3821 2887 Scrip-

2259 2921 2377 2966 tura
2409 2927 2518 2967 nou
2554 2920 2761 2967 tantum
2792 2911 2858 2967 nd
2889 2910 3133 2967 futurum
3182 2921 3431 2983 tempus,
3460 2912 3563 2968 sed
3602 2911 3819 2968 etiamad

2260 3006 2598 3075 prmteritum
2654 3007 2966 3077 pertineat,
3030 3020 3130 3061 cur
3188 3004 3255 3061 ad
3304 3005 3722 3063 demotistranda
3772 3019 3819 3061 sa

2259 3096 2661 3165 tantummodo,
2708 3112 2831 3170 quas
2876 3097 3173 3168 oportebat
3222 3096 3344 3153 ﬁeri
3400 3100 3535 3166 cito,
3588 3113 3615 3153 a
3656 3098 3815 3153 Deos:

552 3210 659 3251 nec
682 3194 884 3266 aliquid
909 3193 1053 3266 quod
1075 3192 1418 3249 occasionem
1452 3191 1693 3262 praebeat
1723 3191 2002 3261 peccandi.
2043 3193 2155 3247 Ma-
2181 3200 2227 3264 (ς
2259 3190 2391 3246 dicit
2421 3204 2542 3247 esse
2592 3190 2856 3246 missum?
2902 3191 3040 3260 Quia
3096 3191 3354 3247 nimirum
3390 3194 3669 3264 prmterita
3697 3192 3817 3247 facile

554 3287 777 3343 ledictio
801 3301 1018 3358 quoque
1046 3284 1205 3355 primi
1227 3284 1459 3339 hominis
1486 3282 1540 3338 in
1571 3283 1978 3341 resurrectione
2007 3286 2155 3341 dele-

554 3379 721 3449 bitur,
757 3394 880 3436 cum
907 3377 1291 3434 immortalitas
1315 3377 1569 3433 omnibus
1615 3378 1809 3434 electis
1864 3377 2026 3433 fuerit
2072 3387 2156 3433 at-

552 3472 777 3528 tributa.
802 3470 873 3526 Et
914 3472 1059 3527 sedes
1081 3468 1202 3535 Dei,
1248 3479 1296 3525 et
1344 3470 1478 3541 Αριιὶ
1522 3472 1575 3524 in
1608 3469 1704 3524 illa
1754 3469 1947 3543 erunt(
1978 3470 1998 3525 Ι
2028 3470 2153 3529 Cor.‘

556 3583 645 3632 xv,
675 3566 744 3622 53
767 3566 811 3639 ).
841 3565 900 3622 Si
932 3565 1090 3621 modo
1137 3574 1263 3620 sunt
1301 3565 1475 3620 sancti
1508 3565 1606 3621 Dei
1636 3566 1687 3620 in
1722 3565 1821 3621 hac
1844 3566 1951 3621 vita
1992 3566 2153 3637 positi

552 3658 713 3715 sedes
745 3657 862 3724 Dei,
891 3666 1098 3729 quanto
1146 3656 1317 3728 magis
1339 3669 1484 3722 tunc,
1510 3673 1635 3713 cum
1667 3658 2022 3731 corruptibile
2048 3658 2153 3715 hoc

548 3751 787 3810 induerit
838 3751 1323 3822 incorruptionem,
1380 3757 1437 3806 et
1484 3750 1710 3806 mortale
1758 3750 2154 3809 lioc_induerit

480 3835 485 3841 ’
550 3842 1044 3901 immortalitatem?
1088 3842 1156 3898 Et
1181 3843 1311 3898 seroi
1352 3843 1464 3913 eius
1494 3843 1716 3898 servient
1752 3842 1853 3897 illi.
1889 3843 2022 3910 Quae
2068 3854 2153 3901 est

550 3940 655 3996 ista
700 3940 956 4003 servitus,
984 3951 1089 4007 qua
1120 3936 1263 3991 servi
1315 3935 1410 3990 Dei
1439 3935 1683 3990 servient
1712 3932 1862 3990 Deo?
1903 3936 2151 3993 Amando

550 4031 806 4089 videlicet
842 4045 995 4097 eum,
1017 4038 1073 4085 et
1095 4029 1215 4084 sine
1244 4028 1351 4083 ﬁne
1379 4043 1503 4084 eum
1536 4027 1824 4084 laudando.

614 4130 633 4203 (
666 4129 821 4185 Vers.
847 4127 901 4182 4.
933 4129 953 4199 )
990 4127 1053 4181 Et
1082 4127 1330 4182 uidebunt
1356 4126 1543 4197 faciem
1567 4129 1703 4199 ejus,
1728 4138 1777 4183 et
1805 4143 1988 4184 nomen
2036 4130 2149 4201 ejus

544 4226 599 4279 in
628 4222 881 4295 frontibus
912 4236 1112 4276 eorum.
1140 4220 1351 4288 Quanta
1381 4221 1454 4275 sit
1481 4220 1655 4292 gloria
1684 4232 1739 4277 et
1761 4223 1997 4278 suavitas
2027 4239 2149 4294 qua:

548 4317 750 4373 sanctis
780 4314 1197 4380 ministrabitur,
1231 4328 1384 4369 tuens
1414 4312 1648 4369 humana
1678 4314 2147 4386 comprehendere

548 4428 657 4470 non
682 4420 875 4483 potest,
899 4411 1041 4465 sicut
1068 4408 1201 4463 dicit
1227 4410 1502 4478 apostolus
1523 4409 1754 4465 Paulus:
1781 4408 1933 4476 Quod
1960 4412 2145 4467 oculus

548 4522 649 4561 non
679 4503 828 4572 vidit,
858 4519 950 4559 nec
970 4501 1118 4557 auris
1144 4501 1365 4567 audiuit,
1394 4516 1487 4555 nec
1524 4501 1580 4555 in
1605 4517 1692 4555 cor
1724 4499 1948 4558 hominis
1969 4518 2145 4557 ascen-

2258 3283 2681 3355 dignoscuntur:
2721 3284 2902 3341 futura
2943 3296 3126 3342 autem
3157 3297 3213 3343 et
3242 3287 3532 3359 incognita
3562 3285 3815 3343 hominibus

2257 3402 2365 3443 non
2396 3387 2500 3444 nisi
2548 3403 2642 3459 per
2692 3388 3092 3446 revelationem
3120 3388 3366 3461 Spiritus
3398 3392 3598 3456 sancti,
3636 3400 3713 3445 aut
3743 3404 3815 3459 per

2254 3483 2574 3553 angelorum
2603 3484 2965 3541 ministerium
2990 3485 3303 3557 intelligere
3332 3501 3647 3558 possumus.
3670 3486 3814 3541 aliter

2254 3575 2517 3649 quidquid
2572 3578 2925 3651 ignoramus,
2956 3579 3202 3635 luturum
3234 3581 3402 3637 nobis
3433 3593 3546 3649 est;
3577 3582 3688 3655 quia
3709 3579 3814 3635 luta-

2256 3686 2373 3727 rum
2407 3683 2492 3729 est
2533 3684 2590 3728 ut
2619 3674 2686 3729 ad
2717 3689 2813 3730 cor
2844 3682 3093 3730 nostrum
3127 3674 3334 3743 veniat,
3366 3675 3520 3747 quod
3554 3675 3811 3739 nescimus;

2253 3766 2385 3823 illud
2408 3766 2688 3839 videlicet,
2714 3769 2857 3840 quod
2881 3768 3027 3825 Deus
3046 3768 3469 3842 prredestinavit
3497 3781 3553 3825 ut
3575 3771 3809 3829 sciremus;

2252 3877 2356 3917 non
2382 3863 2527 3919 enim
2556 3864 2787 3919 scicntia
2811 3864 2941 3921 mali
2981 3865 3140 3921 nobis
3175 3864 3581 3937 praedestinata
3626 3877 3715 3933 est,
3741 3862 3809 3919 sd

2253 3970 2321 4013 ex
2352 3956 2601 4028 originali
2623 3970 2847 4029 peccato
2874 3960 3182 4018 descendit.

2322 4049 2482 4124 587
2515 4049 2704 4124 (Vers.
2755 4053 2847 4124 7.)
2886 4052 2955 4109 Et
2986 4072 3101 4110 ecce
3139 4057 3291 4110 venio
3337 4055 3606 4111 velociter.
3647 4054 3740 4110 llas
3770 4054 3804 4107 is

2250 4156 2483 4214 persona
2532 4144 2769 4216 loquitur
2815 4146 3045 4216 Christi,
3088 4148 3406 4220 signiﬁcans
3452 4166 3579 4205 eum
3609 4149 3670 4205 ad
3699 4146 3805 4219 indic

2248 4237 2390 4292 cium
2438 4237 2547 4293 cito
2578 4253 2700 4295 esse
2733 4249 3043 4296 venturum.
3092 4240 3288 4297 Beatus
3325 4244 3419 4314 qui
3455 4244 3677 4298 custodit
3698 4240 3805 4294 serit

2248 4329 2536 4403 prophetia:
2563 4332 2682 4387 libri
2705 4332 2879 4407 hujus.
2913 4332 3011 4390 Ille
3040 4343 3226 4391 servat
3253 4334 3423 4391 verba
3450 4334 3748 4409 pr0phetis,
3772 4330 3803 4384 id

2247 4432 2365 4488 est,
2401 4424 2655 4480 mandata
2698 4425 2828 4493 Dei,
2861 4427 2956 4498 qui
3007 4442 3072 4484 ea
3116 4426 3401 4499 operando
3452 4426 3737 4499 implet,et
3766 4424 3799 4476 in

2246 4515 2598 4575 meditatione
2628 4535 2815 4575 eorum
2849 4519 3103 4577 assiduus
3132 4529 3236 4589 est,
3267 4520 3505 4593 implens
3536 4519 3667 4577 illud
3696 4514 3800 4572 Psal-
3902 4590 3903 4595 η

539 4600 638 4669 di"
666 4612 781 4669 qua:
807 4595 1117 4669 pmpamm
1144 4592 1284 4649 De”
1309 4593 1642 4665 diﬂgenlib‘“
1663 4610 1717 4649 ⁸⁸
1736 4594 1785 4666 (ι
1808 4594 1929 4651 co"
1962 4610 2022 4662 "9
2053 4594 2132 4665 9)·
2162 4608 2216 4671 D
2243 4611 2527 4684 mograplii
2554 4612 2757 4670 dictum
2778 4614 2916 4671 :Sed
2937 4616 3121 4688 inllege
3142 4612 3358 4671 Domini
3388 4616 3626 4670 uoluntas
3647 4617 3754 4687 ejus,
3772 4618 3799 4661 ιε

542 4695 650 4753 Sed
668 4706 885 4750 onmem
913 4689 1253 4746 dulcedinem
1275 4700 1439 4760 atque
1458 4690 1779 4744 suavitatem
1797 4689 1930 4745 illud
1960 4698 2138 4745 trans-

536 4789 755 4855 cendet,
783 4784 927 4858 quod
954 4783 1211 4840 videbunt
1238 4784 1404 4840 Deum
1433 4783 1572 4840 facie
1592 4783 1659 4839 ad
1687 4782 1905 4839 faciem.
1925 4782 2133 4839 Numen

537 4898 669 4942 vero
696 4880 794 4938 Dei
821 4889 905 4935 est
932 4876 1104 4933 Filius
1146 4877 1274 4932 Dei:
1311 4891 1510 4933 nomen
1542 4878 1724 4948 itaque
1767 4877 1877 4932 erit
1904 4876 1959 4932 in
1981 4874 2135 4932 iron—

536 4977 685 5033 tibus
708 4980 1059 5037 sanctorum;
1105 4969 1230 5041 quia
1260 4970 1376 5041 ipsa
1424 4970 1647 5027 claritas
1697 4980 1862 5041 atque
1918 4970 2133 5041 Species

536 5067 932 5128 demonstrabit
955 5079 1052 5122 eos
1072 5077 1195 5120 esse
1230 5062 1372 5118 ﬁlios
1394 5063 1513 5118 Dei.

604 5167 623 5239 (
651 5164 803 5221 Vers.
828 5164 882 5220 5.
907 5161 924 5230 )
954 5158 1024 5216 Et
1050 5175 1154 5215 non
1168 5160 1308 5214 ultra
1329 5173 1432 5212 non
1458 5158 1573 5213 erit.
1607 5158 1749 5215 Dicit
1777 5159 1834 5215 in
1874 5158 1981 5215 alio
2007 5159 2130 5216 loco

529 5261 801 5319 Joannes:
830 5259 970 5316 Deus
998 5259 1089 5314 lux
1118 5266 1212 5326 est,
1236 5266 1285 5311 et
1306 5256 1526 5312 tenebrat
1552 5258 1605 5311 in
1633 5274 1693 5313 eo
1718 5274 1819 5313 non
1840 5269 1959 5315 sunt
1998 5260 2126 5316 ulla:

530 5356 576 5426 (ι
589 5356 748 5411 Joan.
768 5355 891 5426 1,5).
913 5354 1059 5421 Quas
1072 5368 1201 5425 ergo
1216 5354 1470 5415 tenebras
1485 5351 1590 5423 pati
1609 5360 1915 5422 poterunt,a
1933 5355 2125 5426 quibus

532 5449 673 5503 Deus
685 5447 896 5504 assidue
910 5446 1204 5504 videbitur?
1214 5443 1374 5515 Quod
1389 5444 1434 5501 si
1449 5444 1517 5501 de
1529 5445 1867 5503 daemonibus
1883 5455 1936 5503 et
1950 5448 2127 5518 impiis

531 5539 833 5609 intelligere
878 5540 1206 5596 voluerimus
1258 5539 1362 5596 hoc
1412 5538 1643 5607 dictum,
1688 5554 1795 5597 nox
1834 5554 1944 5597 non
1986 5542 2121 5603 erit:

2237 4704 2291 4760 in
2321 4704 2431 4780 lege
2456 4710 2570 4782 ejus
2599 4708 2929 4765 meditabitur
2964 4710 3049 4766 die
3074 4726 3135 4764 ac
3160 4720 3306 4765 nocte
3328 4707 3452 4783 (Ps.
3474 4725 3519 4778 ι,
3547 4706 3625 4781 2).

2310 4798 2493 4871 (Vers.
2525 4800 2580 4867 8,
2612 4801 2690 4875 9.)
2731 4802 2800 4857 Et
2825 4820 2921 4876 ego
2950 4802 3181 4860 Joannes
3200 4805 3287 4874 qui
3308 4803 3488 4858 audiri
3514 4814 3561 4859 et
3585 4801 3682 4857 ridi
3702 4786 3793 4861 tier.

2236 4898 2283 4945 et
2309 4901 2581 4964 postquam
2607 4896 2869 4951 audissem
2895 4906 2943 4952 et
2972 4897 3219 4953 vidissem
3239 4938 3256 4966 ,
3290 4897 3459 4952 cecidi
3487 4908 3544 4953 ut
3569 4896 3793 4951 adorans

2234 4998 2356 5045 ante
2404 4992 2557 5062 pedes
2602 4994 2797 5068 angeli,
2826 4996 2918 5068 qui
2957 4996 3083 5051 mihi
3122 4994 3233 5051 hac
3279 4994 3675 5063 ostendebat,et

2235 5083 2364 5136 mihi
2388 5102 2400 5137 :
2434 5082 2565 5141 Vide
2594 5102 2656 5143 ne
2682 5087 2869 5158 feceris
2890 5130 2907 5158 ,
2940 5105 3219 5146 conservus
3258 5098 3380 5144 tuus
3407 5105 3523 5143 sum
3549 5098 3595 5144 et
3620 5091 3789 5158 {tum

2232 5183 2441 5231 tuorum
2482 5179 2851 5252 praphetarum
2872 5223 2885 5247 ,
2912 5192 2961 5238 et
2996 5198 3174 5238 eorum
3199 5182 3291 5254 qui
3320 5190 3524 5236 servam
3550 5179 3688 5236 verba
3708 5174 3788 5230 ltiti

2234 5272 2413 5347 hujus.
2452 5272 2621 5332 Deum
2649 5278 2833 5335 adora.
2870 5276 2898 5316 δ
2928 5277 3039 5335 Cur
3066 5279 3297 5351 angelus
3326 5293 3356 5335 a
3386 5277 3595 5337 Joanne
3620 5276 3786 5333 adoriri

2234 5369 2492 5440 uoluerit,
2510 5371 2703 5431 beatus
2719 5372 3017 5446 Gregorius
3038 5374 3377 5431 sufﬁcienter
3391 5375 3664 5446 exposuit:
3678 5382 3784 5441 qn:-

2231 5463 2458 5520 rendum
2472 5480 2601 5523 vero
2616 5466 2774 5523 nobis
2796 5475 2903 5536 est,
2920 5482 3017 5524 cur
3041 5466 3263 5539 repetiit
3284 5465 3430 5540 quod
3452 5473 3609 5523 antea
3633 5462 3679 5520 ei
3694 5473 3783 5533 pto-

2230 5549 2463 5611 liibitum
2479 5556 2673 5613 fuerat.
2700 5558 2809 5617 Sed
2823 5559 2869 5619 si
2885 5559 3174 5633 diligenter
3186 5560 3519 5631 scripturam
3538 5557 3648 5615 libri
3661 5553 3781 5624 huius

601 5719 1169 5821 Lgmkn‘esﬂﬁdaitn
1216 5721 1451 5777 omnibus
1494 5721 1594 5790 iis;
1632 5736 1824 5778 omnes
1868 5736 2028 5789 mss.,
2056 5724 2112 5778 in
2217 5725 2426 5821 {Si-anne.
2447 5735 2659 5821 εαοὶαηξ
2684 5736 2927 5805 nomen},
2950 5736 3266 5821 κεραίης-ξπ
3630 5731 3774 5803 quiete

527 5791 843 5863 sermonibus
872 5790 987 5844 libri
1015 5792 1190 5863 hujus.

594 5859 621 5901 ι)
662 5861 738 5917 Ita
786 5873 957 5930 ιωεά
993 5859 1125 5919 edit.
1158 5876 1287 5919 vero
1329 5877 1343 5916 :
1387 5862 1492 5919 Cur
1559 5864 1772 5936 angelus
1820 5862 2033 5926 Domini
2078 5882 2112 5922 α

2226 5797 2450 5861 Visionis
2464 5806 2782 5878 tuﬂicienter
2802 5797 3153 5881 exposuimus.
3181 5807 3335 5868 Hera
3359 5797 3665 5882 impostttti
