3950 6314
96 256 195 337 968

827 277 893 333 1N
930 254 1405 339 Apocsursts
1450 281 1841 340 exposmo.
1882 282 1973 339 ne
2015 282 2287 342 vrstous:
2329 264 2651 342 summa.

3285 288 3389 346 966

90 396 490 468 inspexerimus,
508 408 614 451 non
639 393 694 450 in
716 407 914 452 vanum
938 411 1063 456 esse
1087 398 1289 456 iactum
1316 399 1669 468 intuebimur;
1700 409 1754 469 Α
1776 399 1968 454 adhuc.
1998 399 2103 470 Qui
2131 401 2300 457 dicit:
2330 401 2436 469 Qui
2465 412 2638 467 nocet,
2672 408 2854 457 noceat
2882 401 3058 457 adhuc
3090 420 3107 457 :
3140 414 3185 459 et
3217 405 3305 475 qui
3332 406 3387 459 in

92 506 204 545 nam
232 505 351 545 cum
378 488 424 544 ei
458 488 887 547 demonstrasset
915 493 1142 562 angelus
1179 493 1452 550 Christum
1489 494 1543 549 in
1578 508 1675 549 sua

88 584 210 640 sede
235 583 526 648 sedentem,
559 592 901 655 quatuorque
930 586 1214 652 animalia,
1244 595 1300 643 et
1328 586 1514 657 viginti
1544 602 1677 658 qua-

90 689 202 734 tuor
244 677 480 734 seniores
506 717 520 743 ,
544 692 884 748 nequaquam
916 677 1115 736 dicitur
1144 680 1400 751 angelum
1444 680 1675 736 adorare

86 770 332 827 voluisse.
364 770 628 827 Similiter
656 786 777 826 eum
811 773 860 827 ei
893 772 1323 829 demonstrasset
1348 775 1581 846 qualiter
1608 774 1676 830 ab

85 864 229 935 Agno
250 871 449 934 septem
474 863 646 935 sigilla
666 876 909 921 reserata
932 879 1077 936 sunt,
1097 878 1153 925 et
1173 884 1234 924 ea
1253 884 1375 939 qua:
1396 869 1498 924 sub
1514 880 1673 925 cantu

85 958 324 1013 tubarum
349 966 556 1028 septem
586 959 906 1030 angelorum
928 972 1079 1032 gesta
1100 972 1259 1030 sunt,
1281 977 1383 1019 nec
1412 978 1520 1018 non
1542 972 1671 1019 etea

82 1071 195 1127 qua:
215 1055 593 1113 subcﬂusione
608 1058 913 1127 phialarttm
943 1070 1153 1128 septem
1177 1059 1493 1131 angelorum
1522 1067 1674 1131 gesta

80 1148 240 1206 fuisse
260 1148 523 1219 leguntur,
532 1164 872 1223 nequaquam
888 1152 1087 1209 dicitur
1100 1153 1246 1225 quod
1276 1156 1530 1225 angelum
1544 1155 1673 1208 ado-

79 1258 193 1300 rare
218 1245 464 1301 voluerit.
494 1244 598 1302 Ubi
623 1261 753 1303 vero
782 1258 1002 1303 ventum
1033 1257 1119 1305 est
1160 1248 1230 1305 ad
1257 1263 1381 1305 eum
1401 1249 1671 1316 locutn,in

76 1355 177 1410 quo
206 1339 254 1395 ei
275 1339 342 1395 ab
360 1340 557 1411 angelo
589 1339 1025 1397 demonstratum
1055 1351 1141 1399 est
1163 1384 1180 1410 ,
1216 1342 1451 1415 qualiter
1470 1356 1672 1415 sponsa

75 1432 293 1499 Christi,
322 1433 371 1487 id
398 1444 483 1488 cst
512 1433 785 1502 Ecclesia,
818 1434 1038 1491 Christo
1062 1435 1350 1506 conjuncta
1379 1443 1496 1501 est,
1525 1434 1578 1489 in
1607 1448 1673 1491 eo

74 1524 317 1582 videlicet
342 1525 487 1591 loco,
512 1525 601 1582 ubi
624 1526 886 1598 scriptum
914 1535 1000 1583 est
1024 1546 1036 1581 :
1062 1527 1399 1583 Gaudeamus
1428 1538 1473 1583 et
1502 1529 1672 1582 exsul-

76 1627 250 1685 tentus,
281 1625 307 1655 ⁸
344 1626 395 1673 et
442 1618 622 1674 demus
667 1620 889 1691 gloriam
925 1622 1013 1686 ei;
1043 1622 1165 1690 quia
1192 1631 1433 1676 venerunt
1476 1621 1674 1693 nuptiae

71 1712 220 1784 Agni,
248 1724 298 1770 et
322 1730 455 1769 uxor
482 1715 601 1781 ejus
640 1716 953 1787 prtepararit
981 1732 1035 1771 se
1065 1732 1085 1770 :
1111 1728 1159 1771 et
1206 1716 1386 1769 datum
1413 1724 1488 1771 est
1518 1716 1585 1781 ei,
1614 1724 1670 1769 ut

1778 492 2018 547 sordibus
2046 503 2119 547 est
2142 535 2156 559 ,
2182 494 2446 549 sordescat
2489 494 2697 561 adhuc;
2724 510 2830 551 non
2864 496 3255 567 praecipiendo,
3286 496 3383 553 sed

1780 585 2163 641 comminando
2213 585 2365 641 dixit.
2415 586 2603 644 Solent
2644 588 2845 660 quippe
2877 588 3124 646 homines
3151 589 3253 646 hoc
3282 606 3380 661 ge-

1780 695 1911 737 nere
1939 680 2233 736 locutionis
2263 690 2473 737 tet-rere
2502 681 2765 753 quosdam
2793 683 2894 738 sibi
2927 684 3220 755 subiectos,
3240 685 3383 739 sicut

1780 773 2020 845 magistri
2043 775 2134 845 qui
2158 774 2337 830 solent
2362 775 2545 831 dicere
2592 778 2775 846 pueris
2802 778 3119 835 vacantibus
3154 796 3165 833 :
3199 778 3380 835 Nolite

1779 868 1965 941 legere,
1995 868 2154 923 nolite
2176 868 2347 939 legere
2366 883 2386 923 :
2414 869 2493 924 illi
2519 885 2650 926 vero
2681 871 3049 944 intelligentes
3076 875 3379 930 commina-

1780 962 1981 1017 tioncm
2004 976 2127 1018 esse
2150 962 2275 1031 hoc,
2300 978 2405 1017 non
2435 964 2881 1034 prohibitionem,
2905 968 3089 1024 statim
3112 969 3376 1040 incipiunt

1779 1056 1977 1129 legere.
2015 1057 2127 1113 Hoc
2155 1057 2317 1114 etiam
2357 1057 2520 1114 modo
2548 1056 2757 1114 domini
2796 1076 2986 1118 servos
3015 1064 3128 1119 otio
3157 1075 3377 1136 torpen-

1778 1163 1861 1209 tes
1908 1162 2118 1210 terrere
2167 1156 2377 1221 solent,
2408 1164 2465 1209 ut
2491 1168 2631 1225 opus
2677 1155 2781 1212 sibi
2832 1158 3126 1228 iniunctum
3158 1170 3180 1200 ο
3214 1160 3374 1215 citius

1776 1245 2053 1316 expleant.

1850 1337 2032 1410 (Vers.
2066 1339 2181 1412 12.)
2218 1340 2347 1396 Ecce
2376 1343 2524 1398 venio
2552 1343 2673 1409 cito,
2700 1354 2747 1399 et
2788 1359 2981 1401 merces
3021 1363 3135 1403 mea
3173 1365 3372 1403 meeum

1776 1441 1850 1487 est
1874 1432 2087 1488 reddere
2108 1435 2387 1506 unicuique
2421 1437 2704 1492 secundum
2727 1454 2887 1509 apere
2906 1456 3023 1496 sua.
3052 1442 3247 1498 Saeculi
3279 1444 3378 1497 ho-

1778 1524 1951 1581 mines
1979 1527 2259 1583 mercedes
2283 1570 2296 1595 ,
2329 1545 2465 1602 quas
2490 1530 2595 1587 sibi
2623 1533 2993 1607 servientibus
3023 1534 3224 1592 debent
3253 1538 3378 1592 l‘t‘tl-

1774 1618 1907 1675 dere
1933 1631 2025 1675 aut
2048 1622 2098 1675 in
2127 1624 2376 1688 sacculis,
2397 1633 2489 1679 aut
2518 1626 2569 1680 in
2594 1623 2833 1694 horreis,
2857 1639 2948 1683 aut
2972 1628 3026 1683 in
3053 1630 3374 1701 quibusdam

1774 1720 1936 1768 terra:
1968 1713 2103 1770 locis
2134 1714 2343 1773 habent
2372 1718 2657 1775 :Christus
2701 1730 2881 1776 autem
2911 1724 3147 1793 σενι-ωητὶῇ
3185 1738 3376 1779 servo-

71 1813 330 1879 opertatse
358 1808 568 1880 byssina
595 1808 900 1880 splendente
927 1809 1171 1864 candido.
1206 1808 1484 1880 Byssinusn
1510 1809 1664 1874 enim,
1701 1802 1750 1863 Β
1777 1824 1897 1864 rum
1946 1824 2169 1865 suorum
2215 1827 2397 1868 secum
2448 1828 2665 1884 semper
2712 1815 2904 1883 habet;
2955 1817 3023 1872 ab
3072 1818 3189 1888 ipso
3234 1820 3379 1875 enim

74 1902 260 1973 inquit,
281 1904 690 1977 justiﬁcationes
731 1917 851 1959 sunt
894 1916 1229 1971 sanctorum;
1275 1904 1539 1959 continuo
1569 1920 1669 1959 an-

70 1997 242 2066 gelum
290 1997 525 2053 adorare
573 1998 769 2054 voluit.
821 1998 998 2055 Simili
1039 1998 1201 2055 modo
1228 1999 1363 2055 etin
1396 1999 1673 2071 sequenti-

69 2089 187 2157 bus,
216 2107 343 2147 cum
374 2091 424 2147 ei
448 2090 820 2147 demonstrata
860 2100 1012 2147 esset
1055 2090 1294 2163 deiectio
1324 2090 1665 2159 Antichristi,

68 2183 303 2253 alligatio
348 2183 548 2239 diaboli
582 2185 637 2239 in
683 2183 945 2256 abyssum
969 2226 984 2253 ,
1014 2184 1188 2255 gloria
1222 2183 1668 2248 resurrectionis,

68 2277 213 2334 nullo
254 2277 419 2333 modo
449 2278 702 2349 angelum
747 2278 976 2334 adorare
1008 2279 1179 2334 voluit
1206 2296 1223 2331 ι
1244 2293 1370 2333 eum
1398 2285 1583 2333 autem
1613 2277 1667 2332 in

70 2370 174 2426 line
212 2370 373 2442 huius
420 2371 645 2426 visionis
693 2370 1129 2427 demonstratum
1175 2380 1321 2426 esset
1349 2372 1397 2426 ei
1439 2371 1674 2441 qualiter

70 2461 315 2519 Ecclesia
349 2471 472 2534 post
496 2463 912 2518 resurrectionis
934 2463 1161 2533 gloriam
1184 2462 1399 2518 Christo
1424 2464 1478 2517 in
1507 2474 1671 2518 aeter-

69 2573 194 2612 num
222 2572 348 2612 cum
383 2556 476 2610 illo
504 2565 797 2625 regnatura
830 2556 1133 2611 sociabitur
1155 2598 1169 2625 ,
1212 2556 1476 2611 continuo
1502 2570 1668 2625 ange-

69 2651 179 2707 lum
231 2650 466 2707 adorare
510 2651 715 2717 voluit;
746 2650 1096 2722 coniungitur
1143 2665 1376 2722 namque
1422 2650 1668 2707 Ecclesia

71 2747 316 2817 quotidie
346 2745 563 2803 Christo
594 2761 689 2817 per
719 2745 914 2813 ﬁdem,
960 2754 1270 2817 canamque
1301 2746 1440 2801 bona
1468 2760 1667 2817 opera,

68 2855 183 2910 qua:
229 2855 330 2911 per
371 2840 591 2911 byssum
638 2840 1011 2911 designantur.
1056 2838 1430 2911 Coniungetur
1460 2855 1593 2897 vero
1620 2840 1670 2896 ei

69 2942 189 3003 post
220 2933 685 2988 resurrectionem
712 2933 885 2988 multo
912 2932 1187 2989 excelsius
1213 2942 1378 3003 atque
1411 2932 1671 2999 nobilius,

70 3044 175 3085 non
210 3028 322 3099 iam
354 3043 449 3099 per
487 3036 702 3099 partes,
735 3028 878 3084 sicut
917 3027 1114 3093 modo;
1154 3027 1251 3083 sed
1283 3036 1393 3084 tota
1425 3027 1585 3082 simul
1618 3028 1671 3082 in

69 3134 337 3180 aeternum
366 3138 489 3179 cum
532 3123 627 3179 illo
663 3136 936 3189 mansura,
968 3130 1023 3179 et
1054 3122 1173 3179 sine
1203 3122 1311 3178 line
1354 3131 1667 3194 regnatura.

1775 1902 2025 1973 procedit
2056 1905 2219 1961 modo
2248 1906 2426 1963 omnis
2459 1907 2672 1964 bonitas
2710 1920 3052 1977 sanctorum,
3080 1913 3151 1969 ab
3179 1914 3295 1986 ipso
3327 1924 3382 1969 (ιι

1776 1996 1830 2052 in
1862 1997 2099 2053 futurum
2131 2000 2389 2068 procedet
2418 2008 2599 2056 omnis
2636 2002 2808 2073 gloria
2838 2019 3050 2059 eorum.

1847 2091 2027 2164 (Vers.
2063 2092 2149 2159 15,
2186 2093 2300 2163 ii.)
2342 2092 2455 2166 Ego
2484 2111 2600 2150 sum
2626 2105 2665 2153 Α
2694 2106 2743 2151 et
2773 2109 2835 2160 Ω,
2865 2100 3062 2168 primus
3088 2109 3135 2155 et
3166 2102 3385 2156 uerissi-

1776 2202 1910 2251 mus,
1938 2188 2255 2260 principium
2279 2200 2326 2245 et
2351 2190 2495 2259 ﬁnis.
2528 2190 2680 2245 Beati
2720 2193 2812 2264 qui
2842 2193 3014 2249 larunt
3045 2197 3209 2250 stolas
3236 2213 3381 2265 suos,

1777 2288 1832 2331 ut
1858 2280 1924 2333 sit
1951 2266 2178 2348 potestas
2212 2280 2320 2335 illis
2349 2280 2403 2335 in
2434 2281 2578 2354 ligno
2606 2284 2753 2349 vitae,
2778 2295 2828 2338 et
2869 2302 2958 2354 per
2984 2296 3159 2354 partas
3190 2288 3383 2342 intrent

1775 2372 1833 2426 in
1860 2373 2132 2427 civitatem.
2167 2373 2462 2431 Possumus
2486 2390 2581 2447 per
2618 2377 2789 2433 stolas
2813 2378 2864 2433 in
2897 2377 2999 2435 hoc
3020 2380 3142 2437 loco
3172 2382 3385 2437 animas

1778 2476 1995 2520 nostras
2024 2464 2365 2539 intelligere,
2397 2478 2453 2524 et
2498 2469 2625 2540 quis
2676 2472 2897 2529 assidue
2945 2488 3255 2544 peccamus,
3289 2492 3387 2534 ne—

1776 2573 1933 2615 cesse
1960 2569 2045 2615 est
2072 2570 2130 2615 ut
2156 2561 2326 2617 stolas
2347 2604 2360 2629 ,
2393 2563 2443 2618 id
2477 2574 2583 2629 est,
2611 2566 2825 2622 animos
2856 2576 3071 2624 nostras
3095 2610 3108 2635 ,
3138 2571 3382 2637 orando,

1779 2653 2073 2725 vigilando,
2103 2656 2424 2727 ieiunando,
2456 2660 2834 2733 eleemosynas
2857 2662 3141 2735 largiendo
3167 2666 3385 2722 assidue

1780 2743 2047 2803 lavemus.
2080 2747 2186 2804 Per
2222 2748 2425 2821 lignum
2460 2751 2584 2807 vitae
2628 2768 2920 2823 possumus
2947 2758 3270 2828 sapientiam
3306 2761 3389 2815 in-

1781 2838 2048 2911 telligere,
2083 2841 2299 2900 dicente
2329 2844 2626 2903 Salomone
2654 2864 2665 2901 :
2694 2846 2917 2919 Lignum
2950 2851 3066 2906 vita
3090 2861 3161 2907 est
3189 2853 3277 2919 iis,
3300 2856 3388 2925 qui

1778 2932 2215 3003 apprehenderint
2245 2953 2358 2991 eam
2380 2954 2399 3005 ;
2426 2950 2474 2993 et
2496 2940 2585 3011 qui
2602 2944 2823 2997 tenuerit
2840 2959 2974 3012 eam,
3001 2944 3178 2999 beatus
3199 2945 3386 3017 (Prov.

1780 3021 2007 3097 l",118).
2040 3027 2373 3086 Potestatem
2398 3031 2448 3086 itt
2474 3033 2619 3105 ligno
2648 3034 2793 3101 vitae,
2825 3035 2877 3089 id
2908 3043 3011 3102 est,
3037 3037 3091 3091 in
3120 3040 3384 3108 sapientia

1782 3116 1992 3174 habent
2018 3121 2221 3190 sancti;
2254 3125 2379 3193 quia
2410 3125 2740 3197 quicumque
2767 3126 3094 3198 sapientiam
3127 3132 3388 3200 possidet,

70 3214 236 3287 Igitur
265 3216 507 3272 Joannes
553 3216 637 3271 bis
665 3216 916 3287 angelum
946 3214 1176 3271 adorare
1201 3214 1410 3279 voluit;
1441 3214 1566 3285 quia
1596 3214 1675 3269 bi-
1702 3207 1749 3270 C
1784 3222 1984 3282 petens
2006 3223 2092 3269 est
2117 3214 2182 3270 ad
2208 3218 2393 3272 omnia
2415 3218 2545 3273 vitia
2574 3220 2947 3290 exstirpanda,
2971 3221 3038 3278 ad
3064 3226 3393 3281 tentationes

70 3325 167 3365 nas
194 3308 617 3380 coniunctiones
646 3309 907 3366 Ecclesia:
935 3324 1061 3365 cum
1106 3306 1329 3365 Christo
1359 3307 1411 3364 ei
1450 3306 1683 3364 demon—

71 3405 293 3460 stravit.

140 3496 329 3568 (Vers.
358 3497 475 3569 10.)
519 3496 584 3551 Et
612 3497 749 3553 dixit
784 3498 911 3552 mihi
929 3496 1048 3552 :Ne
1074 3498 1360 3569 signareris
1381 3496 1533 3551 verba
1561 3513 1685 3567 pro-

72 3592 261 3663 phetiae
311 3592 430 3646 libri
473 3592 664 3666 hujus;
696 3602 895 3665 tempus
944 3591 1083 3647 enim
1128 3608 1291 3664 prope
1328 3602 1421 3647 est.
1458 3594 1684 3663 Signata

69 3694 158 3741 est
178 3686 467 3756 Scriptura
501 3685 611 3740 illis
636 3726 650 3751 ,
682 3702 711 3739 a
743 3684 941 3755 quibus
970 3699 1079 3739 non
1113 3683 1453 3754 intelligitur.
1486 3682 1692 3738 Praeci-

72 3780 219 3849 pitur
269 3778 434 3850 igitur
480 3777 675 3833 Joanni
710 3793 778 3833 ne
809 3778 986 3850 signet
1017 3776 1183 3832 verba
1230 3775 1529 3847 prophetia:
1561 3775 1686 3831 libri

71 3872 236 3944 huius
256 3914 272 3941 ,
303 3870 357 3928 id
385 3881 491 3936 est,
537 3886 605 3927 ne
634 3870 869 3927 tacendo
899 3870 1274 3926 obscuritates
1304 3871 1425 3940 ejus
1451 3870 1691 3925 abscon-

71 3968 186 4034 dat,
216 3968 319 4025 sed
358 3966 688 4039 exponendo
734 3968 911 4039 potius
952 3968 1205 4023 omnibus
1249 3982 1371 4022 eam
1413 3968 1556 4023 scire
1595 3980 1692 4023 vo-

73 4062 323 4118 lentibus
354 4059 698 4125 mattil'estet;
734 4074 801 4117 eo
824 4058 965 4131 quod
990 4058 1109 4115 dies
1136 4057 1349 4131 iudicii,
1379 4059 1471 4130 qui
1502 4060 1555 4114 in
1587 4060 1695 4115 hoc

73 4156 220 4213 libro
273 4155 509 4211 diversis
554 4154 732 4210 modis
780 4155 1132 4222 describitur,
1166 4170 1337 4226 prope
1365 4156 1475 4224 sit,
1509 4164 1565 4212 et
1593 4171 1694 4212 nc-

68 4266 235 4309 cesse
264 4250 568 4306 habeamus
598 4259 657 4305 ut
689 4250 1009 4321 periculum,
1041 4251 1184 4323 quod
1222 4250 1489 4319 imminet,
1522 4251 1696 4309 corde

73 4345 396 4412 videamus,
426 4360 495 4399 ne
524 4344 670 4400 sicut
710 4344 796 4400 iur
826 4345 1074 4401 incautos
1127 4355 1360 4416 occupet
1392 4354 1446 4401 et
1472 4345 1691 4417 perdat.

74 4439 187 4497 Sed
234 4454 337 4495 cur
381 4437 620 4494 Joannes
667 4438 965 4494 secundum
1006 4446 1340 4510 praeceptum
1382 4438 1697 4510 angelicum

76 4529 459 4587 obscuritates
506 4528 630 4586 libri
676 4530 836 4601 huius
882 4530 1211 4603 exponendo
1239 4540 1297 4588 et
1328 4530 1701 4588 describenda

1792 3304 2102 3363 damonum
2148 3308 2550 3379 devincendas,
2594 3324 2649 3369 et
2696 3314 2763 3369 ad
2812 3318 2992 3372 omnia
3041 3316 3179 3374 bona
3228 3333 3395 3389 cpera

1793 3400 2123 3472 peragenda,
2156 3402 2299 3457 sicut
2338 3404 2473 3459 dicit
2514 3405 2812 3461 Salomon:
2846 3407 3036 3464 Melior
3082 3421 3156 3465 est
3195 3411 3395 3482 patiens

1794 3494 1905 3548 διιὶτο
1947 3495 2107 3565 forti,
2143 3504 2197 3567 et!
2233 3496 2322 3564 qui
2351 3496 2655 3552 dominatur
2695 3499 2866 3553 animo
2908 3517 3002 3556 suo
3045 3515 3399 3576 repugnatore

1796 3585 2002 3641 urbium
2033 3585 2220 3658 (Prov.
2246 3604 2356 3655 svi,
2383 3586 2496 3660 '52).
2523 3589 2685 3645 Tales
2713 3606 2843 3661 ergo
2869 3607 2966 3662 per
2990 3602 3176 3662 portas
3196 3597 3399 3651 intrant

1798 3679 1854 3735 in
1884 3679 2181 3746 civitatem,
2212 3696 2311 3751 per
2338 3681 2485 3736 illam
2517 3682 2769 3738 videlicet
2818 3694 3027 3753 portam
3052 3727 3066 3751 ,
3101 3700 3221 3755 qua:
3266 3686 3403 3743 dicit

1799 3774 1854 3828 in
1884 3773 2187 3846 Evangelia
2209 3794 2221 3828 :
2246 3775 2359 3849 Ego
2381 3792 2497 3831 sunt
2522 3777 2743 3842 ostium;
2772 3793 2864 3847 per
2882 3794 2965 3831 me
2984 3779 3030 3832 si
3049 3778 3165 3847 quis
3192 3780 3403 3837 introie-

1797 3867 1889 3935 rit,
1914 3868 2230 3936 salvabitur;
2254 3878 2300 3924 et
2328 3870 2648 3949 ingredietur
2668 3911 2682 3935 ,
2708 3882 2753 3926 et
2790 3872 3101 3942 egredietur,
3135 3883 3181 3929 et
3209 3892 3402 3946 pascua

1798 3963 2018 4019 inveniet
2062 3963 2242 4036 (Joan.
2276 3981 2308 4019 ι
2334 4006 2349 4029 ,
2380 3964 2459 4037 9).
2494 3964 2793 4022 Possumus
2836 3965 2940 4023 hoc
2977 3976 3033 4023 et
3060 3967 3125 4023 ad
3160 3967 3399 4025 futurum

1802 4069 2018 4129 tempus
2057 4058 2289 4125 referre;
2329 4076 2425 4130 per
2471 4060 2676 4132 lignum
2725 4077 2955 4132 namque
2986 4062 3111 4117 vitae
3152 4062 3405 4122 Christus

1800 4153 2140 4224 designatur,
2169 4163 2226 4208 ut
2248 4168 2394 4224 saepe
2419 4154 2531 4225 iam
2562 4155 2818 4211 diximus.
2840 4155 2996 4212 Sicut
3025 4157 3167 4213 enim
3199 4172 3263 4214 es
3296 4175 3406 4216 uno

1802 4246 1993 4318 stipite
2019 4246 2147 4319 ligni
2173 4246 2329 4303 multi
2352 4247 2487 4303 rami
2515 4249 2818 4319 prodeunt;
2849 4250 2920 4305 ita
2945 4260 2999 4306 et
3025 4268 3090 4306 ex
3119 4268 3224 4307 uno
3249 4250 3408 4310 Chri-

1804 4351 1891 4396 sto
1928 4340 2221 4397 multitudo
2250 4349 2589 4398 sanctorum.
2623 4341 2967 4413 Quicumque
2996 4359 3128 4414 ergo
3171 4344 3411 4404 lavacris

1805 4436 2170 4506 spiritalibus,
2203 4435 2257 4491 id
2302 4448 2424 4504 est,
2453 4433 2478 4474 ιι
2511 4436 2673 4493 bonis
2722 4436 2979 4507 operibus
3028 4440 3236 4496 animas
3279 4455 3407 4498 suas

1805 4530 2034 4587 abluere
2065 4544 2172 4585 non
2200 4538 2459 4595 cessant,
2509 4537 2829 4599 potestatem
2870 4527 3152 4587 habebunt
3177 4531 3231 4587 in
3264 4533 3411 4605 ligno

78 4625 449 4681 manifestare
488 4624 691 4691 noluit;
726 4625 1025 4696 praesertim
1056 4640 1179 4682 cum
1210 4636 1431 4698 propter
1474 4626 1702 4684 easdem
1728 4613 1974 4690 DVitzn;
2022 4622 2149 4695 quia
2195 4621 2313 4693 eius
2363 4622 2605 4678 melttbra
2653 4622 2830 4679 eﬂecti
2877 4638 2973 4693 per
3020 4625 3170 4682 illum
3217 4644 3410 4699 magna

77 4720 457 4777 obscuritates
500 4719 723 4791 quidam
752 4718 805 4775 in
833 4735 1076 4776 errorem
1110 4730 1166 4776 et
1194 4719 1447 4775 haeresim
1473 4721 1702 4777 decide-

79 4816 242 4884 rint,
298 4814 548 4871 dicentes
593 4815 874 4871 Christum
926 4826 1049 4886 post
1093 4816 1549 4872 resurrectionem
1600 4831 1705 4886 per

81 4912 244 4968 mille
299 4924 569 4967 annorum
621 4912 858 4982 spatium
909 4925 1034 4967 cum
1092 4912 1346 4967 omnibus
1394 4909 1597 4967 sanctis
1643 4911 1701 4965 in

82 5003 305 5060 mundo
326 5003 617 5059 carnaliter
647 5018 770 5060 esse
790 5014 1165 5075 regnaturum.
1189 5003 1389 5060 Verum
1413 5003 1556 5074 quod
1588 5019 1703 5059 non

85 5098 227 5156 fecit
253 5096 565 5164 scribendo,
581 5096 856 5153 credimus
880 5114 1003 5154 cum
1031 5098 1224 5155 fecisse
1246 5098 1611 5168 praedicando.

162 5191 358 5266 (Vcrs.
390 5189 506 5261 il.)
552 5190 652 5258 Qui
682 5200 847 5259 nocet,
874 5200 1057 5246 noceat
1083 5191 1253 5245 adhuc
1276 5207 1293 5246 :
1317 5202 1363 5246 et
1392 5192 1480 5262 qui
1506 5193 1704 5247 insor-

84 5287 255 5342 dibus
285 5294 359 5340 est
378 5326 395 5352 ,
426 5282 452 5323 δ
484 5284 744 5339 sordescat
778 5284 953 5340 adltuc
982 5299 1000 5339 :
1027 5295 1077 5339 et
1106 5294 1317 5340 sanctus
1354 5286 1703 5355 sanctiﬁcetur

167 5433 194 5460 ιι
242 5419 392 5476 Edit.
414 5461 428 5488 ,
457 5432 503 5476 et
548 5420 727 5475 demus
774 5421 992 5492 gloriam
1021 5422 1065 5475 ei
1084 5463 1097 5487 ,
1131 5431 1176 5475 et
1208 5430 1429 5486 cratera;
1458 5418 1705 5476 continuo

84 5495 384 5605 angelum;
411 5506 538 5549 mss.
569 5504 773 5558 autem,
806 5503 863 5548 ut
896 5509 994 5547 nos
1027 5494 1078 5547 in
1112 5502 1281 5549 textu.

249 5565 466 5605 RI‘l'ﬂIll
490 5566 594 5605 mlil
675 5567 931 5605 gmw/parnt
960 5564 1131 5605 "(Hnn-
1188 5563 1281 5605 Nm

249 5565 467 5621 Emdem
490 5566 645 5631 cdit.,
672 5567 933 5620 sort/escat
960 5564 1150 5621 adhuc.
1181 5563 1305 5619 Non
1331 5562 1705 5637 prwcipiendo;

87 5648 305 5709 caetera
338 5651 402 5689 ex
433 5652 561 5709 tttss.
596 5639 844 5695 restituta
877 5648 1026 5693 sunt.
1326 5706 1361 5709 ἡ
1506 5706 1515 5709 Α
1667 5704 1671 5709 τ

176 5721 200 5747 ε
248 5708 414 5762 Rom.
464 5708 596 5763 edit.
644 5710 968 5778 snla,cititts
1015 5709 1272 5779 expleant.
1319 5706 1384 5763 Et
1429 5706 1517 5779 qui
1537 5706 1717 5779 justus

95 5791 209 5847 est,
232 5778 552 5853 justiﬁcetur
580 5780 745 5835 adhuc
773 5776 857 5837 tet
883 5776 1092 5838 sanctus
1138 5776 1489 5853 sanctiﬁcatur
1524 5776 1714 5832 adhuc.

96 5852 253 5912 Ecce
310 5852 446 5920 enio,
472 5862 578 5909 etc.

1811 4725 2071 4790 poterunt
2116 4735 2129 4772 ε
2173 4732 2298 4771 nam
2342 4716 2483 4772 sicut
2528 4731 2595 4772 ex
2630 4731 2738 4773 uno
2767 4718 2948 4788 stipite
2992 4720 3206 4776 arboris
3232 4721 3411 4778 cuiuis

1812 4814 1988 4868 virtus
2016 4826 2291 4867 ramorum
2322 4809 2569 4881 procedit
2594 4826 2609 4873 ς
2642 4811 2713 4867 ita
2743 4819 2801 4867 et
2824 4828 2891 4869 ex
2921 4829 3029 4870 uno
3055 4814 3270 4871 Christo
3296 4831 3415 4871 om-

1815 4908 1898 4962 nis
1931 4912 2168 4978 potestas
2195 4912 2532 4960 sanctorum.
2562 4903 2668 4960 Per
2697 4916 2909 4976 portam
2935 4918 3114 4964 autem
3146 4908 3312 4981 588
3336 4909 3413 4965 ci-

1814 4999 1995 5055 vitatis
2023 5013 2311 5069 possumus
2339 4997 2590 5068 accipcre
2621 4999 3051 5057 misericordiam
3087 5012 3137 5061 et
3171 5001 3413 5058 clemen-

1820 5093 1950 5147 tiam
1996 5091 2110 5147 Dci.
2147 5090 2274 5147 Haec
2322 5099 2409 5148 est
2457 5100 2611 5163 porta
2637 5135 2652 5159 ,
2686 5107 2807 5164 qua:
2830 5092 2994 5164 iustis
3037 5095 3330 5163 aperietur,
3361 5104 3418 5152 et

1820 5188 2038 5259 iniustis
2067 5186 2381 5255 claudetur;
2408 5189 2533 5258 quia
2574 5189 2756 5257 iustos
2798 5190 2936 5244 intra
2964 5188 3141 5244 aulam
3180 5190 3416 5259 paradisi

1820 5280 2196 5339 misericordia
2244 5280 2426 5337 divina
2472 5281 2703 5353 recipiet
2739 5297 2752 5336 :
2789 5291 2811 5319 ε
2837 5295 2867 5335 a
2898 5296 2999 5351 qua
3041 5280 3417 5342 misericordia

1894 5416 1920 5454 ἀ
1962 5416 2107 5472 Etlit.
2151 5416 2276 5474 Gill.
2302 5459 2316 5484 ,
2363 5416 2509 5471 bonis
2540 5416 2777 5487 cperibus
2805 5414 3045 5485 abluere;
3074 5416 3329 5487 Rom.,...
3366 5441 3420 5479 se

1822 5490 2068 5554 abluere;
2115 5504 2343 5557 mss.,...
2394 5489 2596 5542 anirnas
2640 5504 2757 5542 snas
2802 5487 3031 5544 abluere.
3090 5490 3233 5548 Infra
3292 5508 3421 5551 vero

1826 5572 2055 5631 utraque
2081 5561 2239 5624 edit.,
2266 5562 2549 5631 aperietur,
2578 5560 2699 5630 quia
2742 5562 2941 5631 iustos;
2982 5576 3112 5619 mss.
3144 5579 3174 5620 e
3205 5575 3427 5622 contra-

1830 5636 1936 5699 rio,
1966 5630 2225 5695 aperietur
2249 5674 2263 5698 ,
2291 5630 2336 5686 et
2364 5631 2571 5701 iniustis
2599 5630 2889 5700 claudatur,
2921 5641 3025 5701 etc.

1909 5714 1931 5741 ο
1972 5702 2114 5758 Edit.
2146 5702 2563 5777 Gill.,fecipiet.
2595 5702 2840 5777 sequitur
2874 5720 2891 5758 :
2923 5702 3039 5777 Ego
3066 5706 3255 5777 Iesus;
3284 5710 3418 5766 edit.

1836 5777 2021 5849 llom.,
2054 5774 2281 5849 recipiet.
2308 5773 2596 5849 Sequitur:
2621 5773 2773 5831 Fet-is
2802 5773 3021 5831 cauea}.
3052 5789 3097 5833 et
3124 5773 3250 5849 feeit
3277 5798 3423 5838 men-

1836 5842 2070 5904 dacium.
2104 5842 2220 5919 Ego
2243 5842 2417 5903 Jesus.
2452 5844 2651 5904 Verum
2675 5854 2879 5905 tantam
2909 5842 3158 5909 lacunam
3184 5851 3427 5912 omnium
