3950 6314
583 287 687 342 967

1529 272 1623 331 ΑΒ
1651 271 1886 332 OPERA
1920 271 2170 332 SANCTI
2211 272 2536 332 AMBROSII
2575 270 2942 332 APPENDIX.
3733 273 3802 332 968

579 398 735 469 impii
765 395 926 452 alieni
969 393 1226 451 existent.
1267 389 1351 447 Ab
1389 388 1492 445 hac
1530 397 1689 460 porta
1737 388 1898 444 fatua:
1945 387 2182 460 virgines
2207 389 2262 452 Α
2287 390 2405 444 vita:
2451 389 2633 461 gratis.
2665 387 2780 445 Hoc
2821 385 3078 459 superius
3129 385 3234 458 (Ad
3277 401 3399 459 cap.
3441 385 3526 459 l2)
3569 389 3803 459 expositum

579 489 938 561 repellentur,
966 502 1088 558 qua:
1136 484 1316 541 oleum
1347 481 1632 540 charitatis
1673 481 1726 537 in
1758 480 1904 538 vasis
1931 481 2043 537 suis
2070 495 2176 537 non

577 580 856 638 habebunt
885 578 1102 653 (Matth.
1133 593 1262 646 xxv,
1298 575 1414 649 12).

651 673 831 745 (Vera.
880 668 996 744 i5.)
1025 669 1181 728 Unde
1207 678 1265 726 et
1292 669 1544 740 sequitur
1571 685 1586 723 :
1615 667 1772 722 Foris
1801 683 1987 736 canes,
2020 676 2066 722 et
2095 682 2177 722 ve-

573 766 750 836 neﬁci,
782 775 830 822 et
862 765 1137 836 impudici,
1169 773 1216 820 et
1256 762 1556 838 homicidae,
1587 771 1638 818 et
1680 762 1837 817 idolis
1880 763 2174 830 servientes,

572 872 622 916 et
649 860 818 915 omnis
845 859 936 930 qui
964 866 1107 913 amat
1139 866 1186 913 et
1217 859 1343 928 facit
1367 856 1717 911 mendacium.
1749 856 1854 911 Pcr
1880 869 2044 910 canes
2075 853 2176 910 lal-

571 970 666 1012 sos
717 953 1102 1026 praedicatores
1143 966 1434 1024 possumus
1481 949 1820 1023 intelligere,
1869 949 1938 1004 de
1980 947 2177 1019 quibus

571 1045 703 1103 dicit
741 1045 1021 1117 apostolus
1061 1043 1264 1100 Paulus
1295 1061 1309 1098 :
1345 1041 1530 1098 Videte
1567 1059 1722 1098 canes
1748 1083 1763 1108 ,
1802 1041 1969 1096 uidete
2013 1040 2178 1096 malos

521 1124 528 1131 “
571 1141 864 1214 aperarios,
891 1139 1056 1196 videte
1081 1137 1432 1194 concisionem
1477 1136 1704 1208 (Philip.
1747 1151 1825 1202 ιιι,
1856 1134 1946 1206 2);
1975 1142 2032 1190 et
2054 1149 2179 1206 pro-

572 1233 736 1305 pheta
766 1251 779 1286 :
803 1231 970 1288 Canes
992 1231 1122 1286 muti
1144 1246 1249 1285 non
1268 1234 1494 1284 valentes
1518 1232 1711 1283 latrare
1735 1225 1894 1300 (Isai.
1926 1241 2033 1292 LVI,
2060 1226 2176 1297 10);

570 1337 626 1384 et
658 1326 858 1384 iterum
884 1343 897 1379 :
923 1323 1087 1380 Canes
1123 1320 1566 1394 impudentissimi
1611 1320 1898 1375 nescierunt
1932 1317 2179 1372 saturita-

571 1433 696 1492 tem,
735 1422 839 1492 ipsi
873 1429 1102 1494 pastores
1147 1417 1512 1490 ignorarerunt
1553 1414 1944 1489 intelligentiam
1986 1411 2176 1483 (Ibid.,

575 1517 685 1589 ll).
716 1516 795 1572 De
818 1513 1036 1570 caeteris
1064 1512 1234 1579 vitiis,
1258 1526 1379 1583 quae
1410 1511 1502 1567 hic
1524 1511 1895 1578 continentur,
1926 1509 2178 1580 superius

572 1609 839 1666 diximus.
871 1607 1075 1664 Omnes
1101 1621 1232 1678 ergo
1259 1605 1351 1678 qui
1383 1605 1468 1660 his
1493 1605 1641 1660 vitiis
1663 1602 1866 1660 fuerint
1885 1601 2176 1669 sordidati,

568 1703 641 1760 ab
668 1703 759 1759 illa
779 1699 1118 1758 beatitudine
1146 1699 1504 1771 repellentur,
1524 1705 1579 1753 et
1608 1705 1811 1754 aeterna
1841 1711 1999 1767 poena
2025 1695 2179 1750 dam-

573 1797 872 1854 nabunlur.

643 1888 841 1963 (Vers.
876 1887 1003 1963 l6.)
1030 1887 1147 1962 Ego
1175 1885 1331 1943 Jesus
1375 1886 1495 1941 misi
1533 1885 1776 1956 angelum
1804 1901 1971 1940 meum
1997 1882 2178 1953 testiﬁ-

567 1984 679 2040 cari
720 1983 858 2039 vobis
898 1982 1008 2039 haec
1039 1982 1098 2036 in
1126 1979 1396 2034 Ecclesiis.
1441 1975 1558 2051 Ego
1587 1995 1704 2033 sum
1733 1977 1890 2033 radix
1933 1988 1979 2033 et
2018 1992 2178 2050 genus

568 2075 765 2146 Dauid,
803 2076 955 2131 stella
997 2071 1296 2148 splendida,
1324 2081 1372 2127 et
1394 2072 1667 2127 ntatutina.
1714 2070 1879 2127 David
1909 2070 2062 2127 radix
2092 2077 2177 2127 est

563 2171 838 2228 universae
865 2169 1055 2240 stirpis
1079 2182 1225 2233 suze;
1254 2166 1380 2237 quia
1403 2165 1546 2221 sicut
1574 2180 1642 2221 ex
1670 2180 1775 2220 una
1808 2163 1994 2220 radice
2019 2163 2174 2220 multi

567 2265 704 2320 rami
735 2262 1007 2330 oriuntur,
1040 2261 1113 2316 ita
1145 2268 1199 2317 et
1225 2274 1292 2316 ex
1321 2275 1429 2315 uno
1461 2257 1633 2314 David
1659 2273 1858 2330 magna
1889 2258 2174 2329 progenies

565 2365 654 2414 cst
675 2365 885 2413 exorta.
913 2354 1050 2410 Cum
1082 2367 1213 2424 ergo
1257 2351 1428 2408 David
1457 2350 1621 2408 fuerit
1649 2352 1802 2408 radix
1836 2350 2074 2418 Christi,
2105 2365 2172 2407 eo

566 2450 712 2524 quod
741 2451 808 2508 de
828 2452 1002 2524 stirpe
1023 2451 1140 2524 ejus
1159 2448 1409 2507 Christus
1432 2449 1596 2506 fuerit
1616 2457 1867 2516 exortus;
1896 2446 2172 2520 quomodo

562 2545 815 2603 Christus
863 2545 1104 2602 radicem
1143 2560 1204 2601 se
1234 2542 1368 2600 dicit
1397 2556 1521 2599 esse
1559 2541 1765 2598 David?
1795 2542 2045 2598 Christus
2075 2540 2175 2612 igi-

568 2649 658 2696 tur
703 2645 760 2695 et
801 2637 959 2695 radix
1011 2646 1067 2694 et
1110 2637 1255 2693 ﬁlius
1297 2644 1382 2693 est
1425 2634 1616 2692 David.
1649 2634 1824 2690 Radix
1853 2643 1938 2690 est
1966 2633 2167 2704 David;
2203 2691 2212 2698 ,

563 2733 691 2804 quia
717 2733 786 2790 ab
814 2732 934 2804 ipso
959 2729 1132 2787 David
1159 2738 1245 2788 est
1269 2737 1508 2795 creatus,
1532 2729 1674 2785 sicut
1700 2737 1754 2785 et
1777 2727 1964 2784 caeteri
1994 2727 2171 2784 homi-

562 2841 662 2883 nes
692 2844 706 2881 :
732 2825 874 2882 [ilius
893 2833 980 2881 est
1005 2822 1220 2890 David;
1257 2823 1386 2894 quia
1413 2837 1479 2877 ex
1507 2821 1629 2892 ejus
1655 2820 1919 2894 progenie
1949 2835 2172 2892 proces-

560 2922 635 2979 sit
665 2921 968 2978 secundum
994 2935 1237 2977 carnem.
1271 2919 1374 2988 Qui
1401 2918 1567 2975 etiam
1596 2918 1812 2974 stellam
1844 2917 2167 2973 matutinam

561 3029 625 3071 se
654 3023 833 3070 vocat.
859 3013 1027 3070 Stella
1055 3012 1341 3080 matutina,
1367 3027 1532 3082 quam
1565 3009 1856 3066 luciferum
1884 3023 2166 3075 vocamus,

564 3117 718 3166 recte
767 3107 1019 3164 Christus
1062 3105 1296 3173 dicitur;
1344 3107 1469 3178 quia
1498 3104 1640 3161 sicut
1679 3105 1769 3161 illa
1797 3119 1959 3160 mane
1986 3105 2170 3160 oriens

2280 491 2385 538 εει.

2353 575 2541 648 (Vcrs.
2572 575 2662 644 18,
2695 573 2811 648 l9.)
2849 573 3124 631 Contestor
3151 576 3295 630 omni
3320 574 3548 631 audienti
3570 576 3704 631 verba
3725 594 3807 648 pre-

2282 669 2472 740 phetia:
2502 668 2622 724 libri
2646 669 2803 742 hujus
2826 685 2846 722 :
2867 670 2914 724 si
2933 669 3052 741 quis
3081 669 3385 740 opposuerit
3407 670 3474 723 ad
3491 667 3620 737 haec,
3646 683 3811 741 apponat

2280 761 2423 817 Deus
2461 778 2616 835 super
2645 762 2796 817 illum
2847 762 3038 834 plagas
3083 763 3310 833 scriptas
3349 762 3402 817 in
3445 763 3572 817 libro
3600 762 3814 828 isto;ettt

2279 857 2396 928 quis
2424 855 2727 910 diminuerit
2753 855 2818 910 de
2844 856 3011 910 verbis
3041 855 3161 910 libri
3199 854 3486 926 prophetia
3507 857 3682 925 hujus,
3707 861 3813 926 aufe-

2281 961 2362 1004 rat
2390 949 2531 1006 Deus
2553 961 2752 1022 partem
2778 952 2889 1021 ejus
2915 950 2981 1004 de
3022 951 3154 1005 libro
3199 951 3338 1015 vitta,
3367 961 3415 1004 et
3445 952 3507 1006 de
3532 951 3717 1005 civitate
3735 968 3816 1005 sos-

2279 1055 2385 1113 cta,
2409 1055 2457 1100 et
2485 1045 2550 1100 de
2582 1045 2662 1100 his
2700 1062 2814 1116 qua:
2840 1046 3040 1114 scripta
3067 1056 3191 1102 sunt
3219 1046 3271 1100 in
3300 1046 3432 1101 libro
3461 1047 3581 1102 isto.
3620 1047 3734 1103 Cum
3756 1063 3817 1103 sa-

2281 1139 2469 1210 perius
2497 1138 2776 1211 praecipiat
2803 1139 3042 1211 angelus
3070 1139 3300 1208 Joanni,
3334 1141 3518 1197 dicens
3548 1160 3562 1194 :
3597 1141 3674 1196 Ne
3695 1143 3819 1214 signs-

2281 1232 2412 1285 veris
2437 1230 2586 1285 verba
2609 1230 2899 1302 prophetica
2925 1231 3044 1285 libri
3075 1231 3275 1304 hujus;
3303 1232 3430 1303 quid
3461 1243 3544 1289 est
3570 1233 3701 1304 quod
3719 1233 3818 1290 idem

2279 1321 2520 1380 Joannes
2551 1323 2603 1378 in
2636 1323 2741 1379 hoc
2785 1322 2905 1379 loco
2947 1323 3332 1381 maledictione
3383 1325 3616 1381 terribili
3657 1327 3822 1382 damnat

2280 1432 2399 1486 eos,
2429 1416 2519 1485 qui
2545 1416 2612 1472 ad
2644 1416 2970 1488 scripturam
2997 1416 3121 1472 libri
3145 1417 3306 1490 hujus
3330 1418 3507 1490 aliqua
3537 1419 3820 1484 addiderint;

2281 1512 2514 1568 maxime
2544 1527 2666 1568 cum
2697 1512 2752 1567 in
2789 1514 2891 1568 hoc
2931 1511 3076 1569 libro
3124 1513 3298 1568 multa
3347 1513 3718 1583 inveniantur,
3741 1531 3824 1586 qs:

2279 1607 2581 1663 secundum
2607 1607 2846 1662 litteram
2873 1606 3086 1662 inutilia
3119 1617 3174 1662 et
3203 1622 3346 1662 vana
3373 1622 3497 1664 esse
3525 1609 3823 1666 videbuntur;

2283 1701 2386 1757 nisi
2429 1701 2510 1756 eis
2557 1701 2822 1772 spiritalis
2854 1702 3216 1774 intelligentia
3247 1703 3605 1770 adhibeatur,
3638 1720 3722 1776 per
3742 1721 3826 1776 qua

2204 1793 2252 1854 B
2282 1795 2693 1868 intelligantur?
2725 1795 2926 1852 Verum
2976 1811 3084 1853 non
3117 1797 3188 1854 de
3217 1798 3656 1869 expositoribus,
3686 1801 3762 1856 sed
3783 1802 3829 1857 de

2282 1889 2556 1946 haereticis
2587 1890 2692 1948 hoc
2720 1890 2926 1947 dictum
2957 1906 3081 1948 esse
3117 1891 3431 1964 intelligere
3457 1893 3734 1961 debemns;
3761 1913 3826 1952 ex-

2281 1985 2490 2054 posilor
2513 1998 2748 2054 namque
2770 1983 2903 2039 nihil
2926 1983 3080 2040 addit
3100 1993 3194 2040 aut
3219 1986 3560 2043 minuit:sed
3578 1997 3666 2042 aut
3682 1988 3829 2044 obsca-

2280 2078 2472 2134 ritates
2500 2076 2740 2133 historia:
2767 2078 3092 2149 exponendo
3122 2079 3458 2149 manifestat,
3484 2091 3582 2137 aut
3603 2083 3830 2148 moralem,

2281 2179 2376 2226 aut
2403 2170 2704 2242 spiritalem
2735 2170 3153 2241 intelligentiam
3189 2170 3562 2228 demonstrat.
3592 2173 3832 2230 Haerentes

2278 2277 2412 2335 ergo
2439 2262 2719 2319 maledicit
2747 2305 2760 2329 ,
2791 2263 2881 2334 qui
2913 2263 2968 2317 in
3005 2261 3309 2333 Scripturis
3348 2263 3553 2320 divinis
3582 2266 3648 2321 ad
3685 2268 3833 2321 conﬁr-

2280 2357 2533 2412 mandam
2573 2356 2824 2412 haeresim
2854 2370 3007 2410 suam
3037 2355 3289 2425 quaedam
3322 2356 3459 2413 falsa
3490 2359 3829 2430 apponebant,

2277 2459 2333 2506 et
2355 2450 2604 2522 quaedam
2632 2449 3021 2517 detrahebant,
3046 2465 3168 2522 quae
3187 2467 3377 2508 eorum
3399 2451 3603 2509 haeresi
3629 2453 3834 2510 videban-

2279 2553 2367 2600 tur
2392 2542 2518 2602 esse
2546 2544 2846 2601 contraria.

2347 2639 2530 2710 (Vers.
2554 2637 2674 2710 20.)
2700 2637 2840 2692 Dicit
2867 2637 2958 2708 qui
2989 2639 3344 2694 testimonium
3370 2639 3610 2711 perhibet
3634 2642 3834 2696 istorum;

2277 2732 2451 2789 Etiam
2476 2734 2623 2788 venio
2653 2733 2754 2787 cito
2777 2776 2792 2798 ,
2825 2749 2996 2788 amen.
3046 2732 3202 2802 Veni,
3235 2733 3462 2790 Domine
3490 2734 3520 2773 ι’
3549 2734 3696 2790 Jesst.
3723 2735 3831 2792 Chri-

2271 2838 2388 2885 stus
2416 2827 2592 2884 dicit:
2626 2825 2787 2882 Venio
2809 2829 2912 2882 cito
2938 2869 2954 2896 ,
2977 2826 3219 2884 Joannes
3261 2827 3444 2899 petit:
3480 2827 3630 2893 Veni,
3663 2829 3836 2884 Domist

2271 2923 2437 2988 Iesu;
2463 2933 2518 2980 et
2547 2938 2645 2978 nos
2671 2922 2967 2978 adventum
3013 2921 3216 2978 Christi
3261 2923 3460 2980 multis
3494 2925 3670 2980 modis
3697 2935 3835 2994 post»

2274 3017 2388 3073 lare
2417 3016 2704 3072 debemus.
2737 3015 3088 3071 Postulamus
3135 3031 3374 3088 namque
3425 3016 3715 3074 adventum
3753 3019 3834 3087 ejus

2275 3111 2328 3166 in
2373 3108 2627 3166 oratione
2667 3108 2953 3165 Dominica
2979 3151 2996 3178 ,
3023 3109 3271 3181 quotidie
3313 3110 3572 3168 dicentes
3599 3113 3835 3166 :Adtﬂisl

565 3199 918 3279 splendorem
959 3213 1117 3255 suum
1151 3215 1248 3271 per
1278 3199 1594 3256 universum
1625 3197 1886 3254 mundum
1928 3196 2164 3268 spargit,
2195 3197 2240 3260 C
2273 3219 2486 3276 regnum
2517 3211 2660 3257 tuum
2691 3201 2910 3276 (Matth.
2944 3218 3029 3270 vr,
3063 3201 3153 3274 10)
3177 3243 3194 3270 ,
3227 3202 3280 3258 id
3314 3212 3438 3271 est,
3483 3214 3694 3278 tempus
3727 3205 3834 3276 quod

562 3299 638 3356 ita
660 3305 717 3354 et
740 3297 992 3353 Christus
1013 3293 1239 3352 veniens
1266 3295 1321 3351 in
1343 3293 1626 3363 mundum,
1649 3293 1956 3349 universam
1979 3289 2166 3348 mundi

563 3393 758 3450 faciem
805 3388 1132 3449 illuminavit
1167 3407 1181 3444 :
1213 3388 1308 3463 qui
1354 3403 1462 3445 non
1507 3388 1931 3460 incongruenter
1974 3385 2170 3442 lucifer

563 3495 826 3554 vocatur;
854 3485 980 3558 quia
1007 3484 1231 3541 veniens
1262 3483 1316 3539 in
1342 3481 1629 3548 mundum,
1659 3483 1836 3538 lucem
1863 3495 2049 3537 secum
2076 3479 2168 3536 de-

558 3581 719 3650 tulit,
749 3596 855 3653 qua
897 3579 1152 3637 tenebras
1197 3577 1363 3650 hujus
1411 3576 1601 3633 mundi
1646 3574 1924 3632 exstinxit.
1957 3574 2035 3630 De
2063 3573 2166 3630 hoc

561 3676 788 3734 lucifero
816 3675 920 3732 Job
949 3673 1190 3746 loquitur
1217 3673 1408 3730 dicens
1433 3690 1447 3727 :
1475 3671 1577 3738 Qui
1603 3669 1849 3744 producit
1889 3669 2167 3741 luciferum

559 3774 615 3829 in
635 3763 865 3846 tempore
887 3788 982 3828 suo
1013 3768 1161 3842 (Job.
1194 3785 1422 3838 xxxvnt,
1450 3765 1566 3841 52).
1604 3766 1918 3825 Luciferum
1945 3767 1997 3821 in
2031 3773 2167 3822 tem-

561 3883 695 3941 pore
718 3883 819 3926 suo
848 3867 992 3924 Deus
1021 3865 1188 3924 Pater
1215 3865 1496 3938 produxit,
1527 3863 1750 3936 quando
1776 3861 1974 3918 Filium
2007 3875 2166 3917 suum

559 3972 805 4035 tempore
829 3961 1131 4019 constituto
1165 3960 1231 4016 ad
1258 3958 1635 4018 redimendum
1665 3971 1840 4030 genus
1867 3955 2166 4012 humanum

559 4056 782 4115 direxit.

557 4155 599 4219 ε
631 4152 815 4226 (Vers.
849 4151 963 4224 Π.)
998 4160 1024 4188 ⁸
1061 4149 1131 4205 Et
1184 4166 1404 4223 sponsus
1435 4157 1484 4206 et
1532 4164 1728 4222 sponsa
1752 4147 1980 4203 dicunt:
2013 4145 2164 4200 Veni.

560 4245 807 4316 Sponsus
836 4254 894 4301 et
920 4257 1120 4315 sponsa
1143 4283 1158 4310 ,
1188 4243 1243 4300 id
1270 4252 1377 4310 est,
1405 4242 1660 4298 Christus
1691 4251 1748 4298 et
1773 4240 2018 4298 Ecclesia
2049 4254 2167 4296 om-

561 4353 661 4394 nes
690 4336 941 4394 homines
969 4351 1068 4409 per
1107 4336 1423 4408 Scripturas
1452 4343 1509 4391 et
1548 4351 1647 4406 per
1678 4333 2067 4405 praedicatores
2095 4332 2164 4388 ad

558 4431 907 4505 percipienda
957 4431 1182 4501 praemia
1226 4429 1562 4499 sempiterna
1602 4427 1847 4500 quotidie
1887 4427 2161 4482 invitant:

561 4525 630 4582 Et
655 4527 742 4597 qui
769 4525 935 4593 audit,
964 4524 1104 4579 dicat
1130 4538 1148 4578 :
1177 4521 1334 4578 Veni.
1363 4521 1604 4578 Audiunt
1637 4529 1818 4578 autem
1848 4534 1955 4576 non
1986 4519 2161 4575 solum

2271 3306 2394 3367 post
2421 3295 2885 3353 resurrectionem
2910 3296 3155 3351 futurum
3179 3304 3286 3364 est,
3309 3298 3360 3352 in
3392 3314 3506 3370 quo
3535 3314 3718 3355 omnes
3741 3313 3835 3353 san-

2266 3391 2340 3446 cti
2367 3406 2493 3447 eum
2521 3391 2740 3447 Christo
2771 3390 2893 3447 sine
2917 3391 3026 3448 line
3053 3392 3382 3463 regnabunt.
3436 3393 3494 3448 In
3531 3395 3756 3465 peccatis
3773 3394 3835 3463 ja-

2267 3499 2493 3553 cemus;
2524 3499 2750 3542 necesse
2783 3485 3048 3542 habemus
3074 3494 3134 3541 ut
3171 3485 3502 3556 paenitendo
3527 3530 3543 3554 ,
3579 3486 3834 3558 plorando,

2266 3579 2499 3646 orando,
2514 3577 2856 3647 abstinendo,
2875 3578 3251 3652 eleemosynas
3266 3579 3577 3652 largiendo,
3592 3582 3837 3637 adventum

2265 3674 2391 3746 ejus
2433 3673 2833 3746 deprecemur;
2877 3684 2936 3730 ut
2975 3675 3045 3731 ad
3089 3691 3190 3733 nos
3232 3677 3677 3734 misericordiam
3721 3692 3838 3733 sum

2269 3765 2632 3838 impendenda
2667 3765 2890 3832 redeat,
2917 3783 2949 3822 a
2977 3768 3176 3840 quibus
3207 3769 3369 3826 malis
3395 3772 3608 3827 nostris
3634 3772 3838 3828 irritatas

2268 3858 2621 3916 discesserat.
2674 3857 2733 3914 In
2779 3860 3023 3916 tenebris
3069 3861 3402 3932 ignorantiae
3443 3863 3613 3933 positi
3642 3878 3834 3923 sumus;

2269 3953 2654 4024 deprecandus
2683 3963 2768 4009 est
2800 3953 3060 4009 Dominus
3080 3994 3097 4021 ,
3131 3963 3189 4009 ut
3216 3954 3430 4022 veniat,
3458 3966 3517 4012 et
3559 3956 3750 4012 lumine
3775 3968 3838 4009 st-

2269 4049 2492 4119 pientiae
2523 4063 2640 4105 suae
2664 4048 2830 4106 corda
2854 4057 3038 4105 nostra
3069 4048 3365 4105 illuminet.
3396 4050 3482 4107 Ab
3512 4050 3836 4107 invisibilibss

2269 4143 2517 4200 hostibus
2560 4144 2976 4216 impugnamur;
3018 4142 3295 4214 rogandus
3343 4153 3434 4200 est
3483 4144 3772 4209 Dominus,
3800 4149 3841 4195 at

2270 4237 2485 4304 veniat,
2517 4245 2574 4294 et
2616 4239 2685 4294 ab
2734 4237 2814 4292 eis
2861 4235 3120 4290 invisibili
3167 4235 3416 4307 potentia
3450 4252 3556 4293 nos
3599 4235 3841 4293 defendat.

2268 4331 2526 4388 Visibiles
2553 4331 2738 4388 hostes
2758 4329 3024 4402 patimur,
3045 4330 3428 4401 implorandus
3458 4341 3548 4389 est
3578 4333 3840 4388 Dominus;

2268 4433 2328 4480 ut
2359 4425 2616 4491 veniens,
2646 4424 2966 4496 patientiam
3006 4432 3063 4480 et
3103 4424 3458 4480 tolerantiam
3509 4426 3670 4481 nobis
3701 4426 3749 4480 in
3772 4421 3844 4476 ad-

2268 4518 2447 4576 versis
2479 4519 2712 4585 tribuat;
2746 4528 2806 4574 ut
2834 4533 2944 4575 non
2969 4518 3252 4574 vincamur
3277 4534 3307 4573 a
3340 4519 3533 4589 malo,
3567 4521 3664 4577 sed
3691 4521 3843 4575 vinca-

555 4618 633 4675 illi
663 4616 756 4690 qui
784 4616 993 4674 divinas
1017 4616 1332 4688 Scripturas
1364 4615 1713 4688 intelligunt,
1746 4612 1844 4670 sed
1871 4622 1928 4670 et
1957 4612 2038 4668 illi
2067 4615 2160 4684 qui
2190 4603 2239 4665 D
2267 4629 2389 4669 mus
2419 4614 2470 4669 in
2501 4613 2642 4670 bono
2675 4612 2901 4669 malum.
2949 4613 3088 4670 Sunt
3117 4613 3209 4668 alii
3252 4611 3443 4670 hostes
3471 4613 3781 4677 interiores,
3805 4620 3846 4667 ὅ

557 4727 622 4770 ea
651 4711 791 4769 bona
833 4712 1032 4778 sciunt,
1063 4726 1163 4783 per
1189 4726 1310 4783 qum
1335 4710 1537 4767 salvari
1566 4718 1823 4782 possunt.
1852 4707 2004 4765 Multi
2031 4715 2159 4764 sunt

555 4822 687 4864 vero
711 4805 806 4879 qui
836 4804 1083 4871 audiunt,
1112 4804 1166 4862 id
1193 4813 1301 4874 est,
1330 4806 1425 4876 qui
1451 4804 1633 4861 divina
1667 4803 1921 4860 mandata
1951 4802 2158 4860 didice-

553 4909 685 4958 runt
725 4917 740 4955 :
781 4899 877 4957 sed
907 4914 1016 4956 non
1044 4899 1299 4966 veniunt,
1331 4901 1460 4971 quia
1490 4914 1554 4956 ea
1584 4913 1753 4970 opere
1781 4897 2011 4969 implere
2061 4912 2156 4954 ne-

550 4995 780 5067 gligant.
823 4993 927 5063 Qui
974 4990 1139 5065 igitur
1168 4992 1342 5060 audit,
1372 5007 1604 5050 necesse
1630 5003 1714 5049 est
1740 5000 1802 5047 ut
1827 4991 2011 5047 veniat
2042 5008 2055 5044 :
2098 4998 2156 5046 et

548 5089 643 5162 qui
679 5090 794 5161 jam
839 5087 1008 5160 coepit
1053 5085 1358 5144 venire‘ad
1409 5086 1581 5144 Deum
1630 5101 1724 5156 per
1754 5085 1896 5140 viam
1927 5099 2151 5156 operum

551 5181 844 5248 honorum,
876 5195 1106 5238 necesse
1134 5179 1301 5236 habet
1347 5186 1407 5234 ut
1454 5187 1510 5235 et
1560 5176 1697 5235 alios
1745 5193 1928 5234 secum
1968 5177 2156 5233 admo-

550 5273 732 5332 nendo
755 5273 1057 5347 pertrahat.
1089 5271 1161 5327 Et
1187 5272 1275 5343 qui
1301 5271 1448 5340 sitit,
1478 5271 1679 5339 ueniat;
1709 5269 1762 5326 id
1791 5279 1897 5338 est,
1925 5268 2021 5342 qui
2042 5269 2156 5324 sitit

547 5369 716 5425 vitam
743 5377 1001 5426 aeternam
1023 5409 1040 5437 ,
1070 5367 1140 5424 ad
1178 5382 1298 5424 eam
1329 5381 1427 5439 per
1453 5367 1596 5423 viam
1627 5367 1897 5423 bonorum
1926 5381 2154 5438 operum

547 5461 737 5519 venire
756 5475 816 5520 se
832 5461 1037 5520 debere
1062 5468 1360 5533 cognoscat
1383 5477 1397 5514 :
1427 5459 1530 5528 Qui
1558 5461 1689 5530 vult,
1720 5460 1944 5532 accipiat
1967 5476 2156 5532 aquam

554 5660 690 5706 mss.
720 5655 943 5706 reoarat
969 5647 1288 5705 auctoritas.

625 5728 652 5757 ι
690 5716 820 5776 Gill.
862 5721 919 5775 in
967 5729 1116 5776 textu
1153 5738 1166 5773 :
1207 5719 1270 5774 Et
1325 5733 1547 5790 sponsus
1592 5724 1640 5773 et
1669 5731 1903 5790 sponsa,
1934 5717 1991 5771 id
2029 5726 2147 5790 esti,

550 5789 817 5858 Christus;
848 5789 910 5846 in
947 5792 1211 5861 margine,
1254 5787 1364 5861 vel:
1377 5789 1623 5861 spiritus;
1667 5789 1827 5861 Rom.
1869 5804 2008 5861 vero
2035 5831 2048 5856 ,
2080 5787 2152 5845 Et

551 5862 769 5934 spiritus
796 5873 848 5919 et
872 5858 1316 5934 sponsadicunt:
1347 5858 1476 5917 Veni
1495 5900 1512 5929 ,
1541 5860 1597 5914 id
1628 5874 1723 5931 est,
1752 5858 2011 5931 Christus,
2038 5869 2148 5919 etc.

2268 4709 2443 4764 multo
2468 4707 2793 4778 deteriores,
2822 4724 2854 4765 a
2878 4707 3074 4780 quibus
3099 4705 3485 4765 indesinenter
3505 4709 3843 4769 debellaanr,

2265 4804 2502 4860 avaritia
2530 4803 2806 4870 videlicet,
2837 4803 2961 4874 gula
2989 4844 3004 4870 ,
3034 4801 3230 4871 libido,
3263 4803 3502 4872 invidia,
3537 4805 3640 4870 ira,
3667 4801 3841 4858 odi-tl.

2263 4896 2542 4968 superbia,
2559 4910 2698 4952 vana
2720 4896 2916 4968 gloria,
2938 4905 3120 4951 tumor
3139 4894 3364 4962 mentis,
3383 4894 3672 4966 despectio
3694 4889 3843 4964 proxi-

2263 5008 2500 5060 morum,
2530 4991 2908 5063 blasphemim,
2935 4999 2992 5046 et
3020 4990 3112 5046 alii
3140 4989 3334 5058 multi,
3367 5005 3513 5063 quos
3540 4991 3758 5061 longum
3778 4995 3844 5042 est

2263 5102 2491 5159 ponere.
2518 5087 2612 5144 [sti
2633 5097 2761 5144 sunt
2783 5088 2964 5158 itaque
2992 5085 3181 5142 hostes
3203 5085 3457 5159 pessimi,
3490 5086 3584 5157 qui
3611 5100 3684 5140 ex
3715 5079 3843 5138 nobis

2261 5153 2554 5252 prodeunt,
2585 5188 2641 5236 et
2669 5153 2952 5236 nobiscum
2981 5153 3308 5245 morantur:
3331 5186 3393 5234 et
3415 5153 3621 5249 jugiter
3648 5189 3745 5230 nos
3765 5172 3840 5226 de-

2259 5272 2483 5329 bellant.
2531 5271 2745 5328 Habent
2784 5279 2968 5327 autem
2997 5279 3054 5327 et
3084 5269 3518 5326 innumerabilia
3541 5268 3723 5341 jaeula
3753 5277 3841 5319 :—

2261 5366 2436 5422 larum
2478 5365 2869 5437 cogitationum
2897 5405 2913 5432 ,
2939 5365 3138 5437 quibus
3167 5363 3393 5421 assidue
3423 5378 3528 5421 nos
3554 5363 3838 5419 vulnerant-

2259 5460 2316 5518 Si
2349 5476 2480 5534 ergo
2506 5461 2796 5518 interiores
2825 5459 3020 5518 hostes
3059 5460 3354 5530 deessent;
3391 5471 3415 5500 ο
3442 5453 3840 5518 ειιθιίοιεδιξῡ·

2260 5645 2366 5703 Sed
2397 5660 2589 5704 omnes
2613 5659 2747 5704 mss.
2780 5646 3063 5703 nobiseum
3089 5645 3318 5703 iaciunt.

2329 5717 2357 5756 ι)
2569 5763 2583 5787 ,
2631 5718 2760 5802 Jesu
2797 5719 3028 5802 Christe.
3076 5717 3258 5774 Dicit:
3293 5716 3462 5774 Venio
3498 5715 3641 5787 cito;
3669 5711 3840 5773 melis:

2260 5805 2392 5847 mss.
2422 5800 2481 5846 ut
2507 5800 2562 5846 in
2587 5800 2870 5848 contextu.
3799 5854 3806 5859 _
3837 5856 3840 5859 _

2334 5874 2356 5903 ο
2398 5861 2617 5920 Eaedem
2646 5862 2776 5920 edit.
2803 5905 2816 5932 ,
2847 5863 3126 5920 exteriores
3153 5861 3328 5920 hostes
3354 5863 3506 5921 nullo
3536 5863 3697 5920 modo
3721 5901 3737 5930 ,
3761 5854 3840 5912 ἠδέ
