3950 6314
92 304 192 361 969

1168 296 1372 357 LIBER
1411 297 1501 356 DE
1543 297 2013 358 PleTENTIA.
2056 297 2394 358 MONITUM.

3277 303 3383 363 970

88 426 195 474 stes
249 415 383 471 nihil
433 414 591 471 nobis
645 430 842 472 nocere
896 424 1148 487 possent;
1200 416 1288 471 isti
1341 426 1472 470 sunt
1521 415 1665 470 enim
1695 419 2026 479 Asermone
2085 416 2748 489 proferaturzsciantqne
2794 416 3083 474 Dominum
3128 428 3376 476 nostrum

86 508 393 582 proditores
445 507 682 564 civitatis
732 520 972 577 nostrze,
1020 519 1077 565 et
1125 510 1433 565 ettcriores
1487 508 1674 563 hostes
1770 506 1954 563 Jesum
1978 506 2255 563 Christum
2281 520 2623 567 sacramenta
2649 509 2915 566 doctrinae
2937 526 3049 566 sure
3070 527 3174 566 non
3202 513 3380 583 primo

85 603 233 660 nullo
276 603 472 668 modo,
505 602 609 658 nisi
644 617 740 673 per
769 601 935 668 istos,
970 602 1249 658 civitatem
1281 602 1466 656 cordis
1497 601 1670 656 nostri

83 710 309 772 possunt
330 714 547 770 capere.
574 697 848 769 Rogemus
869 698 1035 770 igitur
1063 698 1350 753 Dominum
1382 707 1440 752 ut
1467 697 1671 762 veniat,

80 806 134 851 et
161 795 296 850 istos
323 793 744 849 immanissimos
773 792 956 849 hostes
986 793 1038 848 in
1070 793 1230 849 nobis
1257 792 1500 848 funditus
1531 801 1557 828 λ
1579 807 1674 847 ex-

77 888 340 959 stinguat,
361 887 486 958 quia
517 885 620 942 nisi
651 887 1090 958 cxstinguantur,
1115 903 1215 944 nos
1242 887 1378 942 salvi
1409 900 1533 942 esse
1565 901 1670 941 non

77 995 391 1054 possumus.

146 1075 327 1149 (Vers.
358 1073 476 1146 21.)
516 1074 700 1131 Gratia
747 1074 956 1130 Domini
1000 1077 1162 1131 nostri
1205 1073 1335 1132 Jesu
1364 1075 1559 1130 Christi
1608 1074 1673 1129 sit

74 1188 191 1226 cum
233 1171 469 1226 omnibus
509 1171 670 1227 vobis.
721 1171 904 1226 Amen.
957 1172 1040 1228 Sit
1082 1182 1134 1228 et
1186 1172 1350 1246 589
1390 1171 1670 1226 nobiscum

71 1267 243 1339 gratia
279 1265 491 1320 Domini
522 1265 655 1321 Jesu
680 1265 904 1332 Christi,
927 1273 984 1320 et
1010 1266 1104 1322 det
1134 1268 1294 1321 nobis
1321 1281 1469 1320 arma
1503 1265 1673 1318 virtu-

72 1368 207 1423 tum,
241 1358 442 1430 quibus
491 1359 720 1424 muniti,
754 1359 875 1427 ipso
905 1359 1042 1416 duce
1089 1372 1253 1430 atque
1300 1357 1589 1430 signifero,
1619 1367 1674 1413 et

71 1451 139 1507 ab
169 1451 521 1508 interioribus
554 1451 808 1508 hostibus
835 1495 852 1521 ,
884 1464 938 1508 et
966 1452 1036 1509 ab
1076 1453 1442 1508 exterioribus
1483 1451 1673 1507 defen—

67 1546 301 1613 damur;
329 1556 388 1604 ιιι
414 1548 540 1603 vita:
580 1556 806 1604 aeterna:
847 1549 1144 1619 participes
1167 1563 1290 1605 esse
1323 1563 1630 1604 mereamur
1657 1566 1671 1603 :

66 1642 158 1712 qui
189 1659 316 1698 cum
348 1643 510 1700 Patre
548 1652 606 1700 et
643 1643 851 1716 Spiritu
892 1655 1083 1700 sancto
1123 1644 1256 1700 vivit
1295 1654 1350 1700 et
1388 1651 1582 1716 regnat
1616 1643 1669 1700 in

65 1737 269 1794 saecula
302 1737 652 1795 saeculorum.
687 1741 883 1795 Amen.

1773 601 2142 672 philosophis,
2167 603 2262 658 sed
2291 603 2652 673 piscatoribus
2678 604 2842 678 590
2869 605 3180 670 tradidisse,
3201 617 3259 662 ut
3283 623 3380 677 per

1774 695 2077 765 piscatores
2109 697 2319 751 veniret
2360 696 2426 750 ad
2460 698 2840 768 philosophos.
2889 696 3110 755 Etenim
3154 701 3244 756 ille
3286 701 3379 771 qui

1773 787 1928 843 dedit
1953 788 2121 844 asiam
2151 797 2399 844 sensatos
2422 805 2709 845 sermones
2738 790 2804 846 ad
2837 793 3220 863 corrigentlam
3254 807 3379 862 pro-

1773 881 1952 953 phctre
1983 883 2356 952 insipientiam
2391 882 2582 954 (Nam.
2614 899 2748 950 xxn,
2783 884 2874 953 30)
2899 925 2912 948 .
2947 885 3066 954 ipse
3112 885 3243 940 mihi
3295 885 3380 940 in-

1774 975 1940 1045 digno
1971 983 2028 1030 et
2057 975 2300 1030 omnium
2336 974 2616 1031 hominum
2649 977 2916 1032 vilissimo
2955 977 3374 1049 intelligentiam

1772 1068 1896 1124 libri
1926 1069 2090 1138 hujus
2120 1084 2184 1125 ex
2216 1080 2371 1139 parte
2401 1069 2607 1124 donare
2633 1070 2888 1141 dignatus
2917 1080 3020 1126 est.
3057 1072 3168 1142 Ego
3193 1081 3376 1128 autem

1774 1170 2012 1217 tractans
2045 1161 2187 1231 apud
2210 1178 2294 1217 me
2320 1161 2452 1217 illud
2478 1161 2790 1218 Salomonis
2815 1179 2828 1216 :
2856 1163 3133 1230 Sapientia
3161 1165 3380 1220 abscon-

1774 1258 1903 1318 dita.
1920 1266 1966 1310 et
1985 1255 2256 1312 thesaurus
2273 1257 2493 1322 invisas,
2507 1273 2623 1326 qua:
2642 1257 2841 1311 utilitas
2863 1258 2914 1312 in
2936 1260 3164 1329 utrisque
3185 1259 3377 1331 (Ecrli.

1774 1365 1868 1416 xx,
1897 1351 2033 1418 52)?
2061 1350 2348 1420 Simulque
2373 1350 2732 1406 considerans
2777 1366 2945 1422 grave
2990 1353 3121 1405 mihi
3167 1351 3382 1422 pericu—

1774 1440 1881 1497 lum
1915 1442 2226 1508 imminere,
2276 1444 2320 1498 si
2375 1441 2762 1514 parvissimnm
2814 1442 3132 1499 thesaurum
3161 1486 3176 1512 ,
3212 1461 3378 1515 quem

1774 1535 1906 1591 mihi
1939 1533 2295 1606 omnipotens
2340 1535 2483 1590 Deus
2513 1535 2702 1607 largiri
2733 1535 2988 1607 dignatus
3011 1546 3119 1604 est,
3150 1537 3383 1594 tacendo

1773 1628 2168 1685 absconderem
2196 1647 2208 1683 :
2237 1630 2597 1685 considerans
2643 1630 2808 1684 etiam
2842 1647 2945 1684 non
2989 1645 3077 1686 me
3110 1645 3232 1685 esse
3266 1631 3384 1687 ido-

1775 1737 1938 1776 neum
1991 1721 2056 1776 ad
2107 1721 2350 1777 docenda
2396 1736 2459 1778 ea
2497 1738 2620 1792 qua:
2663 1722 3063 1793 intelligebam,
3121 1739 3188 1780 eo
3237 1725 3382 1795 quod

1693 1815 1742 1874 B
1771 1816 1956 1872 nullus
2009 1815 2384 1880 inveniretur,
2416 1816 2506 1887 qui
2548 1830 2701 1871 more
2742 1815 3027 1887 discipuli,
3061 1815 3384 1888 dignaretur

411 1877 807 1942 AUCTORIS
851 1879 1329 1942 ADMONITIO.

137 2001 162 2039 ιι
203 2002 463 2075 Quisquis
491 2018 690 2058 nomen
722 2005 963 2059 auctoris
991 2003 1134 2058 scire
1171 2002 1455 2058 desideras
1475 2043 1491 2070 ,
1521 2000 1672 2057 litte-

62 2113 152 2154 ras
178 2097 586 2170 expositionum
618 2098 673 2155 in
706 2098 982 2169 capitibus
1008 2109 1218 2170 septem
1250 2097 1532 2152 Visionum
1566 2097 1674 2168 pri-

60 2205 185 2246 tnas
215 2189 462 2247 attende.
513 2189 788 2246 Numerus
834 2198 1069 2262 quatuor
1111 2190 1384 2245 vocalium
1429 2204 1551 2260 quae
1581 2189 1674 2244 de-

59 2293 217 2349 sunt,
250 2284 300 2340 si
328 2283 552 2341 Grazeas
583 2284 835 2354 posueris
859 2326 876 2351 ,
908 2292 992 2358 est
1021 2281 1262 2340 LXXXI.
1298 2283 1439 2339 Ecce
1469 2289 1674 2354 quanta

58 2380 221 2450 potui
254 2378 522 2436 brevitate
547 2379 691 2435 hunc
721 2379 919 2435 librum
945 2377 1268 2448 conscripsi.
1304 2375 1548 2433 Obsecro
1574 2392 1675 2432 au-

60 2482 172 2529 tem
209 2483 266 2530 te
291 2514 308 2540 ,
340 2473 430 2530 cui
458 2472 612 2529 dedit
655 2473 798 2530 Deus
839 2472 1125 2529 scientiam
1158 2471 1463 2527 litterarum
1484 2513 1500 2538 ,
1534 2479 1590 2527 et
1621 2470 1676 2527 in

56 2569 226 2640 cujus
257 2569 518 2624 manibus
551 2567 643 2624 hic
670 2569 810 2623 liber
836 2565 904 2622 ad
936 2565 1224 2639 legendum
1272 2565 1590 2631 devenerit;
1621 2574 1679 2646 ut

60 2677 178 2716 non
216 2669 445 2734 propter
474 2659 720 2717 fmtidam
749 2675 814 2716 ac
844 2659 1263 2715 rusticissimam
1306 2658 1676 2714 elocutionem

54 2769 361 2813 sermones
411 2755 574 2826 hujus
619 2753 745 2809 libri
789 2752 1058 2824 abjicias:
1101 2752 1199 2809 sed
1232 2752 1451 2808 imitare
1496 2752 1680 2823 p0tius

55 2852 249 2921 illum,
277 2853 372 2926 qui
410 2867 683 2924 gemmam
718 2851 771 2906 in
799 2849 1143 2922 sterquilinio
1171 2857 1443 2920 repertam
1474 2848 1678 2904 tamdiu

52 2964 208 3021 aqua
244 2949 415 3004 nitida
462 2947 670 3015 abluit,
703 2961 879 3018 usque
923 2945 1050 3001 dum
1080 2944 1147 3000 ad
1179 2943 1531 3016 splendorem
1567 2942 1680 3014 pri-

53 3043 276 3100 stinum
331 3041 684 3112 perveniret;
714 3039 790 3098 ita
839 3048 897 3097 et
943 3048 1000 3095 tu
1050 3054 1189 3111 aqua
1239 3039 1524 3109 sapientiae
1572 3047 1679 3092 tua:

54 3137 233 3194 ablue
283 3136 574 3207 imperitia:
619 3151 758 3192 mea;
801 3132 1028 3200 sordes,
1066 3133 1284 3204 tuisque
1330 3130 1575 3202 pulchris
1624 3139 1681 3185 et

54 3227 398 3299 compositis
431 3227 615 3283 verbis
655 3241 943 3284 sermones
975 3224 1139 3297 hujus
1173 3225 1296 3280 libri
1337 3223 1677 3282 necessarios
1705 3211 1750 3275 C

52 3321 281 3377 adorna
308 3361 326 3389 ,
355 3330 624 3390 quatenus
676 3335 785 3376 non
836 3319 951 3390 jam
995 3334 1026 3374 a
1072 3317 1328 3390 superbis
1379 3315 1680 3372 lectoribus

54 3415 288 3472 utilitas
323 3413 450 3471 libri
493 3429 654 3471 causa
683 3413 1007 3470 rusticitatis
1038 3411 1346 3483 abjiciatur.
1376 3411 1505 3469 Scio
1532 3411 1678 3466 enim

51 3509 218 3580 quod
269 3507 388 3564 hmc
430 3523 550 3563 mea
594 3506 838 3574 impolita
887 3504 1113 3562 dictatio
1150 3521 1181 3561 a
1219 3505 1405 3560 multis
1450 3503 1680 3559 scientia

53 3603 386 3660 litterarum
416 3601 641 3658 tumidis
685 3601 988 3672 despuetur
1025 3609 1189 3671 atque
1227 3597 1676 3654 subsannabitur.

51 3698 516 3769 lndignabuntur
544 3697 710 3754 etiam
741 3706 932 3753 contra
979 3711 1068 3752 me
1088 3735 1104 3762 ,
1131 3709 1229 3750 cur
1255 3709 1357 3761 ego
1387 3692 1554 3750 idiota
1583 3732 1599 3758 ,
1631 3701 1684 3748 et

51 3791 209 3849 nihil
240 3791 447 3857 sciens,
477 3791 920 3863 prtesumpserim
945 3804 1113 3860 super
1136 3796 1299 3843 tantm
1329 3784 1685 3844 obscuritatis

47 3885 277 3943 librum
302 3886 555 3943 volumen
579 3884 955 3956 Expositionis
976 3882 1203 3940 cudere.
1227 3881 1686 3951 Quibusrespon-

48 3981 175 4038 deo
208 3979 341 4052 quia
365 3980 510 4036 sicut
548 3987 708 4037 terra:
735 3978 906 4034 sterili
933 3977 1170 4050 amplius
1194 3973 1409 4046 prolicit
1437 3974 1683 4044 aspersio

46 4071 375 4141 stercoris,
405 4087 568 4145 quam
594 4071 826 4143 alicujus
871 4070 1076 4127 metalli
1115 4067 1375 4140 pretiosi;
1404 4066 1479 4122 ita
1511 4075 1566 4122 et
1593 4066 1680 4122 in-

43 4168 255 4226 doctis
290 4166 601 4223 hominihus
631 4165 753 4236 plus
781 4164 997 4236 prolicit
1040 4163 1222 4219 divina
1251 4160 1535 4232 Scriptura
1562 4174 1677 4217 me-

41 4263 350 4322 diocriter
377 4262 589 4334 prolata
618 4302 634 4330 ,
664 4276 826 4333 quam
855 4260 900 4316 si
933 4257 1318 4332 philosophica
1340 4265 1436 4314 aut
1465 4257 1682 4328 poetico

1773 1911 1940 1967 verba
1993 1911 2323 1984 insipientia:
2371 1927 2505 1967 mea:
2553 1911 2781 1978 audire;
2821 1911 3043 1967 delinivi
3093 1910 3236 1982 apud
3270 1926 3377 1979 me,

1777 2013 1836 2060 ut
1865 2005 2002 2062 hanc
2039 2021 2261 2078 parvam
2291 2006 2612 2073 siientiam,
2643 2022 2806 2077 quam
2836 2006 2968 2062 mihi
2998 2007 3184 2063 divina
3215 2009 3383 2064 mise-

1778 2099 2013 2154 ricordia
2059 2100 2330 2166 contulit,
2359 2100 2742 2170 qualicumque
2786 2102 2930 2172 stylo
2978 2116 3383 2172 prosequerer;

1779 2208 1846 2249 ne
1873 2192 2139 2248 talentum
2169 2192 2387 2248 Domini
2418 2194 2523 2248 mei
2549 2193 2918 2260 abscondens,
2947 2208 3070 2248 cum
3103 2193 3197 2248 illo
3221 2209 3385 2250 servo

1777 2286 2072 2342 damnarer
2099 2327 2114 2350 ,
2142 2287 2234 2357 qui
2267 2285 2446 2342 abiens
2487 2287 2620 2360 fodit
2652 2288 2705 2342 in
2752 2297 2943 2342 terram
2973 2329 2986 2352 ,
3016 2297 3062 2340 et
3116 2289 3392 2342 abscondit

1780 2387 2058 2457 pecuniam
2088 2385 2285 2462 domini
2311 2385 2391 2440 sui
2431 2383 2651 2454 (Matth.
2682 2400 2790 2440 xxv
2813 2426 2827 2448 ,
2859 2384 2976 2454 18).
3010 2385 3076 2438 Et
3105 2385 3229 2454 quia
3264 2384 3386 2438 ido-

1778 2494 1916 2536 neus
1963 2496 2072 2534 non
2124 2493 2244 2534 sum
2296 2478 2364 2533 ad
2417 2477 2801 2548 duplicandam
2847 2475 3135 2548 pecuniam
3167 2476 3385 2533 Domini

1779 2573 1913 2640 mei,
1945 2573 2105 2628 trado
2134 2587 2254 2628 eam
2285 2571 2700 2637 nummulariis;
2733 2581 2792 2626 ut
2824 2573 2940 2641 ipse
2971 2571 3224 2635 veniens,
3257 2573 3389 2627 reci‘

1780 2667 1893 2738 piat
1919 2666 2066 2738 quod
2089 2681 2248 2721 suum
2279 2675 2364 2721 est
2392 2681 2515 2722 cum
2547 2679 2734 2720 usura.
2771 2665 2847 2720 Te
2878 2674 3063 2720 autem
3084 2706 3098 2729 ,
3124 2667 3212 2721 cui
3243 2666 3393 2737 loqui

1778 2761 1948 2836 capi,
1979 2762 2401 2818 nummularium
2444 2776 2610 2827 voco;
2641 2761 2768 2832 quia
2814 2760 2956 2816 sicut
2986 2761 3388 2818 nummularius

1779 2857 2074 2926 pecuniam
2105 2855 2520 2925 incompositam
2547 2856 2662 2911 suis
2705 2855 3268 2928 superscriptionibus
3291 2856 3356 2911 ad
3380 2889 3388 2896 -

1780 2958 1959 3015 ornat,
1985 2961 2047 3004 ιιι
2068 2959 2194 3020 apta
2227 2950 2299 3004 sit
2329 2949 2397 3004 ad
2424 2949 2577 3004 lucra
2608 2949 2912 3020 peragenda
2941 2969 2955 3006 :
2980 2952 3052 3006 ita
3079 2959 3135 3007 et
3158 2961 3222 3019 tu
3248 2951 3392 3007 hanc

1777 3042 2070 3114 pecuniam
2124 3041 2385 3109 Domini,
2416 3058 2580 3112 quam
2630 3043 2728 3098 tibi
2765 3044 3074 3109 committo,
3107 3054 3302 3116 potens
3332 3061 3394 3100 es

1780 3145 1874 3192 tua
1918 3137 2209 3208 sapientia,
2241 3136 2457 3206 tuisque
2504 3137 2826 3207 compositis
2855 3137 3038 3192 verbis
3069 3137 3345 3194 adornare
3375 3154 3390 3198 :

1782 3242 1842 3286 ut
1869 3239 1992 3301 apta
2024 3229 2118 3285 ﬁat
2141 3229 2209 3284 ad
2237 3229 2387 3285 lucra
2415 3229 2630 3284 Domini
2665 3233 2839 3285 nostri
2871 3229 2999 3285 Jesu
3031 3229 3236 3285 Christi
3271 3247 3400 3302 pcr—

1780 3321 2012 3378 ﬁcienda
2051 3339 2067 3377 :
2105 3326 2357 3393 sciteque
2400 3331 2451 3376 te
2485 3322 2794 3378 mercedem
2842 3323 3107 3393 Optimam
3156 3323 3226 3378 ab
3274 3323 3393 3394 ipso

1781 3434 1904 3475 esse
1948 3427 2296 3488 recepturum
2324 3460 2340 3486 ,
2374 3417 2420 3473 si
2469 3419 2560 3473 hic
2608 3419 2779 3486 liber,
2816 3427 2873 3473 ut
2924 3428 3090 3488 puto,
3126 3419 3396 3475 Ecclesia:

1783 3510 1880 3567 Dei
1914 3511 2264 3566 necessarius
2288 3552 2303 3577 ,
2331 3525 2430 3581 per
2458 3509 2782 3565 industriam
2814 3519 2958 3564 tuam
2992 3520 3158 3580 atque
3187 3509 3399 3564 doctii-

1783 3619 1910 3661 nam
1951 3605 2147 3662 sordes
2177 3605 2482 3661 dictionum
2512 3605 2797 3670 amiserit,
2834 3603 3052 3672 tuisque
3085 3602 3266 3658 verbis
3297 3603 3396 3660 de-

1785 3697 2037 3754 centibus
2069 3705 2371 3754 exornatus
2397 3739 2411 3762 ,
2445 3697 2629 3751 utilior
2653 3696 2720 3750 ad
2753 3694 3176 3751 aediﬁcationem
3208 3696 3392 3766 legen-

1783 3793 1942 3859 tium,
1975 3793 2090 3848 sive
2137 3792 2480 3848 audientium
2535 3793 2702 3846 fuerit
2748 3789 2998 3846 euectus.
3045 3788 3160 3844 lloc
3208 3799 3395 3846 tamen

1786 3903 1895 3942 non
1933 3885 2221 3956 permitto,
2269 3897 2327 3940 ut
2352 3899 2549 3941 sensus
2581 3883 2742 3952 hujus
2773 3881 2897 3938 libri
2943 3881 2996 3936 in
3025 3882 3168 3937 alios
3196 3898 3396 3939 sensus

1785 3988 2194 4052 permutentur;
2227 3977 2333 4033 nisi
2376 3976 2539 4042 forte,
2583 3975 2727 4046 quod
2778 3974 2945 4038 absit,
2971 3974 3178 4045 aliquid
3225 3975 3279 4030 in
3328 3990 3396 4030 eo

1784 4073 1930 4145 quod
1957 4072 2296 4137 contrarium
2328 4072 2402 4126 sit
2429 4069 2678 4136 veritati,
2712 4068 3029 4125 inveniatur
3054 4088 3066 4122 :
3089 4069 3234 4140 quod
3264 4067 3357 4124 l‘un
3378 4097 3394 4110 -

1781 4167 1927 4224 ditus
1971 4182 2099 4224 esse
2147 4165 2440 4223 delendum
2490 4164 2771 4232 decerno,
2808 4163 2894 4220 vel
2936 4171 3090 4220 certe
3120 4164 3174 4219 in
3201 4163 3398 4220 melius

1782 4259 2255 4316 commutandam.

39 4440 160 4496 per
190 4423 328 4496 istos
348 4422 610 4496 civitatem
629 4464 645 4489 ,
674 4429 817 4488 etc.;
849 4434 982 4476 mss.
1012 4434 1144 4477 vero
1163 4459 1181 4488 ,
1208 4418 1486 4475 exteriores
1516 4416 1688 4472 hostes
1789 4421 2170 4494 superioribus
2226 4419 2562 4496 editionibns
2588 4437 2601 4474 :
2631 4428 2686 4496 at
2734 4435 2861 4496 eam
2885 4421 3162 4496 e_cunctis
3206 4436 3400 4496 manu-

39 4492 210 4551 hiltil
235 4492 384 4548 nobis
411 4511 609 4557 nocere.
642 4505 752 4549 etc.

1787 4491 2032 4565 scriptis,
2056 4504 2288 4565 excepto
2310 4491 2698 4565 Gemeticensi,
2721 4494 2806 4565 cui
2832 4492 3026 4565 folium
3058 4507 3220 4565 unum
3245 4494 3401 4549 avul-

132 4575 166 4604 α
221 4565 298 4620 Ita
331 4581 459 4649 mss.
509 4568 650 4649 Edit.
678 4576 901 4649 autem,
929 4565 1248 4649 exstinguat,
1285 4574 1331 4618 et
1358 4561 1464 4617 illis
1491 4563 1688 4649 σπεεξη-
1787 4561 1917 4622 ειιιιι
1943 4561 2076 4649 fuit.
2123 4561 2607 4649 reprmseiitamus.
2660 4563 2872 4649 Videsis
2921 4580 3053 4649 qtae
3086 4564 3176 4649 de‘
3200 4566 3394 4649 eadem

32 4639 184 4703 etis,
227 4641 508 4712 perducere
535 4640 776 4712 dignetur
806 4638 874 4691 ad
906 4635 1245 4710 gaudia'vita:
1279 4644 1563 4707 perpetuae.
1587 4635 1686 4691 Se-

30 4709 260 4784 quitur
281 4709 500 4784 {Gratia
527 4709 768 4779 DJmini,
794 4723 903 4784 etc.

125 4781 164 4821 ι’
224 4779 417 4838 lsthatc
463 4784 706 4838 auctoris
754 4777 1056 4838 admonitio
1104 4778 1474 4850 prmtermissa
1511 4786 1596 4834 est
1629 4777 1684 4833 in

1826 4640 2156 4695 nemisimus
2191 4635 2255 4693 in
2298 4635 2688 4692 Admonitione
2751 4643 2942 4691 nostra
2989 4636 3056 4691 ad
3108 4639 3274 4693 istum
3321 4636 3391 4691 li-

1828 4727 1969 4768 rum.

63 4883 2954 4914 ww

613 5016 724 5090 IN
803 5016 1227 5090 LIBRUM
1310 5017 1458 5089 DE
1536 5015 1676 5085 PG

1779 5008 2231 5084 ITENTIA
2304 5008 2848 5082 MONITUM.

133 5293 312 5352 Hunc
355 5291 552 5350 librum
586 5295 652 5350 de
689 5292 1004 5350 Paenitentia
1031 5308 1063 5350 e
1091 5271 1282 5350 codice
1322 5290 1644 5349 Sorbonicae
1679 5288 2029 5345 bibliotheca:
2058 5283 2111 5342 in
2142 5299 2250 5358 quo
2279 5299 2477 5342 nomen
2514 5284 2789 5342 Ambrosii
2832 5293 3109 5356 tamquam
3149 5289 3393 5346 auctoris

26 5390 222 5448 falso
255 5386 596 5452 inscribitur,
627 5388 886 5446 Gillotius
914 5386 1124 5460 primus
1153 5385 1363 5450 edidit;
1391 5383 1485 5440 sed
1512 5382 1587 5438 ita
1619 5391 1801 5438 tamen
1831 5392 1890 5436 ut
1927 5380 1977 5436 ei
2022 5380 2201 5436 locum
2235 5395 2343 5434 non
2377 5378 2648 5433 tribueri-t
2673 5419 2687 5442 ,
2722 5377 2826 5432 nisi
2857 5392 2974 5448 post
3008 5379 3185 5450 Opera
3213 5384 3397 5443 omnia

23 5480 260 5542 sancti
293 5481 540 5545 Doctoris
559 5523 575 5548 ,
604 5493 659 5538 et
688 5482 942 5538 eumdem
975 5479 1384 5552 supposititium
1414 5491 1536 5534 esse
1564 5476 1760 5530 validis
1785 5474 2076 5530 admodum
2107 5473 2417 5529 rationibus
2441 5472 2869 5527 demonSIraret.
2901 5472 3031 5543 Ejus
3059 5485 3238 5532 autem
3269 5491 3400 5536 sunt

24 5580 202 5636 haec
243 5573 621 5639 ﬁrmamenta,
657 5576 912 5630 nimirum
955 5574 1098 5645 quod
1125 5573 1365 5629 elocutio
1395 5573 1465 5628 sit
1492 5555 1780 5638 all'ectata,
1811 5578 1868 5624 et
1895 5568 2275 5624 Ambrosianm
2301 5580 2525 5636 prorsus
2566 5565 2884 5634 dissimilis,
2916 5569 3060 5638 quod
3089 5572 3278 5628 eadem
3309 5575 3397 5631 illa

19 5671 335 5744 asperior
363 5669 458 5734 sit,
485 5678 542 5724 et
569 5670 895 5742 quibusdam
927 5669 1130 5737 verbis,
1158 5685 1280 5738 quin
1325 5667 1644 5725 Africanum
1693 5666 2023 5737 scriptorem
2053 5664 2312 5724 referant,
2347 5661 2548 5732 passim
2592 5676 2848 5730 aspersa,
2880 5664 3022 5733 quod
3070 5667 3393 5727 Ambrosius

17 5783 190 5830 non
219 5766 328 5821 nisi
362 5765 590 5822 duorum
622 5767 885 5824 librorum
913 5769 976 5822 de
1007 5764 1324 5820 Pwuitentia
1349 5763 1447 5820 abi
1473 5777 1534 5818 se
1566 5761 1841 5816 editorum
1874 5757 2207 5814 mentionem
2240 5755 2406 5810 faciat
2431 5796 2444 5816 .
2475 5754 2616 5824 quod
2646 5753 2808 5824 hujus
2839 5756 3045 5814 Auctor
3077 5761 3282 5815 nullam
3313 5763 3390 5817 fe-

6 5870 223 5928 cerit
248 5857 703 5928 Novatianorum.
730 5865 968 5937 demque
993 5862 1138 5934 quod
1164 5859 1310 5918 idem
1341 5859 1550 5916 Auctor
1574 5854 1679 5912 sibi
1703 5853 1911 5913 Victori
1943 5866 2142 5910 nomen
2169 5848 2340 5907 fuisse
2370 5848 2424 5905 in
2453 5849 2608 5906 calce
2637 5848 2760 5904 libri
2785 5863 2974 5921 aperte
3005 5855 3222 5924 prodat.
3255 5857 3403 5918 Satis

531 5957 808 6026 Paeon.
853 5959 1056 6026 XVII.

2711 5940 2787 6007 3t
