3950 6314
570 280 668 339 971
1502 279 1593 336 AD
1629 279 1860 340 OPERA
1899 279 2150 338 SANCTI
2192 277 2521 340 AMBROSII
2567 274 2937 342 APPENDIX.
3739 292 3816 350 ιιι

563 398 788 470 quidem
837 408 957 456 erat
1005 399 1253 454 ultimum
1303 398 1408 454 hoc
1457 407 1838 466 momentum,
1871 407 1926 455 ut
1973 398 2063 456 bic
2110 408 2376 457 tractatus
2424 401 2493 456 ab
2539 401 2830 460 Ambrosio
2877 403 3092 463 alienus
3119 420 3246 464 esse
3273 407 3754 473 declararetur,acd
3775 424 3815 465 ut

563 503 932 565 cognoscatur
961 495 1084 564 quis
1112 494 1201 548 ille
1234 493 1443 557 Victor,
1468 495 1646 549 solum
1681 510 1789 549 non
1823 492 2048 548 sufﬁcit.
2077 494 2408 550 Memoratus
2431 493 2684 550 Gillotius
2712 511 2838 553 cum
2871 514 2939 554 ex
2967 497 3252 556 Gennadio
3279 516 3343 557 ac
3374 501 3684 558 Trittbemio
3704 518 3815 559 cotti-

561 598 778 661 pertum
816 589 1043 645 haberet
1074 605 1105 644 a
1141 588 1366 645 Victore
1396 586 1688 644 Cartennae
1721 589 1774 643 in
1807 587 1990 643 Africa
2028 589 2291 658 episcopo
2337 588 2533 644 librum
2566 590 2631 644 de
2660 588 2973 655 Paenitentia
3019 594 3183 650 fuisse
3215 597 3574 665 compositum
3595 638 3610 662 ,
3638 612 3725 652 non
3752 598 3816 652 alii

562 681 774 737 Victori
804 681 947 735 hunc
998 679 1352 734 tribuendum
1381 678 1760 734 existimavit:
1786 695 1947 750 quam
1979 679 2332 746 sententiam,
2367 688 2556 750 utpote
2586 682 2830 738 veritatis
2857 685 3046 741 colore
3076 685 3221 742 haud
3269 688 3607 756 deetitutam,
3633 698 3818 758 postue-

563 773 693 830 dunt
723 774 964 842 amplexi
997 783 1126 829 sunt
1167 789 1274 830 non
1316 774 1501 844 pauci.
1535 772 1740 828 Verum
1774 781 1956 829 tamen
1986 774 2175 844 opinio
2207 773 2308 829 ista
2339 775 2557 830 demum
2585 778 2848 844 evanuit,
2880 788 3170 852 postquam
3201 783 3588 854 sagacissimus
3613 785 3694 841 ille
3713 795 3821 844 vete-

559 883 681 924 rum
715 868 966 924 codicum
1016 867 1307 938 indagator
1347 867 1677 924 Sirmondus
1705 867 1912 923 hancce
1954 868 2186 936 opellam
2219 867 2428 924 Victori
2469 869 2787 928 Tunonensi
2815 874 2981 930 etiam
3010 876 3063 931 in
3093 875 3281 936 Africa
3316 879 3560 948 pontiﬁci
3585 879 3636 935 in
3674 896 3820 937 nass-

556 962 768 1031 scripto
818 961 880 1016 ll.
914 961 1100 1016 Mariae
1152 961 1480 1029 Bernensis,
1513 962 1650 1017 etin
1678 963 1791 1017 alio
1819 962 2054 1018 abbatiae
2100 962 2496 1020 llerivallensis
2545 967 2837 1036 ascriptam
2885 967 3050 1040 legit,
3103 972 3567 1042 quemadmodum
3616 974 3822 1032 [abbess

559 1055 908 1115 testiﬁcatur.
941 1056 1017 1112 De
1048 1056 1238 1111 codice
1268 1055 1490 1125 quidem
1527 1055 1892 1112 ilerivallensi
1915 1097 1929 1120 ,
1963 1070 2125 1124 quem
2164 1071 2270 1110 non
2299 1055 2453 1113 licuit
2487 1057 2651 1116 nobis
2696 1061 2911 1127 videre,
2945 1064 3079 1120 nihil
3109 1064 3385 1122 dicimus:
3411 1067 3562 1122 atde
3585 1067 3820 1132 Beroeaa.

555 1151 627 1207 ad
671 1166 835 1222 quem
868 1150 1011 1204 hunc
1042 1150 1240 1204 librum
1281 1148 1698 1204 emendavimus
1721 1189 1736 1214 ,
1763 1149 2147 1204 lubentissime
2191 1148 2471 1204 Sirmondi
2506 1151 2885 1210 testimonium
2921 1165 3114 1213 nostro
3147 1158 3556 1228 prosequimur.
3583 1158 3699 1216 Haec
3717 1163 3819 1216 enim
3914 1169 3915 1194 ξ

551 1244 629 1302 ibi
659 1253 842 1301 exstat
888 1243 1176 1310 inscriptio
1212 1260 1224 1296 :
1261 1241 1459 1312 Incipit
1507 1243 1639 1297 liber
1668 1243 1836 1297 sancti
1873 1240 2098 1296 Victoris
2146 1243 2211 1296 de
2258 1240 2446 1313 Lapsis
2492 1240 2742 1299 Tonemis
2790 1245 3026 1317 episcopi
3062 1246 3476 1319 historiographi
3499 1267 3516 1314 ;
3565 1266 3677 1305 nam
3718 1252 3822 1322 quod

549 1333 815 1391 Tonanaia
847 1350 955 1390 non
989 1334 1324 1390 Tunonomia
1375 1333 1581 1390 ibidem
1631 1334 1890 1390 scribitur
1917 1376 1930 1401 ,
1977 1333 2194 1392 notario
2225 1333 2343 1390 sine
2371 1333 2538 1390 dubio
2585 1336 2962 1406 imputandum
2995 1351 3074 1396 est
3101 1358 3118 1395 :
3143 1342 3292 1411 quod
3323 1357 3456 1399 vero
3477 1343 3634 1401 etiam
3660 1345 3824 1402 addita:

555 1429 1000 1503 historiograpki,
1037 1427 1168 1484 illud
1201 1427 1325 1484 inde
1351 1437 1465 1495 est,
1498 1427 1642 1498 quod
1669 1427 1968 1486 chronicon
2001 1426 2069 1482 ab
2095 1425 2290 1483 eodem
2323 1426 2702 1484 elucubratum
2733 1429 2802 1484 ad
2841 1441 3096 1502 posteros
3125 1434 3512 1497 tramissum
3541 1435 3651 1494 fuit.

1381 1706 1650 1852 DE
1742 1700 3064 1854 POENITENTIA

1846 1923 2197 2006 LIBER
2272 1921 2441 2006 UN
2449 1918 2624 2004 US.

1303 1564 1544 1576 Μ

3568 1565 3794 1582 ᾐ-ρ

634 2213 800 2291 589
835 2210 1066 2270 CAPUT
1105 2207 1393 2267 PRIMUM.
1431 2166 1495 2246 -λ-
1521 2201 1867 2261 Pmnitentite
1897 2197 2078 2253 ofﬁcia
2123 2203 2178 2252 et
2205 2199 2258 2257 A
2283 2210 2410 2252 ecce
2456 2196 2720 2252 Dominus
2761 2197 3124 2254 confessionis
3173 2213 3407 2267 munus,
3447 2200 3492 2254 si
3531 2202 3828 2256 conﬁtentem

559 2312 761 2367 merita
795 2317 1112 2365 narraturus
1142 2303 1298 2370 mihi,
1322 2302 1492 2358 frater
1521 2297 1870 2360 charissime,
1905 2304 2037 2364 puto
2064 2307 2171 2347 non

560 2405 747 2460 verbis
777 2417 898 2459 esse
924 2445 938 2468 ,
974 2401 1071 2457 sed
1104 2399 1262 2455 factis
1293 2411 1452 2467 opus.
1492 2394 1600 2449 Res
1637 2392 1786 2447 enim
1834 2387 2069 2446 salubris
2107 2401 2172 2440 ac

557 2497 874 2554 necessaria
902 2509 1012 2548 non
1041 2503 1148 2547 tam
1175 2489 1405 2548 dicenda
1428 2497 1535 2554 est,
1563 2501 1727 2557 quam
1749 2480 2001 2538 docenda
2023 2497 2033 2532 :
2052 2493 2173 2548 qua:

560 2601 740 2650 totum
783 2589 982 2644 habeat
1027 2587 1250 2641 insitum
1285 2578 1678 2638 amaritudinis
1698 2587 1904 2640 aetum,
1936 2574 2170 2629 fructum

558 2684 766 2758 perfert
795 2684 847 2736 in
871 2681 1068 2736 cll‘ectu
1089 2676 1401 2732 dulcedinis
1425 2691 1439 2741 ;
1474 2684 1530 2729 et
1559 2673 1735 2727 lueret
1761 2669 2171 2732 faucibus,cum

559 2778 712 2836 cordi
767 2776 1010 2846 impertit
1053 2773 1300 2829 salutare
1348 2768 1676 2826 remedium.
1705 2762 2058 2827 Ptnnitentia,
2091 2761 2173 2815 in-

562 2888 752 2946 quam,
781 2879 865 2926 est
912 2869 1110 2940 prioris
1153 2867 1255 2923 aevi
1303 2865 1588 2920 damnatio
1612 2905 1626 2930 ,
1663 2871 1718 2918 et
1751 2864 1802 2914 in
1835 2860 2019 2913 futuro
2049 2868 2178 2924 pro-

564 2968 734 3022 missa
779 2963 1058 3019 correctio
1098 2979 1110 3014 :
1157 2968 1212 3015 et
1241 2958 1390 3014 velut
1428 2958 1482 3011 in
1530 2956 1691 3009 aliaat
1739 2954 1902 3006 vitam
1955 2948 2174 3004 ducitur

566 3073 701 3114 usus
745 3055 964 3111 vivendi
991 3096 1004 3119 ,
1039 3054 1165 3107 dum
1197 3053 1281 3121 pia
1310 3063 1464 3104 mens
1483 3089 1498 3113 ,
1527 3064 1587 3102 ea
1616 3061 1737 3116 qum
1766 3056 1890 3099 sunt
1921 3057 1950 3096 a
1981 3051 2136 3112 tergo
2157 3082 2170 3108 ,

571 3167 680 3207 non
714 3149 961 3220 respicit.
997 3147 1148 3202 lianc
1180 3162 1285 3199 non
1319 3143 1582 3198 itavdictis
1610 3141 1806 3206 doceo,
1839 3139 1980 3192 sicut
2009 3135 2175 3205 gestis

567 3257 808 3301 exerceo
840 3259 852 3295 :
883 3249 937 3295 et
978 3238 1228 3311 quamvis
1253 3236 1388 3306 justi
1437 3248 1669 3304 persona
1719 3246 1822 3285 non
1865 3236 2169 3298 competat,

567 3353 658 3393 me
688 3345 869 3390 tamen
891 3335 944 3387 in
968 3333 1126 3387 initio
1155 3331 1260 3385 mei
1285 3327 1559 3384 sermonis
1587 3338 1803 3380 accuSo.
1835 3323 2006 3378 Habet
2028 3320 2170 3376 enim

565 3429 794 3502 iustitia:
820 3436 1032 3498 partem
1059 3425 1224 3479 errati
1253 3434 1408 3477 cauta
1441 3419 1752 3482 confessio;
1784 3417 1910 3487 quia
1942 3415 2090 3482 licet,
2113 3421 2176 3469 ut

573 3533 629 3578 tu
655 3523 851 3584 doces,
880 3518 980 3575 Dei
1012 3518 1084 3572 sit
1113 3516 1308 3588 punire
1348 3514 1638 3570 commissa
1669 3554 1683 3578 ,
1733 3511 2059 3566 sententiam
2093 3519 2173 3563 ta-

2276 2304 2385 2344 non
2409 2289 2645 2346 involvit
2676 2301 2859 2346 reatus
2886 2309 2898 2344 :
2923 2303 3118 2347 etcum
3143 2293 3217 2348 sit
3247 2299 3374 2348 nota
3408 2292 3606 2348 divinis
3621 2293 3829 2350 sensibus

2277 2384 2557 2441 hominum
2590 2389 2930 2442 conscientia
2952 2431 2966 2456 ,
3004 2389 3213 2444 mavult
3238 2389 3430 2461 lingua
3461 2389 3704 2459 prodere,
3729 2392 3830 2460 quod

2277 2494 2383 2535 non
2418 2493 2648 2549 possunt
2687 2483 2905 2537 oeculta
2952 2482 3142 2538 cordis
3182 2483 3393 2539 celare.
3429 2483 3739 2540 Pwnitentia
3765 2484 3832 2538 it:-

2276 2589 2381 2643 que
2423 2583 2527 2640 est,
2561 2590 2681 2645 qua:
2715 2591 2823 2632 uno
2855 2585 2978 2631 actu
3023 2577 3239 2632 diversa
3283 2576 3468 2632 ofﬁcia
3509 2579 3827 2649 congeminat;

2278 2664 2405 2721 hinc
2433 2668 2582 2721 enim
2615 2669 2854 2737 publicat
2884 2669 3267 2738 conﬁtentem,
3303 2671 3434 2727 inde
3461 2671 3754 2728 confessus
3772 2687 3826 2726 re-

2276 2768 2435 2814 vocat
2460 2759 2805 2816 innocentem
2849 2777 2864 2814 :
2903 2761 3032 2817 hinc
3056 2772 3268 2818 reatum
3301 2765 3601 2831 nundinat,
3629 2766 3742 2821 inde
3759 2766 3831 2819 eri-

2278 2868 2402 2908 men
2431 2863 2658 2908 excusat
2682 2873 2696 2910 :
2719 2854 2847 2910 hinc
2873 2856 3065 2926 objicit
3095 2857 3324 2928 propius
3355 2869 3588 2928 peccata
3615 2861 3830 2931 peccanti,

2278 2947 2403 3002 inde
2449 2948 2843 3020 indulgentiam
2871 2951 3044 3021 exigit
3097 2952 3429 3023 pmoitenti;
3480 2971 3587 3011 nec
3627 2957 3833 3026 permittit

2279 3041 2540 3096 Dominus
2568 3043 2748 3112 puniri
2780 3043 3121 3111 confessum,
3168 3042 3260 3116 qui
3301 3048 3667 3117 pertitentem
3707 3050 3833 3105 D1156!

2277 3149 2538 3190 revocare
2566 3135 2905 3192 damnatum.
2938 3137 2984 3194 Ο
3010 3139 3362 3211 magniﬁcum
3395 3141 3657 3199 bonitatis
3687 3143 3834 3198 divin!

2280 3229 2626 3284 thesaurum!
2660 3246 2692 3284 o
2723 3230 3000 3300 singulare
3037 3232 3462 3288 clementiSsinii
3507 3235 3700 3304 judicis
3725 3237 3835 3289 insti-

2279 3323 2484 3376 tutum!
2521 3323 2599 3379 Ad
2639 3323 2742 3379 hoc
2774 3324 2844 3380 de
2873 3325 2982 3380 reis
3013 3326 3129 3380 vult
3158 3327 3540 3383 confessionis
3568 3329 3836 3399 exscoipm

2279 3431 2488 3484 vocem,
2516 3428 2576 3472 ut
2617 3434 2722 3474 non
2775 3420 3035 3485 inveniat,
3059 3421 3205 3491 quod
3261 3423 3444 3478 ultum
3474 3424 3549 3479 iri
3585 3424 3836 3480 debeatzet

2277 3525 2398 3565 cum
2425 3513 2564 3581 apud
2597 3515 2779 3567 sreeuli
2808 3513 3019 3584 iudices
3049 3513 3340 3571 confessus
3367 3532 3500 3572 mox
3531 3517 3835 3589 (litiganti-ad

571 3633 695 3674 men
727 3616 1027 3687 cognituris
1059 3612 1324 3683 praevenit
1366 3610 1418 3663 in
1449 3608 1758 3662 humilitate
1781 3606 2022 3687 exercita
2059 3619 2173 3671 νοθ-
2208 3611 2246 3669 B
2279 3619 2514 3674 poenam,
2549 3607 2690 3676 apud
2720 3607 3012 3663 Dominum
3052 3610 3329 3664 conﬁtens
3373 3612 3570 3665 statim
3611 3611 3762 3682 mit
3792 3609 3834 3660 si

568 3683 826 3773 nitentia‘;
858 3710 1119 3780 scriptum
1145 3714 1231 3760 est
1253 3706 1398 3760 enim
1429 3717 1441 3756 :
1472 3683 1855 3756 Pwnitentifius
1885 3698 2023 3752 dedit
2050 3715 2175 3769 par-

570 3813 670 3860 tcm
703 3804 962 3878 justititc,
1016 3811 1063 3855 et
1112 3798 1400 3871 corrogavit
1450 3795 1748 3864 deﬁcientes
1797 3795 2083 3859 sustinere,
2127 3802 2177 3845 et

573 3900 845 3956 destinavit
895 3896 1015 3951 illos
1063 3896 1117 3950 in
1163 3902 1352 3948 sortem
1397 3892 1627 3946 veritatis
1672 3891 1848 3962 (Eccl.
1883 3904 2024 3952 xvn,
2055 3886 2171 3956 90).

575 3993 887 4064 Ageigitur,
909 3989 1204 4061 paenitens,
1224 3987 1443 4058 propria
1465 3985 1676 4041 scelera
1690 3983 1976 4049 conﬁtere,
1995 3980 2177 4052 pande

573 4084 690 4138 Deo
731 4095 835 4136 tuae
865 4081 1169 4151 iniquitatis
1196 4093 1426 4142 arcana,
1454 4078 1667 4133 denuda
1697 4087 1907 4132 secreta
1940 4076 2176 4146 pectoris

572 4174 674 4241 tui,
718 4183 774 4229 et
822 4186 1016 4226 amove
1069 4172 1302 4224 internae
1335 4170 1805 4240 praevaricationis
1831 4168 2171 4240 Operculum.

574 4265 712 4321 Nota
745 4275 871 4320 sunt
902 4265 1012 4318 Deo
1040 4273 1258 4328 cuneta,
1288 4279 1408 4333 quae
1451 4264 1502 4317 in
1545 4261 1764 4317 occulto
1803 4261 1986 4317 fecisti
2012 4279 2027 4319 :
2053 4276 2177 4332 quae

577 4357 625 4411 si
651 4371 758 4410 non
789 4355 990 4410 dixerit
1019 4355 1235 4425 lingua,
1262 4369 1370 4409 non
1400 4363 1578 4425 potest
1602 4354 1786 4409 celare
1817 4354 2172 4409 conscientia.

575 4447 802 4506 Frustra
838 4459 889 4506 te
923 4449 1116 4506 latenti
1162 4447 1540 4504 consolatione
1585 4446 1828 4511 deludis,
1862 4456 1915 4509 et
1942 4448 2175 4503 abscon-

575 4556 696 4598 sum
729 4551 896 4612 putas,
928 4557 1051 4598 e~sc
1090 4555 1284 4612 posse,
1314 4539 1458 4610 quod
1488 4540 1605 4596 sine
1645 4547 1781 4596 teste
1810 4541 2173 4595 commiseris.

577 4639 733 4694 Patet
778 4641 892 4694 Deo
921 4653 1083 4693 omne
1105 4638 1251 4710 quod
1280 4636 1530 4692 clausum
1557 4644 1645 4690 est
1664 4675 1679 4701 ,
1706 4645 1762 4690 et
1792 4636 1845 4688 in
1875 4644 2066 4702 aperto
2092 4635 2178 4690 lu-

579 4739 669 4788 cet
714 4730 972 4801 quidquid
1022 4746 1128 4784 nox
1159 4731 1423 4784 obstrusae
1467 4726 1815 4796 cogitationis
1842 4727 2175 4782 intenebrat.

578 4824 754 4881 Reum
807 4833 858 4878 te
899 4821 997 4878 tibi
1044 4821 1225 4876 ofﬁcio
1273 4819 1635 4875 confessionis
1667 4817 1923 4884 institue,
1955 4835 2174 4874 causam

579 4926 727 4973 tuam
778 4916 831 4970 in
880 4922 1177 4983 conspectu
1227 4922 1336 4977 tuo,
1372 4912 1657 4981 tentelipso
1687 4919 1998 4973 accusante,
2030 4926 2180 4965 com-

2280 3699 2494 3754 veniam
2521 3717 2535 3753 :
2560 3715 2659 3755 nec
2692 3701 2795 3754 hoc
2821 3701 2946 3757 ullis
2971 3702 3116 3757 elicit
3142 3702 3212 3758 de
3238 3703 3555 3760 confitente
3582 3704 3836 3764 temnitis,

2279 3809 2401 3849 cum
2425 3794 2642 3866 patiens
2670 3794 2724 3850 in
2750 3797 3046 3868 semetipso
3071 3796 3312 3852 ofﬁcium
3345 3799 3605 3855 videatur
3627 3813 3836 3855 exercere

2282 3887 2529 3942 terroris.
2565 3886 2735 3942 Lucra
2775 3897 2906 3944 sunt
2945 3889 3094 3945 enim
3117 3890 3194 3960 pii
3216 3889 3424 3960 judicis
3455 3893 3690 3962 gemitus
3713 3890 3838 3945 coci-

2281 3979 2467 4044 tentis,
2488 3989 2544 4036 et
2570 3979 2826 4050 gaudium
2851 3982 3151 4053 cognitoris
3173 3993 3260 4038 est
3283 3984 3410 4039 sine
3421 3985 3722 4054 quaestione
3743 3997 3836 4037 cur

2279 4071 2446 4126 fessio
2478 4090 2489 4126 :
2518 4073 2816 4144 acquiritur
2847 4074 3118 4139 Domino,
3151 4074 3356 4146 ‘quod
3408 4090 3521 4131 non
3565 4079 3769 4148 punitur
3802 4073 3837 4126 in

2280 4180 2475 4229 servo;
2505 4175 2565 4221 et
2607 4165 2837 4220 multum
2882 4165 3162 4222 confertur
3203 4169 3451 4232 auctori,
3506 4171 3554 4224 si
3592 4169 3842 4238 deputatas

2280 4275 2453 4330 postne
2475 4301 2490 4328 ,
2521 4259 2694 4316 veniae
2721 4260 3082 4316 condonotur.
3115 4261 3282 4332 Cupit
3303 4262 3460 4319 cuitu
3483 4263 3737 4321 anno.
3755 4273 3843 4315 esse

2279 4353 2560 4418 vindictae,
2589 4352 2729 4423 quod
2759 4368 2867 4408 non
2893 4353 3011 4408 vult
3035 4353 3212 4424 perire
3234 4356 3549 4411 clementia:
3575 4374 3588 4409 :
3615 4371 3708 4410 nec
3733 4361 3842 4419 epla!

2283 4446 2494 4512 ulcisci,
2525 4446 2618 4517 qui
2667 4455 2888 4516 paratus
2931 4457 3013 4502 est
3055 4448 3216 4521 591
3269 4449 3559 4516 misereri.
3589 4452 3705 4524 ipso
3730 4448 3843 4504 dest

2284 4557 2381 4611 per
2427 4540 2749 4610 pmphctam
2799 4541 3020 4601 dicente
3061 4561 3073 4598 :
3113 4540 3255 4598 Nolo
3308 4555 3528 4600 mortem
3587 4542 3842 4600 matiam.

2278 4649 2432 4704 quam
2462 4641 2520 4687 ut
2545 4643 2852 4702 revertatur,
2879 4645 2928 4689 at
2967 4634 3089 4690 vivit
3119 4634 3347 4707 (Eucti.
3380 4653 3548 4702 xvnt,
3587 4638 3702 4708 Si).
3750 4635 3846 4702 Qui-

2283 4725 2384 4781 bus
2411 4726 2688 4798 Sapientia
2720 4728 3019 4784 concinens
3052 4728 3366 4785 Salomonis
3398 4751 3410 4784 :
3448 4729 3592 4787 Dens
3613 4777 3627 4800 ,
3669 4731 3843 4802 inquit.

2283 4831 2497 4874 mortem
2542 4837 2644 4875 non
2677 4823 2832 4891 fecit,
2865 4838 2957 4876 nec
3003 4819 3211 4877 [artatur
3241 4825 3293 4878 in
3325 4827 3622 4896 perditione
3661 4828 3844 4880 virens

2284 4916 2444 4988 (Sap.
2469 4916 2644 4989 1,16).
2677 4915 2886 4973 Judicis
2913 4932 3045 4988 ergo
3077 4919 3250 4974 nostri
3283 4919 3572 4976 clementia
3606 4938 3714 4975 non
3738 4924 3846 4987 opm

579 5025 723 5080 pone
755 5026 768 5063 :
797 5007 939 5062 dicta
986 5006 1039 5059 in
1084 5016 1135 5060 te
1163 5005 1267 5062 sub
1295 5006 1588 5060 severitate
1635 5005 1985 5069 sententiam,
2011 5003 2179 5076 590
2202 5011 2250 5075 ο
2279 5011 2610 5081 reos-perire
2638 5012 2783 5079 vim,
2805 5013 2904 5074 sed
2925 5013 3117 5084 perire
3138 5015 3428 5072 scamnum
3452 5030 3590 5070 :nec
3615 5015 3848 5070 desident

577 5115 871 5175 antequam
896 5102 1096 5171 judicis
1124 5100 1329 5155 sentias
1375 5101 1705 5153 iracundiam
1733 5118 1745 5154 :
1772 5109 1826 5153 et
1857 5111 1908 5154 ut
1939 5101 2178 5170 mulgeas

578 5196 1047 5255 misericordiam,
1094 5208 1293 5250 exerce
1345 5192 1492 5260 prior
1543 5194 1595 5246 in
1639 5193 1813 5262 teipso
1861 5207 2173 5247 censuram.

2285 5105 2566 5159 morientis
2613 5105 2864 5174 exitium,
2913 5107 3008 5161 sed
3042 5107 3263 5163 festinat
3306 5110 3481 5179 magis
3510 5122 3848 5165 servarem-

2285 5196 2485 5252 fessum
2520 5214 2532 5250 :
2564 5195 2706 5251 Nolo
2734 5240 2747 5263 ,
2778 5198 2988 5268 inquit,
3019 5213 3235 5254 mortem
3262 5204 3561 5268 morientis,
3596 5203 3690 5258 sed
3719 5211 3766 5256 at
3794 5216 3848 5254 re

578 5291 756 5347 Crede
805 5290 934 5346 Inibi
963 5330 978 5355 ,
1014 5299 1187 5344 totum
1217 5302 1330 5358 quo
1361 5295 1649 5356 suSpectus
1674 5302 1735 5342 es
1755 5329 1769 5354 ,
1801 5288 1860 5341 ﬁt
1905 5287 2052 5342 illico
2082 5303 2177 5343 ve-
2276 5299 2526 5356 vertatur,
2559 5302 2607 5346 et
2631 5293 2789 5346 vivat.
2837 5293 2980 5348 Ecce
3025 5308 3185 5349 veros
3233 5295 3360 5351 vita:
3401 5305 3595 5352 auctor
3620 5339 3637 5362 ,
3664 5298 3749 5367 qui
3771 5309 3846 5348 me
3914 5311 3915 5367 ι

583 5385 783 5438 niabile
807 5426 819 5448 ,
853 5399 975 5439 cum
1025 5383 1241 5436 inventa
1292 5379 1458 5435 fuerit
1497 5381 1549 5434 in
1579 5388 1631 5434 te
1663 5380 1974 5446 hujusmodi
2009 5382 2178 5450 paeni-

2277 5385 2398 5438 vult
2439 5383 2722 5441 morientis
2763 5393 2992 5440 mortem
3020 5427 3034 5450 ,
3067 5388 3454 5464 aodqiamentn
3499 5389 3848 5447 center-sim

585 5474 716 5526 tudo
741 5474 985 5542 jus-tiliae,
1019 5472 1300 5542 Scriptura
1329 5471 1583 5527 dicente:
1609 5470 2181 5526 Pwnitentibusautem
2278 5480 2394 5534 vult
2420 5494 2480 5535 se
2498 5494 2729 5551 semper
2755 5481 2813 5536 in
2845 5482 3209 5540 miseratione
3251 5499 3381 5542 esse
3407 5485 3761 5551 beneﬁcum;
3801 5497 3848 5537 se

583 5563 724 5615 dedit
753 5573 957 5633 partem
971 5566 1197 5634 justititv
1218 5607 1231 5627 ,
1259 5574 1309 5618 et
1356 5566 1646 5635 corrogavit
1676 5563 1974 5633 deﬁcientes
2022 5568 2178 5620 susti-
2274 5570 2482 5642 justitia
2509 5573 3037 5644 teneat-iudicatum.

584 5669 725 5720 nere,
751 5659 804 5708 et
829 5654 1107 5710 destinavit
1137 5657 1258 5711 illos
1287 5657 1342 5711 in
1381 5667 1570 5712 sortem
1596 5645 1846 5712 veritatis.
1881 5657 2177 5728 Exspectat

2348 5661 2578 5721 CAPUT
2605 5664 2671 5720 ll.
2690 5665 3040 5722 ——‘Damnum
3060 5681 3196 5738 ergo
3211 5667 3561 5728 inmoriento
3577 5672 3847 5744 experim.

652 5844 680 5877 α
717 5834 890 5903 Edim
916 5836 1053 5905 quod
1096 5853 1202 5896 non
1245 5840 1459 5909 punitur
1503 5841 1744 5914 inferno;
1770 5841 2248 5914 ms.-Bom.,...in
2274 5861 2437 5904 urvo.
2748 5881 2770 5906 ι
