3950 6314
97 295 212 350 973

1222 282 1312 346 DE
1349 277 1798 340 PtENlTENTlA
1841 277 2047 338 LIBER
2091 276 2293 339 UNUS.

3303 275 3407 334 9η

97 422 121 449 δ
153 411 258 480 qui
291 409 346 466 in
373 422 480 464 uno
521 405 734 478 perdito
761 417 866 460 nou
899 402 1151 466 letatur;
1187 398 1310 470 quia
1343 397 1395 454 in
1438 397 1703 454 donatore
1729 401 1784 468 Α
1809 398 1888 448 An
1921 393 2185 465 numquid
2214 393 2475 450 Dominus
2503 392 2868 464 iudicabitur,
2903 394 2993 464 qui
3019 393 3174 461 dicit,
3202 403 3264 448 ut
3288 410 3410 450 cum

94 505 232 560 vitae
255 518 487 560 necesse
515 511 599 557 est
625 509 686 556 ut
713 514 781 554 ex
817 507 991 554 morte
1013 494 1200 552 veniat
1223 507 1388 549 causa
1419 490 1659 548 tristitia:
1681 531 1696 556 ,

94 616 210 656 non
241 599 398 670 quasi
429 613 494 653 ex
523 593 890 667 corporalium
919 605 1177 650 sensuum
1220 589 1339 660 lege
1383 585 1700 651 descendat,

91 693 247 766 quod
279 707 402 747 eum
430 691 482 746 in
513 689 726 759 perdito
753 703 819 744 ac
846 685 1116 742 moriente
1141 682 1428 740 contristat
1451 696 1466 745 ;
1499 695 1620 735 cum
1644 677 1698 732 iu

93 795 325 840 auctore
343 785 663 853 incorporeo
677 795 785 836 non
799 778 961 836 cadat
978 791 1165 843 omne,
1185 772 1330 846 quod
1355 773 1502 830 venit
1527 787 1558 828 c
1574 785 1698 825 cor-

92 898 270 954 pore:
317 879 410 936 sed
438 895 562 934 cuni
609 878 811 932 nullam
857 873 1039 944 capiat
1079 886 1147 928 ex
1197 867 1482 940 pereuntis
1522 871 1702 922 morte

92 976 369 1040 lattitiam,
402 971 638 1028 tristitiae
661 967 886 1028 aetusin
915 975 1166 1038 promptu
1189 972 1274 1019 est
1299 979 1314 1028 ;
1345 968 1404 1016 ut
1431 961 1500 1015 sit
1523 958 1702 1014 mise-

91 1070 274 1127 rantis
301 1066 536 1133 alectio,
557 1081 669 1120 non
695 1062 931 1120 dolentis
954 1061 1236 1117 anxietas:
1265 1056 1293 1096 ι)
1319 1066 1372 1112 ει
1401 1058 1703 1111 decurrens

87 1177 166 1219 ex
221 1163 429 1232 pietate
479 1159 718 1223 tristitia,
763 1172 869 1212 non
915 1155 984 1210 de
1035 1151 1284 1223 passione
1329 1149 1438 1206 ulla
1477 1155 1701 1204 externa

87 1254 406 1328 perpessio.
433 1250 788 1321 Consequens
811 1263 946 1320 ergo
972 1254 1057 1304 est
1085 1254 1143 1304 ut
1171 1245 1357 1301 doleat
1394 1241 1700 1313 perditum,

89 1351 188 1423 qui
235 1347 443 1419 gaudet
483 1346 808 1404 inventum:
856 1353 912 1399 et
945 1359 1052 1398 non
1096 1343 1314 1396 lmtetur
1353 1353 1417 1394 ex
1454 1345 1700 1403 mortuo,

89 1442 186 1512 qui
211 1440 522 1512 gratulatur
543 1454 612 1498 ex
650 1437 794 1494 vivo.
831 1436 944 1492 lloe
971 1451 1065 1505 per
1094 1433 1412 1506 parabolam
1439 1429 1704 1486 Dominus

83 1537 147 1593 in
181 1535 483 1607 Evangelia
523 1531 834 1590 manile'stat
867 1531 1058 1587 dicens
1089 1547 1102 1584 :
1133 1527 1408 1584 Gratulari
1444 1535 1620 1581 autent
1659 1533 1706 1578 et

89 1628 330 1702 gaudete
345 1636 394 1683 te
408 1635 612 1698 oportet
636 1642 653 1692 ;
675 1625 926 1695 quoniam
945 1625 1105 1693 [mter
1124 1631 1244 1675 tuus
1259 1629 1492 1674 mortuus
1510 1620 1703 1690 fuerat,

87 1732 138 1778 et
163 1721 392 1778 revisit:
423 1720 669 1790 perierat,
692 1728 738 1772 et
767 1718 1002 1772 inventus
1029 1725 1101 1769 est
1133 1712 1300 1785 (Luc.
1341 1727 1432 1777 xv,
1472 1711 1543 1766 52
1565 1710 1585 1780 )
1606 1751 1620 1776 ,
1652 1717 1708 1764 et

85 1818 336 1874 iterum:
365 1815 457 1873 Sit:
476 1815 599 1881 erit,
625 1813 821 1884 inquit,
851 1811 1098 1882 gaudium
1125 1809 1182 1863 in
1206 1806 1332 1864 ctelo
1355 1822 1532 1861 coram
1547 1803 1708 1859 Patre

87 1921 262 1967 uestro
287 1920 341 1965 et
373 1909 586 1980 Angelis
613 1908 724 1980 ejus
755 1923 908 1977 super
932 1922 1036 1960 uno
1065 1913 1333 1974 peccatore
1355 1899 1711 1972 poznitentiam

87 2016 277 2077 agente
335 2003 544 2076 (llud,
591 2004 690 2072 7).
750 2000 907 2058 Unde
957 2015 1054 2070 per
1109 1997 1325 2053 Esaiam
1385 1994 1708 2065 prophetam

91 2099 368 2155 Dominus
403 2107 662 2168 provocat
684 2094 1065 2167 poenitentent,
1090 2092 1281 2147 dicens
1306 2108 1318 2144 :
1350 2087 1463 2161 Ego
1485 2105 1597 2142 sum
1625 2088 1712 2158 qui

88 2194 246 2249 deleo
277 2192 582 2263 iniquitates
611 2200 745 2257 tuas,
777 2200 824 2248 et
857 2204 961 2242 non
997 2183 1420 2242 rememorabor:
1451 2192 1506 2237 tu
1539 2195 1711 2235 autent

87 2287 202 2342 noli
225 2285 483 2348 oblivisci,
499 2294 545 2338 et
560 2283 881 2354 judicemur.
903 2279 1002 2334 Dic
1019 2290 1074 2332 tu
1096 2280 1240 2347 prior
1257 2275 1552 2342 iniquitates
1573 2286 1709 2338 tuas,

89 2388 148 2434 ut
170 2377 491 2451 justi/irem
518 2376 536 2448 (
563 2374 691 2432 lsai.
723 2373 908 2437 XLlll,
937 2372 1058 2441 25).
1089 2370 1250 2439 Quid,
1279 2383 1397 2435 oro,
1429 2367 1532 2422 bac
1547 2381 1713 2437 spon-

83 2473 254 2530 sione
270 2471 571 2542 jucundius
589 2471 614 2526 ‘i
630 2469 758 2540 quid
783 2477 965 2538 potest
992 2465 1097 2520 boc
1120 2464 1478 2520 invitamento
1499 2459 1712 2515 dulcius

86 2568 388 2628 inveniri?
429 2581 730 2638 provocare
770 2564 1034 2634 iudicem,
1087 2560 1272 2616 dicere
1315 2556 1606 2611 adversum
1651 2569 1712 2610 se

87 2681 253 2722 reum
293 2679 396 2735 pro
436 2677 522 2728 se,
562 2678 674 2716 non
713 2669 772 2714 ut
804 2658 1012 2729 puniat,
1049 2654 1143 2711 sed
1177 2661 1238 2708 ut
1263 2649 1508 2706 absolvat
1538 2667 1551 2704 :
1601 2663 1708 2704 non

87 2768 152 2816 ut
181 2756 598 2814 animadvertat
627 2754 684 2810 in
723 2751 1061 2815 confessum,
1092 2744 1189 2804 sed
1221 2756 1278 2802 ut
1301 2741 1567 2815 ittstilicet
1594 2756 1627 2796 a
1653 2755 1714 2796 se

84 2851 216 2925 ipso
265 2848 629 2908 convictum?
678 2847 796 2918 Ego
844 2853 1029 2904 autem
1077 2856 1184 2898 non
1231 2839 1602 2904 memorabor,
1655 2845 1712 2892 tu

83 2959 283 3004 autem
316 2945 429 3002 loli
451 2943 704 3001 oblivisci
729 2958 746 3008 ;
771 2940 877 2997 hoc
898 2949 982 2997 est
1008 2937 1193 2994 dicere
1219 2954 1230 2989 :
1266 2934 1384 2990 Non
1408 2931 1714 2988 remanebit

84 3055 270 3114 penes
304 3054 395 3096 me
420 3037 683 3094 tacituris
709 3035 840 3093 iacti
873 3033 976 3099 tui,
1015 3031 1061 3088 si
1095 3042 1148 3086 tu
1181 3028 1388 3101 proprii
1420 3045 1529 3084 non
1571 3026 1712 3083 obli-

86 3135 334 3194 viscaris
363 3133 571 3190 errati:
604 3139 662 3187 et
686 3127 960 3186 delebitur
992 3123 1216 3181 infamia
1243 3120 1490 3178 criminis
1530 3119 1631 3186 tui,
1663 3117 1710 3172 si

1803 496 2095 559 peccatore
2135 487 2460 558 iudicetur?
2506 485 2684 543 Absit.
2728 485 3070 555 iudicemur,
3119 487 3319 557 inquit,
3354 499 3410 545 tu

1804 579 2093 645 conﬁtens,
2141 594 2243 651 ego
2293 579 2622 636 dimittens:
2663 588 2719 635 tu
2771 579 3009 635 oll'ercns
3054 579 3258 646 debita,
3308 599 3410 654 ego

1801 674 2062 730 donando
2095 683 2314 744 peccata
2342 691 2355 728 :
2384 685 2439 728 tu
2480 673 2669 730 dicens
2701 673 3018 746 iniquitates
3049 684 3194 744 tuas,
3227 691 3329 746 ego
3363 685 3415 732 te

1803 767 2053 830 absoluta
2100 767 2301 837 pietate
2341 765 2668 837 iustificans.
2710 767 2954 833 Denique
2991 767 3117 822 vide
3143 768 3286 838 quod
3319 784 3407 825 se-

1803 862 1988 933 quitur
2011 879 2022 916 :
2043 859 2142 916 Dic
2164 869 2218 914 tu
2244 861 2409 940 prior,
2437 860 2630 930 inquit,
2655 861 2948 932 iniquitates
2971 871 3086 916 tuas
3101 879 3120 930 ;
3142 873 3196 917 ut
3209 863 3412 934 justiﬁ-

1804 954 1938 1014 ceris
1986 953 2160 1025 (lsai.
2211 967 2366 1022 XLIII,
2416 950 2569 1023 26),
2619 967 2729 1008 non
2771 962 2832 1008 ut
2881 954 3308 1024 condemneris;
3355 969 3413 1012 ut

1805 1055 2022 1108 maneat
2044 1045 2098 1101 in
2130 1053 2182 1100 te
2209 1043 2492 1110 prmmium
2510 1046 2783 1112 conversi,
2813 1061 2918 1102 non
2943 1047 3180 1103 confessi
3205 1049 3414 1119 suppli-

1805 1138 1990 1204 cium;
2027 1148 2083 1193 ut
2108 1137 2375 1209 judicium
2411 1147 2589 1194 tecum
2625 1139 2917 1195 comitetur
2951 1140 3106 1211 justi,
3147 1159 3254 1198 non
3283 1153 3413 1200 nota

1806 1229 2070 1286 damnati.
2113 1229 2179 1286 Et
2210 1239 2338 1286 tunc
2380 1229 2598 1286 carebis
2625 1233 2837 1287 cunctis
2867 1232 3241 1304 iniquitatibus
3285 1236 3414 1305 tuis,

1806 1344 1929 1384 cum
1961 1328 2255 1390 adversum
2287 1335 2340 1382 te
2370 1327 2527 1382 testis
2571 1336 2626 1382 et
2656 1337 2942 1385 accusator
2981 1331 3285 1387 exstiteris.
3317 1330 3417 1388 Dic

1808 1434 1884 1490 tu,
1936 1425 2130 1496 inquit,
2177 1423 2323 1496 prior
2352 1423 2652 1493 iniquitates
2680 1431 2819 1491 tuas,
2852 1434 2907 1478 ut
2938 1426 3272 1496 justiﬁceris.
3307 1427 3416 1483 Sed

1809 1516 2070 1586 numquid
2118 1525 2395 1598 tamquam
2427 1520 2688 1590 ignorans
2720 1528 2983 1588 provocat
3029 1531 3101 1586 te,
3137 1520 3326 1589 frater,
3360 1532 3422 1578 ut

1808 1609 2124 1666 conﬁtearis
2155 1609 2473 1683 iniquitates
2501 1619 2643 1678 tuas,
2673 1613 2761 1682 qui
2791 1611 2894 1666 scit
2927 1621 3218 1684 antequam
3245 1615 3418 1669 tiant?

1807 1715 1862 1759 et
1893 1714 2166 1774 tamquam
2193 1704 2409 1762 nescius
2441 1720 2507 1761 ex
2539 1715 2590 1760 te
2630 1715 2785 1775 optat
2813 1705 3028 1774 audire,
3061 1707 3153 1778 qui
3186 1707 3419 1764 necdum

1737 1807 1787 1876 Β
1816 1808 1972 1854 natos
2010 1799 2155 1854 solet
2183 1814 2249 1856 ex
2279 1798 2627 1869 prmscieutia
2652 1797 2953 1870 judicare?
2985 1802 3094 1856 Aut
3140 1803 3325 1859 nescis
3368 1802 3420 1858 iu

1818 1902 1974 1948 utero
1995 1903 2199 1948 sancta:
2223 1892 2488 1950 Rebecca
2507 1896 2783 1965 geminum
2811 1906 3024 1965 partum
3051 1911 3158 1950 uno
3178 1905 3425 1967 tempore

1814 1995 2163 2052 conceptum,
2197 1983 2500 2055 eodemque
2528 1988 2900 2058 progenitum,
2936 1989 3298 2058 praescientiae
3319 2006 3422 2045 no-

1815 2081 1963 2136 tione
1983 2080 2239 2136 retulisse
2264 2079 2525 2150 judicium
2550 2081 2848 2152 disparium
2884 2085 3253 2139 meritorum?

1886 2172 2116 2229 CAPUT
2135 2172 2226 2228 ΙΙΙ.
2249 2203 2320 2212 -
2336 2172 2464 2227 Vult
2485 2189 2616 2244 ergo
2633 2185 2683 2230 te
2707 2175 2878 2245 magis
2902 2191 3065 2232 nosse
3083 2177 3210 2249 quid
3236 2187 3428 2249 agatur

1816 2267 1868 2321 in
1894 2275 1967 2332 te,
1995 2277 2196 2323 utcum
2226 2265 2457 2338 exponis
2484 2269 2696 2324 medico
2733 2269 2922 2326 vitium
2957 2280 3130 2336 tuum,
3168 2287 3420 2328 necessa-

1817 2363 1954 2416 rium
2007 2362 2101 2417 tibi
2153 2360 2408 2433 propinet
2453 2361 2799 2429 antidotum;
2855 2373 2984 2418 tunc
3028 2364 3174 2420 enim
3225 2365 3432 2437 potcris

1815 2455 2121 2528 perfectum
2175 2456 2439 2528 consequi
2490 2457 2814 2513 beneﬁcium
2870 2460 3178 2528 medicinae,
3230 2462 3274 2517 si
3317 2477 3426 2517 non

1814 2549 1962 2606 celes
2008 2549 2220 2610 medico
2275 2561 2379 2606 tua:
2431 2551 2658 2608 vulnera
2712 2554 3092 2611 conscientim.
3146 2555 3422 2612 Caeterum

1814 2643 2050 2716 qualiter
2074 2645 2354 2702 curandus
2368 2646 2499 2712 eris,
2527 2647 2619 2718 qui
2639 2662 2703 2704 ea
2723 2663 2843 2719 qua:
2861 2657 2991 2704 sunt
3007 2650 3060 2706 in
3079 2660 3133 2706 te
3152 2651 3422 2709 absconsa

1814 2753 1923 2795 non
1952 2737 2185 2810 pandis?
2207 2738 2416 2810 Opinor
2437 2739 2606 2807 enim,
2628 2741 2730 2796 nisi
2749 2741 3129 2814 interpelletur
3151 2747 3421 2816 medicus,

1814 2845 1925 2887 non
1954 2839 2177 2887 curatur
2202 2843 2461 2903 aegrotus.
2489 2833 2787 2904 Exspectat
2811 2852 2943 2907 ergo
2964 2837 3056 2893 diu
3079 2839 3182 2895 sibi
3208 2842 3428 2898 ostendi

1815 2925 2024 2982 doloris
2043 2925 2120 2981 tui
2138 2941 2356 2993 causas,
2375 2937 2433 2984 ut
2449 2928 2738 2985 medicina:
2758 2930 3057 2988 remedium
3072 2932 3182 3004 jam
3205 2949 3427 2991 curatus

1813 3021 2088 3094 intelligas
2113 3038 2126 3088 ;
2161 3021 2291 3094 quid
2319 3023 2463 3080 enim
2490 3024 2702 3080 medico
2723 3024 3008 3095 debeatur,
3039 3038 3060 3065 ε
3089 3029 3236 3098 iusta
3269 3032 3422 3085 testi—

1815 3119 2057 3180 matione
2081 3119 2362 3190 pensabis,
2388 3121 2434 3176 si
2461 3121 2716 3177 morbum
2743 3132 2892 3177 tuum
2922 3122 2977 3178 in
3004 3131 3054 3178 te
3077 3135 3204 3180 ante
3229 3140 3432 3197 cogno-

83 3230 214 3300 eius
235 3222 968 3294 recordationecompulsus,
985 3236 1090 3276 non
1113 3231 1302 3276 cesses
1321 3215 1460 3272 meis
1482 3215 1708 3272 auribus
1735 3209 1782 3274 C
1815 3211 1982 3268 veris.
2027 3211 2097 3268 Et
2135 3221 2194 3268 ut
2227 3212 2473 3282 pluribus
2506 3224 2559 3269 te
2590 3228 2698 3269 non
2733 3224 2973 3282 teneam,
3021 3215 3299 3274 confessio
3340 3231 3426 3274 tua

81 3322 378 3380 conﬁteri.
396 3319 564 3377 Vides
585 3334 719 3390 ergo
741 3319 906 3372 Deum
924 3315 980 3370 in
995 3312 1196 3385 ﬂagitia
1214 3309 1517 3381 peccatoris
1535 3312 1713 3364 inten-

83 3430 236 3487 tum,
260 3419 312 3474 si
336 3417 546 3474 nullum
569 3415 908 3486 panitentiat
929 3412 1134 3469 existat
1154 3408 1396 3464 ofﬁcium
1421 3424 1433 3459 :
1461 3415 1516 3463 et
1537 3405 1712 3461 immi-

85 3526 328 3571 nentem
359 3509 669 3566 cervicibus
715 3508 795 3564 rei
838 3507 975 3561 iram
1021 3502 1157 3574 justi
1200 3501 1424 3572 iudicis,
1467 3499 1554 3554 cui
1604 3512 1710 3554 nou

85 3607 370 3682 placuerit
401 3605 638 3679 gemitus
665 3603 981 3660 confitentis
1006 3617 1020 3654 :
1053 3599 1146 3656 illa
1175 3606 1363 3653 autem
1389 3595 1444 3650 in
1474 3595 1711 3650 oblivio-

81 3718 222 3761 nem
269 3701 500 3765 ducere,
553 3713 680 3770 qua:
731 3707 789 3752 tu
837 3710 948 3751 non
1001 3693 1247 3765 quit-eris
1289 3687 1609 3760 publicare:
1662 3695 1718 3741 et

81 3793 316 3852 tabulari
371 3792 618 3850 criminis
673 3799 882 3857 notam,
934 3788 982 3844 si
1031 3801 1142 3843 non
1189 3783 1447 3840 vulneres
1496 3778 1716 3836 silentio

79 3889 525 3951 conscientiam.
578 3887 694 3962 Ego
722 3902 856 3952 sum,
889 3883 1084 3956 inquit,
1124 3882 1212 3952 qui
1242 3879 1386 3934 deleo
1417 3875 1715 3946 iniquitates

76 3995 232 4053 tuas,
265 3992 322 4039 et
349 3999 453 4038 non
473 3981 848 4037 rememorabor
866 3997 884 4034 :
913 3988 968 4033 tu
997 3985 1170 4032 autem
1193 3973 1301 4028 noli
1319 3970 1565 4026 oblivisci.
1591 3968 1718 4024 Nul-

77 4081 203 4138 lum
234 4077 425 4134 voluit
452 4091 576 4132 esse
601 4074 866 4146 temporis
893 4081 1178 4145 punctum,
1208 4067 1417 4123 nullum
1451 4063 1716 4120 momenti

77 4180 468 4238 momentum,
485 4187 595 4243 quo
615 4171 667 4226 in
687 4180 877 4241 pectus
895 4176 1050 4223 tuum
1075 4166 1281 4235 irrepat
1297 4159 1502 4217 oblivio
1525 4172 1716 4230 pecea-

77 4278 290 4328 torm
315 4285 328 4321 :
363 4267 459 4323 sed
484 4274 542 4322 ut
566 4262 868 4321 exsecretis
897 4277 1018 4331 quae
1042 4267 1170 4314 ante
1195 4255 1584 4320 commiseras,
1607 4265 1714 4306 non

79 4373 146 4421 ut
179 4361 554 4436 pristinorum
581 4355 951 4415 oblectatione
973 4352 1209 4425 capiaris
1233 4368 1248 4418 ;
1277 4357 1337 4406 et
1353 4349 1420 4404 sit
1445 4348 1500 4402 in
1529 4355 1582 4402 te
1609 4360 1717 4400 nou

77 4473 156 4517 ex
213 4453 502 4513 desiderio
545 4449 970 4524 prateritorum,
1011 4446 1110 4504 sed
1158 4461 1224 4502 ex
1272 4441 1480 4500 doloris
1530 4453 1717 4494 recor-

77 4550 329 4610 datione
361 4545 679 4619 suspirium.
715 4546 914 4600 Casum
939 4551 1090 4598 tuum
1125 4553 1350 4608 semper
1373 4544 1503 4590 ante
1531 4531 1721 4589 oculos

1819 3305 2091 3376 pmnitens
2109 3307 2376 3364 medicina
2396 3315 2504 3375 est,
2526 3307 2641 3377 ipsa
2663 3317 2716 3364 te
2741 3317 2918 3376 curat,
2945 3311 3058 3382 ipsa
3081 3320 3130 3368 ιε
3154 3313 3386 3368 viviﬁcat
3409 3331 3424 3380 ;

1817 3414 1918 3455 nec
1951 3398 2149 3470 patitur
2171 3399 2368 3455 vulnus
2387 3409 2537 3456 tuum
2563 3410 2748 3456 tenere
2779 3402 3147 3472 putredinem,
3174 3406 3269 3461 scd
3299 3423 3424 3463 mox

1819 3501 1878 3547 ut
1897 3491 2257 3563 ingemueris,
2285 3491 2666 3562 superinducit
2681 3489 2708 3528 ἀ
2729 3492 2856 3548 inde
2881 3495 3192 3553 nodabilcm
3213 3500 3430 3556 cicatri-

1818 3598 1960 3640 cem.
1991 3583 2161 3640 llodie
2188 3585 2538 3658 siquisquam
2559 3594 2610 3641 te
2626 3585 2849 3642 morbus
2863 3590 3167 3658 corporalis
3203 3591 3430 3660 alliciat,

1818 3685 1874 3733 et
1897 3678 2100 3733 sentias
2127 3688 2280 3733 artus
2311 3686 2435 3734 tuos
2463 3679 2736 3735 intestino
2761 3683 2982 3750 gravari
3018 3681 3302 3754 languore,
3330 3699 3426 3742 aut

1820 3776 2015 3831 vulnus
2047 3786 2196 3832 tuum
2222 3776 2502 3845 intelligas
2533 3774 2659 3830 tabo
2685 3785 2733 3832 et
2765 3777 2934 3834 sorde
2962 3780 3270 3847 putredinis
3299 3797 3430 3839 can-

1819 3883 2037 3936 cerare,
2081 3869 2262 3924 statim
2308 3868 2485 3925 curris
2517 3868 2584 3924 ad
2615 3869 2910 3938 medicum,
2945 3875 3146 3941 quaeris
3188 3873 3258 3930 de
3305 3887 3424 3932 arte

1819 3961 2147 4028 remedium,
2171 3961 2412 4018 excubas
2440 3972 2565 4017 ante
2586 3961 2808 4034 ianuam
2833 3963 3184 4034 dormientis,
3217 3977 3271 4025 et
3297 3978 3427 4028 ante

1820 4053 1968 4111 fores
2017 4055 2136 4126 ejus
2191 4053 2492 4111 matutinus
2548 4056 2816 4112 salutator
2868 4056 3116 4125 assistis;
3170 4062 3427 4132 precibus

1820 4163 2002 4217 orare,
2054 4149 2193 4204 dona
2227 4147 2570 4219 promittere,
2622 4165 2850 4206 munera
2892 4151 3115 4220 oll'erre,
3166 4166 3220 4212 et
3253 4166 3422 4215 totum

1823 4244 2212 4316 patrimonium
2243 4259 2338 4313 pro
2361 4251 2450 4298 tua
2477 4243 2634 4314 cupis
2663 4244 2895 4302 sanitate
2919 4247 3151 4318 prodere
3177 4267 3188 4304 :
3221 4261 3276 4306 et
3301 4267 3425 4310 cum

1823 4342 2142 4413 plerumque
2174 4338 2446 4412 imperitia
2473 4338 2593 4410 ejus
2630 4348 2724 4396 aut
2752 4352 3012 4411 gravetur
3047 4343 3300 4416 languor,
3334 4361 3429 4404 aut

1822 4448 1972 4492 certe
1997 4435 2048 4490 in
2070 4435 2225 4507 longa
2251 4442 2502 4504 tempora
2524 4431 2840 4501 differatur;
2865 4434 3222 4495 nihilominus
3243 4450 3424 4500 tamen

1825 4529 1878 4583 in
1925 4529 2314 4586 observatione
2359 4527 2577 4584 assidua
2626 4543 2947 4597 perseveras
2985 4547 2997 4584 :
3049 4540 3103 4586 ct
3148 4536 3313 4592 homo
3360 4539 3428 4595 ab

78 4657 385 4721 proponas
414 4651 472 4699 et
498 4643 706 4726 lugeas,
735 4647 792 4696 et
816 4638 1008 4694 funera
1037 4644 1129 4691 tua
1149 4630 1440 4690 momentis
1465 4626 1717 4683 omnibus
1742 4619 1798 4683 D
1823 4621 2041 4680 homine
2068 4636 2256 4693 speras
2288 4620 2441 4677 tarda
2468 4619 2737 4687 remedia,
2782 4637 2882 4676 nec
2915 4623 3180 4696 desperas
3206 4629 3423 4699 adjuto-

77 4743 365 4815 plangas,
400 4722 677 4792 mortuum
708 4744 761 4790 te
787 4732 990 4804 iugiter
1018 4727 1247 4791 sentias,
1287 4722 1718 4789 meritorumque

77 4813 218 4894 sine
247 4827 602 4888 dubitatione
630 4839 951 4899 cognoscas.
974 4822 1104 4878 liae
1124 4817 1391 4875 Dominus
1413 4828 1518 4870 nou
1544 4813 1720 4882 impu-

80 4930 241 4989 tabit
274 4927 345 4982 ad
374 4939 615 4997 prauam,
653 4921 750 4979 sed
791 4915 1142 4988 deterquebit
1169 4913 1234 4969 ad
1263 4910 1532 4983 gloriam:
1565 4913 1622 4962 et
1644 4905 1721 4960 ita

80 5020 516 5086 memorabitur
548 5018 650 5087 tui,
679 5023 742 5072 ut
770 5013 1131 5071 obliviscatur
1171 5021 1390 5070 eorum,
1436 5017 1558 5073 quae:
1593 5007 1722 5055 ante

77 5123 140 5180 in
163 5116 432 5192 peccatis
447 5113 628 5186 egisti,
650 5111 983 5183 praebiturus
1009 5105 1106 5161 tibi
1135 5117 1238 5174 pro
1263 5094 1556 5168 temporali
1575 5094 1720 5148 luctu

79 5223 322 5272 aeterna
341 5219 506 5279 atque
532 5206 750 5262 inﬁnita
772 5202 970 5259 solatia
992 5213 1150 5267 :cum
1177 5201 1400 5267 peccata
1421 5199 1508 5245 tua
1532 5200 1724 5244 evase-

81 5310 218 5367 rint
271 5301 569 5373 impunita,
603 5302 726 5369 ipso
763 5299 1020 5353 dicente:
1053 5291 1200 5346 Beati
1229 5288 1318 5360 qui
1347 5300 1482 5341 nunc
1522 5283 1720 5351 lugent,

79 5399 362 5474 quoniam
402 5396 502 5465 ipsi
532 5392 959 5448 consolabuntur.
997 5385 1080 5442 Tu
1120 5395 1297 5439 autem
1331 5379 1439 5434 noli
1469 5375 1719 5441 oblivisci,

82 5469 140 5554 et
172 5491 499 5570 judicetnur
530 5487 762 5559 (Matth.
793 5501 849 5553 v,
879 5481 971 5555 5).
1007 5481 1222 5537 Interea
1247 5475 1579 5550 iudicemur,
1622 5469 1721 5524 ait.

170 5690 202 5718 ι
249 5672 449 5731 Codex
474 5669 659 5730 Βειιι..
682 5668 847 5737 quiin
868 5666 981 5720 uiuo
1003 5662 1225 5737 perdito.

171 5750 202 5790 b
220 5820 232 5831 .
249 5723 783 5826 ἔὶἶεᾷἰίεειέοιῶ.
808 5752 939 5793 mss.
967 5723 1164 5802 ;'Reru.
1190 5743 1344 5796 vero,
1374 5734 1423 5782 et
1449 5723 1728 5779 decurrens

85 5823 648 5946 “Fwa
686 5889 746 5941 et
779 5877 967 5951 sem,
993 5877 1150 5951 iusta
1176 5870 1578 5936 mimum
1602 5880 1730 5937 pen.

1825 4718 1965 4774 riunt
1996 4717 2362 4788 profuturum,
2385 4729 2506 4770 cum
2527 4713 2708 4769 adhuc
2733 4730 2839 4770 non
2863 4719 3075 4774 sentias
3101 4723 3427 4780 corrobora-

1826 4812 1986 4869 tionis
2003 4809 2254 4868 etlectum
2272 4826 2286 4875 ;
2305 4821 2358 4866 et
2374 4824 2481 4864 non
2500 4809 2674 4864 curris
2688 4809 2756 4864 ad
2779 4811 2946 4867 Deum
2964 4823 3112 4869 tuum
3129 4817 3423 4884 gratuitum

1828 4906 2122 4970 medicum,
2153 4904 2221 4960 ad
2265 4903 2582 4959 ultroneum
2617 4903 3067 4975 pigmentarium,
3115 4910 3206 4978 qui
3237 4910 3292 4964 in
3339 4925 3434 4968 cu-

1830 4999 2019 5056 randis
2046 4998 2244 5053 anima:
2287 5003 2392 5051 tua:
2418 4995 2829 5053 Valetudiuibus
2880 4999 3088 5054 nullum
3122 5001 3274 5056 novit
3322 5006 3432 5073 pati

1830 5091 2126 5158 fastidium,
2157 5105 2258 5147 nec
2301 5097 2591 5162 exspectat
2621 5105 2687 5145 ex
2716 5091 2952 5147 sanitate
2999 5103 3084 5146 tua
3116 5094 3426 5164 praemium,

1831 5183 1926 5241 sed
1961 5184 2131 5253 magis
2160 5182 2438 5240 desiderat
2477 5181 2705 5254 praemio
2735 5198 3026 5238 munerare
3055 5195 3325 5242 curatum.
3360 5189 3431 5247 Et

1831 5277 2019 5348 utique
2062 5275 2380 5346 temporalis
2408 5275 2656 5331 medicus
2687 5276 2791 5330 boc
2818 5274 2982 5347 592
3027 5277 3206 5333 solum
3251 5295 3429 5354 curat,

1831 5371 1974 5440 quod
1992 5368 2059 5424 ad
2077 5384 2279 5441 corpus
2304 5370 2522 5434 attinet,
2544 5377 2800 5422 caeterum
2823 5367 2966 5422 Deus
2992 5361 3232 5426 animam
3251 5388 3435 5448 sanat,

1832 5480 1992 5538 quam
2023 5474 2244 5536 peccata
2273 5463 2670 5521 convulnerant
2700 5478 2714 5515 :
2746 5469 2803 5515 et
2832 5460 2926 5517 ille
2951 5460 3167 5533 profert
3190 5466 3260 5523 ad
3289 5485 3432 5541 pm.

1840 5653 2122 5776 mgisl'ldit.
2156 5726 2212 5790 et
2226 5714 2364 5790 _cod.
2413 5709 2602 5790 S_orb.,
2635 5706 3090 5790 indeunotdtilent
3113 5714 3404 5776 cicatricem
3424 5745 3438 5790 ,-

1839 5794 2039 5852 melius
2067 5789 2192 5847 cod.
2225 5786 2409 5848 item,
2436 5780 2557 5836 inde
2586 5777 2880 5837 nodabilcm
2911 5782 3220 5840 cicatricem.
