3950 6314
84 384 180 439 977

1178 365 1268 423 DE
1308 365 1764 425 ΡἝΝΙΤΕΝΤΙΔ
1805 366 2013 425 LIBER
2056 368 2257 429 UNUS.

3261 368 3369 429 978

81 508 203 565 ergo
227 486 319 546 tibi
346 498 508 555 super
538 495 603 537 eo
634 479 921 549 blandiris,
953 480 1097 551 quod
1141 496 1247 536 non
1292 480 1495 536 habeas
1521 495 1651 535 con-
1684 483 1740 545 Α
1762 482 1918 539 sione
1946 483 2125 539 deleta
2154 494 2241 540 est
2260 486 2371 556 jam
2396 486 2536 543 dicta
2563 486 2856 556 sententia,
2886 496 2938 543 et
2967 502 3163 545 aversa
3195 488 3377 544 immio

80 588 280 647 scium;
310 592 429 635 eum
464 576 648 631 videas
694 574 1010 631 testimonio
1040 576 1319 645 sanguinis
1356 573 1664 630 innocentis

78 682 202 737 Cain
234 677 401 733 fuisse
431 671 736 727 eonvicmm
765 669 992 741 pariter,
1023 680 1079 724 et
1110 670 1407 740 punitum?

141 768 360 829 CAPUT
394 766 457 821 V.
486 793 553 805 —
585 763 691 820 Sed
720 764 1023 830 conscium,
1057 763 1291 834 inquies,
1320 777 1427 817 non
1461 762 1657 829 habeo,

76 866 160 938 qui
207 877 322 920 mea
352 859 491 915 facta
541 856 804 926 divulgat.
838 856 1012 927 Rogo,
1064 856 1212 911 dicas
1268 855 1423 921 mihi,
1456 856 1501 911 si
1555 871 1660 910 nou

75 961 233 1017 habes
248 956 544 1015 conscium,
564 969 672 1008 non
691 954 859 1007 habes
873 951 1226 1007 conscientiae
1245 950 1614 1005 testimonium
1637 951 1659 1003 ?

76 1066 158 1111 aut
185 1066 233 1108 te
262 1054 435 1121 ipsum
465 1057 623 1121 potes
660 1045 924 1117 effugere,
958 1054 1013 1102 et
1059 1045 1453 1101 conscientiam
1494 1043 1661 1100 decli-

74 1147 231 1205 nare?
249 1141 675 1206 Conscientiam,
695 1140 936 1210 inquam,
960 1141 1103 1210 apud
1125 1155 1410 1211 quamnon
1430 1142 1661 1194 moritur

74 1256 221 1297 omne
242 1236 382 1310 quod
402 1234 665 1307 gerimus,
689 1251 813 1304 qua:
835 1233 1001 1288 nosin
1030 1233 1186 1288 factis
1211 1234 1419 1288 nostris
1442 1241 1662 1288 accusat

72 1343 121 1389 et
144 1333 383 1404 judicat:
418 1344 538 1400 qua:
582 1343 705 1382 cum
759 1342 866 1382 non
922 1326 1121 1382 habt-at
1168 1326 1423 1398 loquendi
1477 1342 1655 1394 usum,

72 1425 229 1483 nescit
249 1435 425 1479 tamen
457 1431 641 1479 tenere
662 1421 967 1477 silentium.
998 1419 1185 1475 Potest
1204 1419 1454 1475 conscius
1484 1428 1658 1475 morte

70 1518 302 1583 subduci,
360 1524 540 1588 potest
590 1516 685 1571 tibi
744 1513 812 1569 ad
872 1523 1145 1584 tempusll
1185 1512 1444 1583 prodesse
1503 1510 1657 1567 testis

70 1613 297 1670 absentia
322 1629 335 1666 :
369 1612 483 1666 haec
506 1621 687 1665 tecum
722 1624 941 1679 semper
968 1620 1076 1674 est,
1100 1620 1154 1663 et
1177 1608 1295 1663 sine
1322 1617 1373 1663 te
1402 1621 1511 1662 non
1539 1616 1652 1661 est:

71 1708 227 1762 haeret
252 1704 479 1776 pectori,
502 1718 602 1760 nec
628 1716 886 1773 umquam
909 1711 960 1758 te
982 1700 1217 1767 deserit;
1248 1709 1302 1755 et
1321 1700 1465 1755 velut
1493 1699 1653 1771 593

67 1801 297 1873 quaedam
329 1800 653 1871 pedissequa
695 1798 847 1853 nullo
873 1797 971 1854 abs
999 1806 1048 1851 te
1083 1795 1341 1866 temporis
1367 1794 1653 1849 intervallo

1768 592 1904 631 nens
1962 576 2066 641 ira.
2130 594 2199 633 ne
2253 579 2428 635 inanis
2482 580 2639 636 fieret
2693 582 2963 635 confitens
3025 581 3372 649 pteuitentia.

1766 669 2041 726 Pendebat
2055 673 2481 741 supermiseram
2499 673 2780 730 civitatein
2802 674 3019 731 coalitus
3034 675 3145 743 jam
3161 675 3375 730 vibrata

1765 764 2060 830 sententia,
2080 772 2137 818 et
2162 765 2661 823 animadversionis
2690 768 2889 824 divina:
2911 770 3120 824 securis
3142 769 3375 824 cervici-

1764 855 1867 912 bus
1889 857 2188 913 infelicium
2209 860 2554 929 perurgebat.
2587 860 2704 917 Jani
2737 862 3037 929 productus
3058 866 3230 919 fuerat
3261 877 3373 920 ca:-

1767 952 1918 1007 leSIis
1941 952 2156 1023 gladius
2192 968 2222 1007 e
2256 955 2471 1024 vagina,
2503 964 2559 1010 et
2588 955 2642 1011 in
2686 957 2894 1012 ultione
2929 967 3367 1028 perpetratorum

1762 1046 2050 1102 criminum
2081 1046 2375 1103 vehemens
2398 1048 2477 1102 ira
2498 1047 2765 1104 fervebat.
2790 1048 2903 1103 Vox
2927 1051 3197 1114 prteconis
3227 1052 3368 1107 inte-

1765 1138 1928 1195 ritum
1984 1140 2197 1211 populis
2240 1140 2612 1207 minitabatur,
2662 1154 2715 1195 et
2758 1142 3117 1199 denuntiabat
3159 1144 3370 1199 cunctis

1766 1235 2071 1305 proximum
2103 1234 2361 1304 perituris
2393 1234 2674 1306 propheta:
2704 1236 2913 1289 clamor
2934 1237 3199 1291 exitium:
3241 1236 3375 1293 Post

1763 1330 2011 1396 triduum,
2048 1330 2243 1400 inquit,
2265 1338 2309 1383 et
2338 1327 2525 1383 Ninit'e
2542 1328 3070 1384 ciritassubvertetur.
3094 1330 3208 1386 lleu
3227 1330 3357 1400 quid

1761 1424 1831 1479 de
1878 1424 1991 1477 Deo
2038 1423 2253 1493 exigitis
2293 1423 2525 1485 scelera,
2565 1422 2696 1492 quid
2743 1433 2962 1493 peccata
3002 1423 3367 1479 mercamini?

1760 1517 1935 1588 Ipsam
1968 1516 2062 1572 Dei
2098 1516 2269 1572 nostri
2306 1516 2789 1573 cletnentissimam
2826 1518 3169 1586 pratvenistis
3195 1518 3369 1588 pietav

1761 1618 1894 1674 tem,
1916 1609 1984 1665 de
2007 1625 2115 1679 quo
2139 1619 2246 1663 tam
2264 1608 2626 1679 pr0pinquam
2649 1616 2706 1663 et
2723 1618 2849 1662 ante
2875 1618 3086 1678 tempus
3109 1610 3369 1679 exegistis

1760 1703 2043 1759 ultionem.
2077 1701 2277 1757 Videre
2306 1702 2488 1771 itaque
2514 1701 2647 1757 milii
2682 1702 3096 1773 videor-quanta
3133 1704 3366 1759 miseros

1756 1800 2002 1853 arctabat
2026 1796 2295 1866 angustia,
2334 1806 2388 1852 et
2419 1796 2595 1866 qualis
2618 1796 3018 1865 perstrinxerat
3040 1795 3093 1851 in
3122 1806 3363 1855 tremore

67 1895 320 1950 discedit:
372 1904 520 1949 tenet
553 1902 603 1948 te
645 1908 823 1954 reum,
857 1899 913 1947 et
959 1892 1011 1945 in
1059 1905 1155 1945 sua
1196 1904 1412 1958 semper
1443 1886 1650 1942 dilione
1680 1894 1728 1955 B
1756 1891 2074 1949 necessitas.
2122 1890 2427 1946 Consilium
2483 1900 2659 1946 metus
2712 1892 2995 1955 amiserat,
3047 1891 3357 1948 remedium

22 2038 43 2044 η
64 1987 341 2057 captivum.
359 1986 413 2043 Si
431 1985 650 2058 quando
677 1994 913 2040 mentem
938 1992 1083 2037 tuam
1098 1982 1271 2037 laetior
1284 1978 1645 2036 secundarqu

66 2096 231 2135 rerum
259 2091 411 2135 actus
455 2080 719 2144 avocarit,
771 2085 830 2134 et
873 2091 1067 2131 sensus
1097 2083 1217 2130 tuos
1245 2074 1473 2144 ('(Bpel'll.
1521 2071 1648 2127 facti

63 2171 401 2227 delectatione
443 2172 795 2243 iucunditas;
830 2169 1011 2226 subito
1040 2177 1091 2223 te
1130 2168 1219 2223 illa
1251 2166 1519 2229 stimulat,
1549 2165 1645 2220 illa

63 2265 361 2322 medullitus
394 2265 575 2335 pulsat
602 2275 655 2319 et
685 2263 1261 2333 interpellatsensum,
1294 2258 1647 2327 interrumpit

60 2361 322 2429 gaudium,
341 2368 574 2414 ettotam
602 2356 839 2427 pectoris
869 2357 1145 2426 regionem
1172 2354 1379 2409 nitestis
1395 2351 1642 2420 suspiriis

61 2451 345 2521 inquietat:
392 2461 448 2507 et
497 2452 650 2527 quasi
707 2449 991 2504 vulnerata
1038 2446 1333 2517 opprobrio
1369 2452 1641 2511 teneatur,

59 2561 155 2601 non
168 2546 438 2603 invenitur
452 2545 657 2601 homini
678 2543 1001 2609 remedium,
1017 2557 1124 2613 quo
1143 2549 1399 2605 curetur;
1419 2552 1641 2608 semper

58 2639 185 2693 enim
222 2638 537 2707 offenditur,
588 2653 711 2694 cum
742 2636 884 2691 alius
914 2635 1230 2705 castigatur,
1264 2642 1318 2687 et
1366 2632 1418 2685 in
1458 2630 1638 2685 alieno

57 2733 256 2789 vulnere
307 2735 488 2806 primo
535 2733 652 2803 ipsa
712 2730 1033 2802 percutitur.
1086 2724 1288 2782 Deinde
1335 2724 1417 2779 vis
1475 2736 1637 2778 nosse

53 2837 233 2899 quanta
256 2833 324 2884 sit
350 2831 619 2887 severitas
644 2824 1032 2882 conscientite?
1059 2822 1244 2877 Potest
1261 2820 1359 2875 tibi
1380 2817 1635 2874 conscius

53 2936 171 2977 auro
186 2926 481 2997 corrumpi,
501 2932 677 2994 poteSt
694 2920 920 2992 pecunia
948 2915 1253 2988 comparari
1272 2912 1632 2969 :conscientia

52 3016 174 3071 nihil
195 3019 555 3089 corruptionis
577 3014 833 3079 admittit,
857 3022 1039 3067 manet
1063 3012 1327 3080 integrum
1348 3011 1466 3077 ejus
1482 3004 1634 3061 tesni-

53 3108 275 3165 mouium
324 3119 438 3166 tota
488 3108 615 3164 fidei
648 3107 903 3162 firmitate
958 3104 1240 3158 vallatum.
1290 3099 1428 3168 Quin
1461 3097 1630 3153 etiam

53 3200 293 3256 adversus
313 3203 599 3257 eouscium
622 3197 943 3255 conducitur
958 3192 1340 3266 patrocinium,
1369 3200 1423 3244 et
1443 3188 1632 3245 defen-

1750 1983 2060 2053 desperatio
2102 1997 2209 2036 non
2243 1982 2509 2047 habebat;
2547 1984 2616 2036 ita
2667 1984 2813 2037 enim
2870 1982 3049 2037 fuerat
3094 1984 3362 2055 temporis

1748 2076 2076 2147 praecipitata
2101 2074 2381 2140 celeritas,
2415 2083 2475 2129 ut
2507 2091 2574 2130 ne
2620 2077 2810 2145 spatiis
2837 2074 3057 2146 quidem
3089 2077 3357 2135 attributa

1746 2168 1919 2224 diram
1944 2166 2309 2236 suspicionem
2332 2166 2583 2222 criminis
2613 2168 2908 2223 relaxaret.
2942 2168 3070 2225 Post
3092 2171 3351 2238 triduum,

1746 2262 1941 2333 inquit,
1995 2259 2184 2315 Ninive
2214 2260 2392 2313 civitas
2441 2260 2761 2313 subvertetur
2805 2258 2998 2332 (Jome
3029 2277 3109 2330 ut,
3142 2263 3239 2332 4).
3286 2264 3353 2318 Et

1742 2371 1994 2427 qutenam
2039 2354 2219 2411 futura
2268 2364 2385 2410 erat
2433 2354 2522 2409 illa
2560 2354 2873 2420 subversio,
2915 2370 3037 2424 qua:
3089 2355 3353 2411 indicitur

1745 2451 2035 2523 perituris?
2056 2452 2170 2506 Non
2198 2450 2382 2520 utique
2409 2450 2664 2505 hostilem
2679 2449 3024 2521 significabat
3047 2451 3350 2515 incursum,

1744 2560 1850 2600 non
1899 2559 2174 2599 armorum
2218 2544 2504 2613 strepitum
2545 2558 2645 2599 nec
2674 2541 3002 2613 clangorem
3035 2543 3341 2599 terribilem

1743 2637 2124 2700 buccinarum;
2156 2637 2352 2710 quibus
2402 2638 2628 2693 forsitan
2669 2645 2917 2708 poterant
2967 2637 3347 2692 resistentium

1744 2740 1763 2766 ο
1798 2729 2017 2785 obviare
2050 2728 2333 2795 tutamina,
2365 2737 2457 2784 aut
2480 2728 2680 2798 praeliis
2722 2727 3086 2799 promulgatis
3114 2727 3349 2798 partium

1737 2822 2402 2886 conferricertamen,aut
2416 2822 2552 2894 fuga:
2573 2823 2842 2893 praesidiis
2856 2829 3058 2878 sortem
3079 2822 3349 2894 projicere

1736 2919 2074 2986 captivorum
2113 2935 2127 2971 :
2178 2917 2274 2973 sed
2319 2916 2522 2995 divinae
2566 2915 2950 2985 indignationis
2994 2927 3048 2971 et
3096 2916 3350 2974 vindicta:

1732 3012 1971 3069 caelestis
1998 3012 2247 3067 interitus
2274 3011 2620 3081 praedicatur,
2650 3011 2735 3067 cui
2765 3011 3071 3080 puniendus
3096 3027 3194 3067 nec
3223 3012 3347 3083 fuga

1733 3104 2069 3171 subducitur,
2096 3120 2195 3159 nec
2224 3104 2431 3160 bellicis
2444 3104 2653 3160 artibus
2670 3103 2997 3160 defendendi
3013 3120 3139 3160 cura
3157 3106 3342 3163 datur.

1733 3201 1867 3268 Quis
1890 3201 2033 3257 enim
2066 3210 2249 3271 posset
2281 3201 2576 3272 irrogatutn
2600 3199 2825 3255 exitium
2860 3201 3161 3270 declinare,
3194 3203 3340 3273 quod

52 3294 206 3350 siouis
256 3297 477 3364 ingenio
508 3303 824 3365 argumenta
851 3290 1107 3345 versutia:
1133 3278 1552 3356 conquiruntur,
1578 3292 1632 3337 et
1662 3287 1707 3349 (ζ
1739 3296 1995 3351 (amarius
2025 3296 2205 3365 fragor
2232 3295 2527 3367 incipiebat
2555 3294 2883 3351 mundae?

54 3388 326 3444 testimonii
356 3390 563 3445 veritas
592 3387 819 3458 loquela:
848 3382 1178 3454 impudentis
1196 3378 1492 3434 calliditate
1520 3390 1640 3445 per-

52 3485 298 3539 vertitur:
330 3484 500 3555 judex
539 3497 759 3553 quoque
792 3478 1102 3540 redimitur,
1148 3484 1207 3528 ut
1240 3471 1369 3527 facti
1403 3470 1639 3540 qualitas

51 3587 341 3633 excusetur.
396 3577 609 3632 Vacant
658 3575 774 3631 11330
802 3573 1006 3639 omnia,
1034 3569 1061 3608 ι)
1092 3569 1178 3624 ubi
1237 3568 1465 3621 interest
1510 3578 1641 3618 con-

51 3667 295 3724 scientia:
328 3681 382 3725 et
414 3685 540 3727 cum
590 3667 756 3723 homo
800 3666 1084 3729 moriatur,
1125 3658 1457 3716 COﬂrCiCltlta
1492 3664 1640 3712 certe

52 3776 145 3817 non
199 3765 453 3830 uiotitur,
495 3779 616 3835 qute
644 3772 767 3835 post
799 3770 1030 3816 mortem
1079 3754 1324 3825 corporis
1372 3751 1424 3806 in
1458 3750 1637 3805 anima

45 3853 321 3924 judicatur.
354 3860 420 3914 Et
454 3868 610 3929 putas
638 3855 896 3927 prodesse
924 3854 1021 3907 tibi
1057 3861 1108 3907 te
1137 3866 1248 3906 non
1274 3849 1477 3904 habere
1503 3859 1636 3900 con-

48 3951 205 4005 scium
242 3968 362 4008 cum
416 3951 772 4008 Conscientiae
798 3946 1174 4015 quotidianum
1207 3944 1413 3998 sentias
1444 3951 1639 4010 perpe-

48 4052 296 4115 tuumque
319 4043 621 4116 judicium?
653 4042 759 4099 Sed
791 4041 954 4113 plane
989 4055 1111 4093 eum
1153 4052 1258 4091 nou
1290 4030 1640 4090 comitabitur

52 4135 174 4192 ultio
199 4138 405 4204 divina,
457 4153 618 4208 quem
650 4149 869 4206 propria
913 4130 1241 4203 iudicaverit
1271 4122 1635 4187 conscientia;

50 4242 191 4285 vacet
214 4234 355 4288 enim
388 4232 465 4288 ibi
494 4246 717 4287 necesse
746 4239 830 4285 est
872 4236 1111 4298 poteStas
1134 4222 1357 4296 judicis,
1390 4219 1480 4275 tibi
1509 4234 1641 4274 con-

50 4324 187 4378 scius
212 4326 313 4380 sibi
346 4342 474 4382 reus
488 4323 779 4379 adversum
812 4337 871 4375 se
904 4318 1061 4374 teSIis
1087 4328 1143 4371 et
1168 4324 1452 4371 accusator
1470 4313 1639 4367 exsti—

51 4416 184 4471 terit.
217 4418 346 4474 Nam
377 4417 737 4489 proculdubio
764 4412 1127 4487 getnittabitnr
1148 4424 1309 4464 causa
1341 4407 1566 4479 peccati,
1596 4405 1640 4460 si

50 4519 322 4567 eontuniax
367 4510 715 4569 conscientia
756 4510 899 4562 facta
941 4523 1036 4561 sua
1085 4504 1323 4560 uoluerit
1352 4500 1637 4566 confiteri;

52 4612 167 4661 tunc
197 4608 342 4663 enim
397 4624 462 4663 ex
513 4618 796 4676 peccatore
830 4606 887 4657 lit
918 4602 1140 4672 impios,
1188 4599 1279 4671 qui
1316 4599 1369 4652 in
1403 4596 1642 4668 peccatis

1812 3385 2043 3442 CAPUT
2087 3386 2168 3440 Vl.
2199 3417 2269 3426 —
2298 3389 2365 3441 At
2409 3401 2539 3442 ecce
2589 3386 2822 3442 miseros
2872 3403 2980 3442 non
3032 3386 3240 3443 deserit
3290 3390 3345 3444 in

1745 3494 1943 3549 pavore
1981 3478 2266 3533 consilium
2296 3520 2310 3544 ,
2343 3488 2398 3533 et
2428 3478 2639 3533 invenit
2667 3479 2971 3535 remedium
3001 3496 3068 3535 ex
3103 3481 3350 3551 periculo

1744 3570 2079 3642 desperatio.
2121 3570 2201 3625 Ad
2233 3585 2295 3626 se
2324 3571 2471 3637 ipsos
2502 3570 2797 3627 redeuntes
2826 3573 3193 3627 conscientias
3221 3588 3351 3630 snas

1746 3667 1860 3722 vice
1884 3664 2175 3735 iudicantis
2206 3665 2573 3734 interrogant,
2608 3673 2837 3719 currunt
2870 3664 2933 3717 ad
2967 3679 3349 3735 propugnacu-

1742 3758 1852 3814 lum
1878 3757 2237 3827 pceuitentire,
2263 3765 2319 3811 et
2340 3755 2703 3811 confessionis
2725 3764 2881 3811 scuto
2912 3758 3166 3826 opposito
3181 3758 3347 3813 decli-

1744 3862 1875 3906 nant
1902 3850 2174 3922 sagittam.
2202 3848 2317 3904 ltur
2341 3850 2410 3905 ab
2437 3848 2691 3904 omnibus
2714 3849 2767 3903 in
2793 3849 3135 3904 curationem
3163 3850 3351 3905 crimi-

1744 3960 1871 3999 num
1906 3942 2281 4006 fatendorum,
2315 3951 2369 3996 et
2397 3941 2451 3996 in
2483 3940 2872 3997 satisfactionis
2898 3939 3137 3997 ofﬁcium
3180 3959 3352 4013 expo-

1742 4038 1843 4092 sita
1869 4035 2028 4091 morti
2054 4035 2208 4088 turba
2233 4033 2536 4102 conspirat.
2569 4032 2816 4088 ludicunt
2845 4033 2948 4088 sibi
2975 4035 3346 4091 nece~sariutn

1745 4133 1969 4203 perituri
1990 4132 2282 4203 jejunium,
2316 4131 2368 4186 in
2398 4130 2534 4202 ipsis
2561 4129 2889 4199 corporibus
2920 4129 3129 4185 animas
3166 4129 3349 4187 humi-

1743 4226 1912 4281 litatis
1940 4224 2153 4295 llagello
2178 4225 2482 4294 castigant:
2514 4210 2749 4279 induunt
2777 4239 2877 4294 pro
2902 4236 3053 4280 veSIe
3082 4224 3344 4297 cilicium,

1743 4328 1800 4375 et
1826 4337 1923 4391 pro
1954 4318 2248 4390 unguentis
2285 4321 2473 4374 cinere
2514 4332 2574 4373 se
2616 4327 2949 4389 aspergunt,
2983 4334 3048 4373 ac
3092 4318 3350 4389 prostrati

1745 4414 1911 4468 humo
1961 4411 2241 4483 pulverem
2292 4410 2558 4465 lambunt.
2612 4409 2842 4466 Mortem
2883 4426 3037 4466 suam
3083 4410 3349 4484 lacrymis

1745 4506 2028 4571 funerant,
2057 4514 2114 4561 et
2142 4504 2304 4558 vitam
2335 4503 2721 4574 plangimoniis
2750 4516 3156 4575 prosequuntur
3180 4524 3192 4561 :
3226 4521 3349 4562 rea—

1746 4607 1855 4654 tum
1899 4614 2055 4654 suum
2096 4597 2389 4667 gemitibus
2432 4594 2747 4665 pub’icant,
2781 4605 2835 4650 et
2871 4606 3092 4652 actuum
3125 4615 3347 4655 suorum

51 4698 156 4753 suis
184 4701 416 4757 fatendis
463 4701 737 4756 exstiterit
768 4697 1086 4758 induratus;
1119 4705 1175 4748 ut
1201 4706 1254 4747 et
1283 4692 1483 4762 flagitia
1517 4705 1638 4760 per-
1666 4684 1720 4745 D
1748 4692 1989 4764 pandunt
2014 4705 2215 4745 arcana
2244 4691 2503 4744 facinora.
2529 4689 2721 4743 Oniuis
2748 4699 2879 4746 tetas
2906 4702 2958 4747 et
2986 4708 3151 4749 sexus
3179 4693 3350 4748 indis—

51 4794 272 4865 stringat
295 4795 461 4866 digna
509 4792 804 4855 sententia,
843 4799 897 4844 et
924 4785 1280 4844 contumacia:
1312 4799 1499 4854 ptBnas
1529 4783 1643 4837 luat

50 4891 294 4953 pervicax
328 4888 692 4944 conscientia.
739 4884 1030 4955 Frangitur
1058 4880 1205 4935 enim
1234 4878 1531 4933 commotio
1553 4875 1642 4945 ju-

51 4979 197 5047 dicis,
232 4984 321 5039 ubi
379 4982 733 5055 pmnitudinis
764 4988 821 5036 et
849 4975 1159 5034 severitatis
1184 4974 1341 5029 enixa
1375 4969 1646 5026 districtio

50 5075 404 5134 confessionis
438 5078 843 5149 oppugnatione
868 5074 1113 5129 lenitur:
1148 5071 1529 5138 depromptum
1558 5065 1643 5120 itt-

50 5169 360 5241 dignatione
420 5172 686 5244 ludit-ium
753 5166 1128 5223 satisfactione
1182 5160 1525 5235 percellitur,
1590 5168 1646 5215 et

48 5268 425 5322 comminantis
447 5265 675 5321 intentio
693 5263 957 5318 orationis
978 5258 1297 5313 humillima:
1316 5253 1647 5310 verecundia

50 5365 402 5430 temperatur.
427 5361 536 5415 lloc
549 5375 615 5415 ex
635 5355 887 5413 Niuivitis
908 5352 1159 5418 addisce,
1178 5366 1410 5421 quorum
1435 5349 1648 5406 confes-

53 5497 229 5566 plexa,
254 5507 549 5554 extenuaret
575 5506 756 5551 tamen
784 5492 1031 5566 retinuit.

119 5576 145 5605 α
185 5557 312 5625 Mss.
330 5571 489 5624 Sorb.
515 5579 568 5624 et
584 5568 738 5633 Gill.,
758 5564 1003 5636 prodesse
1024 5563 1165 5617 testis
1185 5560 1529 5636 conscientia;
1542 5557 1655 5636 Nec

48 5650 242 5695 rectum
292 5652 571 5711 superest;
605 5642 654 5693 iti
707 5628 886 5705 tii'arg.
934 5645 1139 5711 autem,
1188 5631 1446 5711 prodesse.
1487 5628 1652 5711 Testis

53 5701 372 5767 conscientia
394 5723 440 5767 et
464 5701 630 5766 ternm
659 5701 863 5779 semper
889 5718 1001 5774 est;
1034 5708 1090 5761 Rt
1116 5701 1197 5762 ηιξ
1218 5707 1376 5779 edit),
1406 5701 1656 5779 prodesse

54 5785 212 5838 testis.
246 5782 576 5839 Conscientia
604 5800 720 5837 vero
751 5774 915 5836 tecum
940 5795 1142 5851 senaper
1171 5786 1262 5832 est.
1312 5774 1420 5832 Sed
1470 5774 1650 5829 locum

58 5858 260 5910 ontinte
293 5859 533 5910 restituit
560 5855 714 5910 Βθηι.
742 5854 937 5910 codex.

58 5866 260 5926 optime
293 5866 533 5911 restituit
560 5866 714 5910 Item.
742 5866 937 5910 couex.

130 5926 156 5963 ι’
188 5924 331 5983 Edit.
367 5926 490 5985 Glll.
533 5927 622 5981 ubi
680 5925 996 5980 censcientia
1020 5940 1039 5980 :
1066 5933 1114 5980 et
1142 5937 1260 5978 eum
1288 5919 1475 5989 homo,
1504 5925 1650 5983 etc.;

1747 4797 1895 4842 crete
1938 4784 2259 4855 lugubribus
2298 4798 2359 4839 se
2400 4791 2546 4853 aptat
2588 4783 2783 4838 officiis
2810 4802 2825 4841 :
2856 4785 3141 4856 tlepositus
3169 4789 3351 4844 omnis

1747 4878 1958 4944 cultus,
1987 4876 2230 4944 dejeetus
2257 4883 2484 4929 ornatus
2512 4892 2524 4924 :
2556 4874 2652 4929 sed
2686 4875 2845 4943 plane
2875 4877 2983 4931 illa:
3010 4878 3200 4933 sordes
3227 4894 3352 4933 eor-

1750 4968 1899 5040 poris
1925 4980 2243 5025 ornamenta
2269 4966 2484 5023 fuerunt
2513 4968 2847 5037 pmuitentize
2869 5011 2884 5034 ,
2915 4979 2969 5025 et
2996 4971 3168 5025 virtus
3192 4969 3354 5027 habio

1752 5062 1954 5119 tudinis
2001 5076 2275 5118 summum
2328 5058 2430 5114 fuit
2481 5058 2651 5115 decus
2702 5061 3088 5117 confessionis.
3144 5059 3354 5132 Negata

1750 5170 1968 5228 quoque
2015 5164 2141 5210 sunt
2193 5154 2326 5223 ipsis
2378 5153 2638 5208 alimenta
2688 5152 3057 5215 lactentibus.
3113 5162 3169 5206 et
3220 5162 3357 5209 :etas

1755 5248 1988 5305 necdum
2032 5247 2266 5318 propriis
2311 5246 2554 5316 peccatis
2597 5244 2837 5311 infecta,
2886 5258 3052 5298 onera
3095 5244 3360 5301 sustinuit

1753 5345 1952 5402 aliena.
1983 5342 2182 5400 Cibum
2214 5358 2372 5398 suum
2401 5350 2610 5397 mutum
2652 5354 2818 5408 pecus
2857 5338 3125 5406 esurivit,
3169 5348 3224 5395 et
3262 5354 3363 5396 na-

1758 5485 1814 5541 in
1845 5484 2088 5555 margine
2128 5492 2310 5538 autem
2343 5480 2486 5555 idem
2531 5480 2786 5555 admonet
2814 5477 2986 5555 videri
3017 5478 3211 5555 deesse
3242 5494 3366 5537 ver-

1759 5558 1886 5612 bum
1909 5599 1925 5621 ,
1964 5550 2321 5619 Pondemnat;
2360 5554 2517 5619 cuius
2548 5560 2727 5623 tamen
2762 5552 2880 5607 loco
2910 5550 3064 5606 Rom.
3101 5550 3234 5607 edit.
3266 5566 3365 5623 po-

1762 5631 1871 5685 suit
1899 5628 2150 5682 ouluerm.
2196 5626 2305 5681 Nos
2335 5638 2497 5691 porro
2523 5623 2647 5677 cod.
2682 5621 2839 5678 Rem.
2873 5623 3047 5677 secuti
3075 5621 3288 5677 smnus}

1837 5711 1859 5739 ο
1902 5701 2043 5755 Edit.
2069 5698 2201 5755 Gill.
2226 5715 2288 5752 ac
2318 5698 2501 5759 ltom.,
2525 5694 2731 5750 obviare
2751 5696 2957 5767 agmina
2980 5711 2997 5750 :
3018 5695 3147 5751 Gill.
3177 5706 3362 5767 autem

1762 5774 1815 5828 in
1862 5788 2037 5842 marg.
2082 5788 2147 5827 ac
2184 5785 2319 5827 mss.
2352 5768 2510 5825 Item.
2551 5778 2610 5824 et
2649 5765 2808 5826 Sorb.
2850 5769 2906 5827 in
2943 5783 3127 5840 corp.,
3158 5765 3365 5823 obviare

1759 5846 2031 5901 tutamina.
