3950 6314
578 329 686 386 979

1514 324 1610 382 an
1646 313 1879 382 orna
1915 317 2165 382 ssnon
2203 306 2541 382 Attamen
2571 319 2938 380 APPENDIX.

578 445 770 502 turalia
820 444 1019 518 pabula
1068 444 1286 500 brutum
1336 440 1534 496 animai
1583 455 1692 496 non
1737 439 1968 512 accepit.
2021 438 2173 496 Unus
2199 438 2254 501 Α
2278 437 2585 506 confessus,
2620 449 2672 496 et
2708 441 2892 510 punita
2925 447 3009 495 est
3042 439 3098 494 in
3126 439 3344 496 scelere
3372 439 3844 514 contumacia,quia

574 538 900 595 audiebatur
941 553 1037 608 per
1080 535 1277 592 muenia
1322 533 1558 590 civitatis
1601 533 1833 602 eiulatus
1875 531 2185 601 disparium'

576 643 926 699 naturarum,
969 642 1024 687 et
1065 646 1161 703 per
1191 630 1373 685 omnia
1406 633 1547 684 tecta
1589 629 1738 685 urbis
1779 627 1985 684 ﬂebilia
2028 639 2180 682 reso—

574 727 774 782 nabant
807 727 1053 781 lamenta
1083 724 1494 797 plangentium;
1527 731 1583 779 et
1610 732 1671 778 ut
1699 723 1870 778 semel
1901 720 2136 776 dixerim
2159 762 2176 787 ,

573 829 720 875 terra
754 819 993 891 mugitus
1019 816 1392 873 confitentium
1425 816 1764 881 sustinebat,
1798 813 1893 870 sed
1939 821 1993 868 et
2031 821 2179 868 astra

567 914 685 984 ipsa
737 925 868 966 voce
917 911 1254 982 paenitentiae
1304 909 1700 980 personabant.
1754 907 2042 978 impletum
2096 913 2181 962 est

572 1003 715 1076 quod
742 1003 1006 1076 scriptum
1033 1013 1120 1059 est
1149 1023 1162 1059 ε
1192 1001 1375 1058 Oratio
1401 1003 1725 1057 Itumitiantis
1755 1017 1808 1056 se
1839 1001 1995 1056 nubes
2026 1017 2180 1070 pene—

573 1098 726 1152 travit
757 1095 929 1169 (Eccl.
955 1111 1100 1162 xxv,
1125 1097 1238 1166 5i).
1274 1096 1517 1165 Denique
1544 1096 1620 1150 sic
1649 1095 1884 1167 placavit
1911 1094 2178 1151 offensum

572 1189 745 1246 Deum
768 1232 783 1258 ,
809 1188 889 1244 sic
915 1189 1101 1244 mitem
1127 1189 1252 1245 fecit
1274 1189 1538 1259 rigidum,
1565 1187 1643 1245 sic
1668 1188 1928 1244 demulsit
1954 1190 2176 1254 iratum,

573 1292 628 1338 et
655 1296 974 1337 mucronem
997 1281 1220 1336 ultionis
1254 1283 1304 1337 in
1331 1282 1488 1338 techa
1523 1282 1864 1338 recondidit:
1893 1284 2020 1353 quia
2043 1296 2172 1338 con-

573 1376 805 1431 scientia
830 1375 898 1431 de
928 1389 986 1431 se
1011 1373 1276 1444 judicium
1300 1374 1582 1445 judicavit.
1609 1373 1824 1446 Eripuit
1856 1388 1982 1431 reos
2005 1390 2179 1444 ptente

2286 531 2774 602 interrogationem
2806 547 2916 585 nun
2947 531 3247 587 subsecuta
3288 543 3370 586 est
3406 533 3675 589 conﬁtens
3710 537 3849 604 pati.

2286 626 2481 680 tentia.
2524 625 2684 680 Libet
2721 624 2888 694 igitur
2928 625 3274 695 pedetentim
3308 625 3398 680 hic
3437 626 3590 682 illius
3636 627 3852 684 vindicta:

2284 716 2696 787 septemplicem
2734 717 2951 786 aperire
2987 718 3286 786 rationem,
3339 727 3394 774 et
3435 734 3685 788 quenam
3720 734 3852 776 causa

2283 812 2526 882 coegerit
2555 821 2662 867 tam
2697 813 2888 868 duram
2920 814 3240 870 coacervari
3271 814 3640 879 sententiam.
3667 815 3858 871 eviden-

2289 904 2353 958 lis
2383 905 2463 960 rei
2483 906 2818 976 probatione
2859 917 3204 972 monstrare;
3249 923 3318 963 ne
3345 908 3676 964 onor-ilus
3715 910 3856 965 visi.

2286 1011 2391 1056 cla:
2425 1009 2609 1072 pateat
2638 1001 2706 1057 ad
2737 1001 3106 1072 suspicionem
3138 1002 3420 1072 injustitise
3448 1002 3536 1057 via
3561 1003 3856 1058 cal-mnis:

2285 1109 2616 1165 quamquam
2666 1094 2796 1150 novi
2845 1095 3076 1151 sceleris
3126 1095 3412 1150 inventum
3458 1095 3752 1151 vehemens
3790 1095 3857 1152 dc-

2288 1189 2414 1244 beat
2457 1189 2710 1245 comitari
2763 1187 3132 1261 supplicium,
3178 1188 3330 1260 quod
3371 1189 3712 1260 longioribus
3749 1196 3857 1243 esset

2287 1285 2526 1354 posteris
2554 1285 2607 1338 in
2641 1283 2972 1354 exemplum.
3019 1283 3180 1338 Errat
3221 1283 3406 1348 enim,
3454 1283 3552 1353 qui
3595 1289 3746 1352 pum
3779 1298 3856 1337 sua

2288 1377 2463 1433 teneri
2507 1379 2740 1433 crimine
2783 1376 3110 1447 parricidam
3134 1420 3148 1442 ,
3191 1391 3318 1432 eum
3356 1376 3640 1448 ejusmodi
3677 1377 3857 1433 salem

569 1467 866 1535 confessio,
890 1477 943 1522 et
967 1467 1220 1522 vindicta:
1239 1467 1348 1538 jam
1375 1465 1589 1523 deditos
1614 1467 1929 1538 poenitentia
1961 1468 2181 1524 sibimet

573 1561 884 1616 vindicavit.
919 1560 1167 1615 Deletum
1208 1571 1294 1616 est
1333 1562 1515 1616 statim
1559 1561 2036 1617 condemnationis
2075 1562 2182 1618 elo-

569 1658 721 1726 gium
768 1651 1027 1726 iacrymis
1065 1653 1440 1710 conﬁtentium
1465 1697 1478 1722 ,
1524 1664 1577 1710 et
1624 1655 1861 1711 absolvit
1905 1656 2178 1713 obnoxios
2287 1674 2352 1714 es
2376 1669 2484 1713 toto
2507 1657 2661 1713 corde
2689 1667 2802 1723 tuo,
2828 1668 2878 1714 et
2904 1672 2968 1711 ex
2991 1666 3101 1710 tota
3126 1657 3317 1711 virtute
3340 1666 3463 1710 tu:
3489 1666 3540 1710 et
3568 1657 3753 1727 diliges
3773 1673 3856 1724 pn-

569 1763 748 1818 poena:
796 1747 1114 1817 astipulatio
1157 1749 1404 1802 confessa
1452 1747 1522 1802 dc
1567 1748 1821 1804 crimine.
1869 1748 2017 1804 Vidit
2061 1750 2179 1819 pius
2285 1753 2484 1824 ximam
2521 1761 2670 1806 tuum
2708 1762 2974 1822 tamquam
3012 1759 3062 1804 te
3090 1750 3266 1820 ipsum
3298 1747 3544 1821 (ﬂaui.
3578 1749 3858 1812 usus“

575 1842 718 1898 Deus
756 1841 947 1896 tulisse
991 1841 1043 1895 in
1087 1856 1148 1896 sc
1183 1840 1449 1911 judicium
1499 1840 1858 1912 poenitentes,
1904 1849 1962 1896 et
1999 1850 2182 1898 errata
2214 1843 2262 1904 B
2289 1845 2463 1916 seq.);
2493 1845 2638 1900 unde
2670 1846 2724 1899 in
2755 1844 2842 1900 his
2882 1843 3096 1898 duobus
3139 1841 3414 1896 mandatis
3458 1851 3576 1896 tota
3619 1841 3732 1897 Lex
3767 1857 3858 1912 με·

571 1952 684 1992 suae
704 1936 1056 1992 conscientia:
1075 1951 1136 1992 ea
1166 1934 1556 2006 astipulatione
1577 1935 1900 1992 damnantes
1923 1937 2182 1994 continuo
2284 1939 2379 1996 det
2416 1950 2472 1994 et
2514 1937 2815 2008 prophetat.
2860 1937 2998 1992 Cum
3041 1951 3174 2006 ergo
3217 1935 3433 1990 duobus
3482 1933 3574 1989 his
3619 1936 3860 2004 petentis

573 2027 801 2084 donavit
848 2027 1050 2093 venite,
1099 2043 1236 2100 quos
1275 2026 1648 2084 destinaverat
1689 2042 1900 2097 pinnae,
1945 2038 2000 2085 et
2032 2030 2182 2086 Illico
2286 2036 2524 2106 pendeat
2577 2049 2740 2089 omne
2791 2031 2938 2104 quod
2994 2031 3158 2102 Legis
3210 2039 3332 2097 est,
3387 2029 3721 2099 videamque
3765 2027 3858 2085 Cain

571 2122 816 2192 pepercit
847 2119 1065 2176 afﬂictis
1092 2164 1106 2188 ,
1139 2129 1198 2176 ut
1227 2122 1467 2191 exempti
1500 2121 1775 2192 Sup‘plicio
1805 2123 1954 2179 lucra
1987 2124 2183 2180 ﬁerent
2287 2144 2391 2186 nec
2423 2129 2596 2185 Deum
2628 2127 2928 2192 dilexisse,
2957 2125 3113 2197 cujus
3144 2125 3384 2195 primum
3428 2124 3697 2180 fabricam
3736 2123 3860 2178 visis-

569 2217 811 2288 pietatis.
843 2213 1141 2271 Prob’atum
1169 2225 1255 2272 est
1279 2215 1651 2271 testimonium
1683 2215 2008 2287 prOphetize,
2033 2215 2180 2289 quod
2285 2226 2364 2281 vi:
2410 2239 2426 2280 ε
2468 2233 2522 2280 et
2563 2236 2886 2294 germanum
2934 2218 3294 2287 vehementer
3340 2219 3573 2285 odisse,
3622 2234 3781 2287 qure-
3808 2219 3857 2272 is-

574 2312 626 2365 iu
653 2308 1032 2382 superioribus
1055 2311 1215 2380 paulo
1236 2319 1364 2365 ante
1393 2309 1797 2380 disposuimus:
1822 2307 1939 2385 Ego
1961 2327 2072 2366 sum
2093 2311 2185 2383 qui
2285 2319 2485 2374 stinctu
2517 2318 2815 2386 impietatis
2837 2315 3037 2372 occidit
3065 2335 3078 2370 :
3111 2325 3340 2385 apparet
3371 2315 3532 2368 illum
3564 2315 3746 2370 adhuc
3781 2331 3863 2370 ns-

571 2403 718 2458 deleo
749 2404 1046 2474 iniquitates
1078 2413 1223 2469 tuas,
1257 2411 1307 2457 et
1335 2419 1437 2457 non
1473 2403 1887 2458 rememorabor:
1915 2415 1970 2459 tu
2011 2415 2181 2460 autem
2285 2427 2388 2468 nus
2417 2411 2648 2468 solvisse
2678 2409 2978 2474 vindictas,
3026 2409 3078 2462 in
3119 2408 3280 2476 cujus
3319 2407 3471 2462 iacto
3515 2418 3711 2463 cuncta
3751 2409 3858 2462 inte-

570 2503 680 2557 noli
703 2500 966 2567 oblivisci,
1016 2509 1064 2554 et
1103 2499 1405 2574 judicemur
1437 2496 1597 2567 (Isai.
1647 2516 1774 2566 xw,
1799 2500 1918 2574 25).
1960 2497 2062 2556 Dic
2091 2512 2176 2569 tu,
2286 2507 2510 2561 niuntur
2539 2503 2768 2559 crimina
2800 2501 3117 2557 convenire.
3164 2499 3234 2554 Et
3255 2500 3386 2569 jure
3418 2501 3475 2554 in
3508 2501 3607 2555 illo
3647 2514 3858 2556 exesis:

569 2597 769 2667 inquit.
797 2597 938 2666 prior
958 2594 1254 2662 iniquitates
1276 2605 1414 2660 tuas,
1439 2593 1927 2668 utjustiﬁceris;et
1949 2597 2177 2650 iterum:
2285 2595 2606 2666 septiforme
2637 2595 3004 2666 supplicium,
3053 2595 3111 2648 in
3161 2607 3272 2664 quo
3319 2595 3590 2651 universa
3638 2597 3858 2650 tenebant

571 2688 700 2744 Cum
738 2705 1011 2743 conversus
1041 2687 1201 2761 fueris
1223 2730 1238 2755 ,
1280 2695 1328 2742 et
1356 2688 1668 2759 ing‘emueris
1688 2730 1701 2752 ,
1738 2695 1858 2741 tunc
1899 2689 2184 2744 satraberis
2284 2689 2494 2746 scelera
2531 2690 2917 2759 principatum.
2947 2687 3015 2742 Et
3043 2695 3224 2742 tamen
3257 2689 3588 2758 specialiter
3611 2691 3865 2758 septenis

573 2783 730 2855 (Isai.
756 2801 874 2840 xxx
894 2827 909 2851 ,
933 2784 1051 2856 15);
1081 2794 1130 2840 et
1156 2785 1353 2841 iterum
1379 2803 1391 2840 :
1419 2782 1789 2839 Couvertimini
1807 2785 1874 2838 ad
1898 2783 2180 2839 Dominum
2285 2783 2378 2838 illo
2406 2782 2759 2851 deprehendo
2791 2781 3018 2852 flagitia,
3049 2781 3248 2851 quibus
3274 2781 3517 2852 singulis
3538 2783 3751 2852 singula
3773 2794 3864 2836 εωι

567 2879 741 2934 Deum
769 2889 1033 2946 vestrum;
1064 2879 1187 2949 quia
1219 2879 1511 2933 misericors
1541 2888 1588 2932 et
1616 2879 1734 2950 pius
1766 2887 1871 2946 est,
1904 2879 2106 2948 patiens
2134 2886 2182 2933 et
2285 2877 2540 2946 deputata
2584 2884 2853 2930 tormenta
2879 2891 2894 2940 ;
2931 2876 3167 2945 primum
3201 2876 3352 2931 enim
3382 2876 3602 2931 crimen
3630 2888 3715 2931 est
3737 2917 3751 2940 ,
3777 2877 3866 2945 qui

572 2979 750 3029 multm
775 2973 1174 3040 misericordiae,
1200 2982 1247 3028 et
1276 2975 1362 3040 qui
1393 2956 1672 3029 sententias
1699 2973 1877 3044 ﬂectat
1906 2973 2179 3027 adversum
2287 2987 2394 3026 non
2450 2979 2602 3026 recte
2651 2969 2875 3034 divisit;
2928 2970 3034 3024 hoc
3083 2980 3168 3024 est
3199 3011 3216 3034 ,
3264 2968 3338 3024 de
3388 2971 3694 3042 primitivis
3745 2983 3866 3027 tem

572 3068 797 3122 malitias
852 3068 1110 3134 irrogatas
1169 3063 1329 3136 (Joel.
1366 3081 1434 3130 ιι,
1466 3064 1580 3137 1⁸2).
1610 3063 1768 3121 Unde
1819 3074 1874 3120 et.
1922 3063 2180 3120 beatissi-
2285 3063 2555 3118 fructibus
2584 3063 2763 3134 primo
2795 3063 3068 3124 comedit.
3105 3071 3404 3134 antequam
3433 3063 3672 3119 obtulit:
3712 3080 3868 3119 secus-

572 3172 694 3211 mus
737 3153 941 3210 David:
994 3153 1295 3218 Peccatum,
1345 3153 1548 3225 inquit,
1595 3171 1764 3209 meum
1807 3173 1904 3227 ego
1931 3157 2091 3221 sciui,
2130 3167 2180 3210 et
2283 3157 2411 3213 dum
2445 3166 2566 3222 est,
2600 3157 2728 3229 quia
2767 3173 2891 3212 cum
2930 3160 3177 3212 muneris
3215 3157 3305 3211 sui
3346 3158 3583 3229 dignum
3626 3158 3866 3214 viderem

568 3250 887 3318 iniquitatem
911 3265 1074 3303 meam
1103 3265 1202 3302 non
1234 3250 1494 3320 cooperm'.
1716 3241 1836 3302 Dixi
1855 3290 1870 3312 ,
1894 3246 2177 3320 conﬁtebor
2204 3239 2250 3302 C
2282 3252 2561 3322 accepisse
2611 3249 2902 3320 repudium
2928 3291 2942 3315 ,
2991 3257 3380 3304 condemnem
3435 3252 3690 3320 concepit
3737 3251 3869 3318 spiti-

570 3344 845 3397 adversum
878 3360 955 3396 me
983 3343 1294 3414 injustitiam
1323 3355 1488 3395 meam
1531 3341 1754 3395 Domino
1775 3382 1791 3406 ,
1834 3350 1884 3394 et
1926 3350 1979 3393 tu
2023 3340 2178 3394 remi-
2283 3341 2436 3409 tum;
2467 3352 2672 3399 etcum
2705 3343 2854 3398 nulla
2884 3343 3106 3412 rejectis:
3132 3343 3443 3400 oblationis
3468 3345 3632 3414 culpa
3677 3346 3743 3413 pii
3781 3344 3867 3398 frs-

567 3436 683 3490 sisti
722 3431 1043 3505 iniquitatem
1086 3435 1280 3504 peccati
1321 3434 1419 3487 mei
1446 3432 1619 3504 (Psal.
1655 3443 1821 3499 XXXI,
1853 3429 1912 3503 6)
1939 3449 1955 3498 ;
1986 3440 2042 3486 et
2075 3432 2179 3486 ite-
2281 3439 2382 3492 tris
2413 3437 2712 3499 existeret,
2749 3437 2904 3506 quasi
2940 3435 3335 3491 vindicandum
3366 3452 3432 3493 se
3466 3437 3740 3493 infaustus
3769 3453 3866 3492 ere-

569 3546 688 3583 rum
718 3546 731 3582 :
769 3528 904 3597 Quia
945 3529 1268 3600 iniquitatem
1300 3541 1463 3581 meam
1503 3537 1596 3597 ego
1633 3527 1740 3580 scio
1766 3568 1780 3592 ,
1824 3535 1869 3579 et
1909 3533 2176 3597 peceatum
2280 3529 2419 3584 didit.
2442 3527 2512 3584 de
2543 3529 2781 3584 ductore
2801 3569 2816 3595 ,
2850 3527 2895 3582 si
2929 3541 3029 3598 pro
3060 3527 3164 3581 hoc
3196 3525 3427 3582 fratrem
3459 3527 3580 3582 Deo
3611 3529 3863 3599 prolatu-

570 3640 738 3678 meum
769 3633 942 3676 coram
974 3639 1052 3675 me
1083 3627 1156 3676 est
1195 3625 1396 3691 semper
1428 3615 1602 3691 (Psat.
1633 3633 1696 3684 L,
1729 3619 1810 3689 5).
1845 3617 2013 3675 Vides
2044 3631 2175 3688 ergo
2279 3622 2558 3677 videretur
2603 3620 2897 3676 occidere:
2949 3621 3170 3676 tertium
3218 3623 3437 3677 crimen
3477 3634 3602 3687 est,
3639 3622 3776 3693 quod
3802 3625 3865 3676 is-

564 3711 881 3787 quotidiano
923 3709 975 3770 in
1009 3731 1069 3770 se
1103 3716 1346 3786 peccanti
1389 3727 1529 3783 opus
1567 3727 1689 3767 esse
1723 3710 1931 3782 Judicio
1956 3752 1972 3776 ,
2008 3720 2034 3749 ιι
2061 3725 2176 3782 quo
2279 3714 2438 3769 vidia:
2470 3713 2596 3769 felle
2625 3711 2884 3768 suﬁ'ectus
2905 3753 2920 3776 ,
2951 3723 3004 3768 et
3037 3712 3226 3768 livoris
3254 3715 3635 3772 amaritudine
3663 3729 3866 3770 venena-

564 3826 686 3865 cum
722 3801 959 3864 nudatur
989 3805 1323 3863 conscientia
1351 3847 1366 3870 ,
1398 3804 1683 3875 operitur;
1731 3812 1788 3860 et
1829 3817 1953 3859 cum
1997 3803 2176 3873 pubii-
2280 3817 2400 3874 tus,
2432 3807 2944 3862 innocentissimum
2977 3807 3174 3862 zelavit
3204 3810 3525 3864 truculenta
3557 3809 3868 3866 animositate

563 3896 744 3966 catur.
782 3903 1050 3974 operitur.
1093 3899 1164 3955 Et
1201 3897 1330 3955 licet
1364 3907 1550 3954 notum
1590 3899 1662 3953 sit
1695 3897 1805 3953 Deo
1833 3912 1996 3952 omne
2025 3897 2174 3968 quod
2275 3915 2634 3972 germanum:
2666 3910 2920 3970 quartum
2954 3909 3074 3965 est,
3123 3901 3270 3970 quod
3315 3901 3449 3956 dolo
3498 3902 3697 3960 tel‘eiiit
3739 3907 3867 3958 obse—

564 3998 845 4069 gerimus,
888 4011 990 4050 nec
1026 3993 1335 4050 occultetur
1374 3991 1632 4047 sensibus
1672 3993 1791 4062 ejus
1818 4033 1832 4058 ,
1873 3998 2170 4062 antequam
2275 3993 2609 4050 cundantem
2653 3993 2791 4060 sibi,
2847 4002 2905 4048 ut
2944 3993 3152 4060 pariter
3192 3993 3605 4052 comitarentur
3645 3997 3697 4051 in
3741 4010 3861 4051 cm-

567 4090 700 4153 tiat;
736 4085 942 4143 mavult
974 4093 1157 4141 tamen
1187 4083 1371 4140 cordis
1403 4084 1480 4138 tui
1524 4083 1733 4139 nudare
1771 4091 2078 4151 secretum,
2119 4092 2177 4139 et
2277 4103 2439 4160 pum,
2496 4103 2606 4158 quo
2658 4087 2846 4157 justus
2898 4087 3145 4144 initiaret
3202 4088 3308 4146 sub
3361 4091 3491 4143 ovis
3547 4090 3870 4161 simplicitate

565 4180 806 4235 facinora
849 4177 1084 4248 prodere
1121 4177 1479 4233 conscientia:
1505 4218 1520 4242 ,
1559 4185 1620 4230 ut
1658 4175 2020 4246 indulgentia:
2057 4191 2173 4232 sum
2277 4181 2636 4254 martyrium,
2672 4180 2966 4252 parricidio
3006 4191 3210 4237 terram
3251 4184 3570 4239 macularet
3612 4185 3868 4254 injustas:

561 4273 708 4329 dono
742 4275 957 4343 operiat
989 4269 1344 4341 turpitudinis
1378 4269 1702 4324 nuditatem.
1734 4269 2025 4335 Quomodo
2053 4270 2174 4326 vult
2275 4276 2524 4348 quintum
2582 4285 2699 4339 est,
2758 4275 2903 4345 quod
2965 4274 3190 4331 fratrem
3243 4275 3498 4332 nefarius
3551 4278 3871 4333 crudelitatis

565 4366 856 4436 Spoliatum
897 4365 1053 4419 venia
1088 4359 1370 4418 dimittere
1407 4360 1816 4417 Conﬁtentem?
1854 4361 1930 4416 De
1969 4362 2172 4420 talibus
2274 4377 2468 4426 auctor
2513 4368 2715 4426 occidit
2748 4387 2762 4425 :
2807 4375 3056 4434 sextum,
3085 4367 3227 4439 quod
3267 4383 3392 4424 cum
3434 4371 3619 4428 secius
3668 4370 3870 4439 perﬁce-

561 4446 836 4530 Pmpiieta
870 4451 1224 4515 beatissimus
1255 4455 1458 4512 cecinit
1487 4457 1709 4512 dicens:
1755 4453 1909 4511 Beati
1949 4471 2172 4526 quorum
2274 4473 2358 4519 ret
2379 4486 2406 4530 ,ι
2444 4463 2663 4533 insuper
2707 4471 2763 4517 et
2809 4460 3064 4532 negavit,
3107 4469 3163 4516 et
3203 4462 3416 4532 putavit
3455 4462 3630 4518 Deum
3661 4463 3872 4531 alithus

559 4553 792 4610 remissa:
820 4562 939 4606 sunt
971 4551 1299 4622 iniquitates,
1327 4553 1376 4604 et
1399 4563 1624 4621 quorum
1656 4557 1788 4603 tecta
1813 4558 1932 4603 sunt
1960 4558 2169 4619 peccata
2275 4557 2400 4612 i'acti
2459 4557 2706 4627 ignarum
2736 4598 2751 4623 ,
2806 4570 2970 4626 quem
3021 4554 3385 4610 conscientia:
3439 4571 3564 4612 sua:
3614 4568 3870 4614 secreta

559 4643 737 4720 (Psal.
763 4660 932 4710 xxxi,
964 4644 1039 4716 i).
1080 4644 1420 4715 Quamquam
1452 4645 1558 4699 hoc
1586 4643 1898 4699 evidentius
1929 4645 2168 4714 pertinet
2195 4639 2250 4700 D
2276 4651 2536 4709 milllasse
2573 4660 2956 4721 persenserat;
3001 4663 3124 4705 eum
3157 4658 3488 4720 competens
3521 4653 3806 4708 retulisset
3833 4651 3872 4704 is

555 4739 623 4795 ad
667 4742 924 4804 renatos,
965 4746 1196 4810 quorum
1237 4745 1291 4794 et
1328 4738 1650 4808 iniquitates
1681 4747 1733 4792 et
1764 4737 1996 4794 crimina
2023 4738 2164 4809 δίη)-
2269 4745 2563 4803 oblationis
2608 4761 2720 4801 sum
2766 4745 3151 4815 reprobatione
3200 4746 3495 4816 repudium
3528 4765 3545 4802 ε
3593 4749 3870 4816 septima

553 4835 716 4890 tismo
729 4831 1396 4904 operiunturetteguntur;
1414 4830 1626 4886 lldelem
1641 4829 1787 4886 enim
1803 4831 2166 4887 veniteiocum
2267 4842 2475 4898 crimen
2507 4848 2590 4896 est
2612 4881 2625 4901 ,
2665 4839 2808 4909 quod
2843 4845 2966 4907 post
2993 4849 3224 4894 mortem
3252 4851 3314 4894 se
3342 4853 3452 4894 non
3481 4841 3736 4895 credidit
3763 4855 3869 4910 pro.

553 4942 829 4992 tenetnon
850 4927 1013 4985 inﬁda
1034 4927 1329 4994 cunfessio,
1350 4925 1472 4982 etin
1500 4936 1618 4983 tuto
1638 4938 1719 4982 eSt
1737 4928 2007 4997 paenitens
2034 4941 2168 4982 con-
2270 4935 2446 5000 ditus,
2487 4935 2786 5005 parricidio
2828 4931 3042 5004 puniri,
3074 4945 3194 4987 cum
3220 4931 3295 4986 ob
3324 4932 3612 4988 infamiam
3643 4935 3872 4990 crimine

552 5025 818 5090 scientia,
874 5023 916 5106 si
960 5015 1314 5092 indulgentiae
1359 5019 1736 5076 remissionem
1778 5027 1885 5074 non
1930 5018 2162 5074 dubitet.
2268 5032 2526 5106 publica“
2555 5031 2620 5087 ad
2650 5045 2894 5103 ριιεεεθηε
2923 5039 3140 5098 tempus
3170 5044 3296 5086 sese
3323 5033 3635 5100 postulavit
3693 5034 3868 5089 necui.

623 5109 850 5175 CAPUT
882 5105 991 5172 νη·
1008 5114 1159 5172 -Αι
1183 5130 1214 5171 θ
1236 5115 1514 5171 contrario
1537 5115 1747 5186 99003“
1770 5114 2026 5170 cumulus
2052 5111 2163 5169 θῖί-
2263 5105 2458 5184 Merito
2481 5141 2609 5197 ergo
2629 5123 2682 5180 in
2701 5124 2835 5179 Cain
2858 5125 3166 5195 septuplum
3194 5123 3532 5182 vindicatum
3556 5138 3640 5182 est
3667 5171 3683 5190 ,
3708 5131 3764 5183 in
3785 5142 3870 5198 qua

554 5213 720 5296 gitur,
755 5213 799 5267 si
830 5209 974 5284 quod
1002 5208 1333 5296 admittitur,
1366 5201 1419 5265 id
1449 5219 1712 5283 negatur:
1744 5209 1889 5280 quod
1921 5209 1972 5263 in
2017 5207 2160 5264 facto

2287 5221 2492 5278 otidem
2520 5228 2822 5292 praerogata
2848 5226 2979 5273 sunt
3003 5227 3300 5286 tormenta,
3329 5230 3468 5290 quot
3497 5224 3768 5277 crimina.
3789 5223 3870 5277 Cui

553 5292 683 5360 Cain
713 5321 878 5375 supra
909 5295 1365 5371 memoravimus,
1398 5303 1486 5374 qui
1517 5303 1642 5356 dum
1678 5297 1890 5371 putavit
1926 5300 2157 5356 Auctori
2265 5317 2428 5370 [anne
2476 5312 2694 5368 inﬂicta;
2735 5320 2864 5366 ευῃι
2901 5310 3107 5382 plaga,
3150 5318 3370 5380 quanta;
3418 5325 3794 5369 numerant."
3830 5324 3873 5368 ει

510 5479 516 5481 ἒ
549 5409 653 5452 "In
677 5397 887 5452 Ῑηίηυδ
908 5397 1285 5468 εδηθεπενοθ
1309 5397 1486 5467 iPSW‘
1511 5410 1688 5466 ilimm
1711 5410 1824 5450 ηοῐι
1843 5403 1931 5452 θδῑ
1954 5395 2154 5453 remis“
2261 5423 2480 5474 causa};
2522 5416 2581 5462 ut
2619 5421 2720 5462 nec
2755 5405 2966 5475 justitia
3007 5404 3227 5463 modum
3271 5406 3504 5461 ultionis
3548 5411 3868 5466 excederet.

552 5491 645 5542 ειις
673 5489 952 5554 eximere;
999 5495 1057 5543 lli.
1092 5490 1426 5546 COﬂSCiCﬂiia
1465 5491 1518 5544 ill
1567 5487 1698 5544 tacti
1737 5489 1822 5543 Sili
1860 5488 2156 5544 atrocitate
2259 5515 2363 5558 nec
2381 5515 2670 5556 numerum
2698 5497 2995 5554 criminum
3027 5495 3268 5553 vindicta
3290 5510 3626 5569 competens
3655 5514 3870 5572 ρηειετ.

551 5579 827 5648 publicum
867 5572 1149 5637 irastraret
1178 5583 1231 5640 ei
1261 5595 1329 5638 ex
1368 5582 1660 5654 negatione
1698 5581 1932 5638 fructum
1974 5581 2152 5652 pani-

2286 5603 2379 5652 ret.
2412 5592 2568 5664 Quod
2597 5592 2805 5647 idcirco
2837 5591 3040 5646 iterum
3071 5589 3228 5659 posui
3260 5631 3275 5658 ,
3320 5607 3392 5648 ne
3441 5592 3753 5651 insinuata:
3790 5611 3871 5652 es-

549 5673 760 5728 lentiae.
785 5670 998 5741 Negans
1018 5673 1163 5730 enim
1188 5682 1275 5732 ost
1302 5675 1611 5744 convictus,
1639 5689 1748 5732 non
1775 5691 1841 5730 ex
1872 5675 2154 5760 voluntate
2253 5689 2542 5761 ροςίιίοηίε
2575 5685 2890 5758 prater-iret
2917 5683 3163 5744 occasio.

2288 1468 2606 1523 testimonio
2651 1468 2959 1537 constipata
3011 1468 3121 1522 sint
3167 1467 3354 1522 omnia
3405 1467 3692 1532 hoinora;
3735 1468 3858 1524 aliis

2285 1564 2431 1618 enim
2453 1562 2743 1618 Dominum
2764 1562 3006 1618 dixisse:
3035 1559 3237 1634 Diliges
3263 1560 3551 1616 Deurian
3569 1559 3738 1616 Dens
3757 1574 3857 1616 una

620 5836 646 5864 ι
683 5826 760 5908 Ita
794 5827 968 5908 codex
993 5828 1183 5908 Re_m.;
1212 5833 1342 5888 edit.
1376 5851 1504 5890 vero
1533 5809 1659 5891 Gili.
1689 5876 1702 5901 ,
1732 5853 1832 5908 quo
1863 5855 1980 5893 cum
2007 5856 2133 5896 con-

606 5842 760 5919 ,‘f_!}‘_‘
787 5842 1183 5919 EPE?§_“E'P-3
1207 5842 1504 5919 Cdil-‘Ve‘l‘o
1533 5842 1663 5919 Gillo:
1689 5876 1702 5901 ι
1732 5853 1832 5908 quo
1863 5855 1980 5893 cum
2007 5856 2133 5919 ςοη-
2239 5855 2359 5902 tura
2397 5845 2451 5919 in
2492 5842 3058 5919 Rom.edit._textum
3097 5845 3344 5910 admissa
3387 5847 3526 5908 fuit:
3564 5851 3749 5916 abest
3788 5870 3868 5913 sa-

546 5908 757 5954 sctentia
781 5908 1040 5968 operitur;
1063 5908 1116 5958 in
1139 5918 1334 5981 marg,
1348 5908 1481 5974 forte
1501 5909 1756 5980 aperitur;
1779 5925 1899 5982 qua:
1913 5911 2132 5984 conjec-

2245 5926 2352 5974 tem
2378 5917 2541 5974 etiam
2572 5917 2641 5972 ab
2671 5915 2761 5972 illa
2789 5917 2850 5976 τὸ
2879 5917 3134 5974 nudatur.
