3950 6314
129 337 226 397 981

1237 321 1326 381 DE
1369 312 1824 378 PGSNITENTIA
1862 312 2069 371 LIBER
2109 309 2314 370 UNUS.

3325 290 3434 352 οδε

202 451 432 510 CAPUT
461 450 598 508 Vlll.
625 482 694 492 —-
717 447 928 507 Jamdiu
968 461 1052 503 mc
1093 461 1123 500 a
1164 441 1446 514 proposito
1485 435 1722 494 inchoati
1755 443 1798 497 Α
1831 445 2001 490 catum
2029 443 2170 489 tuum
2200 431 2281 502 (II
2327 429 2455 503 Reg.
2498 443 2604 496 χιι,
2637 425 2766 500 15).
2811 423 3096 496 lmpletum
3125 425 3210 475 est
3251 413 3422 480 illud,

133 547 312 620 operis
340 547 521 602 sentio
550 545 826 608 deviasse,
861 553 914 598 ct
952 541 1007 597 in
1049 539 1211 594 aliam
1254 533 1559 591 detersisse
1601 545 1720 600 par-

131 648 239 696 tem
286 651 508 694 cursum
555 637 791 690 celerem
834 631 1128 689 dictionis:
1173 626 1270 683 sed
1317 624 1489 679 facilis
1531 629 1616 677 est
1658 619 1724 674 ad

128 733 329 788 omissa
371 728 616 786 recursio
636 772 650 792 ,
682 738 738 784 et
767 730 876 783 cito
909 724 1178 795 repetitur
1207 729 1411 775 trames
1441 717 1726 771 declinata:

1829 528 1972 602 quod
2022 527 2076 582 in
2115 525 2325 596 psalmo
2372 525 2610 580 cantavit
2653 524 2837 577 dicens
2889 537 2900 573 :
2936 517 3213 570 Peccatum
3256 521 3426 563 meum

1827 624 1982 689 scivi,
2012 630 2062 676 et
2088 620 2415 689 iniquitatem
2441 633 2604 672 nteant
2632 633 2732 670 non
2763 612 3026 683 cooperui.
3056 607 3179 662 Dixi
3199 646 3214 671 ,
3265 601 3434 670 confi-

1829 717 1968 772 tebor
1997 715 2269 768 adversum
2309 727 2389 764 me
2425 711 2737 780 iniustitiam
2777 721 2942 759 meam
2983 699 3239 765 Domino,
3290 705 3338 750 et
3374 701 3428 747 tu

128 826 370 882 malerim
394 866 408 890 ,
441 839 561 879 cum
591 838 622 876 a
653 822 852 876 ﬁnibus
894 820 1014 890 ejus
1053 816 1353 886 interiectae
1393 808 1728 884 probationis
1827 810 2071 865 remisisti
2099 806 2418 876 iniquitatem
2448 803 2642 873 peccati
2669 801 2766 855 mei
2791 797 2963 873 (Psai.
2994 810 3125 850 xxxi
3145 789 3259 863 ,6).

127 937 233 977 non
265 920 537 976 exorbitat
571 925 975 988 argumentum.
1016 913 1295 969 Peccatum
1322 926 1444 981 ergo
1465 951 1478 974 ,
1514 908 1688 977 inquit
1710 946 1725 972 ,

126 1035 296 1075 meum
325 1018 483 1084 scivi,
513 1028 563 1073 et
591 1017 912 1086 iniquitatem
945 1030 1108 1070 meam
1141 1028 1241 1067 non
1271 1007 1529 1081 cooperui.
1568 1004 1691 1059 Dixi
1711 1046 1726 1069 ,

126 1114 410 1186 conﬁtebor
436 1112 704 1165 adversum
736 1126 815 1163 me
841 1109 1156 1180 injustitiam
1189 1119 1356 1159 meum
1395 1099 1648 1159 Domino,
1682 1105 1729 1149 et

127 1217 180 1262 tu
215 1205 460 1262 remisisti
490 1203 811 1273 iniquitatem
843 1201 1039 1274 petenti
1068 1200 1166 1253 mei
1200 1197 1220 1271 (
1247 1195 1392 1250 Psal.
1427 1207 1552 1248 xxxi
1572 1234 1586 1257 ,
1617 1187 1726 1254 6);

127 1309 184 1356 et
211 1300 409 1354 lterum
439 1314 450 1348 :
485 1296 619 1361 Quia
655 1294 985 1364 iniquitatem
1025 1306 1188 1344 meam
1229 1304 1323 1359 ego
1360 1285 1497 1350 scio,
1539 1292 1584 1336 et
1614 1295 1733 1353 pec-

128 1402 301 1446 catum
332 1405 499 1444 meum
535 1404 710 1442 coram
740 1402 820 1440 me
849 1396 923 1440 est
953 1398 1154 1456 semper
1185 1379 1371 1451 (Psai.
1398 1392 1458 1437 ι.
1490 1373 1524 1430 5
1545 1375 1584 1444 ).
1621 1374 1734 1428 Hoc

130 1500 238 1540 non
261 1484 439 1539 solum
457 1481 643 1536 verbis
665 1480 884 1542 docuit,
911 1477 1006 1532 sed
1032 1487 1087 1532 et
1109 1475 1268 1528 factis
1291 1468 1578 1541 implevit;
1607 1466 1733 1536 quia

129 1595 234 1634 non
264 1577 469 1634 sufﬁcit
500 1575 566 1630 ad
594 1574 1127 1632 consummationem
1159 1567 1440 1640 sapientia:
1473 1560 1734 1634 spiritalis

127 1671 311 1728 verbis
351 1673 616 1742 praelerre
653 1670 946 1731 virtutem,
992 1666 1095 1721 nisi
1134 1661 1382 1719 doctrina
1412 1667 1636 1714 ornetur
1664 1671 1733 1712 ex

126 1767 294 1821 rebus
317 1780 332 1832 ;
358 1777 487 1820 tunc
507 1765 653 1820 enim
681 1765 899 1819 demum
927 1760 1186 1816 tribuitur
1209 1762 1527 1826 competens
1549 1761 1735 1807 aucto-

1899 900 2126 957 CAPUT
2147 898 2239 953 IX.
2260 896 2499 951 -—Aliud
2517 908 2729 966 quoque
2758 892 2808 946 in
2843 898 3033 944 sancto
3066 883 3231 940 David
3260 880 3435 952 poeni-

1833 997 2017 1052 tentiae
2045 991 2354 1062 aperiamus
2385 989 2724 1057 exemplum;
2759 987 2832 1039 ita
2860 985 3004 1038 enim
3037 995 3128 1035 rcx
3159 979 3246 1031 ltic
3274 989 3433 1046 egre-

1830 1090 1952 1161 gius
1991 1095 2018 1124 ι
2047 1086 2173 1140 vitae
2212 1081 2492 1138 imitabilis
2539 1080 2822 1140 instituto,
2869 1075 3066 1129 divinis
3096 1086 3158 1126 se
3193 1069 3436 1125 cultibus

1835 1184 1980 1240 fideli
2026 1181 2247 1238 servitio
2291 1176 2736 1247 mancipaverat;
2791 1181 2846 1226 at
2901 1171 3237 1238 relinqueret
3278 1161 3437 1218 nobis

1831 1289 2056 1333 suorum
2087 1287 2300 1328 morum
2328 1284 2434 1324 non
2466 1265 2736 1336 exempla,
2771 1263 2865 1318 sed
2899 1263 3271 1316 monumenta.
3295 1251 3439 1308 Con-

1835 1383 1915 1428 tra
1960 1369 2308 1426 interdictum
2345 1380 2580 1434 namque
2619 1360 2876 1432 populum
2910 1355 3186 1412 numerari
3218 1349 3443 1407 manda-

1834 1476 2024 1535 verat,
2059 1476 2113 1521 et
2141 1463 2392 1518 voluerat
2431 1473 2593 1514 nosse
2635 1455 2816 1512 cuncti
2858 1453 3130 1508 exercitus
3165 1445 3442 1519 quantita-

1837 1574 1968 1618 tem.
2019 1555 2456 1615 Obsccundatum
2499 1561 2584 1609 est
2611 1547 2876 1605 voluntati
2910 1544 3108 1616 regali,
3142 1553 3197 1598 et
3238 1552 3444 1596 renun-

1834 1661 1965 1714 tiata
1995 1665 2082 1711 est
2120 1653 2288 1708 totius
2318 1648 2548 1721 agminis
2575 1646 2914 1701 dinumerata
2945 1635 3197 1696 collectio
3221 1676 3234 1699 ,
3281 1641 3443 1702 atque

1835 1753 2036 1825 inclyte
2081 1749 2246 1819 coepit
2273 1745 2448 1809 scire,
2484 1739 2628 1811 quod
2658 1736 2838 1793 nocuit
2876 1753 2887 1788 :
2923 1733 3241 1788 felicitatem
3283 1740 3440 1782 suam
3495 1765 3502 1768 .

127 1861 260 1915 ritas
289 1860 611 1930 magisterio
632 1900 645 1924 ,
677 1857 721 1912 si
761 1855 984 1928 proprio
1026 1852 1278 1908 innititur
1317 1847 1591 1918 exemplo.
1630 1845 1730 1900 De-
1759 1838 1806 1898 B
1839 1815 2188 1918 popularibus
2213 1830 2809 1895 extulitiucrementis.
2837 1835 2892 1881 et
2922 1826 3069 1880 lucra
3104 1815 3448 1888 multiplicati

2558 1927 2589 1930 __
2774 1921 2807 1930 ,,
3136 1916 3170 1930 ._
3230 1912 3352 1930 nm
3376 1908 3440 1930 Α,

127 1956 294 2028 nique
343 1954 604 2009 Dominus
650 1953 704 2007 in
751 1948 1083 2020 Evangelio:
1135 1945 1237 2013 Qui
1270 1945 1481 2016 fecerit,
1520 1939 1732 2010 inquit,

126 2060 174 2105 et
201 2051 276 2104 sic
306 2048 570 2110 docuerit,
600 2046 860 2101 maximus
897 2041 1165 2097 vocabitur
1203 2039 1257 2092 in
1298 2051 1454 2107 regno
1494 2034 1735 2089 rariorum

128 2143 315 2216 (Matt.
341 2159 394 2207 v,
421 2141 549 2214 i9);
581 2149 638 2194 ιιι
664 2148 718 2195 et
738 2139 884 2193 facto
910 2135 1157 2190 doctrina
1190 2132 1457 2194 tinuetur,
1486 2136 1542 2181 et
1569 2126 1735 2182 l’actoo

128 2257 244 2296 rum
294 2238 432 2294 ﬁdes
474 2253 537 2292 ex
583 2235 830 2290 doctrina
875 2230 1106 2302 accipiat
1149 2223 1544 2283 testimonium.
1588 2219 1738 2275 Alio-

128 2335 254 2405 quin
304 2347 415 2388 non
454 2331 558 2386 erit
600 2329 743 2384 nixis
784 2326 990 2380 viribus
1032 2321 1251 2377 l'nndata
1291 2316 1541 2373 doctrina
1567 2355 1582 2379 ,
1616 2327 1737 2382 qua:

129 2427 425 2483 verborum
454 2423 697 2495 phaleris
720 2420 895 2491 gloria
922 2415 1138 2472 virtutis
1166 2411 1443 2474 abutitur;
1469 2406 1568 2463 erit
1592 2404 1738 2460 enim

131 2518 408 2575 facundiae
439 2516 682 2587 locuples
710 2515 890 2586 lingua
911 2555 925 2579 ,
958 2527 1064 2566 non
1094 2511 1202 2566 erit
1230 2509 1385 2579 plena
1408 2517 1635 2576 'operum
1656 2501 1742 2556 di-

132 2613 280 2667 vitiis
311 2610 647 2667 conscientia
675 2649 690 2675 ,
721 2617 773 2663 et
800 2605 1104 2677 privabitur
1130 2602 1325 2658 merito
1348 2613 1478 2661 suo,
1510 2597 1602 2668 qui
1633 2594 1736 2666 pri-

136 2705 337 2776 vilegio
370 2702 568 2758 fruitur
596 2701 796 2755 alieno.
830 2698 1129 2754 Videamus
1157 2708 1290 2765 ergo
1321 2690 1446 2763 quid
1475 2688 1740 2761 gesserit,

134 2801 225 2869 qui
257 2800 364 2854 ista
397 2796 656 2853 cantavit.
691 2793 810 2850 Uno
842 2793 1006 2863 igitur
1033 2800 1282 2857 tempore
1323 2786 1433 2841 duo
1465 2784 1574 2855 regi
1617 2793 1744 2854 pec-

135 2905 260 2951 cata
292 2893 720 2964 subrepserant,
748 2898 802 2945 et
833 2888 1135 2959 pellexerat
1176 2882 1474 2955 principem
1519 2880 1570 2934 in
1612 2877 1746 2932 faci-

139 2989 289 3044 noris
323 2985 788 3058 perpetrationem
819 2980 969 3052 regni
1003 2979 1220 3034 licentia
1247 2993 1262 3042 ;
1293 2989 1416 3031 cum
1450 2973 1598 3029 enim
1631 2970 1747 3024 vult

137 3079 469 3135 adulterium
501 3076 789 3146 cooperire
819 3073 1025 3128 crimen
1059 3068 1249 3126 incidit
1279 3065 1579 3122 homicidii.
1617 3063 1746 3119 Per-

139 3175 267 3229 lecit
291 3183 475 3227 tamen
504 3181 797 3241 utrumque
822 3181 926 3224 non
955 3164 1211 3220 violentia
1241 3162 1377 3234 regii
1404 3157 1707 3216 Stemmatis
1726 3199 1740 3223 ,

139 3282 242 3324 nec
269 3266 578 3322 ambitione
603 3263 927 3335 potestatis;
960 3260 1084 3330 quin
1113 3258 1245 3313 licet
1269 3221 1336 3310 a2
1360 3253 1550 3310 incesti
1584 3221 1746 3307 licen-
1775 3235 1822 3300 C
1853 3257 1970 3305 sata
1996 3221 2197 3318 pugna
2242 3235 2492 3295 consilii?
2534 3234 2665 3300 Qute
2705 3221 3055 3298 cogitationis

140 3364 211 3418 tia
245 3361 612 3418 descenderet
640 3355 964 3413 adulterium
987 3397 1002 3421 ,
1035 3359 1216 3407 tamen
1246 3365 1353 3404 non
1381 3363 1443 3404 ex
1477 3346 1602 3401 odio
1634 3345 1747 3400 iue-

139 3469 226 3515 rat
254 3455 614 3512 homicidium
643 3458 1036 3524 perpetratum.
1065 3447 1292 3501 Mittitur
1313 3456 1444 3513 ergo
1466 3460 1491 3492 ει
1517 3438 1747 3494 Domino

140 3553 449 3626 propheta,
487 3550 579 3620 qui
621 3546 761 3618 apud
799 3558 922 3600 eum
959 3554 1151 3598 causas
1179 3534 1430 3592 adulterii
1458 3541 1512 3589 et
1541 3531 1746 3586 eadem

144 3652 434 3722 peroraret
460 3645 624 3702 occisi
650 3687 664 3710 ,
696 3653 748 3699 et
790 3641 891 3696 sub
931 3638 1165 3710 quodam
1207 3637 1392 3690 colore
1431 3629 1749 3701 compositae

145 3745 354 3800 l’abulm
383 3742 604 3797 eliceret
634 3739 702 3794 de
736 3736 1011 3793 nesciente
1043 3730 1330 3803 judicium.
1359 3723 1468 3782 Sed
1505 3724 1594 3780 ubi
1627 3739 1751 3794 pro-

147 3839 312 3912 pheta
347 3836 490 3906 quod
522 3838 900 3905 proposuerat,
933 3824 1217 3897 explicuit,
1251 3821 1358 3876 fert
1388 3818 1480 3874 ille
1510 3829 1754 3874 commo-

145 3943 234 3989 tus
275 3929 677 3998 indesignatam
717 3923 772 3979 in
810 3937 869 3977 se
909 3920 1009 3975 sub
1043 3916 1275 3973 veritate
1304 3910 1629 3969 sententiam
1653 3952 1667 3975 ,
1698 3917 1753 3962 et

146 4025 491 4095 disceptator
541 4021 760 4090 ignarus
811 4017 862 4069 in
915 4028 973 4068 se
1023 4011 1198 4080 ipsum
1246 4007 1418 4063 exerit
1463 4003 1750 4058 ultionem.

145 4121 326 4176 Porro
359 4116 447 4170 ubi
480 4121 786 4185 praeventus
814 4106 1085 4180 cognitor,
1115 4102 1338 4175 proprio
1368 4114 1426 4155 se
1458 4098 1594 4152 vidit
1630 4109 1754 4168 pcr-

145 4210 353 4282 sttingi
392 4208 554 4281 595
582 4203 826 4277 judicio,
876 4210 930 4256 et
972 4213 1124 4254 reum
1172 4211 1230 4250 se
1273 4193 1378 4248 sibi
1413 4190 1756 4246 examinator

143 4304 488 4379 iustissimus
541 4297 902 4370 approbavit,
954 4308 1056 4349 uec
1103 4305 1321 4361 poenam
1367 4285 1538 4341 sensit
1583 4283 1756 4336 vitare

152 4375 321 4476 posse
353 4400 541 4472 iudicii
570 4441 583 4460 .
614 4398 670 4453 in
707 4411 814 4467 quo
849 4392 1014 4464 jndcx
1045 4391 1160 4460 ipse
1193 4384 1541 4442 detinebatur
1568 4375 1757 4435 condi-

151 4502 307 4556 tione
334 4493 612 4558 damnati;
643 4490 837 4562 arripit
866 4486 1282 4541 saluberrimnm
1316 4483 1369 4535 in
1399 4485 1543 4532 tanta
1573 4487 1756 4529 rerum

153 4591 491 4650 necessitate
519 4587 842 4644 consilium:
875 4591 927 4638 et
957 4593 1080 4637 eum
1114 4592 1219 4634 non
1264 4583 1447 4647 poszet
1488 4571 1554 4626 ad
1596 4568 1760 4640 justi-

153 4691 286 4744 tiam
313 4683 504 4757 jndlcii
537 4691 869 4752 provocare,
901 4671 1146 4743 cculugit
1173 4670 1237 4725 ad
1264 4665 1617 4724 secretarium
1648 4672 1758 4732 pte-
1785 4633 1840 4694 D
1866 4633 2064 4725 pietate
2087 4643 2361 4707 terrentis,

1623 4755 1629 4757 .
1718 4753 1730 4757 -
1905 4745 1917 4757 .
1951 4747 1960 4757 .
2045 4746 2076 4757 ,ν
2177 4738 2238 4757 η,
2276 4733 2358 4757 κ,

152 4781 427 4835 nitentlat.
461 4774 747 4830 Peccatum
781 4784 937 4823 suum
966 4765 1235 4836 proditum
1267 4759 1448 4824 scivit,
1478 4767 1532 4812 et
1563 4753 1763 4823 iniqui-

155 4883 333 4931 tatem
375 4883 529 4924 sunm
571 4866 715 4922 nulla
763 4859 1069 4933 negationis
1111 4857 1255 4911 nube
1292 4851 1575 4908 contexit:
1627 4847 1768 4902 dixit

155 4968 454 5024 adversum
486 4977 546 5016 se
573 4958 822 5034 protinus
853 4949 1223 5008 testimonium
1248 4989 1262 5012 ,
1301 4953 1355 4999 et
1381 4955 1513 4996 voce
1551 4939 1766 4994 confes-

159 5252 336 5323 plteta
361 5259 470 5301 non
493 5240 820 5309 interposuit
845 5230 1204 5290 absolutionis
1232 5235 1437 5287 moras,
1468 5237 1573 5276 non
1601 5219 1768 5276 etfac-

163 5317 286 5399 tum
316 5338 528 5396 distulit
552 5331 864 5392 remitteudi
883 5347 896 5384 :
916 5332 1138 5397 repente
1156 5329 1215 5376 ut
1241 5317 1619 5375 manifestatus
1645 5327 1772 5368 reus

163 5433 576 5494 confessionem
605 5427 786 5492 dedit,
838 5418 1226 5490 indulgentiam
1263 5411 1550 5468 criminum
1580 5422 1644 5462 ex
1674 5405 1773 5460 Dei
1871 5399 1978 5455 lica
2042 5409 2133 5467 per

162 5530 454 5588 voluntate
484 5521 820 5595 deprompsit
851 5516 1039 5573 dicens
1070 5527 1083 5566 :
1115 5509 1372 5566 Dominus
1415 5502 1628 5559 abstulit
1655 5513 1776 5572 pec-

244 5700 272 5728 ο
309 5687 456 5743 Edit.
488 5693 541 5738 et
563 5679 727 5736 Sorb.
754 5691 882 5740 ms.,
907 5673 1024 5728 vitta
1048 5665 1315 5725 imitabilis
1342 5659 1640 5722 institutor;
1663 5669 1777 5710 me-

167 5765 283 5822 lius
314 5760 473 5814 Rem.
498 5753 648 5813 cod.
673 5758 732 5805 ut
757 5749 811 5804 in
835 5755 1004 5822 textu.

247 5799 283 5872 ξ
311 5799 1014 5885 EEEt'ék'iieinT'ei'sbwg,
1065 5812 1279 5885 punitur
1324 5804 1541 5876 pinnatis
1566 5799 1778 5866 electio;

172 5905 384 5971 melius
410 5899 566 5960 edit.,
599 5889 927 5967 proponitur,
959 5895 1065 5942 etc.

1838 1937 2109 1996 exercitus
2136 1937 2279 1991 inter
2309 1927 2624 2002 principalia
2651 1921 2842 1994 gaudia
2872 1916 3196 1974 numeravit.
3230 1912 3356 1968 Mox
3376 1908 3444 1964 ad

1840 2050 1963 2091 eum
1997 2031 2135 2087 alius
2166 2026 2430 2100 propheta
2479 2022 2761 2092 dirigitur,
2796 2027 2847 2070 et
2891 2029 2999 2069 non
3045 2013 3128 2076 ei,
3174 2018 3228 2063 ut
3267 2005 3447 2078 primo

1841 2137 2022 2181 actum
2052 2096 2465 2188 est,'subtililer
2489 2110 2699 2185 peccati
2723 2121 2888 2165 causa
2923 2101 3277 2176 prartenditur
3307 2115 3320 2153 :
3351 2096 3448 2151 sed

1835 2222 1946 2292 jam
1979 2233 2078 2289 pro
2109 2216 2250 2270 lucto
2275 2210 2303 2250 ι’
2335 2208 2658 2281 proponitur
2695 2201 2926 2272 poenalis
2964 2195 3163 2251 electio
3193 2211 3206 2247 :
3241 2190 3306 2245 Et
3337 2194 3450 2261 fac-

1841 2284 1950 2369 tum
1980 2284 2050 2366 est
2079 2306 2289 2361 verbum
2329 2301 2542 2357 Domini
2584 2297 2652 2351 ad
2685 2294 2801 2350 (ind
2842 2289 3181 2361 prophetam,
3227 2284 3445 2336 dicens:

1851 2404 1995 2458 Vade
2021 2401 2087 2455 ad
2119 2397 2320 2463 David,
2350 2404 2396 2449 et
2430 2395 2680 2462 loquere:
2712 2385 2842 2442 "03c
2871 2382 3001 2437 dicit
3025 2379 3312 2441 Dominus,
3347 2375 3449 2428 tria

1845 2514 1935 2570 ego
1967 2495 2090 2548 tolio
2119 2493 2172 2545 in
2205 2500 2270 2552 te,
2303 2488 2433 2558 elige
2461 2484 2551 2538 tibi
2577 2495 2738 2536 unum
2761 2495 2823 2532 ea:
2852 2476 3002 2546 ipsis,
3031 2483 3079 2526 et
3111 2471 3301 2542 faciam
3331 2465 3445 2520 tibi.

1846 2559 1914 2648 ἐι
1941 2590 2074 2645 venit
2107 2585 2222 2641 God
2251 2583 2318 2636 ad
2349 2579 2547 2642 David,
2577 2586 2624 2630 et
2656 2571 2910 2628 nuntiavit
2939 2570 3003 2636 ei,
3044 2565 3221 2620 dicens
3245 2578 3264 2616 :
3296 2559 3451 2630 Elige

1848 2689 1936 2743 tibi
1975 2683 2098 2756 quid
2127 2682 2239 2752 ﬁeri
2269 2679 2394 2733 velis
2426 2692 2451 2730 e
2483 2675 2668 2739 tribus,
2699 2669 2800 2722 sive
2830 2669 3016 2738 famem
3047 2657 3264 2715 triennio
3293 2669 3450 2722 super

1845 2793 2035 2837 terram
2053 2821 2067 2844 ,
2107 2759 2195 2830 aut
2237 2773 2400 2848 tribus
2425 2764 2687 2822 mensibus
2716 2765 2894 2832 fugere
2922 2768 2969 2812 te
2997 2773 3028 2809 a
3054 2751 3188 2820 [acie
3212 2747 3450 2804 inimico-

1845 2890 1962 2928 rum
1996 2882 2223 2933 tuorum,
2255 2839 2310 2919 ut
2340 2863 2439 2932 ipsi
2469 2864 2840 2932 persequantur
2865 2861 2932 2914 te,
2963 2857 3053 2901 aut
3081 2846 3243 2899 tribus
3270 2839 3451 2895 diebus

1849 2965 1962 3036 ﬁeri
2003 2971 2215 3017 mortem
2241 2959 2294 3012 in
2326 2965 2494 3020 terra;
2535 2960 2585 3005 et
2625 2963 2758 3002 nunc
2787 2945 2947 3008 scito,
2989 2949 3038 2993 et
3065 2938 3179 2993 vide
3212 2933 3337 3005 quid
3368 2947 3451 2985 re-

1849 3025 2132 3130 spondeam
2160 3055 2208 3105 ei
2237 3049 2326 3121 qui
2352 3047 2494 3100 misit
2523 3045 2590 3096 ad
2629 3052 2676 3096 te
2698 3039 2910 3094 uerbum
2932 3033 2998 3102 (ιι
3024 3031 3156 3102 Reg.
3184 3042 3348 3094 xliv,
3378 3025 3443 3080 Η

1850 3165 1898 3211 et
1928 3169 2032 3224 seq.
2060 3154 2101 3224 ).
2133 3149 2394 3218 Quaenam
2425 3154 2556 3211 ergo
2586 3146 2670 3193 est
2703 3147 2844 3189 nunc
2878 3132 2931 3184 in
2961 3126 3142 3182 animo
3169 3121 3290 3192 eius
3334 3133 3454 3173 ver-

3094 3218 3198 3274 iuit
3226 3217 3278 3270 in
3308 3213 3452 3268 elec-

1851 3347 1998 3401 tione
2028 3335 2305 3394 turbatio?
2335 3332 2473 3386 iiinc
2503 3325 2846 3384 inimicorum
2894 3324 3101 3380 metus,
3135 3312 3263 3366 hinc
3293 3307 3451 3362 lamis

1852 3435 2096 3499 vastitas,
2129 3429 2255 3485 inde
2281 3425 2477 3480 divinat
2494 3411 2981 3475 animadversionis
3005 3408 3158 3478 plaga
3190 3402 3450 3458 terrebat.

1850 3529 1995 3586 Nihil
2025 3528 2218 3580 borum
2249 3519 2413 3574 vellet
2441 3513 2706 3573 incidere,
2737 3505 2834 3562 sed
2865 3503 3071 3558 offensa
3101 3513 3206 3553 non
3237 3500 3455 3566 poterat

1855 3622 2027 3677 inulta
2065 3628 2372 3673 remanere.
2421 3609 2565 3662 inter
2596 3606 2743 3673 ipsas
2782 3608 2990 3653 tantum
3035 3589 3320 3647 electionis
3357 3600 3456 3640 an-

1854 3713 2089 3786 gustias,
2120 3722 2245 3765 cum
2277 3704 2558 3771 utriusque
2587 3693 2814 3768 periculi
2849 3688 3149 3742 vallaretur
3189 3677 3420 3735 articulo
3443 3715 3458 3738 ,

1858 3805 2216 3882 praecedentis
2245 3799 2417 3854 veniae
2449 3795 2640 3848 doctus
2669 3785 2938 3854 exemplo,
2967 3779 3148 3834 acrius
3175 3772 3326 3842 eligit
3354 3781 3376 3809 ε
3402 3769 3456 3823 in

1857 3863 1970 3976 ipsa
1999 3896 2338 3955 volutatione
2368 3886 2720 3959 supplicium,
2752 3889 2807 3936 et
2833 3873 3062 3932 contulit
3099 3885 3159 3924 se
3188 3868 3254 3922 ad
3285 3863 3457 3931 maio-

1856 3957 1973 4054 rem
2020 4006 2266 4064 pinnam,
2319 3994 2372 4040 ιιι
2427 3957 2612 4053 posset
2643 3984 2938 4046 provocare
2963 3957 3460 4021 clementiam.Le-

1859 4094 2006 4147 nitur
2032 4085 2174 4142 enim
2203 4081 2353 4152 rigor
2378 4074 2625 4148 iustitiae,
2653 4083 2774 4126 eum
2813 4065 2881 4120 de
2925 4057 3273 4116 miseratione
3317 4066 3460 4124 prs:-

1860 4182 2129 4243 snmitur,
2184 4171 2420 4244 etAapud
2465 4161 2952 4223 clementissimum
2997 4151 3232 4224 judicent
3283 4145 3460 4215 prima

1861 4275 2079 4349 pietatis
2096 4239 2540 4326 causa.tractzttttr
2558 4277 2573 4326 ;
2594 4259 2682 4329 qui
2705 4254 2852 4311 enim
2871 4259 3051 4307 errata
3073 4239 3463 4301 catilitentibus

1859 4331 2056 4434 donat,
2090 4362 2407 4437 pervicaces
2455 4365 2560 4412 non
2594 4352 2663 4406 de
2705 4347 2981 4404 voluntate
3011 4339 3362 4396 condemnat.
3396 4331 3465 4386 Et

1862 4467 1984 4523 ideo
2011 4434 2106 4520 rex
2130 4462 2232 4515 iste
2251 4457 2476 4512 devoms
2499 4463 2620 4504 cum
2652 4435 3061 4500 deliberationis
3082 4435 3302 4490 ﬂuctuat
3328 4434 3468 4482 tem-

1860 4568 2093 4634 pestate,
2120 4569 2224 4610 non
2248 4549 2451 4606 dimisit
2471 4543 2763 4599 ancltoram
2790 4530 3146 4606 limititentim;
3169 4535 3222 4581 et
3241 4523 3375 4578 titius
3397 4519 3466 4573 de

2379 4633 2808 4708 magnitudinem
2833 4643 2938 4682 non
2963 4619 3361 4690 contemplatus
3380 4623 3467 4668 est

1867 4707 2091 4801 ultionis
2121 4759 2133 4794 :
2170 4738 2238 4792 Et
2267 4733 2400 4789 dixit
2423 4774 2436 4798 ,
2472 4707 2680 4799 inquit,
2713 4720 2885 4778 David
2914 4717 2982 4771 ad
3011 4715 3126 4771 (Sed
3151 4730 3168 4768 t
3197 4707 3468 4782 Augustin

1867 4799 1995 4892 mihi
2019 4831 2170 4888 valde
2219 4830 2273 4882 in
2313 4828 2376 4880 iis
2418 4822 2599 4887 tribus,
2623 4817 2714 4872 sed
2765 4814 2949 4869 melius
2989 4809 3116 4864 mihi
3145 4805 3374 4860 incidere
3411 4799 3468 4850 in

1871 4947 2053 4987 manus
2095 4924 2348 4990 Domini;
2398 4918 2525 4990 quia
2569 4929 2755 4982 magna
2811 4918 2884 4964 est
2951 4897 3310 4959 misericordia
3357 4896 3471 4965 ejus

1870 5023 2040 5085 valde,
2069 5034 2225 5090 quant
2251 5018 2301 5070 in
2329 4986 2516 5068 at...“
2545 5008 2811 5062 hominum
2841 4999 3066 5056 incidam
3097 4989 3306 5064 (me,
3337 4986 3402 5039 ii
3423 4986 3467 5054 μ

1868 5119 2123 5189 Sequitur
2155 5111 2299 5167 illico
2328 5106 2355 5145 τι
2387 5104 2619 5160 vindicta
2653 5106 2980 5153 consensum
3004 5129 3019 5152 ,
3047 5097 3103 5142 et
3139 5080 3472 5139 electionem

1874 5175 2192 5283 placabilem
2226 5199 2512 5274 placabilis
2553 5205 2713 5266 pinna
2761 5185 3055 5244 comitatur
3104 5195 3117 5231 ε
3153 5176 3212 5229 lit
3263 5175 3476 5239 strages

1874 5267 2157 5362 innumera
2207 5267 2616 5368 peremptorum
2640 5329 2654 5352 ,
2692 5296 2747 5340 et
2775 5273 3062 5336 multitudo
3088 5267 3270 5341 populi
3304 5276 3473 5332 auge-

2140 5366 2393 5447 Cassiane
2447 5390 2738 5439 mactatur.
2813 5366 3200 5427 Percntiuntur
3255 5366 3477 5426 septua-

1876 5447 2256 5566 gintalmilliu
2307 5482 2377 5536 de
2429 5474 2703 5538 exercitu,
2751 5475 2806 5521 et
2855 5456 3108 5516 acerbius
3149 5447 3479 5526 perurgebat

1895 5687 1898 5691 -
1960 5660 1980 5686 ε
2008 5627 2085 5700 Ita
2115 5642 2284 5700 codex
2314 5638 2469 5692 Rem.
2499 5629 2631 5686 edit.
2663 5639 2829 5691 vero,
2856 5623 2908 5675 in
2931 5620 3043 5690 ipsa
3065 5617 3330 5671 voluntate
3359 5625 3482 5678 sup-

1886 5720 2118 5792 pliciunt.
2143 5714 2320 5769 Minus
2339 5705 2624 5792 confidite.

1958 5749 2403 5843 E'Elini'éi'iii‘éi
2427 5749 2612 5836 Svorb”
2656 5767 2885 5826 vindicta
2924 5757 3249 5832 confessum;
3311 5749 3485 5806 codex

1889 5864 2074 5928 Reuu,
2104 5855 2330 5910 vindicta
2361 5855 2681 5903 consensum.
