3950 6314
492 245 600 304 985

1495 239 1588 295 AD
1623 238 1855 296 OPERA
1893 236 2143 298 SANCTI
2180 235 2510 294 AMBROSII
2548 233 2909 293 APPENDIX.
3678 239 3764 294 984

492 361 719 420 dulcem
758 363 1006 418 animum
1054 356 1382 414 miserabilis
1427 355 1585 412 ruina
1624 364 1932 412 castrorum
1963 374 1976 411 ;
2009 355 2105 411 οι)-
2132 353 2188 416 Α
2209 353 2352 408 enim
2381 351 2678 423 castigatus
2701 351 2843 407 filius
2864 352 3133 425 recipitur
3157 354 3214 410 in
3239 352 3485 410 affectum
3507 397 3522 420 ,
3555 354 3768 411 admoui-

492 455 616 528 jicit
645 473 708 512 se
739 467 1021 512 auctorem
1056 451 1181 508 facti
1217 453 1324 507 telo
1356 450 1607 520 supplicii
1628 491 1642 516 ,
1672 459 1728 505 et
1759 450 1936 504 induit
1971 463 2104 504 con-

498 561 579 605 tra
611 550 931 606 smvientcm
955 547 1182 618 justitia:
1215 544 1540 600 maclttcram
1571 545 1936 600 confessionis
1978 543 2110 599 lori-

497 659 644 714 cam,
676 643 1010 716 puniendum
1042 656 1102 697 sc
1143 642 1317 712 magis
1346 641 1561 696 instans
1589 641 1732 696 inter
1767 641 1984 711 punitos
2010 653 2108 694 ex«

496 740 740 803 clamat,
789 747 844 793 et
888 744 1042 807 Optat
1093 737 1146 790 in
1201 749 1263 790 se
1313 733 1560 790 derivari
1612 734 1981 798 sententiam,
2050 740 2110 787 ut

500 835 678 904 possit
726 848 755 887 a
803 831 1004 904 populo
1037 845 1298 886 revocare
1335 829 1654 884 fracturam.
1684 828 1820 882 Ecce
1848 845 1961 882 sum
1989 844 2100 899 ego,

499 925 717 996 inquit,
764 939 862 997 ego
905 933 1084 991 pastor
1114 923 1348 993 peccavi,
1385 933 1433 975 et
1467 937 1560 992 ego
1607 921 1738 974 male
1785 921 1884 991 feci
1921 936 1938 974 :
1981 935 2108 992 grex

501 1029 674 1072 autem
699 1017 784 1070 hic
813 1017 939 1087 quid
963 1015 1124 1084 fecit?
1155 1013 1222 1069 In
1263 1031 1341 1068 me
1369 1030 1578 1069 manum
1611 1023 1751 1068 tuam
1775 1023 2029 1080 converte,
2059 1024 2107 1067 et

499 1112 711 1164 domum
741 1112 906 1179 patris
934 1109 1032 1162 ntei
1055 1107 1119 1179 (ll
1146 1107 1272 1179 Reg.
1305 1123 1455 1173 xxw,
1495 1107 1605 1178 l7).
1627 1105 1769 1162 Ecce
1788 1105 2110 1162 Satisfactio-

501 1202 586 1257 nis
607 1202 718 1256 offit
739 1201 792 1256 io
828 1217 988 1272 paena
1016 1201 1361 1272 percellitur,
1389 1211 1442 1256 et
1471 1201 1523 1256 itt
1555 1187 1720 1255 armis
1744 1199 2108 1255 confessionis

499 1296 806 1368 indignatio
837 1307 1251 1368 prOpugnatur;
1286 1305 1344 1352 ut
1366 1313 1465 1352 nec
1492 1295 1546 1350 in
1572 1311 1698 1352 eum
1729 1294 1961 1350 ulterius
1989 1295 2107 1349 vin-

494 1388 643 1445 dicta
679 1390 1026 1457 procederet,
1059 1399 1113 1444 et
1137 1405 1266 1459 erga
1299 1389 1554 1459 populum
1587 1388 1867 1457 quassatio
1893 1386 2107 1443 (inlitus

499 1481 671 1539 effusa
698 1483 1030 1554 quiesceret.
1063 1483 1181 1538 Uno
1213 1489 1340 1537 actu
1369 1479 1707 1552 paenitentiae
1739 1488 1795 1535 ct
1825 1480 1926 1534 sibi
1961 1495 2103 1535 mer-

497 1587 656 1631 catus
685 1585 768 1631 est
809 1575 1102 1646 pietatem,
1141 1582 1198 1630 ct
1225 1574 1491 1644 a‘populo
1527 1574 1813 1644 suspendit
1852 1574 2105 1643 pretittus

502 1670 802 1735 ultionem,
853 1679 912 1724 ut
955 1671 1152 1724 merito
1198 1670 1372 1724 veniae
1415 1669 1754 1724 condonatus
1801 1668 2106 1724 cantavcrit

495 1763 687 1820 dicens
735 1781 748 1817 :

501 1875 668 1915 meant
702 1857 924 1913 Domino
944 1899 958 1924 ,
1000 1870 1046 1914 et
1079 1867 1133 1913 tu
1164 1858 1408 1913 remisisti
1438 1859 1752 1928 impietatem
1783 1858 1980 1928 peccati
2007 1858 2104 1912 mei

499 1953 688 2024 (Psal.
720 1969 877 2020 xxxi,
910 1953 1014 2024 5);
1049 1953 1178 2024 quia
1208 1968 1333 2008 cum
1379 1954 1668 2008 assisteret
1709 1950 1810 2007 sub
1839 1951 2103 2020 despera-

499 2049 648 2104 tione
688 2047 954 2112 convioli,
990 2045 1189 2117 dignus
1221 2046 1462 2116 reputari
1496 2045 1694 2101 tneruit
1733 2043 1965 2114 expiari.
1995 2043 2104 2100 Sed

499 2143 702 2216 premit
733 2153 784 2199 te
826 2155 1041 2199 tuorum
1081 2141 1379 2199 enormitas
1412 2150 1794 2212 peccatorum;
1828 2149 1882 2195 et
1913 2154 2102 2196 eorum

496 2238 710 2294 ditione
738 2239 995 2308 captivus
1016 2280 1031 2303 ,
1058 2238 1111 2292 in
1151 2237 1349 2293 conum
1374 2236 1568 2292 oculos
1599 2251 1706 2291 non
1735 2235 1906 2291 audes
1933 2235 2102 2290 attol-

483 2335 630 2390 lere.
669 2333 847 2390 Probo
876 2332 1096 2402 quidem
1136 2331 1493 2388 conscientia:
1531 2340 1761 2395 metum,
1806 2347 1912 2385 non
1942 2329 2105 2386 laudo

496 2427 790 2483 consilium
823 2446 835 2479 :
867 2426 960 2482 sed
994 2426 1137 2481 malo
1174 2433 1226 2480 te
1261 2440 1426 2496 super
1456 2426 1809 2496 indulgentia:
1840 2441 2104 2482 consecu-

499 2517 648 2575 tione
677 2529 1018 2589 suspectum,
1043 2533 1151 2574 non
1183 2517 1251 2574 de
1283 2519 1479 2575 salutis
1508 2521 1859 2590 reparatione
1893 2520 2105 2590 penitus

501 2610 878 2682 desperatum.

489 2739 492 2742 ~
568 2703 802 2761 CAPUT
842 2703 914 2761 X.
942 2735 1014 2746 —
1040 2705 1216 2762 Tenet
1244 2707 1389 2762 enim
1417 2707 1709 2778 quamdam
1741 2707 2106 2764 confessionis

495 2809 704 2873 partem
749 2800 1099 2872 supplicandi
1141 2792 1424 2868 confusio,
1467 2818 1588 2872 qua:
1627 2815 1852 2857 suorum
1885 2803 2105 2860 conscia

497 2906 850 2966 peccatorum
879 2911 988 2951 non
1015 2895 1083 2952 de
1113 2897 1371 2953 Auctoris
1394 2898 1718 2953 remissione
1744 2897 1980 2962 dubitat.
2006 2897 2101 2954 sed

494 2989 564 3046 de
596 2990 972 3061 magnitudine
1000 2992 1085 3044 sui
1111 2991 1336 3046 sceleris
1375 2991 1685 3058 erubescit,
1715 2999 1925 3048 reatum
1954 2992 2101 3048 enim

494 3084 787 3156 agnovisse
824 3083 1189 3138 confessionis
1219 3084 1434 3140 initium
1474 3093 1582 3151 est,
1615 3094 1671 3141 et
1705 3086 2012 3156 proximum
2045 3086 2104 3140 fit

2213 456 2325 501 tum
2357 461 2480 501 eum
2509 455 2729 502 c0ttstat
2753 445 2820 500 ad
2851 445 3243 502 satisfactionis
3271 446 3500 502 officiunt
3526 490 3542 515 ,
3566 464 3664 504 nou
3688 465 3770 518 pu-

2209 543 2379 597 nitum
2407 559 2419 595 :
2467 557 2570 598 nec
2592 542 2701 596 odii
2729 542 2939 597 videtur
2967 557 3090 598 esse
3112 544 3383 599 correctio
3407 588 3422 612 ,
3448 545 3539 599 sed
3567 545 3770 609 amotis;

2208 650 2331 692 cum
2361 652 2581 693 reverso
2609 637 2904 693 identidem
2933 649 3052 706 post
3083 639 3363 710 ﬂagellum
3395 655 3497 694 non
3542 649 3773 712 negantur

2205 728 2326 799 jura
2356 730 2591 800 pietatis.
2620 730 2864 801 Denique
2895 729 3021 786 audi
3049 730 3343 786 Dominum
3371 748 3466 804 per
3486 738 3772 805 prophetam

2210 824 2580 895 increpantem
2609 823 2926 894 ltujustnodi
2954 823 3186 880 verbere
3215 824 3583 889 fornicariam.
3605 839 3652 884 et
3678 844 3777 897 pre-

2210 917 2387 972 brosis
2407 916 2673 984 deditam,
2699 919 3145 990 inquinatamque
3175 921 3444 991 contagiis
3461 920 3778 977 voluiSsesibi

2202 1010 2327 1078 jure
2358 1014 2734 1068 conversionis
2765 1017 3075 1074 adsciscere
3105 1036 3117 1071 :
3152 1016 3220 1072 Et
3253 1016 3366 1071 dixi
3390 1058 3408 1084 ,
3437 1017 3638 1086 inquit,
3666 1035 3778 1092 puu-

2207 1120 2363 1175 quam
2393 1107 2654 1176 fornicata
2683 1124 2737 1162 es
2758 1108 2870 1164 hate
2892 1114 3096 1178 omnia,
3128 1111 3197 1164 ad
3225 1127 3308 1165 me
3329 1121 3610 1178 reuertere;
3634 1124 3675 1167 et
3700 1131 3778 1168 sua

2209 1216 2265 1253 es
2295 1215 2497 1254 reversa
2542 1203 2887 1275 incomposita
2940 1203 3085 1260 Juda
3134 1206 3357 1277 (Jerem.
3403 1221 3496 1273 Ill,
3528 1207 3606 1277 7).
3653 1209 3780 1275 Quod

2210 1291 2354 1348 idem
2381 1292 2648 1351 Dominus
2667 1297 2720 1352 itt
2747 1297 3044 1370 Evangelia
3075 1300 3421 1365 manifestat,
3454 1317 3580 1356 cum
3602 1303 3781 1358 indura-

2209 1396 2292 1442 tos
2316 1387 2554 1458 increpat
2579 1389 2772 1446 dicens
2801 1410 2814 1446 :
2845 1391 3195 1459 Hierusalem,
3225 1391 3582 1460 Hierusalem,
3604 1399 3781 1465 quitia-

2211 1480 2400 1550 terﬁcis
2428 1486 2749 1554 prapltetas,
2796 1496 2843 1541 et
2890 1487 3098 1558 lepidas
3142 1488 3333 1543 missos
3386 1488 3457 1543 ad
3501 1500 3587 1554 te;
3624 1492 3783 1559 quotus

2209 1576 2345 1631 volui
2389 1594 2704 1650 congregare
2746 1580 2886 1650 ﬁlios
2929 1592 3078 1648 tuos,
3119 1584 3258 1638 sicut
3304 1583 3505 1653 gallina
3553 1598 3784 1656 congregat

2210 1669 2385 1738 pullos
2413 1687 2534 1724 suos
2582 1671 2677 1726 sub
2722 1675 2836 1727 alas
2883 1690 3040 1741 suas,
3068 1683 3118 1728 et
3150 1674 3372 1728 noluisti
3415 1673 3632 1748 (Matth.
3662 1691 3784 1738 me,

805 1761 953 1827 Dixi,
1008 1764 1291 1833 conﬁtebor
1339 1763 1612 1817 adversum
1657 1779 1735 1816 me
1782 1759 2104 1832 iniquitatem
2135 1757 2183 1819 B
2210 1761 2343 1832 37)?
2371 1761 2636 1819 Ultimum
2660 1807 2674 1831 ,
2708 1765 2900 1834 crede,
2929 1767 3057 1822 vitae
3087 1777 3300 1823 nostra:
3339 1779 3524 1824 actum
3569 1769 3786 1824 Dominus

2205 1867 2525 1926 exspectat,
2557 1869 2612 1914 et
2650 1859 2701 1914 in
2731 1875 2838 1929 quo
2868 1875 2968 1915 nos
2995 1862 3177 1917 exitus
3213 1862 3398 1917 linalis
3435 1863 3722 1926 invenerit,
3748 1864 3785 1917 in

2207 1949 2593 2019 eojudicabit;
2625 1954 2671 2006 si
2703 1954 2915 2010 scilicet
2946 1954 3352 2026 multiplicibus
3392 1966 3582 2026 septas
3607 1958 3785 2023 erratis,

2207 2043 2636 2102 circumvolvent
2671 2063 2833 2118 supra
2861 2059 3024 2119 caput
3046 2059 3198 2104 tuum
3240 2049 3455 2105 umbra:
3497 2049 3782 2114 facinorum.

2207 2139 2400 2195 oculos
2447 2150 2570 2196 tuos
2596 2141 2873 2199 scelerum
2920 2143 3094 2215 caligo
3144 2145 3497 2215 pernubilet,
3527 2157 3584 2202 et
3619 2149 3787 2217 peccati

2204 2232 2394 2305 jugum
2444 2243 2589 2289 tuam
2631 2235 2900 2293 cervicem
2948 2238 3237 2307 incurvet,
3285 2250 3457 2310 atque
3508 2240 3648 2295 intra
3688 2255 3789 2296 ceae

2208 2326 2454 2382 scientia:
2483 2329 2768 2398 penetrale
2798 2329 3127 2402 ﬂagitiorum
3155 2332 3423 2404 probrum
3453 2334 3674 2390 subinde
3697 2335 3789 2390 vul-

2207 2437 2312 2479 nus
2334 2422 2655 2479 exulceret:
2679 2426 2725 2480 si
2748 2426 2987 2482 animam
3019 2436 3168 2482 tuam
3198 2444 3313 2485 non
3340 2431 3395 2484 in
3423 2429 3790 2500 deSperatioais

2208 2515 2512 2586 projeceris
2541 2517 2809 2573 vilitatem
2838 2559 2854 2587 ,
2884 2534 3004 2575 cum
3036 2535 3205 2576 unum
3235 2521 3704 2578 circumcordialis
3726 2539 3789 2577 se

2207 2608 2356 2664 creti.
2391 2607 2650 2665 effuderis
2678 2609 2731 2665 in
2767 2612 3113 2669 confessione
3145 2628 3495 2681 sermonem,
3526 2632 3632 2672 non
3658 2630 3790 2686 nega-

2207 2699 2286 2754 bit
2317 2702 2622 2758 remedium
2647 2703 2820 2759 venite
2844 2745 2861 2772 ,
2890 2705 2980 2776 qui
3021 2705 3170 2761 venit
3192 2707 3416 2762 animas
3443 2708 3652 2764 salvare
3671 2749 3686 2774 ,
3707 2724 3789 2763 nos

2211 2795 2471 2866 perdere;
2499 2798 2626 2867 quia
2649 2814 2756 2856 non
2783 2801 2899 2855 vult
2915 2813 3146 2857 mortem
3162 2803 3792 2871 morientis,conversum

2211 2891 2397 2958 procul
2422 2889 2590 2946 dubio
2618 2893 2813 2948 suadet
2831 2893 2898 2949 ad
2922 2895 3085 2949 vitam
3105 2937 3120 2963 ,
3147 2895 3269 2966 ipso
3301 2896 3535 2952 Domino
3564 2897 3790 2952 dicente:

2209 2979 2257 3035 F
2259 2982 2386 3038 ilius
2412 2984 2633 3040 hominis
2662 3002 2765 3040 non
2782 2989 2915 3042 venit
2935 2989 3138 3044 animas
3168 2989 3442 3045 hominum
3470 2991 3700 3063 perdere,
3722 2995 3791 3045 ses

2205 3077 2408 3132 salvare
2438 3077 2591 3151 (Luc.
2625 3094 2712 3144 Ix,
2744 3078 2873 3152 56);
2906 3092 2958 3137 et
2991 3082 3194 3139 iterum
3231 3101 3246 3139 :
3299 3083 3453 3139 Venit
3488 3087 3626 3145 enim
3649 3083 3792 3140 Filii

499 3179 707 3244 veniae,
749 3178 896 3248 quod
934 3178 1181 3233 stimulat
1220 3179 1524 3249 poenitudo.
1557 3178 1664 3236 Sed
1695 3191 1842 3236 retro
1872 3181 1982 3251 agit
2012 3196 2099 3236 me
2125 3160 2170 3224 C
2205 3169 2431 3226 hominis
2468 3188 2730 3241 quaerere.
2766 3184 2814 3230 et
2841 3177 3043 3231 salvare
3068 3177 3211 3249 quod
3244 3179 3476 3250 perierat
3509 3178 3672 3253 (Luc.
3697 3196 3791 3246 ιιι,

499 3286 770 3337 meorum,
808 3273 1039 3343 inquies,
1071 3272 1399 3330 abundantia
1431 3284 1798 3346 peccatorum.
1831 3277 1970 3345 Quin
2003 3277 2103 3332 im-

496 3378 590 3420 mo
622 3374 775 3420 tanto
809 3366 980 3436 magis
1011 3365 1372 3424 insistendum
1397 3379 1482 3425 est
1507 3368 1874 3426 confessionis
1899 3369 2100 3437 officio,

495 3465 705 3528 quanto
761 3469 1112 3528 peccatorum
1157 3460 1392 3516 sarcinis
1422 3475 1486 3517 es
1525 3472 1818 3528 oneratus;
1851 3472 1910 3517 ut
1959 3461 2103 3534 quod

498 3565 598 3622 per
624 3551 920 3607 amicitiam
961 3568 1070 3608 non
1117 3569 1177 3608 es
1208 3553 1407 3625 dignus
1455 3554 1717 3626 exigere,
1775 3570 1873 3626 per
1927 3557 2105 3626 impu-

497 3643 742 3699 dentiam
773 3644 958 3700 valeas
989 3646 1259 3702 obtinere.
1313 3646 1484 3702 Audis
1524 3649 1673 3702 enim
1706 3648 1760 3702 in
1806 3647 2105 3718 Evangelia

496 3737 791 3792 Dominum
813 3737 1021 3795 dixisse
1045 3740 1193 3808 quia,
1227 3741 1313 3795 cui
1339 3741 1589 3812 pusillum
1609 3742 1906 3805 dimtttitur,
1937 3744 2106 3798 minus

499 3828 674 3901 diligit
701 3829 852 3902 (Luc.
885 3848 991 3900 vn,
1023 3833 1139 3904 47).
1176 3832 1384 3890 Deinde
1406 3835 1630 3906 impium
1659 3835 1795 3891 facis
1826 3836 1996 3893 Deum
2019 3878 2035 3905 ,
2060 3839 2105 3893 si

499 3932 658 3994 putas
696 3940 820 3981 eum
849 3927 1142 3998 repudiare
1179 3942 1537 3996 conversum,
1568 3938 1595 3967 ἰ
1619 3939 1674 3985 et
1718 3930 1974 3987 affectum
2007 3948 2104 3988 ne-

497 4029 628 4087 gare
669 4017 919 4074 redeunti
950 4059 967 4088 ,
1000 4035 1030 4074 a
1057 4036 1165 4090 quo
1208 4021 1352 4078 scias
1382 4022 1624 4093 perditos
1652 4025 1852 4080 affectu
1880 4027 2109 4082 commi-

497 4113 790 4167 serationis
821 4113 1045 4184 inquiri.
1079 4113 1195 4170 Hoc
1224 4118 1522 4186 Apostolus
1548 4117 1744 4189 probat
1773 4117 1961 4174 dicens
1988 4135 2002 4173 :
2042 4117 2108 4173 Et

502 4209 548 4261 si
575 4223 666 4262 nos
700 4207 935 4277 inﬁdeles
976 4209 1322 4264 exstiterimus
1345 4252 1360 4276 ,
1397 4211 1510 4276 ipse
1535 4211 1705 4281 ﬁdelis
1734 4212 2105 4281 perseverabit,

499 4316 689 4371 negare
715 4318 766 4356 se
811 4303 980 4373 ipsum
1004 4318 1106 4356 non
1143 4313 1308 4374 potest
1340 4304 1384 4373 (l
1417 4303 1555 4358 Tim.
1586 4321 1643 4370 ιι,
1673 4302 1787 4377 l2).
1815 4305 1895 4360 An
1929 4308 2109 4363 nescis

500 4393 693 4448 novies
722 4403 985 4451 tentatum
1030 4397 1082 4450 in
1116 4409 1303 4452 eremo
1351 4397 1636 4453 Dominum
1668 4399 1950 4456 distulisse
1989 4401 2110 4456 vin-

499 4484 736 4552 dictam,
769 4501 870 4543 ncc
908 4488 1023 4558 ipsa
1051 4488 1262 4545 decima
1293 4493 1608 4548 tentationis
1639 4491 1759 4548 vice
1785 4491 1813 4530 ι)
1843 4494 2108 4551 damnare

2209 3264 2318 3338 10).
2350 3264 2466 3321 Nisi
2494 3268 2618 3338 quia
2649 3277 3045 3340 praepotentem
3073 3272 3209 3326 facis
3237 3272 3520 3328 diabolum
3543 3314 3561 3340 ,
3590 3275 3634 3328 si
3662 3282 3794 3342 putas

2204 3357 2326 3428 quia
2369 3357 2437 3414 de
2483 3359 2729 3414 faucibus
2777 3361 2896 3431 ejus
2943 3362 3204 3420 Dominus
3249 3381 3362 3420 non
3405 3375 3590 3436 potest
3629 3380 3795 3422 eruere

2204 3449 2587 3520 captivatum:
2626 3461 2722 3507 aut
2747 3454 3208 3525 quemadmodum
3253 3456 3354 3513 ille
3384 3457 3577 3528 vigilat
3606 3472 3796 3528 semper

2209 3551 2267 3600 ut
2295 3544 2518 3614 perdat,
2552 3560 2659 3601 non
2691 3547 2762 3601 ita
2792 3551 2992 3620 satagit
3024 3549 3285 3605 Dominus
3316 3561 3375 3606 ut
3407 3554 3675 3623 acquirat.

2277 3634 2507 3694 CAPUT
2537 3637 2633 3695 XI.
2661 3668 2732 3679 -—
2778 3639 2836 3695 In
2881 3641 2982 3697 bac
3021 3642 3189 3713 igitur
3231 3655 3286 3700 te
3319 3645 3490 3700 veluti
3537 3645 3798 3716 praesentis

2207 3732 2310 3787 loci
2357 3732 2555 3789 fiducia
2599 3735 2791 3792 ultima
2845 3736 3116 3792 confessio
3175 3738 3410 3795 latronis
3465 3739 3717 3807 inducat,
3755 3751 3799 3793 et

2211 3840 2365 3896 Spem
2419 3829 2709 3883 maximam
2771 3829 2974 3885 tribuat
3018 3831 3318 3887 novissima
3369 3831 3673 3903 deSperatis
3712 3848 3800 3888 non

2209 3919 2552 3990 desperantis
2580 3921 2634 3977 in
2652 3937 2813 3978 cruce
2838 3924 3134 3980 confessio.
3161 3926 3340 3980 Omne
3369 3925 3537 3997 igitur
3563 3927 3682 3981 vita:
3701 3942 3795 3982 sua:

2209 4022 2388 4069 actum
2420 4013 2514 4069 ille
2541 4015 2841 4072 latrociniis
2866 4028 3291 4084 cruentaverat.
3325 4033 3380 4077 et
3404 4033 3595 4094 egerat
3615 4037 3801 4095 scalpe:

2212 4107 2264 4162 itt
2305 4108 2510 4164 saeculo
2537 4110 2822 4166 diabolica:
2854 4111 3090 4168 feritatis
3127 4115 3498 4186 armigerum,
3531 4133 3798 4188 numquam

2212 4199 2307 4255 Dei
2337 4202 2690 4268 meminerat,
2733 4204 2884 4259 nulla
2928 4203 3092 4276 Legis
3119 4206 3376 4264 audierat
3416 4211 3706 4276 mandata,
3729 4221 3803 4265 aut

2212 4306 2363 4351 certe
2401 4299 2446 4350 si
2477 4295 2763 4363 audierat,
2807 4299 3108 4367 proclivior
3148 4302 3215 4355 ad
3249 4302 3498 4358 facinora
3531 4320 3640 4360 non
3666 4321 3802 4360 curs-

2214 4391 2341 4456 bat,
2367 4400 2534 4446 totam
2572 4407 2724 4462 spem
2755 4393 2808 4448 in
2837 4393 3230 4465 desperatione
3261 4399 3559 4465 versabat,
3590 4410 3645 4456 et
3669 4417 3804 4456 exer-

2213 4486 2374 4542 cebat
2393 4486 2772 4544 crudelitatem
2796 4504 2951 4544 more
2975 4490 3374 4548 sceleratorum
3399 4495 3729 4559 satellitum;
3749 4494 3803 4549 ob

499 4578 744 4646 potuisse
775 4578 1051 4647 duritiam,
1081 4582 1126 4636 si
1151 4583 1445 4652 praeteritis
1468 4601 1663 4640 novem
1685 4585 1880 4657 culpis,
1907 4587 2108 4657 egisset
2133 4555 2186 4616 Β
2214 4579 2317 4635 hoc
2340 4596 2572 4652 namque
2591 4579 2886 4638 damnatus
2915 4583 2966 4637 in
3001 4599 3166 4640 cruce
3189 4627 3205 4649 .
3235 4595 3291 4641 et
3319 4601 3446 4644 cum
3481 4589 3618 4659 ipsis
3644 4589 3803 4645 crimi-

497 4669 734 4741 populus
765 4671 1142 4742 pmnitentiam
1161 4717 1177 4742 ,
1207 4676 1324 4746 ipso
1351 4676 1570 4733 dicente
1605 4695 1619 4731 :
1651 4677 1785 4734 Ecce
1796 4683 1911 4754 jam
1939 4681 2106 4736 decies

466 4764 810 4820 'exacerbattt
852 4782 932 4820 me
965 4767 1020 4819 in
1067 4768 1275 4826 deserto
1305 4770 1400 4824 Itoc
1429 4770 1507 4843 (Ν
1516 4789 1620 4825 um.
1656 4788 1775 4837 xlv,
1805 4774 1933 4846 27)?
1963 4774 2107 4845 Lege

496 4853 697 4911 librum
723 4854 979 4911 Judicutn
1000 4896 1014 4919 ,
1049 4867 1102 4911 et
1132 4859 1376 4915 invenies
1406 4861 1708 4917 innumeris
1739 4862 1944 4918 vicibus
1967 4863 2106 4920 filios

492 4945 663 5004 Israel
689 4963 875 5004 coram
905 4948 1134 5003 Domino
1153 4949 1348 5007 fecisse
1377 4954 1612 5025 maligna
1635 4996 1649 5020 ,
1681 4962 1739 5011 et
1767 4957 1992 5012 traditos
2021 4956 2104 5012 in-

492 5040 746 5096 cursibus
775 5041 1056 5096 nationum
1085 5057 1098 5095 :
1129 5040 1227 5096 sed
1258 5042 1456 5098 iterum
1487 5061 1814 5103 conversum
1845 5048 2099 5118 populum

493 5145 592 5202 per
617 5131 826 5189 electos
855 5133 1023 5189 duces
1048 5133 1119 5189 de
1145 5134 1553 5204 captivitatibus
1583 5140 1749 5194 variis
1781 5139 2066 5196 liberatum
2089 5184 2103 5208 ,

492 5239 597 5281 nec
647 5225 912 5282 vindicari
957 5227 1204 5298 pomisse
1247 5230 1575 5298 commissa,
1604 5233 1651 5284 si
1695 5233 1854 5286 toties
1900 5232 2100 5288 factum

491 5331 816 5392 sequeretur
857 5331 1181 5392 competens
1213 5322 1573 5392 paenitentia;
1625 5323 1791 5396 596
1817 5325 1940 5396 quia
1974 5326 2110 5383 licet

492 5412 729 5482 paenulis
752 5414 1022 5472 correctio
1050 5432 1156 5471 non
1183 5415 1422 5482 deesset,
1447 5433 1552 5473 non
1579 5428 1699 5473 erat
1715 5431 1896 5476 tamen
1927 5431 1949 5459 ε
1979 5437 2103 5493 per-

493 5501 721 5560 ditionis
770 5508 1066 5581 abscissio,
1123 5511 1222 5569 sed
1279 5514 1656 5572 conversionis
1711 5519 1909 5574 oratio.
1966 5519 2102 5577 Cum

562 5676 590 5748 ξ
622 5666 785 5748 ᾔτηη.
815 5669 1088 5748 edit._so_la
1110 5683 1203 5748 .-ει
1227 5673 1461 5741 eﬂ‘ectum
1490 5693 1685 5748 negare
1710 5678 1965 5733 redeunti.

560 5737 604 5822 1"-
615 5737 764 5821 lﬂdit.
788 5751 844 5822 et
871 5743 992 5822 cod.
1026 5737 1229 5822 Sorb.,_
1246 5737 1497 5804 damnare
1525 5737 1778 5821 potuisse,
1801 5750 1847 5805 si
1869 5751 1934 5805 de
1959 5765 2096 5822 prte-

491 5809 692 5876 teritis;
716 5811 911 5870 codex.
936 5812 1096 5872 Rem.
1129 5809 1275 5874 ut'in
1297 5809 1574 5875 comextu.

2211 4675 2373 4731 nibus
2401 4677 2514 4731 suis
2546 4676 2743 4732 affixus
2784 4676 2932 4748 ligno
2968 4679 3266 4749 pendebat.
3296 4681 3543 4740 Tandem
3585 4684 3804 4756 perditus

2209 4769 2439 4838 resipuit
2465 4809 2479 4833 ,
2511 4778 2564 4825 et
2607 4772 2661 4824 in
2695 4770 2814 4840 ipso
2859 4770 3128 4841 supplicio
3157 4775 3535 4842 constitutus,
3572 4793 3802 4846 magnum

2209 4862 2314 4918 sibi
2342 4871 2615 4917 mercatus
2637 4873 2810 4918 estex
2835 4875 3009 4920 morte
3034 4867 3448 4936 compendium;
3478 4869 3652 4926 Deum
3673 4871 3798 4925 enim

2208 4971 2333 5012 cum
2364 4970 2474 5026 quo
2507 4957 2821 5026 pendebat,
2853 4959 3078 5028 agnovit
3107 4976 3122 5013 :
3169 4948 3412 5031 judicent
3466 4965 3704 5020 futurum
3731 4965 3800 5019 cui

2208 5051 2547 5117 adhaerebat,
2581 5053 2906 5110 intremuit:
2939 5055 3298 5112 conscientia:
3319 5072 3435 5114 suae
3463 5060 3694 5115 crimina
3719 5075 3803 5130 pu-

2209 5146 2466 5213 blicavit,
2511 5147 2839 5218 baptismum
2884 5151 3171 5219 sanguinis
3211 5154 3528 5220 perfusione
3579 5157 3804 5226 protinus

2209 5243 2544 5314 acquisivit,
2573 5253 2627 5298 et
2653 5258 2780 5300 cum
2809 5244 3044 5300 Domino
3066 5247 3118 5300 in
3154 5248 3471 5317 paradisum
3498 5260 3803 5324 purpuratus

2209 5337 2493 5392 confessor
2517 5338 2762 5394 intravit.
2787 5339 2910 5394 lla-te
2937 5354 3066 5394 vera
3092 5342 3438 5398 consultatio
3466 5346 3802 5414 paenitentia,

2210 5429 2316 5485 ltoc
2336 5431 2667 5503 praecipuum
2689 5435 3080 5504 pragmaticum
3103 5436 3430 5504 confitendi,
3453 5438 3498 5492 si
3516 5437 3706 5495 Filium
3723 5437 3803 5493 Dei

2207 5539 2374 5596 quem
2403 5539 2508 5580 non
2534 5526 2753 5597 ignoras
2778 5537 3058 5583 auctorem
3075 5570 3092 5596 ,
3111 5529 3316 5586 credas
3339 5543 3396 5586 et
3411 5531 3680 5602 judicem,
3705 5533 3803 5603 ipso

2279 5695 2300 5723 ε
2332 5683 2407 5738 fta
2429 5683 2601 5763 codex
2634 5684 2814 5755 Rent.;
2849 5684 2980 5742 edit.
3002 5699 3160 5755 vero,
3194 5689 3521 5763 proditionis
3549 5690 3794 5747 abscisis.

2201 5755 2318 5815 Non
2350 5756 2482 5813 satis
2508 5766 2678 5814 recte.
