3950 6314
79 355 180 412 935
1172 349 1261 407 ns
1302 323 1641 409 conmisit

1752 381 1762 407 ι
1802 349 2009 408 LIBER
2049 349 2254 410 UNUS.
3264 345 3369 408 9S6

75 473 288 529 dicente
314 491 327 526 :
357 471 513 527 Pater
555 472 807 526 neminem
846 471 1073 543 judicat,
1112 469 1203 525 sed
1230 486 1378 524 omne
1405 470 1665 541 judicium
1693 472 1744 534 Α
1771 467 2026 525 mendici.
2060 467 2128 524 Et
2147 469 2190 526 si
2222 471 2480 528 mundani
2504 470 2862 544 negotiatoris
2883 470 2999 528 lucc
3023 483 3154 527 cura
3177 478 3289 537 est,
3318 478 3378 527 ut

75 567 208 621 dedit
239 563 584 637 Filio(.loan.
615 563 814 636 v,22);
841 564 1146 634 etadspcm
1175 562 1368 619 salutis
1389 574 1666 634 perpetua:
1767 563 2091 634 Plerumque
2151 572 2274 634 post
2317 564 2588 636 naufragii
2634 563 2904 636 jacturam
2966 579 3072 620 non
3117 563 3377 634 desperet

71 658 456 730 capessendam
505 674 611 714 non
643 659 901 729 praesenti
948 659 1074 714 vita:
1109 657 1399 714 consulere
1424 699 1438 723 ,
1471 656 1564 714 sed
1595 657 1666 713 de
1768 657 2038 726 praeterita
2067 671 2164 711 sua
2195 655 2394 712 damna
2427 656 2708 714 industriae
2734 658 3112 715 emolumento
3139 656 3330 712 sarciri
3357 674 3372 712 :

70 755 249 811 futuro
272 755 478 825 judicio
506 756 768 825 cogitare.
800 754 982 809 Primo
999 754 1144 810 enim
1172 753 1226 808 in
1254 767 1550 825 conspectu
1576 753 1666 824 ju-
1766 764 1865 804 nec
1891 748 2228 820 exspoliatus
2258 750 2568 808 incursibus
2589 751 2767 822 detegi
2795 767 2948 808 suam
2980 750 3184 822 patitur
3209 747 3372 806 nudi-

68 847 204 903 dicis
233 863 292 902 se
333 862 392 903 se
409 846 698 902 damnatus
737 848 1026 918 exposuit,
1056 856 1112 902 et
1146 845 1430 902 confessus
1456 845 1526 904 de
1550 846 1661 902 cri-

67 939 302 996 minibus
332 941 478 1005 suis,
526 939 772 1011 implevit
800 939 1040 996 cilicium
1071 939 1389 1010 pteuitentis
1415 957 1429 993 :
1461 938 1662 995 deinde

70 1048 184 1088 cum
200 1033 374 1088 erucis
390 1042 640 1088 cerneret
659 1047 896 1103 poenam,
921 1032 1192 1088 intellexit
1206 1031 1471 1103 judicium
1495 1032 1552 1086 al
1554 1029 1584 1086 ﬁ
1594 1046 1662 1086 xo

66 1140 350 1182 commune
379 1139 504 1182 esse
521 1166 536 1191 ,
569 1140 676 1182 non
697 1141 950 1192 causam;
982 1126 1156 1182 Deum
1180 1136 1363 1182 tamen
1393 1135 1521 1181 Illllc
1541 1141 1661 1182 cre-

67 1216 217 1283 didit,
247 1218 464 1289 quando
490 1233 615 1274 eum
645 1217 831 1276 Judtna
863 1218 1216 1290 pertinaciter
1245 1219 1570 1290 abnegavit:
1606 1226 1661 1274 et

67 1309 224 1366 laturi
252 1327 356 1366 non
385 1312 671 1367 immemor
701 1313 756 1367 in
783 1327 949 1369 cruce
969 1311 1161 1383 judicii
1180 1354 1196 1378 ,
1228 1314 1544 1368 memoriam
1573 1312 1658 1367 sui

65 1403 693 1474 commendabatjudicio
716 1404 1019 1474 regnaturi.
1039 1405 1148 1460 Hoc
1173 1405 1522 1477 Evangelium
1545 1421 1657 1460 ma-

67 1495 316 1554 nil‘estat:
347 1495 685 1570 Respondeas
715 1511 906 1567 autem,
939 1499 1145 1571 inquit.
1178 1501 1313 1554 alius
1343 1501 1507 1564 latro,
1543 1517 1656 1555 cor-

65 1591 274 1661 ripiebat
304 1591 475 1657 illum,
502 1593 677 1647 dicens
703 1611 719 1647 :
753 1591 873 1648 Non
899 1594 1046 1648 times
1066 1592 1230 1648 Deum
1249 1636 1263 1659 ,
1283 1595 1374 1664 qui
1398 1595 1450 1647 in
1477 1594 1653 1648 eadem

65 1684 386 1740 damnatione
414 1685 512 1741 es?
545 1685 658 1742 Nos
683 1688 893 1759 quidem
913 1689 1052 1760 juste
1078 1689 1511 1758 quemadmodum
1547 1690 1656 1759 egi-

66 1795 203 1843 mus,
226 1791 270 1834 et
302 1780 655 1850 percipimus:
696 1781 779 1835 ltic
807 1791 979 1836 autem
1008 1781 1141 1836 nihil
1167 1782 1290 1835 ntali
1322 1781 1554 1836 admisit.
1585 1779 1653 1835 Et

65 1869 252 1925 dicebat
280 1871 348 1925 ad
367 1869 548 1927 Iesum
581 1889 600 1927 :
628 1871 845 1928 Domine
864 1915 878 1940 ,
906 1887 1098 1928 memor
1127 1883 1232 1927 esto
1253 1873 1350 1927 mei
1374 1915 1388 1938 ,
1420 1889 1536 1926 cum
1567 1889 1652 1930 ve-
1683 1903 1730 1964 Β

64 1966 192 2021 neris
217 1967 269 2020 in
293 1982 508 2039 regnum
531 1977 676 2023 tuum
705 1968 860 2040 (Luc.
887 1983 1039 2033 χχιιι,
1065 1968 1134 2024 59
1153 1977 1201 2023 et
1227 1966 1499 2041 seq.).Sed
1528 1966 1652 2022 vide

65 2072 287 2130 repente
316 2061 442 2130 quid
470 2062 702 2127 meruit,
733 2061 859 2133 quid
893 2077 959 2117 ex
1002 2077 1100 2118 ore
1128 2060 1385 2118 Veritatis
1415 2061 1654 2127 audivit,

62 2155 182 2226 quid
212 2157 380 2226 gratia
403 2155 708 2227 iudicantis
735 2158 981 2228 accepit:
1014 2158 1176 2212 Amen
1203 2157 1321 2212 dico
1351 2156 1470 2223 tibi,
1501 2155 1654 2210 hodie

65 2264 250 2303 uterum
280 2250 381 2304 eris
406 2254 459 2305 in
486 2252 732 2322 paradiso
759 2249 954 2324 (lbid.,
985 2251 1097 2322 42).

129 2341 356 2399 CAPUT
403 2343 519 2400 Xll.
549 2374 621 2386 —
647 2345 754 2402 Sed
796 2345 879 2401 ais
928 2344 1060 2400 mibi
1092 2363 1106 2400 :
1139 2343 1366 2401 Peccata
1417 2344 1653 2416 peccatis

62 2434 256 2505 adieci,
305 2447 359 2492 et
385 2438 479 2509 qui
523 2438 631 2508 iatn
684 2439 888 2496 cadens
913 2450 1130 2495 erectus
1167 2439 1410 2506 fueram,
1455 2440 1651 2495 iterum

61 2530 262 2597 cecidi,
293 2540 348 2587 et
392 2534 744 2611 conscientiae
785 2549 920 2590 mea:
951 2535 1146 2590 vulnus
1173 2533 1284 2605 jam
1325 2550 1461 2605 pene
1491 2549 1653 2590 cura-

64 2631 167 2679 tum
199 2626 408 2695 peccati
429 2627 844 2684 exulceratione
883 2628 1182 2683 recruduit.
1209 2627 1348 2696 Quid
1382 2626 1654 2698 trepidas?

60 2716 179 2788 quid
225 2719 468 2774 vereris?
500 2720 648 2776 Idem
695 2736 913 2792 semper
955 2732 1069 2788 est,
1107 2721 1200 2793 qui
1242 2731 1370 2778 ante
1411 2722 1651 2788 curavit,

58 2810 320 2868 medicum
344 2799 453 2869 non
479 2814 730 2870 mutabis.
753 2815 869 2870 Non
903 2814 1168 2870 laborabit
1193 2816 1481 2884 explorare
1507 2814 1655 2871 valc-

62 2904 260 2961 tudinis
290 2918 397 2963 tuae
419 2922 659 2978 causam,
691 2925 791 2966 nec
816 2911 1045 2966 tentabit
1066 2925 1196 2982 erga
1219 2919 1272 2965 te
1293 2910 1505 2966 noviter
1535 2925 1650 2965 me-

57 2997 334 3058 dicaminis
362 3001 618 3059 virtutem
649 3005 1001 3071 examinare,
1035 3016 1166 3062 noto
1191 3017 1244 3060 te
1276 3004 1491 3059 sanabit
1513 3004 1652 3059 auti-

58 3093 198 3150 doto.
247 3095 695 3166 Experimeutum
739 3097 998 3169 atljutorii
1042 3115 1149 3154 non
1192 3105 1514 3168 exspectat,
1558 3097 1651 3168 qui

59 3186 328 3259 languoris
359 3191 436 3246 tui
468 3193 619 3248 novit
666 3193 954 3264 originem.
1005 3191 1158 3250 Unde
1195 3193 1396 3249 dudum
1427 3203 1648 3248 curatus

1766 850 1929 896 tatem
1956 882 1972 909 ,
2008 840 2105 896 sed
2155 841 2337 897 studet
2381 843 2554 914 magis
2577 860 2608 900 e
2638 860 2804 914 parvo
2831 858 3226 910 concrescere,
3254 841 3282 881 ι’
3312 852 3371 899 et

1762 933 1963 1004 spebus
1987 931 2166 990 dubiis
2193 944 2500 1004 aucupatur
2529 935 2740 1006 potiora
2782 936 2934 993 lucra
2960 978 2977 1004 ,
3024 944 3250 1006 peccato
3286 935 3367 992 le-

1764 1027 2090 1094 nocinante,
2140 1026 2498 1099 conquirere;
2548 1041 2756 1099 quanto
2805 1029 2978 1100 magis
3032 1029 3125 1084 tibi
3171 1028 3366 1084 anima:

1764 1130 1867 1176 tute
1897 1120 2096 1177 damna
2125 1119 2410 1194 cogitanda
2441 1131 2598 1190 sunt,
2631 1131 2686 1178 et
2713 1124 2766 1178 in
2796 1123 3027 1195 vestigio
3058 1121 3361 1193 reparanda

1762 1213 2036 1285 perditio,
2069 1214 2121 1270 in
2153 1214 2488 1286 qua'luturtc
2533 1215 2648 1286 spei
2683 1226 2703 1254 ε
2743 1215 2936 1271 damna
2967 1226 3361 1282 numerantur,

1759 1319 1815 1365 et
1845 1309 1972 1364 vita:
2000 1318 2277 1380 perpetua:
2309 1309 2606 1365 infeliciter
2633 1319 2874 1380 qua-stus
2901 1309 3199 1367 amittitur!

1831 1403 1991 1476 597
2031 1401 2260 1460 CAPUT
2299 1403 2441 1460 XIII.
2470 1435 2542 1445 -
2571 1403 2822 1461 Eundum
2847 1404 2940 1460 tibi
2973 1415 3055 1460 est
3083 1406 3150 1460 ad
3184 1420 3363 1461 arma-

1761 1498 1900 1552 rium
1934 1499 2113 1555 idonei
2147 1498 2453 1570 largitoris;
2485 1509 2538 1555 et
2567 1498 2784 1556 {tenore
2817 1500 3155 1571 ptenitentiae
3186 1515 3249 1556 ac
3277 1514 3364 1554 sa-

1758 1589 2086 1648 tisl'actionis
2107 1591 2306 1648 oblatis
2331 1593 2508 1648 usuris
2531 1592 2817 1649 conscribe
2843 1593 3177 1666 syngrapha,
3207 1594 3364 1648 mitte

1757 1684 2140 1756 chirographa,
2186 1700 2308 1740 eme
2354 1685 2448 1741 tibi
2493 1685 2562 1741 ab
2604 1686 2701 1742 illo
2741 1701 2936 1742 aurum
2990 1684 3218 1757 ignitum
3263 1685 3363 1742 Dei

1756 1775 1931 1843 dono,
1976 1776 2462 1849 qualibuscumque
2501 1777 2550 1833 si
2597 1793 2704 1833 non
2753 1776 3044 1848 pretiosis,
3086 1776 3363 1833 mercibus

1757 1867 1920 1940 imple
1951 1870 2244 1940 navigium,
2280 1886 2507 1927 censum
2537 1880 2686 1927 tuum
2718 1870 2773 1926 in
2805 1869 3176 1942 comparando
3209 1870 3361 1926 illam

1755 1971 2054 2043 pretiosam
2093 1971 2442 2042 margaritam
2474 1970 2747 2041 depende,
2777 1984 2843 2026 ex
2886 1984 2994 2040 qua
3023 1967 3225 2024 anima:
3256 1976 3362 2023 tua:

1758 2065 2148 2135 turpitudinem
2201 2064 2381 2135 possis
2418 2078 2649 2130 ornare;
2696 2071 2755 2117 ut
2795 2076 2920 2118 cum
2968 2060 3036 2116 ad
3079 2061 3358 2116 civitatem

1758 2172 2033 2229 magnam.
2068 2157 2264 2212 delatis
2290 2157 2587 2224 mercibus,
2620 2155 2865 2222 veneris,
2899 2153 3066 2209 lucris
3097 2153 3362 2222 digniori-

1756 2250 1860 2307 bus
1902 2260 1956 2306 et
1999 2250 2274 2307 mercibus
2303 2249 2636 2306 beatissimis
2679 2249 2917 2321 amplior
2945 2249 3046 2306 sis.
3074 2247 3208 2304 Nam
3233 2249 3279 2303 si
3310 2255 3365 2302 te

1756 2344 2006 2416 segnitiae
2041 2355 2233 2414 stupor
2264 2344 2548 2412 invaserit,
2580 2352 2634 2399 et
2663 2342 2936 2398 dominari
2964 2341 3219 2398 sensibus
3253 2355 3365 2397 cae—

1757 2439 1900 2511 perit
1916 2440 2164 2510 corporis
2186 2439 2422 2511 ignavia,
2443 2453 2545 2494 nec
2569 2439 2674 2494 ulla
2701 2437 2899 2494 anima:
2925 2445 3030 2492 tua:
3055 2433 3362 2492 reﬁciendae

1757 2544 2076 2605 argumenta
2109 2534 2393 2606 quaesieris
2413 2576 2428 2600 ,
2459 2533 2773 2605 subjicieris
2813 2531 3148 2589 cruciatibus
3179 2530 3362 2587 credi—

1758 2629 1926 2691 toris,
1971 2627 2238 2683 obnoxius
2266 2627 2446 2684 l'enori
2473 2626 2836 2683 detinebcris.
2860 2626 3087 2682 Dicetur
3117 2624 3362 2680 liberalis

1756 2719 1848 2776 illa
1891 2723 2195 2786 sententia,
2224 2736 2385 2791 quam
2425 2736 2538 2776 nou
2578 2719 2786 2776 valebis
2824 2720 2900 2775 tui
2931 2719 3193 2776 conscius
3227 2733 3358 2774 eva-

1755 2814 1910 2881 dere,
1939 2824 2031 2869 aut
2059 2814 2443 2886 appellatiOnis
2483 2814 2770 2885 interiecta
2803 2829 2938 2869 voce
2976 2811 3311 2884 suspendere
3341 2831 3354 2867 :

1757 2909 1912 2965 Omni
1941 2909 2148 2966 habenti
2182 2909 2411 2973 dabitur.
2440 2918 2489 2965 et
2516 2909 2817 2975 abundabit,
2863 2908 2926 2962 ab
2969 2925 3027 2962 eo
3067 2918 3241 2963 autem
3271 2907 3361 2978 qui

1754 3021 1857 3060 non
1899 3003 2086 3069 habet,
2129 3014 2176 3060 et
2218 3004 2354 3074 quod
2395 3002 2566 3069 habet,
2607 3007 2874 3076 auferetur
2918 3002 2982 3056 ab
3029 3018 3088 3056 eo
3141 3000 3360 3074 (Matth.

1752 3114 1886 3157 xxv.
1918 3098 2043 3172 29);
2083 3107 2178 3157 et:
2211 3100 2430 3156 Seruum
2476 3115 2854 3170 supervacuum
2892 3098 3090 3169 expelle
3121 3101 3266 3169 foras
3306 3098 3358 3151 in

1751 3195 1981 3250 tenebras
2029 3196 2327 3260 exteriores,
2369 3195 2443 3250 ibi
2484 3197 2580 3250 erit
2617 3195 2769 3264 ﬂetus
2809 3202 2854 3247 et
2896 3193 3090 3247 stridor
3127 3191 3357 3247 dentium

53 3279 224 3337 lueras
245 3323 260 3349 ,
290 3281 416 3338 inde
446 3283 644 3340 iterum
668 3286 950 3342 curaberis
981 3303 995 3340 :
1023 3301 1120 3341 nec
1152 3296 1206 3342 tu
1233 3287 1341 3342 eris
1368 3286 1436 3342 de
1469 3301 1645 3342 reme-
1673 3299 1719 3362 ρ
1751 3287 1941 3362 (Ibid,
1970 3289 2087 3361 50).
2117 3287 2382 3345 Tunicam
2423 3298 2568 3344 tuam
2610 3285 2857 3341 vilissimi
2905 3285 3090 3356 operis
3120 3283 3362 3339 lanilieio

54 3374 139 3431 dio
177 3377 403 3434 medela:
453 3391 779 3452 suspectus,
815 3392 869 3437 et
919 3382 1163 3436 medicus
1200 3381 1269 3436 de
1300 3381 1647 3452 reparatione

54 3477 134 3524 tua
163 3485 409 3528 securus.
439 3470 743 3546 Castigaliit
766 3478 922 3546 plane
958 3474 1430 3545 intemperantiam
1462 3484 1604 3529 tuam
1630 3516 1645 3540 ,

53 3571 104 3616 et
131 3562 264 3618 dura
295 3565 676 3636 objurgatione
707 3568 1103 3638 impatientiam
1149 3566 1501 3624 verberabit:
1546 3565 1644 3622 sed

52 3670 151 3711 nou
189 3659 692 3728 uegabitauxilium
714 3701 730 3726 ,
757 3661 848 3731 qui
879 3677 986 3716 non
1017 3665 1325 3717 contemnit
1352 3669 1640 3732 aegrotum.

51 3749 181 3806 Audi
225 3752 556 3823 Propltetam
610 3755 934 3811 dicentem:
991 3753 1260 3826 Numquid
1296 3755 1384 3825 qui
1409 3754 1638 3822 dormit,

47 3858 142 3898 non
166 3845 382 3918 adjiciet
408 3856 461 3901 ut
481 3859 711 3917 resurgat
735 3846 914 3918 (Psal.
953 3864 1042 3909 XL,
1066 3848 1146 3918 9).
1177 3851 1283 3903 Aut
1303 3847 1394 3919 qui
1425 3845 1643 3902 naufra—

45 3941 212 4008 gavil,
241 3957 353 3996 non
382 3941 568 3997 itidem
595 3942 809 4013 navigat
831 3943 854 3997 ?
876 3953 973 3997 aut
994 3943 1083 4014 qtti
1123 3955 1356 3998 messem
1383 3940 1639 4011 perdidit,

44 4035 296 4104 numquid
329 4037 499 4091 semel
522 4037 878 4106 desperatus,
909 4053 1014 4090 non
1041 4039 1242 4092 iterum
1270 4046 1362 4091 aut
1403 4046 1522 4091 arat
1548 4041 1644 4091 aut

41 4127 311 4182 seminat?
340 4127 545 4184 Cursus
591 4127 680 4183 ltic
727 4138 912 4184 noster
940 4131 995 4183 in
1037 4129 1272 4199 quodam
1305 4128 1423 4183 salo
1453 4127 1640 4183 muttdi

37 4216 266 4288 iactatur
296 4237 310 4274 :
343 4221 708 4292 navigandum
739 4219 896 4277 nobis
927 4231 1010 4276 est
1034 4261 1049 4288 ,
1080 4231 1136 4276 et
1164 4221 1427 4276 malorum
1463 4221 1643 4276 tendi-

39 4312 168 4368 culis
200 4315 327 4371 vela
372 4315 697 4371 insinuanda
738 4327 884 4372 sunt.
928 4315 1174 4372 Procella
1214 4317 1401 4383 saevit,
1443 4323 1639 4372 ventus

38 4411 347 4480 consurgit,
379 4419 678 4481 tempestas
703 4411 906 4465 insanit
928 4427 942 4464 :
967 4412 1012 4466 si
1040 4412 1110 4465 ita
1134 4411 1347 4466 clavum
1373 4409 1636 4477 tenueris,

38 4509 62 4537 λ
90 4511 146 4556 ut.
176 4509 330 4559 navis
361 4513 464 4558 tua:
510 4503 810 4559 retinacula
841 4521 948 4559 non
995 4505 1212 4560 amittas
1239 4545 1254 4569 ,
1284 4504 1350 4560 ad
1384 4517 1634 4576 portum,

36 4596 251 4654 illibatis
281 4598 592 4665 mercibus,
621 4599 813 4655 tendes
840 4615 854 4653 :
889 4599 975 4655 sin
1005 4615 1133 4655 vero
1157 4599 1410 4655 [luctibus
1440 4597 1638 4654 adver-

1746 3385 2051 3439 conleetatn
2090 3398 2199 3439 non
2243 3381 2449 3451 pateris
2485 3381 2718 3437 induere
2758 3398 2772 3431 :
2819 3378 3010 3434 ltorret
3055 3377 3147 3433 tibi
3191 3376 3363 3431 vestis

1749 3485 1861 3544 tua,
1894 3491 2015 3548 qua;
2052 3477 2124 3531 sit
2151 3475 2417 3532 deformis
2441 3491 2507 3530 ex
2541 3474 2790 3538 macula;
2821 3481 2876 3528 et
2907 3488 3016 3527 non
3041 3473 3139 3527 tibi
3171 3471 3360 3526 horret

1745 3570 1926 3626 anima
1956 3582 2071 3635 tua,
2097 3584 2219 3640 quae
2249 3570 2308 3623 lit
2337 3567 2544 3639 peccati
2575 3566 2738 3622 sorde
2768 3574 2824 3620 et
2853 3564 3082 3620 set-leris
3109 3563 3350 3634 inquiuao

1747 3663 1891 3720 tione
1935 3662 2178 3734 polluta!
2224 3660 2337 3716 Nisi
2382 3661 2510 3733 quia
2553 3659 2746 3716 eodem
2790 3667 3067 3714 momento
3115 3656 3356 3712 tunicam

1743 3762 1968 3818 festinas
2001 3761 2210 3826 eluere,
2251 3769 2307 3814 ut
2335 3757 2514 3829 possis
2541 3772 2662 3812 eam
2703 3754 2960 3810 mundam
2990 3761 3048 3807 et
3080 3751 3199 3806 sine
3243 3750 3353 3805 ullo

1745 3869 1909 3910 tttevo
1947 3853 2211 3910 ﬁeditatis
2247 3852 2514 3908 induere:
2547 3848 2743 3904 anima:
2774 3861 2905 3902 vero
2949 3855 3052 3900 tute
3093 3843 3355 3900 infectum

1742 3949 1997 4021 squalore
2018 3946 2309 4003 criminum
2335 3961 2445 4002 non
2485 3944 2766 4000 desideras
2794 3957 3123 4012 recuperare
3150 3941 3357 3996 cando-

1742 4058 1895 4105 rem;
1925 4057 2026 4098 nec
2049 4051 2208 4113 optas
2229 4041 2366 4097 dilui
2399 4039 2790 4096 conscientiam
2823 4048 2995 4104 tuam,
3024 4052 3186 4109 quam
3209 4037 3354 4093 scias

1741 4137 2070 4208 ﬂagitiorum
2105 4137 2292 4191 illuvie
2332 4143 2388 4192 et
2416 4133 2883 4190 contatttinalione
2928 4132 3201 4188 scelerum
3235 4145 3351 4189 (ως

1742 4231 2043 4287 nulentam.
2075 4229 2229 4298 Quis,
2265 4245 2424 4300 rogo,
2454 4228 2624 4294 cadit,
2654 4237 2709 4283 et
2735 4242 2844 4284 non
2875 4227 3070 4298 (litil‘l'll.
3092 4225 3354 4296 sutgere?

1740 4326 1865 4396 quis
1896 4323 2225 4389 inﬁrmatur,
2259 4332 2317 4379 et
2337 4340 2444 4379 nou
2474 4323 2746 4380 desiderat
2776 4320 3202 4382 convalescere?
3232 4321 3354 4393 quis

1741 4419 2122 4491 periclitatur,
2178 4429 2235 4474 et
2288 4434 2395 4474 non
2446 4429 2599 4489 optat
2653 4417 2920 4474 evadere?
2975 4419 3096 4488 quis
3149 4431 3352 4488 pauper

1739 4512 1998 4576 ell‘ectus,
2036 4511 2425 4582 patrimonium
2469 4529 2576 4566 non
2613 4511 2766 4580 cupit
2804 4511 3100 4580 reparare?
3137 4510 3274 4567 llam.
3305 4511 3351 4566 si

1740 4621 1922 4661 rerum
1971 4607 2174 4675 patitur
2216 4615 2444 4669 natura,
2491 4616 2546 4660 ut
2592 4606 2898 4660 istiusmodi
2944 4605 3352 4676 emergentibus

35 4690 106 4745 sis
138 4693 316 4747 illisus
351 4692 592 4763 scopulis
622 4692 1060 4762 implicantibus,
1091 4708 1156 4748 ac
1185 4692 1403 4747 ﬂatibus
1430 4707 1638 4762 prmpe—
1662 4699 1717 4759 D
1739 4699 1983 4764 casibus,
2014 4698 2288 4769 quispiam
2331 4698 2512 4754 redire
2549 4710 2786 4769 nequeat
2816 4699 2883 4754 ad
2915 4711 3090 4756 status
3135 4703 3351 4768 pristini

35 4784 203 4858 ditus,
235 4787 386 4842 inter
424 4786 560 4842 l‘reta
589 4786 820 4845 rixantis
869 4787 1061 4842 tumidi
1088 4789 1316 4859 gurgitis
1348 4787 1640 4857 naufraga-

33 4881 174 4937 veris
197 4923 214 4947 ,
246 4880 590 4936 redeundum
632 4890 718 4937 est
738 4882 1022 4936 saburram
1042 4921 1058 4944 ,
1083 4879 1434 4936 reﬁciendum
1464 4886 1637 4951 primo

36 4975 339 5045 navigium,
395 4990 614 5032 merces
655 4974 891 5030 emenda
918 5015 932 5038 ,
967 4987 1157 5029 rursus
1216 4975 1453 5044 pericula
1504 4975 1637 5030 sub-

31 5069 240 5136 euuda,
295 5080 351 5126 et
392 5070 657 5142 praeteriti
685 5083 848 5124 casus
894 5068 1167 5124 referendi
1202 5083 1299 5138 per
1325 5083 1553 5134 causas;
1584 5079 1640 5124 et

32 5169 86 5214 ut
128 5161 291 5218 liceat
340 5162 551 5233 perdita
596 5177 889 5243 reparare,
934 5176 1040 5216 non
1067 5159 1343 5215 dubitabis
1375 5171 1426 5216 te
1457 5162 1634 5230 prisco

29 5253 333 5311 discrimini
361 5256 466 5312 sub
495 5271 595 5326 spe
627 5257 832 5311 incerta
859 5255 1224 5310 committere.
1255 5254 1386 5308 Nam
1414 5253 1633 5324 procul-

29 5347 192 5405 dubio
225 5351 596 5416 mendicabis,
625 5352 670 5406 si
707 5359 828 5420 post
859 5348 1199 5419 ttaulragium
1228 5356 1292 5402 att
1322 5349 1632 5420 negotiandi

31 5456 183 5496 usum
213 5443 416 5498 reverti
445 5443 686 5498 nolueris
716 5459 730 5494 :
757 5455 856 5496 nec
879 5441 950 5496 de
971 5449 1219 5510 egeSIate
1245 5452 1410 5512 atque
1434 5456 1634 5496 aerum-

32 5535 114 5590 nis
165 5531 274 5592 tuis
320 5536 478 5608 queri
511 5536 862 5608 postmodum
915 5533 1152 5606 poteris,
1183 5536 1227 5589 si
1260 5543 1452 5602 captus
1481 5543 1632 5591 sorte

32 5627 295 5700 naufragii
335 5627 437 5683 sub
481 5628 708 5698 ignavia:
743 5636 968 5699 stupore
1017 5624 1275 5683 elﬁciaris
1320 5625 1635 5683 calamitate

21 5796 27 5800 -
100 5781 126 5808 ει
156 5771 309 5827 Edit.
348 5779 406 5827 et
455 5785 556 5826 ms.
600 5771 787 5834 Sorb.,
843 5780 901 5825 ut
929 5786 1113 5826 manus
1151 5780 1254 5826 tua:
1295 5770 1625 5840 retinacula;

29 5843 150 5898 cod.
176 5845 363 5907 ltom.,
387 5854 444 5896 ut
472 5843 746 5914 uarietate
772 5841 1087 5897 retinacula.
1223 5906 1231 5914 ,

99 5913 123 5950 δ
151 5914 337 5972 Codex
362 5913 520 5972 Item.
544 5922 599 5972 et
619 5907 806 5983 Sorbt,
833 5923 878 5971 et
905 5913 1172 5991 specjrbtts
1200 5907 1390 5972 dubiis.

1739 4793 2088 4863 qualitatem,
2117 4793 2378 4849 :emulare
2421 4792 2628 4864 priora,
2661 4802 2719 4848 ut
2749 4793 3020 4851 deteriora
3053 4795 3346 4866 percipias,

1739 4885 1959 4943 dimitte
1990 4902 2205 4948 manus.
2238 4895 2296 4942 et
2324 4885 2657 4956 semiviglles
2685 4890 2879 4945 oculos
2919 4891 3224 4945 stoliditate
3269 4890 3352 4944 in-

1739 4981 1920 5046 volve,
1947 4980 2297 5036 obdormisce
2321 4996 2614 5052 numquam
2639 4983 3018 5054 evigilaturus,
3037 4983 3158 5052 jace
3188 4998 3349 5037 num--

1737 5090 1900 5142 quam
1934 5083 2307 5142 surrecturus,
2341 5085 2394 5130 et
2426 5073 2682 5132 hebetem
2715 5088 2952 5132 mentem
2991 5087 3215 5144 stupore
3259 5089 3348 5129 soo

1738 5167 1890 5236 poris
1914 5166 2080 5223 elide.
2113 5166 2406 5224 Ρωιιίιυὺίι
2436 5179 2487 5224 te
2515 5171 2863 5239 postmodqu
2907 5167 3198 5232 tarditatis,
3221 5181 3343 5222 cum

1738 5258 1877 5314 nihil
1902 5261 2048 5330 quod
2077 5259 2299 5316 utilitati
2332 5262 2530 5317 anima:
2557 5271 2660 5316 tua:
2693 5261 2965 5331 proﬁciat,
2990 5263 3342 5330 cogitaveris.

1739 5351 1864 5407 Eris
1913 5368 2134 5424 semper
2183 5355 2378 5425 jacens
2425 5355 2700 5419 inﬁrmus,
2761 5355 2970 5418 nudus,
3025 5365 3342 5426 paupertate

1737 5445 2043 5513 conlectus,
2073 5459 2149 5514 et,
2183 5461 2238 5503 nt
2265 5448 2339 5503 ita
2361 5448 2617 5514 dixerim,
2646 5448 2827 5504 somni
2857 5448 3130 5506 ebrietate
3161 5460 3338 5508 temu-

1736 5538 1944 5603 lentus,
1967 5540 2203 5611 elogium
2246 5541 2379 5596 illud
2411 5556 2521 5611 quo
2556 5555 2853 5610 numquam
2883 5556 3093 5612 careas,
3127 5545 3344 5601 auditu-

1736 5647 1867 5690 rus:
1903 5632 2238 5690 Dorntierttnt
2275 5649 2510 5690 somnum
2546 5651 2734 5700 suum,
2780 5645 2828 5690 et
2863 5635 2999 5693 nihil
3037 5639 3339 5698 invenerunt

1811 5785 1834 5814 ο
1860 5773 2030 5901 Ειὲἱι..
2057 5775 2251 5831 damna
2280 5786 2578 5845 manerent;
2609 5774 2806 5834 melius
2829 5794 2986 5850 mss.,
3018 5781 3212 5838 damna
3236 5798 3338 5838 nu-

1811 5863 1908 5901 rren
1935 5861 2017 5901 ur.

1736 5861 2017 5904 merentur.
