3950 6314
591 331 694 388 937

1573 327 1665 382 AD
1701 325 1932 384 OPEBA
1971 327 2220 388 SANCTI
2259 327 2584 388 AMBROSII
2620 327 2988 386 APPENDIX.
3751 333 3826 392 κε

587 445 759 512 (Ρδαν.
801 459 961 511 Lxxv,
995 441 1072 516 6).
1105 443 1368 514 Exsurge,
1403 440 1592 508 frater,
1625 457 1890 514 exsurge;
1922 451 1978 500 et
2015 444 2186 501 male-
2215 467 2266 527 Α
2291 457 2354 498 se
2383 443 2596 498 vineam
2627 443 2882 500 debuisse
2919 442 3182 498 mercari.
3231 440 3342 498 Sed
3383 456 3512 498 ecce
3549 443 3684 500 sicut
3717 449 3829 504 casis

583 540 699 593 Sani
751 539 966 593 consilii
997 537 1138 608 pelle
1177 547 1454 606 torporem
1481 553 1493 589 :
1525 535 1720 606 vigila,
1751 549 1970 608 semper
1999 536 2187 608 vigila,

585 645 640 688 et
687 643 806 688 csto
856 649 951 700 pro
1001 641 1087 686 tua
1138 631 1312 686 salute
1358 629 1659 698 sollicitus,
1695 645 1802 686 non
1851 641 1912 686 ut
1951 632 2192 686 dormias

585 723 930 793 desperatus.
969 723 1112 778 Cave
1147 733 1472 777 nocturnum
1507 722 1705 788 furem,
1745 737 1814 778 ne
1853 722 2046 778 domus
2087 729 2194 778 tutu

584 817 860 891 periodiat
895 820 1180 887 parietem,
1221 829 1274 872 et
1311 817 1678 872 meridianum
1717 817 2074 887 iaculatorem
2107 833 2194 872 sa-

582 913 734 982 gittm
773 911 1008 966 volantis
1049 911 1227 979 evita;
1267 919 1412 983 patet
1443 915 1589 967 enim
1631 913 1946 969 incursibus
1975 913 2190 970 incauta

581 1003 877 1070 securitas,
913 1015 967 1060 et
1009 1005 1166 1062 facile
1213 1005 1507 1064 dormienti
1551 1007 1885 1077 subrepitur,
1921 1016 1982 1063 ut
2017 1009 2192 1065 letha-

580 1099 712 1156 liter
741 1099 990 1156 feriatur.
1027 1101 1085 1156 lo
1115 1101 1377 1173 vigilante
1407 1101 1601 1156 fiducia
1645 1111 1754 1168 est,
1788 1103 1840 1158 in
1883 1101 2192 1159 dormiente

581 1193 718 1248 nihil
747 1207 920 1250 totum
951 1213 962 1249 :
993 1197 1254 1252 convenit
1281 1197 1480 1252 sobria:
1501 1187 1672 1252 nteuti
1691 1211 1943 1251 somnum
1973 1211 2188 1252 servum

583 1287 811 1350 habere,
862 1303 966 1342 non
1011 1287 1319 1344 dominum.
1375 1287 1595 1360 Refugit
1641 1289 1832 1358 hostis,
1871 1305 2030 1360 qttem
2081 1305 2188 1346 nco

581 1382 860 1436 invenerit
889 1383 1255 1439 dormientem
1285 1401 1298 1438 :
1327 1381 1396 1437 Et
1439 1383 1618 1438 beatus
1651 1399 1828 1440 scrrus
1865 1385 1990 1454 erit',
2039 1403 2190 1458 quem

583 1477 864 1528 adveniens
887 1477 1126 1530 dominus
1145 1477 1393 1531 invenerit
1415 1477 1712 1546 vigilante»:
1740 1475 1962 1548 (Ephes.
1989 1493 2044 1544 ν,
2065 1477 2189 1550 li);

580 1569 708 1639 quia
765 1567 950 1624 dicit:
999 1569 1170 1643 Surge
1213 1571 1300 1640 qui
1349 1569 1577 1630 dormis.
1627 1585 1844 1642 exsurge
1887 1589 1917 1625 α
1975 1573 2192 1626 mortuis

579 1657 800 1732 (Matth.
837 1677 992 1726 xxiv,
1025 1661 1147 1728 t6);
1182 1672 1206 1698 τι
1231 1671 1286 1718 ct
1316 1663 1526 1732 attinge
1555 1663 1856 1718 Christum.

659 1753 888 1810 CAPUT
931 1753 1070 1810 XIV.
1097 1787 1162 1795 -
1193 1755 1299 1812 Sed
1347 1771 1451 1810 non
1496 1756 1690 1820 audeo,
1735 1756 1974 1830 inquies,
2003 1772 2188 1827 orare,

2295 551 2555 592 reversus
2611 537 2678 592 ad
2721 537 2992 594 vomitum
3043 549 3240 602 suum,
3289 534 3508 590 odibilis
3555 535 3652 591 ﬁt:
3681 537 3832 596 oblinit

2297 629 2483 687 Achab
2504 630 2858 703 potnitudinis
2881 645 3016 696 suae,
3045 627 3230 684 statim
3253 628 3505 696 deposito
3525 629 3684 696 lucta,
3703 635 3836 702 pergit

2297 727 2566 796 perempti
2613 725 2834 780 vineam
2883 723 3189 796 possidere.
3237 723 3304 778 Et
3349 723 3524 794 perdit
3565 725 3836 784 inuocem:

2293 819 2580 886 meritum,
2623 819 2718 890 qui
2767 819 2944 874 vincte
2985 817 3288 888 cupiditate
3329 816 3615 888 pellectus,
3645 819 3842 878 innexuit

2289 909 2570 969 interfecti
2611 912 2878 968 occisioni
2915 925 3270 966 consensum.
3299 909 3420 966 Ilox
3453 909 3518 966 ad
3557 926 3678 966 eum
3715 927 3841 969 sese-

2293 1009 2493 1066 raodus
2515 1010 2666 1065 Elias
2689 1008 2948 1082 prapbeta
2979 1007 3290 1072 mandatur,
3313 1017 3370 1061 et
3389 1009 3662 1063 sententis
3685 1009 3732 1062 in
3753 1025 3840 1064 es:

2292 1117 2414 1160 cum
2449 1104 2820 1176 indignatione
2849 1102 3218 1175 depromitur,
3251 1091 3312 1156 ut
3336 1112 3458 1156 acta
3487 1101 3688 1158 dudum
3715 1105 3844 1172 ptati

2293 1198 2462 1252 tentia
2490 1195 2868 1264 frustraretur,
2891 1203 2950 1250 et
2980 1195 3237 1250 vindicta
3255 1195 3602 1250 occasionem
3635 1196 3846 1252 tribune

2291 1291 2518 1345 sceleris
2535 1289 2810 1360 geminata
2827 1287 3202 1360 praesumptio.
3226 1286 3295 1342 Et
3315 1287 3388 1340 ait
3421 1287 3572 1342 Elius
3595 1291 3662 1342 ad
3683 1287 3846 1342 Arist:

2299 1382 2424 1436 Haec
2465 1383 2590 1436 dicit
2635 1379 2896 1436 Dominus
2919 1398 2939 1436 :
2963 1381 3100 1436 Ecce
3137 1397 3235 1456 ego
3267 1381 3620 1454 superinduco
3657 1399 3792 1452 sapa
3815 1393 3848 1438 ts

2293 1478 2450 1542 mola,
2493 1487 2537 1532 et
2565 1477 2794 1532 incidam
2833 1486 2950 1548 post
2993 1487 3078 1544 te,
3129 1487 3178 1532 et
3225 1477 3578 1532 eutarminabo
3617 1477 3680 1531 de
3717 1477 3848 1532 Ach

2291 1571 2596 1641 stringentem
2617 1572 2685 1624 ad
2708 1571 2976 1640 parietem,
3001 1579 3052 1624 et
3071 1579 3426 1641 contemptum
3449 1579 3496 1624 et
3520 1569 3848 1624 derelicta-is

2293 1659 2464 1718 Israel
2491 1679 2508 1718 :
2539 1673 2590 1720 et
2617 1664 2750 1718 dabo
2779 1664 2990 1718 dativum
3018 1663 3196 1718 Achab
3223 1663 3358 1720 sicut
3383 1663 3598 1716 domum
3623 1659 3848 1716 Jerus-

2291 1755 2389 1824 ﬁlii
2426 1755 2620 1824 Nubat,
2651 1765 2700 1811 et
2727 1756 2986 1828 quomodo
3007 1756 3222 1810 domum
3257 1754 3432 1810 Baasa
3470 1755 3572 1825 ﬁlii
3611 1755 3760 1816 Atria,
3785 1771 3848 1822 ps

579 1849 708 1918 quia
743 1863 826 1902 me
861 1859 1085 1902 revocat
1117 1849 1490 1914 conscientia;
1531 1864 1636 1903 non
1677 1849 1820 1904 enim
1864 1849 2056 1916 semel,
2095 1850 2188 1905 scd
2223 1867 2270 1926 Β
2297 1850 2534 1904 omnibus
2581 1851 2764 1920 quibus
2811 1850 3028 1904 irritasti
3081 1848 3286 1913 Deum,
3335 1859 3384 1902 et
3431 1849 3602 1919 fecisti
3643 1847 3852 1902 doctius

581 1943 786 2010 SiL'piilS
827 1951 883 1997 ct
930 1945 1244 2012 frequenter
1290 1944 1487 1997 erravi.
1533 1943 1602 1998 At
1647 1957 1750 2012 ego
1793 1941 2010 1996 dicam:
2042 1941 2100 1998 Si
2139 1949 2194 1998 te

581 2035 777 2090 orandi
813 2046 1034 2090 revocat
1068 2035 1422 2102 verecundia,
1465 2035 1728 2106 peccandi
1771 2023 1986 2092 desinat
2025 2037 2196 2108 pet-ti-

581 2127 758 2196 nacia,
792 2137 847 2184 et
879 2127 970 2184 ﬁet
1003 2129 1329 2185 beneficium
1373 2130 1608 2192 timoris,
1647 2146 1754 2184 non
1794 2131 2194 2199 deSperationis

591 2237 779 2290 canta,
808 2223 952 2294 quod
977 2223 1197 2278 metuis.
1235 2223 1495 2279 Revereri
1522 2224 1664 2279 enim
1695 2233 2022 2294 potestatem
2051 2223 2194 2295 judi-

578 2318 662 2373 cis
687 2333 792 2372 non
819 2315 924 2372 erit
955 2317 1326 2384 verecunditc,
1362 2317 1458 2372 scd
1489 2317 1741 2387 pudoris;
1769 2319 1892 2388 quia
1923 2317 2056 2372 licet
2081 2317 2188 2372 frc-

578 2426 756 2483 quens
787 2411 856 2466 sit
885 2411 1146 2484 peccandi
1175 2411 1421 2480 licentia,
1453 2413 1778 2468 excusabilis
1805 2423 1988 2468 tamen
2017 2409 2190 2468 effici-

579 2517 670 2561 tur
707 2505 1074 2574 conscientia,
1104 2521 1266 2578 quam
1321 2507 1545 2577 pertulit
1587 2507 1641 2562 in
1691 2509 1895 2578 peccati
1945 2508 2192 2564 recorda-

579 2601 733 2656 tione
787 2601 1069 2656 timiditas.
1115 2603 1438 2674 Exemplum
1475 2603 1663 2658 Achab
1692 2602 1840 2658 illius
1887 2603 2190 2675 impiissimi

581 2693 727 2765 regis
791 2703 844 2750 te
911 2695 1134 2762 doceat;
1195 2695 1283 2752 bic
1342 2713 1579 2770 namque
1627 2697 1840 2752 Nahnth
1889 2697 2192 2754 Jexraelitre

581 2786 801 2842 vineam
850 2789 1274 2860 concupiverat,
1319 2791 1462 2859 quod
1503 2806 1616 2846 sure
1660 2799 1810 2846 esset
1859 2793 2190 2858 possessioni

583 2878 840 2934 confinis.
893 2879 1066 2936 Olfert
1106 2884 1361 2951 pretium,
1391 2890 1486 2938 aut
1525 2890 1676 2940 certe
1715 2882 1976 2938 vicariam
2019 2883 2190 2939 vinea:

583 2975 948 3044 quantitatem
979 2991 991 3027 :
1023 2974 1112 3029 ille
1137 2977 1404 3045 neglexit,
1434 2989 1688 3030 asserens
1711 2973 2110 3032 lnereditariam
2132 2989 2192 3032 se

585 3081 702 3119 rem
755 3065 900 3118 nulla
955 3067 1008 3118 in
1061 3066 1292 3120 alterum
1341 3081 1502 3137 posse
1545 3069 1754 3123 ratione
1804 3069 2187 3124 transcribere.

586 3157 698 3210 llac
743 3158 964 3226 repulsa
996 3169 1375 3228 compunctus,
1415 3161 1585 3214 tristis
1615 3160 1838 3215 domum
1875 3163 2185 3230 revertitur,

2296 1941 2466 1997 Israel
2493 1941 2686 2012 (Ibid.,
2713 1943 2778 1999 2t
2823 1951 2875 1996 et
2911 1941 3067 2015 ιαμ).
3101 1942 3306 1998 Verum
3341 1941 3436 1996 ille
3461 1956 3592 1998 cum
3618 1942 3854 1997 secutis:

2296 2035 2462 2090 ictum
2495 2051 2600 2090 non
2627 2035 2840 2091 valeret
2867 2035 3134 2106 cingere,
3161 2034 3230 2092 ad
3254 2035 3492 2106 priorem
3519 2033 3852 2106 pmilent’n

2293 2127 2564 2184 convertit
2591 2139 2818 2199 repente
2845 2129 3162 2196 consilium,
3206 2136 3422 2184 reatum
3461 2127 3679 2186 ﬂetibus
3715 2127 3850 2181 eosi-

2294 2229 2474 2290 tetur,
2523 2223 2706 2278 cilicio
2749 2222 2950 2294 deiecit
2993 2222 3204 2294 regium
3255 2232 3634 2294 potentatum,
3675 2235 3852 2277 sum

2295 2315 2468 2370 induit
2501 2317 2860 2386 ptuoitcntiac,
2895 2325 2950 2370 et
2979 2317 3248 2372 reveritus
3267 2315 3468 2371 faciem
3491 2315 3852 2378 comminantis,

2295 2409 2458 2464 tacito
2501 2410 2708 2481 gemitu
2749 2410 3064 2480 publicabat
3108 2408 3408 2476 oﬂ'ensam,
3453 2424 3566 2465 non
3607 2409 3858 2463 excusabat

2291 2504 2708 2561 conscientiam.
2757 2503 2975 2558 Factum
3009 2515 3112 2572 est,
3157 2505 3356 2575 inquit,
3401 2501 3659 2572 quomodo
3697 2501 3854 2554 adivit

2293 2593 2737 2652 Achabsermones
2759 2597 2875 2666 nos,
2891 2597 3138 2652 reveritus
3159 2605 3232 2650 est
3251 2612 3286 2650 α
3308 2594 3688 2668 facieDoltini,
3715 2603 3758 2646 α
3779 2593 3854 2646 in

2291 2697 2446 2766 ﬂens,
2463 2695 2628 2770 593
2645 2705 2694 2750 et
2707 2695 2862 2749 scidit
2882 2695 3184 2749 uestimenta
3201 2709 3322 2760 sua,
3337 2691 3628 2748 claci-insit
3647 2707 3700 2744 se
3717 2704 3854 2742 suos.

2294 2786 2440 2842 Tum:
2465 2789 2598 2842 dixit
2628 2787 2877 2842 Dominus
2903 2787 2971 2840 ad
2999 2786 3172 2840 Etiam
3197 2802 3216 2840 :
3251 2785 3444 2840 Vidisti
3462 2780 3858 2854 quemadmodu-

2293 2881 2538 2934 receritus
2567 2891 2642 2934 est
2675 2879 2854 2934 Achab
2877 2895 2910 2932 α
2937 2881 3072 2946 facie
3097 2879 3250 2933 mea?
3281 2875 3408 2932 Non
3449 2875 3694 2946 adjiciam
3723 2873 3860 2928 adds-

2293 2992 2408 3032 rere
2439 2976 2578 3030 mala
2599 2977 2654 3030 in
2685 2975 2869 3030 diebus
2901 2979 3033 3049 ejus,
3067 2975 3161 3029 sed
3185 2976 3240 3029 in
3269 2975 3450 3028 diebus
3473 2973 3576 3040 ﬁlii
3597 2977 3710 3045 ejus
3725 2969 3858 3024 edds-

2291 3087 2404 3126 cant
2437 3068 2626 3142 (Ibid.,
2651 3070 2722 3124 97
2743 3079 2794 3124 et
2811 3069 2969 3140 seq.).
3003 3069 3082 3123 En
3109 3083 3347 3138 quonam
3371 3065 3630 3138 perduxit
3649 3065 3856 3120 timida

2293 3164 2632 3231 reverentia,
2691 3173 2746 3218 et
2789 3172 3056 3236 quantum
3107 3161 3426 3216 severitatis
3477 3167 3684 3214 malum
3733 3156 3860 3227 fregit

585 3249 731 3318 quod
779 3251 1060 3322 appetitus
1089 3254 1172 3306 sui
1214 3253 1380 3309 libido
1411 3253 1692 3310 recidisset
1721 3251 2012 3311 incassum.
2045 3255 2184 3312 Tum
2215 3255 2258 3318 C
2291 3262 2502 3317 metus!
2531 3260 2650 3317 Non
2679 3260 2945 3318 orationis
2975 3273 3195 3329 pompa,
3223 3271 3331 3314 non
3371 3257 3644 3312 sermonis
3673 3263 3858 3312 omn.

588 3343 708 3413 ejus
741 3347 937 3401 mulier
967 3349 1232 3419 sacrilega
1265 3349 1480 3404 Jezabel
1521 3335 1758 3404 tristitiae
1789 3349 1970 3406 mariti
1997 3366 2192 3406 causas

588 3439 836 3510 requirit,
873 3439 1071 3510 quibus
1101 3443 1422 3511 compertis,
1452 3442 1620 3496 γυιιηί
1664 3443 1852 3498 saucio
1885 3445 2032 3502 cordi
2071 3445 2192 3515 ejus

585 3529 834 3586 fomitem
859 3533 1252 3588 consolationis
1271 3533 1459 3604 injecit
1483 3549 1495 3588 :
1525 3551 1626 3602 qua
1655 3543 1794 3602 arte,
1819 3536 2192 3607 compluribus

585 3625 932 3680 concinnatis
965 3627 1199 3682 falsitate
1233 3629 1521 3684 calumniis
1552 3631 1782 3686 consilio
1813 3631 2042 3700 impurae
2069 3645 2188 3686 mu-

585 3721 763 3788 lieris,
793 3719 1007 3776 Nabotb
1043 3724 1304 3779 innocens
1337 3724 1610 3790 lapidatus
1643 3725 1932 3781 occiditur.
1969 3727 2190 3784 Funeati

583 3811 697 3864 voti
723 3814 804 3866 sui
840 3815 1040 3869 mulier
1071 3817 1296 3884 itnpleto
1323 3815 1553 3886 ﬂagitio,
1583 3819 1729 3872 velut
1757 3819 1956 3874 victrix
1983 3819 2050 3874 ad
2075 3835 2190 3874 nta-

583 3903 746 3957 ritum
791 3905 1119 3976 ingreditur,
1155 3912 1470 3980 interempti
1515 3913 1689 3968 exitio
1737 3921 2022 3970 narraturo
2054 3912 2194 3968 luiti-

583 3999 712 4052 tiam
742 4018 754 4052 :
786 4015 907 4070 quae
936 4017 1006 4058 ne
1033 4003 1149 4057 sola
1181 4013 1462 4060 teneretur
1481 4006 1536 4061 in
1569 4007 1823 4074 crimine,
1855 4009 1968 4078 egit
1995 4007 2194 4063 astutia

583 4097 831 4150 mulieris
856 4099 1166 4168 primitivzc,
1190 4111 1249 4156 ut
1279 4103 1536 4157 maritum
1563 4101 1630 4157 ad
1653 4105 2048 4158 conscientiam
2075 4117 2194 4158 sce-

584 4189 718 4244 leris
765 4189 1057 4260 obligaret,
1113 4201 1172 4249 et
1219 4201 1486 4266 utrosque
1529 4195 1742 4267 iugales
1791 4195 2042 4252 conscios
2087 4212 2192 4251 una

583 4279 848 4337 facinoris
877 4295 1071 4350 catena
1110 4287 1358 4342 vinciret.
1403 4291 1596 4360 Surge,
1643 4291 1838 4360 inquit,
1877 4290 2084 4361 posside
2119 4291 2195 4345 tti-

579 4389 729 4429 neam
776 4375 986 4432 Naboth
1029 4377 1352 4448 Jezraelitar,
1399 4383 1489 4451 qui
1545 4383 1712 4438 noluit
1759 4384 1851 4438 tibi
1900 4399 2014 4438 eam
2069 4383 2194 4438 dare

586 4471 788 4541 pretio;
825 4473 946 4536 quia
978 4487 1092 4526 ecce
1121 4487 1356 4530 mortuus
1386 4486 1458 4530 est
1501 4473 1590 4548 (Ill
1637 4476 1766 4549 Reg.
1813 4491 1924 4542 nt,
1969 4475 2081 4547 15).
2123 4479 2194 4532 At

586 4565 681 4618 ille
727 4565 920 4620 dolens
970 4569 1250 4622 materiam
1301 4583 1361 4626 se
1411 4571 1722 4642 praebuisse
1760 4571 1956 4627 mortis
1999 4571 2190 4636 occisi,

2294 3369 2394 3410 nec
2424 3354 2630 3424 eloquii
2661 3355 2816 3425 copia
2851 3353 3058 3423 placuit
3085 3351 3237 3406 Deo:
3269 3350 3369 3407 sed
3417 3349 3608 3406 multis
3641 3345 3859 3417 precibus

2295 3448 2676 3522 Iaerymarum.
2725 3447 2800 3504 0s
2851 3445 3042 3510 tacuit,
3095 3444 3192 3502 sed
3243 3459 3342 3501 cor
3392 3438 3858 3514 ingemuitzorsi's

2295 3539 2480 3608 ﬂevit,
2511 3541 2606 3596 sed
2636 3539 2974 3596 conscientia
3005 3537 3244 3610 planxit,
3277 3546 3334 3591 et
3364 3533 3748 3591 verecundiam
3775 3543 3860 3599 pe-

2295 3631 2558 3688 nitudlnis
2589 3631 2762 3703 pietas
2791 3629 3032 3686 laudavit
3061 3627 3342 3684 Auctoris.
3375 3626 3574 3682 Parum
3605 3625 3702 3680 fuit
3741 3637 3862 3678 re-

2293 3723 2532 3779 debitnm
2571 3722 2814 3780 evasisse
2849 3721 3204 3792 supplicium,
3243 3720 3350 3775 nisi
3395 3719 3694 3788 accepisset
3737 3729 3862 3772 ητι-

2295 3819 2468 3874 rentia
2517 3817 2816 3889 probabilis
2866 3814 3260 3871 testimonium.
3303 3813 3374 3868 Et
3419 3811 3676 3884 probatus
3713 3819 3790 3866 est
3821 3808 3864 3864 is

2296 3911 2516 3978 timore,
2539 3911 2634 3983 qui
2661 3909 3026 3966 damnabatur
3057 3908 3110 3962 in
3141 3906 3422 3964 crimine:
3449 3921 3554 3962 mn:
3585 3905 3730 3975 prius
3749 3899 3864 3973 quod

2297 4014 2526 4060 mortem
2557 4003 2692 4058 luxit
2717 4001 2908 4067 occisi,
2942 4000 3106 4058 inane
3135 3999 3270 4066 fuit;
3293 3997 3394 4054 sed
3425 3997 3712 4066 repetitam
3735 3993 3866 4052 idu-

2295 4098 2461 4152 tidem
2495 4097 2712 4166 culpam
2745 4095 2942 4149 iterata
2979 4092 3376 4148 lamentatione
3405 4088 3678 4162 purgavit.

2365 4191 2596 4248 CAPUT
2633 4189 2750 4246 XV.
2774 4219 2836 4232 -ο
2866 4188 2978 4244 Nec
3022 4187 3300 4243 Marnasses
3344 4201 3568 4256 quoque
3619 4198 3714 4240 rex
3749 4179 3868 4236 ﬁlias

2295 4285 2545 4341 Ezechiae
2575 4281 2840 4340 tacendus
2867 4288 2976 4346 est,
2996 4279 3090 4351 qui
3117 4287 3446 4334 cunctorum
3473 4283 3870 4347 prrtergresli

2295 4377 2576 4433 audaciam
2607 4373 2982 4447 profanorum,
3013 4387 3208 4430 manus
3237 4369 3468 4426 tetendit
3493 4369 3694 4440 impias
3713 4375 3870 4422 costa

2299 4473 2490 4540 Deum,
2521 4479 2576 4526 ct
2607 4469 2847 4540 paternis
2875 4466 3118 4522 moribus
3149 4465 3526 4536 degenerans,
3555 4478 3622 4519 ex
3645 4471 3758 4518 toto
3781 4473 3870 4530 pr!

2295 4563 2498 4620 divinis
2527 4561 2772 4618 cultibus
2803 4559 3072 4616 idolorum
3103 4567 3268 4628 caput
3296 4557 3477 4616 erexit
3507 4558 3772 4612 insanum.
3791 4551 3870 4610 [iis

583 4655 846 4712 facinoris
875 4661 1068 4715 nuntia
1099 4663 1484 4732 perhorrescit,
1518 4671 1576 4720 et
1602 4665 1797 4720 mortis
1825 4664 1944 4735 ejus
1969 4679 2187 4720 causam

2296 4659 2560 4727 sacrilego
2585 4655 2768 4710 furore
2795 4665 3104 4724 possessus.
3129 4651 3186 4706 in
3215 4651 3382 4708 domo
3419 4649 3516 4705 Dei
3543 4645 3872 4704 exsecranda

586 4748 756 4806 ﬂebili
789 4751 978 4806 dolore
1012 4753 1312 4820 lucriticat;
1345 4757 1592 4811 discissis
1622 4761 1769 4814 enim
1799 4758 2074 4829 regalibus
2103 4758 2189 4813 in.

585 4842 868 4898 dumentis
923 4845 1159 4918 accingit
1213 4865 1276 4904 se
1328 4851 1532 4905 veSIitu
1592 4853 1858 4916 funereo,
1912 4865 2020 4905 non
2081 4863 2188 4905 tam

581 4937 936 4992 conscientia:
963 4940 1161 5003 reatui,
1195 4957 1356 5011 quam
1391 4943 1724 5011 poenitentiae
1753 4943 1946 5014 prima),
1987 4943 2190 5014 cogita—

584 5028 751 5085 tionis
787 5041 1074 5088 attestans.
1121 5033 1190 5088 Et
1233 5039 1427 5106 factum
1457 5047 1533 5092 est
1563 5038 1819 5109 quomodo
1845 5040 2068 5105 audivit,
2103 5039 2186 5096 in-

581 5123 734 5192 quit,
787 5125 962 5180 Aclmb
1014 5129 1136 5196 quia
1181 5138 1418 5186 mortuus
1463 5143 1536 5186 est
1583 5131 1792 5186 Naboth
1841 5129 2182 5198 Jrsraciites,

578 5217 808 5286 disrupit
827 5221 1120 5275 vestimenta
1140 5237 1259 5288 sua,
1283 5233 1330 5276 et
1355 5224 1576 5278 accinxit
1598 5241 1654 5278 se
1681 5241 1828 5279 sacco
1857 5223 2046 5296 (lbid.,
2073 5223 2184 5294 16).

585 5307 798 5365 Vacare
840 5327 972 5383 ergo
1007 5317 1182 5385 potuit
1225 5315 1418 5374 Achab
1462 5317 1618 5373 effusi
1669 5319 1956 5390 sanguinis
2000 5317 2189 5387 culpa;

583 5395 610 5434 ι’
641 5401 766 5468 quia
811 5403 880 5458 de
919 5419 1205 5478 concepto,
1233 5427 1342 5464 non
1371 5411 1440 5466 de
1481 5411 1772 5481 parricidio
1803 5421 1992 5484 egerat
2020 5409 2192 5481 pecni-

587 5493 840 5562 tentiam,
871 5509 928 5554 ct
958 5515 1299 5561 remanserat
1323 5507 1376 5561 in
1411 5505 1638 5577 prolaua
1671 5507 1902 5564 muliere
1941 5505 2192 5576 impletas

587 5583 888 5658 homicidii,
913 5611 1035 5663 qum
1067 5600 1246 5666 pretio
1271 5600 1514 5671 quodam
1543 5602 1761 5656 cruoris
1788 5601 1942 5656 effusi
1981 5600 2191 5672 putavit

662 5759 712 5834 °_
731 5749 876 5837 liidit.
901 5757 1124 5837 Gill.,_et
1151 5766 1360 5837 accinge
1383 5765 1642 5822 Christum
1660 5763 2178 5837 :Rom.,et_attingcs

591 5818 888 5908 (ἶθιξῖεξξιηξε
921 5818 1202 5908 n_t_s.Rem.
1230 5818 1796 5908 etJSttrbi,etattinae
1825 5818 2103 5890 Christum:

663 5891 690 5930 δ
732 5891 915 5956 Codex
945 5898 1102 5966 Rem.
1135 5913 1191 5958 et
1221 5891 1408 5978 Sorb.,
1439 5891 1564 5990 git}.
1593 5891 1656 5964 de
1682 5891 1962 5982 coinperto.

2291 4751 2710 4824 superstitionis
2757 4763 2882 4806 aras
2927 4745 3182 4812 instituit,
3223 4745 3540 4802 simulacris
3587 4743 3868 4804 durato-tle!

2293 4845 2615 4910 funestavit,
2665 4841 2854 4913 templi
2897 4857 3052 4900 sacra
3097 4839 3296 4898 altaria
3349 4839 3584 4910 lapideis
3631 4835 3874 4909 figuratis

2297 4953 2318 4982 ε
2369 4941 2644 5011 implevit,
2679 4939 2834 4994 lucos
2864 4937 3126 5002 excoluit,
3171 4937 3282 5006 igni
3315 4935 3550 5006 profano
3593 4935 3730 4992 ﬁlios
3759 4945 3874 4988 sats

2293 5036 2514 5100 dicavit,
2541 5033 2781 5104 captavit
2807 5033 3060 5102 auguria,
3095 5031 3264 5086 vitam
3295 5045 3452 5088 suam
3491 5029 3766 5086 maleﬁciis
3801 5027 3882 5080 in-

2291 5127 2557 5200 quinavit,
2581 5125 2834 5197 pepnluin
2849 5124 2916 5180 ad
2936 5123 3208 5190 idolorum
3230 5123 3648 5178 observationes
3665 5119 3874 5184 induit.

2289 5223 2618 5279 ceremoniis
2664 5219 2884 5293 polluit,
2935 5219 3158 5275 diabolo
3199 5221 3566 5290 mancipavit,
3615 5227 3668 5274 et
3707 5215 3874 5272 omnia

2292 5333 2410 5382 qua:
2441 5315 2643 5370 divinis
2673 5313 2885 5384 legibus
2913 5310 3300 5382 prohibentur,
3325 5311 3466 5368 ultra
3497 5325 3708 5366 onlnem
3735 5309 3876 5362 inse-

2293 5411 2518 5466 leotiam
2551 5409 2858 5479 desperatae
2887 5406 3086 5463 mentis
3117 5407 3385 5464 exercuit.
3415 5405 3522 5460 Pro
3551 5403 3638 5459 bis
3663 5411 3740 5458 tot
3761 5413 3876 5454 lano

2293 5506 2474 5576 tisqne
2517 5503 2740 5573 ﬂagitiis
2779 5501 2978 5558 ductus
3025 5501 3080 5557 in
3121 5499 3398 5572 praedam,
3441 5509 3496 5555 et
3537 5498 3756 5556 vinculis
3805 5497 3878 5552 ξι-

2295 5609 2500 5663 nesus,
2551 5603 2918 5666 gnatusque
2973 5592 3366 5666 compedibus,
3417 5591 3638 5665 pertulit
3686 5589 3880 5658 captivi

2363 5771 2385 5799 ε
2427 5756 2576 5814 Edit.
2607 5763 2664 5832 et
2693 5748 2818 5832 cod.
2857 5755 3044 5832 Sero,
3079 5751 3590 5832 implerit,”th
3615 5751 3836 5824 auguria
3865 5769 3882 5832 ς

2287 5847 2409 5903 qua:
2445 5845 2574 5888 vero
2612 5830 2702 5900 bis,
2735 5829 3082 5898 inseruitnus,
3117 5826 3190 5890 ex
3231 5827 3430 5885 codice
3467 5826 3618 5884 Ben.
3647 5827 3878 5890 notua

2293 5917 2503 5962 sumus.
