3950 6314
109 353 216 413 989

1189 349 1277 410 or:
1313 338 1772 410 ΡαεΝιτεΝτιΑ
1814 353 2022 412 unca
2066 357 2270 416 unus.

3307 358 3414 417 990

107 474 456 544 supplicium,
486 477 644 544 atque
672 471 725 526 in
755 469 1110 542 Babyloniam
1155 477 1576 542 transportatus,
1603 471 1781 538 ἱππ-Α
1811 487 1958 528 mum
2009 489 2072 531 se
2122 489 2231 530 non
2277 484 2380 531 tam
2428 476 2570 546 loco,
2617 493 2776 548 quam
2821 477 3027 549 judicio
3069 477 3419 534 conscientiae.

108 573 323 643 pietatis
353 588 467 628 sua:
498 585 684 641 pennas
713 571 840 635 iuit;
887 578 944 624 ut
985 569 1222 624 divinam
1268 568 1532 625 ultionem
1584 583 1707 623 sen-

108 669 238 724 tiret
271 668 546 732 addictus,
579 667 734 735 cujus
763 678 1056 736 numquam
1087 673 1247 720 antea
1278 660 1601 720 meminerat
1626 663 1709 718 in-

106 761 358 818 duratus.
392 761 639 832 Denique
663 773 905 830 congruo
931 767 1222 828 correptus
1243 757 1458 830 ﬂagello
1480 771 1711 812 conver-

105 858 259 924 titur,
289 866 343 914 et
377 857 544 928 Deum
575 856 628 910 in
657 870 812 925 pcena
841 853 1174 910 c0nstitntus
1203 853 1442 924 agnovit,
1467 867 1626 923 quem
1657 851 1708 906 in

104 968 274 1026 regno
313 951 525 1021 positus
569 961 730 1006 antea
775 963 882 1006 non
932 948 1204 1021 qutesivit.
1238 948 1446 1004 Profuit
1488 947 1713 1004 afilictio

102 1045 424 1114 desperato,
457 1053 513 1102 et
539 1052 782 1100 correcta
829 1051 916 1099 est
961 1043 1015 1098 in
1061 1041 1339 1114 agnitione
1377 1041 1445 1097 de
1492 1040 1712 1096 stimulo

101 1139 472 1195 correctionis
517 1135 864 1204 improbitas.
915 1134 1041 1190 Fuit
1087 1133 1327 1189 vindicta
1373 1132 1462 1188 illa
1514 1131 1714 1186 tuentis

101 1234 339 1307 perdita:
365 1233 660 1300 medicina,
693 1241 749 1288 et
790 1230 1028 1286 multum
1075 1227 1238 1284 saluti
1289 1226 1521 1283 contulit
1550 1225 1716 1280 casti-

101 1327 273 1400 gatio.
308 1343 430 1398 qua:
463 1327 585 1383 ideo
623 1325 937 1382 verberavit
981 1323 1232 1393 impium,
1263 1329 1324 1376 ut
1363 1321 1474 1376 Deo
1515 1319 1718 1374 iaceret

101 1431 419 1491 acceptum,
463 1435 626 1492 quem
671 1417 927 1474 diabolus
965 1433 1062 1486 per
1100 1414 1479 1486 impotentiam
1513 1411 1720 1468 fecerat

101 1515 347 1572 alienum
381 1531 396 1570 :
425 1524 480 1570 et
526 1513 722 1569 anima:
771 1512 994 1567 sanitati
1026 1509 1252 1582 profuit,
1281 1507 1426 1581 quod
1454 1507 1715 1570 inllictum

102 1608 289 1664 fuerat
316 1607 570 1664 vanitati.
598 1605 712 1662 Hoc
738 1605 1025 1676 scriptura:
1052 1604 1338 1660 dominicae
1367 1602 1500 1658 ﬁdes
1527 1601 1719 1657 admit-

99 1701 207 1758 tit:
247 1690 317 1758 Et
346 1702 561 1757 locutus
589 1709 695 1763 est,
742 1697 939 1769 inquit,
977 1698 1238 1753 Dominus
1277 1694 1565 1751 adversum
1606 1694 1719 1750 bia-

100 1809 312 1850 nassen
341 1803 398 1850 et
428 1792 716 1848 adversum
757 1792 1042 1863 populum,
1075 1801 1128 1845 et
1162 1805 1268 1845 non
1299 1783 1633 1845 audierunt:
1668 1797 1723 1845 et

1811 569 1992 623 sistit:
2027 584 2128 624 nec
2168 569 2236 624 ad
2276 571 2692 641 supplicandum
2725 573 3090 627 irreverenter
3119 565 3310 642 pedem
3343 572 3426 626 in-

1811 661 1943 717 citat
1985 671 2269 732 promptus
2309 664 2559 730 audacia,
2604 664 2698 720 sed
2739 663 2990 735 vestigiis
3030 665 3249 720 modum
3296 665 3425 722 sub-

1812 759 2015 825 trahit;
2045 755 2075 797 δ
2110 759 2393 829 publicans
2431 760 2812 815 verecundiam
2864 776 3012 816 reum
3066 771 3256 830 pectus
3299 775 3426 832 per-

1811 869 2031 910 cussum
2061 854 2256 910 crebro
2284 863 2698 920 commemorat,
2732 864 2786 909 et
2813 865 2905 909 cor
2935 855 3218 910 conscium
3260 853 3426 926 pugni

1815 949 2188 1005 admonitione
2231 947 2538 1004 contundit.
2572 947 2946 1004 Audiebantur
2991 949 3104 1004 oris
3150 949 3267 1021 ejus
3311 965 3420 1006 non

1814 1041 2005 1108 verba,
2040 1041 2136 1097 sed
2167 1041 2431 1111 gemitus;
2471 1049 2524 1096 et
2565 1043 2805 1114 quinque
2835 1049 3046 1097 tantum
3077 1043 3424 1098 sermonibus

1816 1135 2092 1191 celebrata
2118 1144 2203 1190 est
2231 1143 2340 1189 tota
2378 1135 2670 1190 confessio.
2714 1135 2827 1190 Hoc
2868 1136 3130 1191 Dominus
3160 1137 3214 1191 in
3249 1136 3428 1192 Evan-

1817 1231 1960 1302 gelio
2000 1230 2335 1295 manifestat,
2372 1232 2619 1286 homines
2657 1231 2794 1286 duos
2823 1233 3136 1288 ascendisse
3177 1233 3229 1289 in
3281 1243 3423 1288 tem-

1820 1328 1966 1397 plum
1995 1325 2267 1381 adorare:
2301 1341 2440 1380 unus
2473 1336 2592 1381 erat
2633 1325 2964 1397 pbariswns,
2991 1338 3045 1381 et
3079 1327 3217 1381 alter
3247 1325 3428 1396 publi-

1819 1433 1988 1472 canus
2017 1435 2029 1471 :
2057 1419 2362 1488 pharisazns
2388 1429 2567 1474 autem
2598 1433 2720 1472 cum
2751 1417 3020 1483 stetisset,
3046 1419 3172 1473 talia
3199 1417 3338 1487 apud
3369 1432 3430 1474 se

1823 1512 2149 1582 precabatur
2185 1512 2374 1567 dicens
2402 1527 2415 1566 :
2447 1510 2611 1579 Deus,
2639 1512 2837 1583 gratias
2869 1528 2968 1582 ago
3010 1511 3138 1578 tibi;
3175 1516 3297 1583 quia
3326 1528 3430 1566 non

1822 1621 1936 1661 sum
1992 1607 2122 1660 sicut
2156 1607 2324 1660 cwteri
2365 1605 2595 1660 homines
2638 1605 2838 1671 iniusti,
2869 1613 3127 1676 raptores,
3157 1604 3382 1658 adulteri
3414 1622 3428 1658 :

1822 1701 2079 1771 quomodo
2122 1709 2167 1753 et
2218 1698 2526 1768 publicanus
2573 1699 2691 1752 iste.
2741 1696 2938 1772 Jejuno
2981 1697 3059 1751 bis
3103 1697 3156 1750 in
3196 1698 3430 1765 sabbato,

1828 1793 2055 1848 decimas
2083 1792 2151 1847 da
2181 1793 2432 1856 omnium,
2466 1807 2582 1861 qua?
2612 1791 2869 1862 possideo.
2908 1789 3228 1844 Publicanus
3259 1800 3429 1843 autem

98 1886 318 1942 intlttxli
344 1901 511 1957 super
533 1884 654 1940 illos
677 1885 945 1940 Dominus
973 1883 1243 1955 principes
1267 1883 1522 1938 virtutum
1549 1881 1712 1954 Assy-
1744 1886 1792 1946 B
1819 1889 1882 1943 de
1930 1889 2084 1958 longe
2127 1887 2330 1953 stabat,
2377 1897 2423 1941 et
2469 1903 2633 1956 neque
2676 1886 2854 1940 oculos
2898 1885 2948 1938 in
3001 1886 3184 1939 caelum
3235 1883 3434 1938 volebat

101 1980 344 2046 rlorum,
376 1990 431 2036 et
461 1978 1000 2050 comprehenderunt
1044 1977 1349 2038 Manassen,
1379 1987 1436 2030 et
1461 1975 1715 2047 alligave-

105 2083 237 2130 runt
283 2089 409 2130 eum
458 2072 687 2128 vinculis
734 2082 789 2128 et
834 2071 1213 2143 compedibus,
1268 2080 1325 2125 et
1375 2069 1725 2126 adduxerunt

99 2184 228 2226 eum
257 2168 312 2224 in
346 2167 720 2240 Babyloniam.
756 2165 822 2221 Et
853 2180 978 2222 mox
1027 2163 1267 2221 afflictus
1309 2165 1564 2236 (μηθεὶτῆ
1612 2163 1721 2218 Do-

107 2264 321 2318 minum
365 2261 540 2317 Deum
583 2275 768 2327 suum,
809 2270 866 2316 et
906 2256 1221 2316 humiliatus
1259 2269 1344 2314 est
1383 2258 1546 2314 nimis
1597 2268 1727 2314 ante

103 2359 305 2416 faciem
357 2355 458 2413 Dei
503 2363 719 2428 patrum
753 2371 1000 2422 suorum,
1032 2361 1085 2410 et
1126 2355 1309 2410 oravit
1347 2355 1412 2408 ad
1451 2353 1640 2419 Deum,
1671 2361 1728 2409 et

108 2451 394 2508 exaudivit
424 2449 578 2506 illum
610 2449 902 2515 Dominus,
935 2457 988 2505 et
1016 2448 1298 2504 revocavit
1323 2447 1476 2502 illum
1509 2446 1564 2502 in
1592 2446 1724 2501 Hie-

113 2545 386 2611 rusalem,
411 2544 466 2599 in
499 2559 725 2615 regnum
757 2541 895 2612 ejus.
928 2540 996 2598 Et
1021 2543 1274 2614 cognovit
1299 2540 1579 2597 Manasses
1602 2541 1725 2614 quia

108 2641 390 2695 Dominus
434 2641 552 2712 ipse
595 2649 678 2694 est
715 2638 879 2694 Deus.
929 2637 1070 2692 Ecce
1117 2646 1380 2709 quantum
1422 2635 1728 2706 repentinae

109 2733 528 2788 lamentationis
551 2747 616 2786 ex
644 2730 807 2786 corde
837 2743 1105 2786 converso
1137 2738 1419 2798 peccatum
1448 2741 1603 2782 suum
1633 2727 1730 2783 ile-

111 2826 194 2880 vit
221 2833 276 2880 et
302 2823 489 2886 diluit.
515 2832 571 2879 et
594 2823 848 2898 iacrymis
877 2827 1054 2888 tersit,
1083 2822 1228 2893 quod
1257 2822 1409 2876 nefas
1440 2819 1726 2875 infecerat.

109 2918 308 2974 Oravit
338 2929 520 2972 tamen
551 2901 806 2972 conscius
837 2924 1022 2972 reatus
1054 2918 1168 2982 sui;
1201 2925 1260 2971 et
1289 2918 1500 2970 veniam
1533 2915 1732 2972 meruit

113 3010 498 3067 satisfactione
525 3009 757 3065 mercari
787 3027 800 3063 :
837 3024 1008 3079 usque
1038 3007 1178 3064 adeo
1207 3020 1266 3062 ut
1300 3008 1389 3062 illa
1425 3023 1579 3062 sacra
1610 3023 1730 3078 qua:

113 3106 321 3160 dudum
367 3103 578 3174 profani
620 3116 775 3160 actus
814 3103 1280 3185 contaminatione
1327 3105 1628 3175 polluerat,
1675 3103 1727 3160 in

116 3197 412 3268 pristinum
442 3197 758 3252 restitueret
786 3209 1141 3262 veneramen,
1165 3206 1218 3251 et
1247 3197 1298 3250 in
1326 3196 1533 3251 cultum
1565 3201 1727 3250 timo-

1823 1983 2029 2047 levare;
2068 1983 2160 2036 sed
2203 1980 2518 2052 percutiebat
2565 1993 2746 2050 pectus
2790 1996 2966 2043 suum,
3017 1978 3194 2031 dicens
3232 1994 3249 2032 :
3292 1975 3434 2033 Deus

1825 2073 2086 2144 prapitius
2126 2084 2236 2127 esto
2277 2073 2404 2126 nti/ti
2431 2073 2688 2144 peccatori
2720 2070 2870 2142 (Luc.
2905 2085 3062 2131 xvnt,
3099 2071 3161 2125 ll
3198 2079 3244 2124 et
3273 2069 3431 2141 seq.).

1825 2166 1933 2222 Sed
1966 2167 2190 2222 adverte
2217 2167 2344 2238 quid
2371 2167 2438 2222 de
2463 2167 2774 2235 inSpectore
2802 2163 2982 2220 cordis
3007 2166 3250 2238 exegerit
3283 2179 3436 2220 reve-

1825 2275 1954 2317 rens
1975 2261 2328 2332 supplicatio:
2351 2259 2678 2315 verecundia
2705 2258 2960 2314 mercede
2989 2258 3242 2313 muniftca
3266 2257 3440 2315 sensit

1829 2357 2023 2424 Deum,
2057 2370 2218 2430 quem
2251 2354 2504 2427 cupiebat
2549 2355 2748 2410 habere
2791 2354 3108 2426 propitium.
3145 2354 3212 2409 Et
3254 2355 3436 2410 statim

1830 2451 2032 2506 meruit
2074 2449 2362 2519 jnstiiicari
2408 2449 2771 2517 verecundia,
2822 2465 2942 2522 qua)
2984 2448 3209 2518 probata
3253 2457 3336 2501 est
3382 2447 3437 2502 in

1833 2544 2144 2599 humilitate
2177 2543 2460 2608 confessa,
2505 2541 2738 2596 Domino
2779 2541 2994 2598 dicente
3036 2558 3048 2592 :
3093 2537 3226 2593 Dico
3273 2538 3435 2605 vobis,

1831 2635 2091 2692 descendit
2121 2633 2206 2689 hic
2226 2635 2548 2710 justi/icatus
2571 2639 2623 2690 in
2645 2635 2856 2688 domum
2883 2649 3054 2699 suam,
3088 2633 3252 2703 magis
3281 2648 3440 2699 quam

1833 2730 1922 2786 ille
1962 2728 2278 2800 pharisaans;
2321 2729 2443 2799 quia
2484 2728 2649 2782 omnis
2688 2728 2776 2798 qui
2814 2744 2868 2781 se
2905 2726 3226 2789 exaltavct'it,
3266 2723 3438 2780 humi-

1833 2823 2086 2877 liabitur:
2115 2830 2161 2876 et
2182 2822 2267 2890 qui
2295 2837 2349 2875 se
2376 2821 2749 2884 Itumiliaverit,
2774 2820 3085 2874 exaltabitur
3106 2817 3296 2890 (lbid.,
3321 2816 3437 2892 14).

1905 2916 2136 2974 CAPUT
2159 2913 2411 2972 XVll.—
2447 2915 2545 2972 Ubi
2573 2914 2770 2970 deinde
2799 2915 2955 2985 ponis
2987 2914 3294 2981 exetnpium
3322 2929 3443 2968 mu-

1836 3012 1985 3068 lieris
2023 3012 2170 3066 illius
2212 3010 2552 3081 peccatricis,
2586 3026 2710 3082 quae
2741 3009 2961 3065 crimina
2993 3026 3086 3064 sua
3120 3025 3226 3064 non
3256 3007 3439 3064 verbis

1836 3107 1949 3162 visa
1979 3118 2061 3163 est
2089 3107 2427 3176 esposuisse,
2457 3106 2551 3161 sed
2583 3106 2860 3177 iacrymis,
2895 3105 3049 3177 cujus
3076 3123 3200 3160 cutn
3231 3103 3441 3160 orando

1839 3206 2072 3258 tacuerit
2137 3202 2358 3274 lingua,
2420 3201 2754 3272 pmnitentizc
2811 3199 2993 3256 officio
3051 3205 3298 3256 coniessa
3357 3207 3444 3255 est

113 3292 192 3346 ris
239 3289 334 3346 Dei
380 3296 574 3345 cuncta
621 3297 934 3358 reponeret.
969 3287 1452 3344 Consummatlone
1480 3291 1728 3344 conversi
1759 3281 1801 3341 C
1837 3295 2192 3350 conscientia.
2241 3294 2295 3350 in
2343 3295 2508 3350 domo
2559 3311 2793 3367 namque
2845 3295 3096 3368 pilariStei
3155 3293 3440 3364 cujusdam

114 3385 409 3455 impletum
458 3394 541 3438 est
587 3383 971 3454 propheticum
1005 3380 1136 3438 illud
1180 3382 1346 3438 divini
1393 3383 1502 3437 oris
1541 3397 1735 3438 oracu-

121 3477 236 3532 lum
265 3495 278 3530 :
311 3476 442 3532 Cum
471 3492 745 3530 conversus
775 3476 938 3546 [ueris
967 3486 1014 3530 et
1047 3477 1383 3552 ingemueris,
1416 3485 1535 3530 tunc
1562 3476 1734 3530 salva-

117 3570 261 3624 beris
291 3567 452 3639 (lsai.
489 3583 618 3633 xxx,
650 3566 767 3640 95).

189 3661 426 3720 CAPUT
466 3659 610 3716 XVI.
638 3691 710 3703 —-
735 3660 844 3717 Sed
881 3660 1010 3732 quid
1049 3675 1154 3731 ego
1195 3674 1387 3715 eorum
1430 3669 1617 3731 regum
1662 3658 1738 3714 fa-

114 3759 262 3813 ciam
301 3757 663 3823 mentienem,
696 3770 832 3823 quos
880 3754 1039 3811 eiecti
1087 3755 1307 3825 generis
1348 3753 1504 3824 origo
1556 3753 1739 3808 lautia-

119 3851 252 3906 bilis
291 3864 398 3905 non
441 3850 656 3904 sinebat
697 3848 765 3903 ab
811 3846 946 3903 urbe
985 3860 1158 3902 sacrae
1188 3847 1468 3916 religionis
1502 3846 1737 3916 pessima

115 3944 480 4016 persuasione
526 3940 816 3998 discedere
855 3958 867 3994 :
919 3954 1042 3994 cum
1097 3938 1602 3995 Nabuchodonosor
1645 3937 1740 3994 ille

118 4039 316 4095 feralis
344 4046 371 4077 ι
400 4047 456 4094 et
481 4035 784 4108 alienigena
812 4035 1132 4108 principalis
1170 4035 1354 4089 divina
1395 4033 1741 4090 animadver-

115 4135 279 4189 sione
310 4131 576 4187 multatus
615 4131 716 4196 sit;
761 4133 821 4184 ut
856 4143 955 4200 per
991 4128 1436 4183 emendationem
1485 4128 1741 4182 vindicta:

120 4233 422 4298 cogeretur
466 4236 788 4294 agnoscere,
821 4235 984 4293 quem
1032 4219 1338 4291 sacrilegiis
1367 4231 1534 4274 ausus
1565 4217 1743 4274 fuerat

119 4321 469 4390 abnegassc,
515 4325 572 4373 et
616 4315 908 4371 virtutibus
950 4329 1072 4370 eum
1123 4313 1404 4377 crederet,
1450 4327 1612 4381 quem
1647 4327 1744 4383 per

125 4415 392 4471 ferociam
434 4411 660 4480 spiritus
692 4419 818 4466 ante
848 4409 1157 4465 nescisset:
1193 4422 1364 4478 usque
1391 4407 1530 4461 adeo
1565 4416 1620 4460 ut
1650 4406 1742 4476 qui

124 4511 310 4568 elatus
341 4507 535 4579 spiritu
562 4505 830 4578 pervicaci
862 4504 1033 4560 Deum
1065 4519 1126 4560 se
1157 4519 1264 4558 non
1302 4506 1558 4558 timuerat
1584 4509 1741 4557 antea

124 4603 440 4677 praedicari,
485 4615 592 4657 non
637 4599 863 4656 auderet
905 4585 1251 4668 postmodum
1293 4611 1459 4663 super
1499 4597 1618 4666 ejus
1659 4595 1744 4648 in-

1839 3389 2102 3442 Dominus
2130 3387 2505 3453 recumbebat,
2535 3398 2590 3443 ct
2623 3398 3026 3459 praeparaverat
3055 3387 3202 3442 velut
3235 3385 3455 3440 homini

1839 3490 2252 3551 tetnporaueum
2289 3491 2310 3518 ο
2347 3480 2572 3534 invitato
2606 3482 2696 3534 ille
2742 3479 3074 3534 convivium.
3125 3479 3236 3534 iloc
3285 3494 3447 3549 repe-

1841 3572 1989 3626 riens
2039 3571 2233 3625 mulier
2273 3574 2584 3639 prostituta,
2622 3569 2875 3638 pltarismi
2919 3571 3138 3625 domum
3185 3572 3445 3626 audacter

1840 3663 2181 3732 ingreditur,
2233 3671 2395 3732 atque
2455 3659 2521 3717 ad
2579 3663 2744 3732 pedes
2795 3663 3013 3716 Domini
3071 3662 3443 3718 recumbentis

1839 3757 2077 3823 assistit,
2140 3755 2282 3808 lavat
2349 3754 2603 3826 iacrymis
2659 3767 2843 3809 sancta
2902 3755 3171 3824 vestigia,
3231 3754 3442 3824 capillis

1841 3851 2096 3920 extergil,
2127 3849 2404 3902 osculatur
2436 3847 2836 3903 incessabiliter
2858 3848 3089 3919 plantas,
3125 3856 3176 3900 et
3201 3847 3444 3917 pretioso

1846 3944 2012 4014 pedes
2065 3941 2356 3996 madefacit
2411 3952 2728 4012 unguento,
2779 3955 2942 4009 atque
2995 3939 3250 3996 omnibus
3302 3955 3442 4010 pene

1845 4033 2104 4090 membris
2150 4031 2350 4104 quibus
2397 4044 2522 4090 ante
2573 4043 2914 4105 peccaverat,
2965 4035 3128 4109 599
3174 4034 3443 4091 scelerum

1845 4143 2068 4183 suorum
2095 4129 2340 4183 mat-uias
2363 4128 2637 4199 expiabat.
2660 4127 2810 4183 Tunc
2837 4128 3095 4183 Dominus
3124 4129 3260 4199 apud
3281 4143 3442 4198 quem

1845 4237 1968 4280 ossa
2013 4231 2198 4277 nostra
2236 4221 2468 4276 discreta
2494 4231 2639 4280 sunt.
2672 4222 2936 4292 propheta
2968 4223 3182 4276 dicente
3210 4241 3222 4276 :
3256 4220 3446 4275 Omnia

1845 4331 1964 4370 ossa
2025 4329 2137 4369 mea
2185 4315 2392 4379 dicent,
2444 4313 2686 4379 Domine,
2733 4314 2847 4382 quis
2900 4314 3086 4368 similis
3131 4313 3222 4367 tibi
3269 4309 3445 4386 (Psal.

1847 4423 2042 4474 xxxrv,
2093 4405 2218 4479 i0)?
2263 4405 2621 4462 obtrectantis
2674 4405 2926 4477 phariszci
2975 4421 3223 4460 murmur
3255 4406 3452 4461 obver-

1848 4502 2022 4567 berat,
2066 4501 2335 4556 occultam
2386 4499 2630 4555 mulieris
2675 4501 3084 4570 cogitationem,
3136 4499 3228 4554 sed
3278 4499 3451 4554 mani-

1849 4594 2042 4649 festam
2090 4594 2249 4649 ftdem
2297 4591 2605 4648 admirabili
2655 4593 2977 4662 probatione
3021 4589 3337 4658 collaudat,
3396 4601 3452 4648 et

122 4696 490 4769 comparabill
541 4695 828 4766 majestate
869 4690 1123 4756 mentiri;
1170 4703 1294 4745 cum
1335 4688 1545 4760 ingenti
1587 4688 1640 4742 in
1686 4703 1744 4744 se
1771 4678 1825 4740 D
1852 4687 2444 4759 pra~fcrtapparatibus
2469 4685 2747 4740 invitantis
2769 4686 3086 4742 confitentis
3107 4687 3450 4756 obsequium,

123 4790 261 4847 facti
292 4788 656 4844 admiratione
693 4794 1001 4848 correctus,
1035 4796 1144 4836 non
1171 4780 1337 4837 desiit
1366 4781 1541 4835 solum
1574 4780 1742 4835 Deum

127 4901 326 4942 verum
373 4899 437 4940 es
491 4891 607 4938 toto
652 4880 858 4948 corde,
913 4878 1257 4948 decretisque
1308 4874 1747 4946 prmconantibus

127 4978 427 5035 confiteri?
457 4977 564 5033 Sed
596 4975 640 5030 si
674 4974 816 5029 male
847 4972 943 5028 tibi
974 4972 1228 5027 conscius
1264 4968 1534 5024 revereris
1563 4981 1746 5035 orare,

129 5072 307 5128 habes
339 5068 711 5140 magisterium
743 5064 1056 5135 publicani;
1090 5062 1188 5116 etsi
1224 5071 1543 5131 suspectum
1577 5060 1746 5130 geris,

128 5179 206 5221 ne
237 5177 360 5219 cum
390 5174 490 5232 pro
522 5160 760 5230 peccatis
787 5157 894 5213 tuis
923 5155 1189 5220 oraveris,
1221 5167 1328 5209 non
1357 5155 1625 5210 merearis
1657 5169 1750 5209 au-

130 5258 264 5314 diri.
303 5257 586 5326 Ingressus
611 5253 704 5309 ille
728 5250 990 5321 templum
1021 5248 1197 5304 fuerat
1222 5255 1574 5319 peccatorum
1607 5245 1751 5302 mole

133 5351 433 5406 deeurvata‘
489 5348 751 5412 cervice,
810 5351 866 5398 et
922 5341 1204 5396 oculorum
1264 5339 1545 5409 palpebris
1603 5338 1750 5409 gravi

129 5447 333 5505 murbo
379 5441 682 5514 iniquitatis
729 5436 1083 5510 compressis,
1122 5435 1324 5492 ccelum
1364 5449 1471 5488 non
1519 5432 1749 5488 audebat

133 5541 427 5612 aspicere:
460 5546 612 5592 retro
649 5534 882 5606 gradum
925 5530 1147 5587 timidus
1188 5535 1437 5591 revocat,
1477 5533 1534 5582 et
1571 5534 1754 5582 estre-

212 5736 238 5764 ι
281 5725 446 5779 Rom.
475 5722 608 5778 edit.
629 5737 660 5777 e
687 5736 858 5792 marg.
901 5719 1056 5788 Giii.,
1089 5726 1136 5772 et
1163 5715 1455 5792 alienigena
1477 5711 1743 5792 princeps.

136 5799 300 5874 intra
316 5809 446 5850 vero
477 5805 706 5874 utraque
734 5794 786 5852 in
805 5782 1160 5874 Each-quem
1183 5782 1512 5874 sacrilegium
1535 5782 1749 5858 fuerin;

135 5871 231 5926 ubi
263 5867 426 5923 Rem.
455 5863 633 5921 codex'
651 5907 664 5930 ,
699 5879 848 5934 quem
877 5863 1169 5935 sacrilegis,
1193 5868 1310 5935 etc.

209 5949 236 5993 ι)
283 5939 358 6000 Ita
377 5936 549 5996 codex
569 5927 748 6003 Remi;
773 5937 904 5994 edit.
931 5927 1089 6004 vero;
1107 5927 1338 6005 publicat
1362 5946 1416 5986 se
1438 5927 1755 5988 uerecundia

1853 4782 2024 4852 magis
2067 4779 2370 4834 delectatus
2405 4777 2650 4833 mulieris
2693 4777 2856 4844 facto,
2888 4795 3047 4850 quam
3083 4778 3332 4849 prandio,
3364 4777 3452 4833 cui

1851 4873 1975 4945 plus
2006 4875 2103 4927 fuit
2131 4873 2491 4927 conversione
2521 4871 2802 4939 delectari,
2845 4889 3008 4942 quam
3057 4873 3237 4946 pasci;
3273 4883 3327 4926 ut
3359 4872 3453 4941 qui

1850 4970 1953 5025 cibi
1982 4965 2258 5023 desiderio
2287 4968 2509 5023 minime
2539 4968 2856 5033 ducebatur,
2888 4966 3249 5021 confessionis
3277 4965 3458 5035 epulis

1855 5072 2207 5130 pascerelur:
2252 5057 2427 5127 Vides,
2475 5059 2670 5130 inquit,
2713 5061 2850 5114 hanc
2892 5059 3199 5112 mulierem?
3253 5055 3456 5112 Intraui

1851 5154 1903 5207 in
1953 5153 2162 5207 domum
2214 5163 2374 5217 tttant,
2417 5155 2652 5208 osculum
2698 5153 2858 5216 mihi,
2907 5160 2954 5205 et
3002 5167 3187 5222 aquam
3236 5151 3452 5220 pedibus

1852 5245 1976 5300 meis
2005 5261 2105 5299 non
2129 5245 2318 5300 dedisti
2348 5261 2366 5300 :
2399 5247 2508 5299 lucc
2535 5254 2708 5298 autem
2735 5261 2796 5296 ea:
2820 5260 2917 5314 quo
2951 5241 3182 5303 intravit,
3216 5259 3315 5295 non
3343 5258 3456 5296 ces-

1853 5341 1981 5394 savit
2031 5339 2258 5394 osculari
2307 5339 2461 5411 pedes
2517 5354 2673 5391 meos.
2735 5334 2860 5390 Oleo
2916 5347 3072 5405 caput
3132 5352 3298 5388 meum
3353 5352 3453 5390 non

1855 5434 2068 5501 tinxisti,
2101 5434 2208 5488 lucc
2238 5444 2407 5488 autem
2439 5441 2701 5503 unguento
2749 5431 2899 5484 unxit
2942 5430 3094 5501 pedes
3128 5447 3283 5484 meos.
3319 5428 3457 5485 Pro-

1857 5539 1966 5597 pter
1992 5530 2131 5600 quod
2159 5529 2278 5584 dico
2311 5528 2421 5592 tibi,
2447 5530 2779 5582 remittuntur
2803 5525 2849 5578 ei
2876 5535 3082 5597 peccata
3116 5525 3304 5592 multa,
3334 5527 3455 5598 quia

1851 5730 2019 5784 reum,
2064 5723 2334 5786 peccatum
2364 5713 2588 5785 pectoris
2637 5714 2971 5786 percussione
3017 5713 3194 5770 crebro
3236 5727 3460 5768 comme-

1855 5795 2043 5840 morat.

1942 5804 2043 5843 ναι,

1855 5805 2165 5932 ηιθζαὲόὶι..
2188 5858 2439 5922 invitator
2468 5874 2487 5917 ,ο
2518 5855 2687 5918 codex
2720 5845 2877 5916 Rem.
2912 5873 2976 5918 ac
3002 5855 3190 5924 Sbrbu
3224 5853 3457 5914 ίιινίταίοο
