3950 6314
500 308 601 367 991

1460 307 1552 364 AD
1588 304 1821 364 OPERA
1857 306 2107 364 SANCTI
2145 305 2467 365 AMBROSII
2520 306 2883 364 APPENDIX.
3678 304 3764 364 09⁸2

496 425 930 481 ὀὶιεέυίιηιαιιαηι.
948 422 1016 478 Et
1033 440 1307 480 conversus
1325 424 1393 479 ad
1411 426 1675 480 mulierem
1697 426 1829 481 dixit
1847 442 1863 480 :
1883 423 2111 480 Dimisso
2138 428 2191 487 Α
2216 434 2338 480 actu
2362 425 2556 495 aequali
2586 425 2961 481 moderatione
2988 423 3217 495 partire.
3249 422 3423 479 Fuisti
3444 430 3567 479 tunc
3584 422 3769 489 diaboli,

496 530 621 577 sunt
644 520 735 575 tibi
758 532 964 587 peccata
993 528 1081 574 tuo
1104 518 1256 593 (Luc.
1290 535 1386 582 vn.
1414 518 1484 574 45
1505 528 1553 574 et
1578 518 1732 591 seq.).
1765 519 1999 575 Parvum
2023 527 2107 575 est

499 611 647 668 hoc?
695 612 1049 668 Postmodum
1096 622 1280 668 autem
1324 612 1444 667 vide
1492 613 1620 683 quid
1674 613 1905 668 audiat:
1939 611 2105 679 Filia,

503 705 635 775 fides
664 714 753 758 tua
781 715 827 759 te
853 705 1051 759 salvam
1077 704 1219 774 fecit,
1246 706 1370 760 vade
1412 708 1465 759 in
1494 722 1639 776 pace.
1674 705 1882 761 Dudum
1914 720 2109 777 pecca-

505 800 637 867 trix,
662 800 908 855 absoluta
939 815 1060 854 mox
1094 799 1222 865 lilia,
1248 810 1303 855 et
1330 800 1382 855 in
1410 801 1619 855 Domini
1652 815 1789 871 pace
1818 800 2105 856 confestim

501 892 751 947 absoluta
793 890 1126 959 dimittitur,
1177 908 1298 962 qua:
1343 908 1569 948 suorum
1618 892 1765 948 bello
1814 894 2107 948 criminum

503 987 841 1044 vastabatur.
892 986 1003 1043 Iloc
1052 995 1138 1044 est
1183 986 1315 1042 illud
1358 988 1743 1059 prOpIieticum
1786 989 2107 1044 oraculum:

506 1080 637 1135 Cum
679 1097 955 1135 conversus
998 1082 1162 1152 fueris
1201 1091 1246 1135 et
1287 1082 1617 1154 ingemueris,
1648 1094 1770 1136 tunc
1795 1082 2111 1149 salvaberis;

502 1183 598 1231 et:
636 1174 732 1230 Dic
763 1186 816 1229 tu
846 1177 988 1247 prior
1022 1176 1320 1247 iniquitates
1355 1187 1492 1243 tuas,
1523 1187 1577 1231 ut
1611 1177 1924 1250 justiﬁceris
1955 1176 2108 1249 (lsai.

505 1283 671 1336 xun,
720 1267 846 1338 26).
898 1267 1035 1325 Cum
1094 1284 1225 1339 ergo
1277 1277 1355 1324 tot
1402 1284 1465 1324 ac
1521 1270 1718 1324 talibus
1765 1269 2113 1325 documentis

505 1377 775 1433 agnoscas
794 1362 1056 1419 delectari
1080 1364 1423 1433 pteuitentiae
1443 1363 1737 1429 sacrificio,
1766 1379 1863 1420 nec
1890 1364 2113 1420 contriti

502 1456 689 1513 cordis
715 1468 770 1513 et
810 1456 1080 1513 humiliati
1119 1459 1341 1527 Spiritus
1384 1457 1525 1529 apud
1570 1459 1714 1529 pium
1748 1458 1990 1528 judicem
2022 1474 2113 1514 ve-

503 1552 682 1608 rearis
726 1552 909 1623 perire
941 1551 1270 1619 mercedem,
1304 1550 1588 1622 Scriptura
1637 1551 1853 1607 dicente
1884 1569 1897 1604 :
1930 1552 2108 1606 Sacri-

512 1646 696 1716 ﬁcium
742 1643 853 1698 Deo
898 1645 1111 1713 spiritus
1155 1644 1561 1710 contribulatus,
1615 1661 1703 1699 cor
1743 1645 2021 1699 contritum
2067 1653 2115 1698 et

509 1739 847 1794 humiliatum
892 1736 1034 1793 Deus
1076 1753 1183 1793 non
1228 1740 1436 1810 spernit
1478 1738 1650 1810 (Psal.
1696 1758 1750 1807 ι,
1802 1739 1930 1804 I9);
1968 1749 2116 1794 ucur

2209 529 2329 575 esto
2354 534 2497 575 nunc
2529 520 2651 585 Dei;
2681 520 2848 575 immo
2870 534 3001 576 vero
3030 528 3151 574 esto
3174 520 3289 588 jam
3323 528 3467 583 tuus,
3494 520 3578 587 qui
3599 517 3771 576 dudm

2211 612 2391 668 fueras
2430 596 2658 669 alienus.
2714 614 2782 669 Et
2833 614 3062 670 forsitan
3108 614 3155 670 si
3203 612 3543 679 consideres,
3584 616 3773 669 multum

2213 706 2472 774 temporis
2497 707 2761 763 decoxisti
2789 725 2803 770 ;
2836 719 2893 763 ut
2927 708 2980 762 id
3013 706 3161 777 quod
3194 706 3480 763 residuum
3511 716 3611 771 est,
3642 707 3774 763 breve

2213 802 2424 867 tempus
2446 809 2725 869 auguStet.
2760 797 2899 853 Vaca
2917 799 3029 870 jam
3063 797 3183 864 tibi,
3216 812 3326 853 non
3362 797 3585 867 tempori
3612 815 3625 850 :
3651 812 3773 864 vaca,

2213 887 2347 954 dixi,
2381 907 2488 945 non
2519 902 2575 946 ut
2605 902 2849 961 torpeas,
2883 892 2981 947 sed
3012 902 3070 946 ut
3098 892 3322 962 negotio
3346 890 3694 946 confessionis
3716 892 3777 946 in-

2212 981 2395 1041 Sislzts.
2449 986 2746 1041 Revertere
2795 986 2848 1041 in
2890 988 3032 1041 viam
3072 1001 3103 1039 a
3148 986 3307 1057 cujus
3350 984 3560 1041 semitis
3593 984 3779 1039 abem.

2214 1099 2393 1149 veras,
2446 1080 2643 1136 damna
2691 1096 2813 1152 quae
2863 1094 3137 1150 gesseras,
3188 1094 3377 1149 quaere
3424 1078 3566 1149 quod
3611 1076 3773 1134 fueras.

2215 1178 2398 1234 Primo
2423 1186 2475 1231 te
2499 1176 2676 1245 ipsum
2703 1174 2905 1239 inveni,
2936 1173 3167 1245 utquod
3192 1174 3422 1243 quaeris,
3454 1172 3717 1236 invenias;
3740 1183 3776 1227 et

2215 1271 2260 1326 si
2287 1282 2338 1325 te
2370 1268 2669 1334 inveneris,
2694 1270 2795 1323 alis
2824 1278 2874 1322 te
2902 1267 3023 1335 ipso
3046 1266 3190 1321 nihil
3219 1279 3463 1335 quaeras.
3493 1264 3779 1321 Saccomiu-

2216 1363 2346 1427 due,
2373 1362 2613 1417 cinerem
2639 1376 2891 1432 asperge,
2927 1359 2980 1415 in
3002 1359 3211 1429 jejunio
3233 1373 3453 1427 semper
3473 1372 3589 1423 ora,
3613 1359 3661 1411 in
3683 1371 3779 1412 ora-

2218 1458 2368 1512 tione
2385 1456 2594 1527 jejuna.
2623 1455 2866 1510 Pretiosa
2892 1453 3063 1523 magis
3088 1453 3204 1508 haec
3230 1462 3383 1517 sunt,
3406 1452 3600 1520 quibus
3622 1467 3779 1522 corpus

2218 1551 2497 1613 afﬁcitur;
2549 1558 2606 1603 ut
2657 1545 3008 1618 pulchritudo
3049 1546 3217 1601 animi
3265 1556 3572 1616 reparetnr.
3624 1543 3782 1599 Horret

2220 1644 2442 1699 humilis
2470 1644 2636 1699 vestis
2660 1684 2674 1708 ,
2705 1642 2797 1697 sed
2836 1642 2938 1696 hoc
2968 1640 3127 1696 valde
3151 1640 3311 1696 decet
3331 1682 3348 1705 ,
3391 1637 3537 1709 quod
3574 1638 3679 1693 Deo
3703 1653 3781 1693 non

2219 1736 2469 1806 diSpIicet
2494 1753 2509 1790 :
2533 1734 2653 1789 vilis
2670 1744 2757 1789 est
2777 1733 3025 1804 corporis
3046 1732 3245 1798 cultus,
3270 1730 3367 1786 sed
3392 1730 3507 1800 ipse
3527 1730 3783 1799 przecipuus

511 1846 625 1886 non
655 1830 723 1885 de
756 1831 1024 1901 profundo
1055 1831 1305 1898 luxuriae,
1328 1841 1385 1889 et
1407 1832 1475 1888 de
1505 1831 1797 1888 mundana:
1824 1832 2115 1902 voluptatis
2148 1832 2193 1892 Β
2222 1828 2529 1885 sanctitatis
2556 1836 2809 1882 ornatus.
2845 1826 2910 1881 Et
2939 1824 3119 1880 adhuc
3146 1825 3214 1879 de
3246 1822 3567 1894 indignitate
3596 1822 3782 1876 forsitan

510 1908 726 1993 gurgite
752 1923 981 1979 festinas
1003 1940 1305 1997 emergere,
1339 1934 1504 1997 atque
1529 1925 1596 1979 ad
1626 1926 1964 1995 poenitentia:
1991 1926 2113 1979 offi-

510 2018 595 2073 cia
626 2017 959 2087 capessenda
982 2034 1045 2073 ex
1075 2018 1397 2074 temulentis
1428 2019 1639 2074 actibus
1663 2019 1977 2090 respirare?
2004 2017 2116 2074 Nec

513 2120 673 2184 putes
714 2111 857 2181 quod
901 2122 954 2167 te
989 2112 1057 2167 ab
1095 2113 1214 2183 ipso
1244 2114 1606 2183 clongaveris,
1645 2112 1765 2169 ideo
1795 2129 1984 2169 aurem
2020 2112 2115 2169 tibi

510 2205 630 2276 ejus
656 2205 914 2261 occludi:
950 2220 1070 2261 mox
1106 2215 1165 2261 ut
1194 2207 1518 2277 pulsaveris,
1548 2207 1695 2263 fores
1717 2209 1946 2278 aperiet,
1976 2216 2031 2262 et
2062 2208 2113 2262 in

507 2308 662 2368 septa
709 2298 881 2353 cortis
922 2314 1036 2354 suae
1081 2299 1450 2356 miserandum
1494 2301 1779 2356 miseratus
1818 2280 2111 2358 includet:~

509 2401 721 2449 tantum
751 2398 839 2448 est
882 2402 939 2447 ut
979 2392 1182 2448 doloris
1212 2394 1289 2449 tui
1320 2394 1540 2464 querela
1583 2394 1863 2450 ﬂectatur!
1899 2395 2116 2463 Quanto

513 2496 571 2543 tu
618 2488 808 2558 procul
855 2488 1244 2554 abscesseras,
1292 2497 1442 2545 tanto
1482 2490 1719 2545 celerius
1762 2490 2114 2559 proximahit,

511 2580 777 2652 propheta
802 2579 1018 2636 dicente
1044 2599 1057 2636 :
1088 2579 1374 2637 Proximus
1394 2591 1468 2637 est
1498 2581 1634 2638 Deus
1654 2582 1914 2637 tribulatis
1939 2582 2111 2650 corde,

507 2678 554 2725 et
582 2668 803 2725 humiles
833 2673 1019 2740 spiritu
1047 2673 1214 2726 salvos
1244 2674 1400 2743 faciet
1432 2671 1609 2742 (Psal.
1647 2689 1844 2739 XXXIII,
1882 2674 1995 2741 I9).
2036 2673 2115 2731 De

512 2766 712 2837 quibus
746 2766 1008 2824 Dominus
1044 2769 1095 2822 iu
1137 2769 1468 2837 Evangelia:
1506 2767 1687 2835 Beati,
1723 2771 1918 2839 inquit,
1960 2750 2115 2841 plan.-

511 2870 709 2933 gentes,
742 2862 860 2931 quia
888 2862 988 2933 ipsi
1016 2862 1424 2917 consolabuntur
1456 2861 1674 2933 (Matth.
1705 2878 1760 2931 v,
1793 2865 1872 2935 II).

581 2953 810 3010 CAPUT
841 2952 1027 3010 XVIII.
1052 2985 1121 2997 —-
1140 2956 1247 3011 Sed
1275 2972 1467 3025 aSpera
1498 2958 1591 3013 tibi
1620 2956 1868 3011 fortassis
1896 2958 2113 3012 videtttr

513 3055 637 3117 post
664 3047 972 3116 voluptates
996 3048 1183 3102 smculi
1220 3049 1555 3117 poenitentia.
1598 3050 1794 3104 Verum
1828 3060 1946 3115 est,
1980 3066 2110 3106 seu.

513 3140 590 3194 tio
619 3140 945 3194 valetudinis
968 3151 1073 3196 tua:
1098 3142 1311 3207 vitium,
1338 3142 1495 3196 video
1518 3144 1683 3197 animi
1712 3144 1787 3198 tui
1813 3143 2066 3199 morbum
2100 3163 2113 3200 :

2218 1924 2465 1995 quereris
2505 1922 2840 1989 indumenti,
2883 1922 2977 1992 qui
3016 1920 3316 1991 nuptialem
3361 1918 3597 1972 tunicam
3646 1916 3784 1985 perdi-

2218 2018 2343 2074 disti
2367 2019 2389 2072 ?
2421 2019 2484 2073 Et
2514 2033 2637 2072 cum
2664 2031 2931 2087 appareas
2959 2014 3224 2072 foeditatis
3250 2024 3355 2069 tute
3380 2014 3625 2069 nuditate
3648 2011 3787 2067 defor-

2221 2112 2322 2168 mis
2348 2154 2362 2179 ,
2408 2126 2515 2167 non
2548 2111 2759 2182 cogitas
2787 2111 3024 2181 qualiter
3064 2108 3360 2163 identidem
3403 2105 3785 2161 vestiaris?

2220 2215 2451 2268 metuas,
2486 2220 2696 2275 quaaso,
2746 2219 2814 2257 ne
2841 2218 2965 2257 cum
3011 2202 3109 2257 illo
3138 2200 3231 2271 qui
3261 2200 3329 2254 ad
3371 2199 3576 2270 regiam
3616 2214 3785 2253 etenus

2221 2311 2444 2353 vocatus
2474 2298 2719 2363 intravit,
2746 2314 2774 2353 a
2798 2298 3052 2353 convivio
3074 2295 3521 2352 recumbentium
3548 2293 3700 2348 simili
3718 2309 3785 2347 εις

2221 2392 2521 2461 probratus
2551 2392 2903 2446 damnatione
2934 2390 3176 2461 pellaris,
3219 2398 3275 2445 et
3311 2389 3505 2443 audias
3540 2386 3642 2442 dici
3674 2388 3783 2441 tibi:

2220 2487 2417 2549 Amice,
2448 2485 2704 2555 quomodo
2742 2486 2843 2539 huc
2872 2486 3078 2548 venisti,
3111 2500 3215 2538 non
3252 2483 3449 2537 habens
3486 2493 3663 2537 vestem
3687 2500 3785 2545 me

2218 2582 2395 2636 tialem
2431 2579 2659 2652 (Matth.
2692 2597 2801 2636 χχιι
2822 2623 2837 2645 .
2871 2580 3009 2651 1'2)?
3044 2581 3109 2633 Et
3141 2595 3265 2635 cum
3306 2587 3681 2650 argumentum
3710 2593 3787 2631 non

2222 2675 2499 2745 repereris
2529 2673 2848 2741 excusandi,
2882 2672 3027 2729 dicat
3059 2690 3070 2725 :
3107 2672 3299 2727 Tollite
3324 2688 3442 2727 eum
3468 2672 3638 2743 ligatis
3665 2671 3791 2723 nai-

2223 2767 2316 2822 bus
2353 2778 2399 2822 et
2434 2768 2675 2838 pedibus,
2716 2778 2764 2821 et
2806 2768 2989 2821 mittite
3033 2768 3087 2820 in
3114 2766 3351 2821 tenebras
3383 2764 3791 2828 exteriores;ill§.-

2222 2862 2315 2916 erit
2344 2862 2568 2931 ploratio
2599 2872 2646 2917 et
2673 2861 2865 2915 stridor
2891 2861 3124 2915 dentium
3152 2859 3336 2932 (Ibid.
3355 2903 3371 2927 ,
3408 2858 3525 2931 15).
3559 2859 3623 2913 Et
3648 2858 3791 2927 utique

2222 2953 2335 3018 ille,
2363 2954 2491 3023 quia
2516 2971 2620 3008 non
2645 2953 2962 3023 qnmsierat,
2998 2964 3090 3006 aut
3116 2962 3429 3023 acceperat,
3462 2951 3658 3007 dicitur
3678 2951 3791 3020 abje

2224 3056 2372 3112 ctus;
2398 3056 2621 3101 vocatus
2634 3047 2775 3101 enim
2792 3046 3039 3111 intravit,
3062 3044 3158 3099 sed
3176 3059 3284 3099 non
3303 3044 3542 3099 vestitus
3559 3041 3790 3098 accubuiz.

2224 3140 2280 3196 Si
2324 3156 2454 3210 ergo
2490 3141 2534 3195 is
2572 3141 2665 3210 qui
2718 3153 3010 3208 numquam
3049 3137 3261 3204 habuit,
3305 3137 3515 3200 taliter,
3554 3136 3671 3207 quia
3712 3149 3791 3188 aco

516 3232 613 3287 sed
644 3234 687 3289 si
717 3234 894 3287 curari
923 3233 1226 3292 desideras.
1257 3236 1483 3292 medela:
1514 3238 1774 3308 impetum
1804 3252 1912 3292 non
1940 3247 2115 3293 atten-
2144 3229 2188 3289 C
2222 3235 2495 3305 qumsivit,
2527 3234 2725 3301 exivit;
2751 3233 2989 3303 qualiter
3006 3232 3118 3303 jam
3146 3232 3457 3303 puniendus
3480 3233 3609 3295 erit,
3634 3232 3710 3301 qui
3734 3240 3793 3283 te

516 3325 637 3388 das,
671 3340 772 3380 nec
802 3341 1135 3397 expavescas
1165 3328 1504 3395 remedium;
1536 3346 1660 3385 cum
1692 3329 1997 3385 admoverit
2030 3340 2121 3384 tuo

515 3419 729 3474 vulneri
749 3417 1159 3489 ferramentum,
1182 3423 1416 3479 celerior
1438 3440 1570 3479 cura
1588 3426 1847 3481 sectionis
1863 3425 2118 3481 efficitur.

516 3508 651 3565 Nam
690 3512 923 3581 pesa'ime
950 3513 1212 3569 sedulitas
1251 3515 1501 3571 medendi
1537 3517 1806 3588 palpatur,
1853 3534 1974 3573 cum
2012 3534 2121 3573 non

517 3608 776 3663 continuo
820 3618 1118 3679 suppurata
1164 3608 1310 3664 labes
1350 3609 1705 3665 abscinditur.
1758 3612 1991 3667 Amarus
2039 3620 2125 3666 est

516 3712 706 3771 gustus
729 3702 956 3756 autidoti
985 3744 1000 3766 ,
1031 3702 1127 3757 sed
1157 3704 1317 3758 vitale
1343 3719 1406 3759 ac
1434 3705 1678 3759 salutare
1704 3714 1787 3760 est
1807 3746 1823 3772 ,
1857 3704 2003 3775 quod
2036 3713 2124 3760 est

518 3794 763 3850 faucibus
790 3795 1036 3850 insuave.
1066 3796 1230 3850 Curat
1254 3812 1354 3851 nos
1380 3798 1642 3852 Dominus
1668 3814 1771 3852 non
1798 3807 1857 3852 ut
1879 3809 2121 3859 exteros,

518 3899 813 3942 etttraneos
853 3887 956 3943 sibi
1001 3898 1186 3943 servat
1227 3904 1604 3962 quoscumque
1643 3891 1919 3946 sanaverit
1952 3892 2126 3946 delin-

517 3989 765 4047 quentes.
798 3979 958 4035 Omni
990 3982 1142 4045 hora,
1179 3985 1329 4036 omni
1362 3982 1454 4039 die
1482 3984 1534 4038 in
1568 3982 1825 4038 curandis
1857 3983 2122 4049 intentus,

518 4086 619 4126 nec
650 4072 959 4127 retardatur
986 4085 1256 4144 tempore,
1282 4082 1382 4130 n'ec
1406 4076 1533 4129 ullis
1564 4091 1844 4131 morarum
1869 4080 2124 4132 obstacu—

520 4161 589 4216 lis
625 4161 652 4202 δ
697 4162 1011 4233 impeditur.
1067 4167 1232 4223 Plane
1282 4178 1409 4223 tunc
1445 4168 1564 4238 ejus
1608 4168 1778 4224 virtus
1810 4169 2120 4238 impeditur,

518 4267 644 4310 cum
668 4270 777 4309 non
802 4255 1056 4312 iuventus
1086 4257 1263 4321 fuerit,
1293 4259 1385 4329 qui
1407 4272 1663 4326 curetur;
1688 4270 1841 4317 vacet
1862 4261 2008 4316 enim
2034 4277 2127 4317 ne-

517 4362 675 4404 cesse
706 4359 789 4404 est
826 4349 1149 4405 beneficium
1192 4352 1437 4417 Domini,
1478 4370 1602 4410 eum
1646 4370 1754 4410 non
1784 4364 2004 4419 exstat,
2040 4355 2126 4409 cui

510 4432 717 4496 debeat
758 4442 1025 4498 misereri.
1069 4444 1276 4514 Aspera
1311 4456 1395 4501 est
1435 4448 1721 4519 castigatio
1760 4448 2127 4518 paenitentiae,

521 4534 617 4589 sed
650 4533 829 4589 lenior
856 4534 1109 4603 efficitur,
1143 4538 1187 4592 si
1221 4539 1413 4594 modus
1441 4540 1614 4607 culpa:
1645 4551 1932 4597 tractetur.
1976 4540 2126 4596 Jam-

2227 3331 2404 3386 nicam
2434 3329 2677 3401 accepit,
2720 3338 2775 3384 et
2819 3325 3087 3401 perdidit,
3139 3336 3196 3383 et
3247 3326 3435 3383 vestiri
3488 3326 3676 3383 iterum
3713 3340 3792 3379 non

2228 3424 2446 3494 pouut?

2298 3518 2528 3575 CAPUT
2560 3517 2702 3574 XIX.
2724 3548 2797 3561 -—
2816 3518 2948 3584 Sed,
2971 3516 3160 3580 credo,
3184 3515 3406 3572 dubitas
3434 3515 3689 3572 amissum
3715 3529 3795 3569 aea

2232 3627 2390 3683 posse
2421 3613 2594 3682 repeti
2624 3613 3030 3676 vestimentum,
3057 3621 3152 3665 aut
3178 3610 3247 3664 ab
3266 3623 3332 3664 eo
3360 3609 3454 3676 qui
3478 3625 3650 3677 nuper
3671 3607 3795 3662 dede-

2230 3718 2332 3769 rat,
2361 3721 2483 3762 cum
2509 3705 2753 3776 petieris,
2785 3721 2945 3777 posse
2970 3705 3179 3777 negari.
3210 3703 3433 3759 Intuere
3460 3703 3513 3759 in
3545 3702 3797 3773 Evangelia

2228 3802 2395 3857 filium
2439 3802 2713 3873 juniorem
2762 3802 2975 3873 perdito
3021 3801 3357 3870 patrimonio
3406 3800 3795 3859 mendicantem.

2231 3911 2401 3965 usque
2430 3911 2499 3950 eo
2529 3896 2694 3950 fuisse
2727 3896 3071 3966 perductum,
3107 3906 3164 3949 ut
3185 3896 3454 3966 egestatis
3481 3895 3706 3965 impulsu
3731 3908 3800 3963 pa-

2228 3988 2342 4044 stor
2377 3989 2541 4045 vellet
2582 4004 2707 4045 esse
2755 4004 3045 4059 porcorum
3090 3988 3247 4059 (Luc.
3288 4006 3383 4050 xv.
3420 3988 3490 4045 15
3515 4000 3564 4045 et
3588 3990 3731 4060 σοι).
3767 3985 3801 4041 ls

2228 4097 2439 4138 summa
2470 4083 2652 4151 inopia
2682 4094 2733 4138 et
2763 4092 3006 4153 egestate
3027 4082 3334 4144 confectus.
3363 4097 3493 4137 cum
3523 4098 3625 4136 nec
3646 4094 3802 4147 porro-

2228 4191 2348 4231 rum
2377 4176 2525 4231 vesci
2556 4175 2797 4246 postibus
2827 4176 3120 4241 sineretur,
3154 4190 3413 4230 reversus
3442 4175 3513 4229 ad
3553 4176 3798 4243 pristinam

2230 4270 2428 4325 mentis
2470 4270 2706 4340 propria:
2736 4270 3024 4325 sanitatem
3048 4311 3063 4334 ,
3099 4268 3301 4338 prioris
3341 4268 3443 4323 aevi
3484 4268 3652 4339 cmpit
3684 4266 3803 4321 desi-

2230 4360 2384 4416 derio
2413 4361 2793 4432 conﬂagrare,
2831 4370 2885 4417 et
2924 4371 3168 4431 paterna:
3209 4362 3408 4415 domus
3446 4359 3801 4416 abundantiam

2231 4454 2502 4524 cogitans,
2536 4464 2743 4509 reatum
2773 4470 2930 4509 suum
2959 4453 3340 4510 conversionis
3370 4452 3803 4508 animadversione

2231 4548 2510 4603 damnare.
2554 4548 2750 4604 Habito
2781 4548 2942 4621 igitur
2980 4551 3198 4603 tandem
3229 4548 3520 4619 pmnitenti
3566 4556 3803 4606 tractatu,

523 4624 737 4695 pridem
765 4637 815 4682 te
845 4628 1134 4684 mundialis
1163 4647 1373 4701 pompa:
1396 4632 1709 4687 oblectabat
1729 4633 1979 4693 ambitio,
2004 4643 2058 4688 et
2078 4633 2127 4687 in
2159 4632 2211 4691 D
2235 4650 2292 4697 et
2316 4658 2499 4697 secum
2523 4642 2576 4696 in
2598 4642 2765 4698 corde
2792 4642 3183 4698 satisfactiOnis
3206 4658 3410 4698 arcano
3433 4644 3669 4700 locutus.
3690 4638 3804 4694 velut

520 4736 743 4777 servum
780 4734 828 4777 te
859 4722 962 4778 sibi
991 4724 1306 4780 dominatus
1330 4726 1517 4782 διηυιί
1542 4726 1872 4794 vindicabat,
1903 4743 2045 4783 nunc
2072 4729 2124 4784 in

520 4814 734 4871 luxuria
768 4814 1079 4883 remissum,
1114 4834 1257 4875 nunc
1290 4823 1341 4874 in
1370 4821 1669 4877 vinolentia
1697 4822 2029 4879 demersum.
2061 4822 2127 4878 IIi

524 4918 577 4965 te
608 4914 772 4965 modo
796 4912 1059 4967 exercitio
1085 4914 1297 4969 alconis
1327 4916 1591 4972 intentum
1622 4918 1903 4983 viderunt,
1935 4919 2026 4973 alii
2060 4920 2125 4975 ad

519 5006 893 5076 ganeandum,
946 5007 1037 5062 alii
1086 5008 1138 5062 in
1181 5022 1421 5065 seortum
1470 5011 1806 5081 projectum,
1853 5012 1940 5067 isti
1981 5013 2131 5081 lupa-

520 5099 747 5156 naribus
771 5102 1161 5171 mancipatum,
1193 5106 1483 5175 unguentis
1507 5106 1761 5171 oblitum,
1795 5107 2129 5162 aroinatibus

519 5190 859 5263 delibutum,
890 5206 947 5251 et
976 5198 1281 5269 peregrinis
1311 5202 1613 5255 cernebant
1642 5200 1816 5255 oculis
1842 5200 2127 5257 infectum.

524 5281 869 5354 Splendebas
896 5290 1139 5343 vestibus
1159 5332 1172 5355 ,
1201 5306 1336 5345 auro
1368 5291 1613 5363 fulgebas
1632 5334 1647 5357 ,
1675 5293 1903 5362 gemmis
1930 5303 1984 5348 et
2012 5308 2131 5363 pre-

528 5374 841 5433 tiosi~simis
888 5382 1199 5452 margaritis
1252 5385 1559 5441 ornabaris.
1614 5385 1797 5441 Vicem
1843 5402 1975 5457 ergo
2028 5387 2132 5442 vici

525 5468 753 5524 restitue
774 5512 789 5533 ,
822 5480 880 5527 et
909 5488 1037 5530 sero
1064 5477 1257 5533 saltem
1288 5481 1793 5549 compensationem
1825 5490 2130 5550 temporum

531 5563 870 5633 temporibus
888 5568 1053 5625 redde
1078 5588 1091 5625 :
1116 5575 1450 5645 reciprocam
1472 5575 1636 5630 vitam
1662 5584 1807 5630 tuam
1831 5575 1884 5630 in
1903 5584 2135 5646 utroque

604 5737 631 5766 α
654 5727 815 5807 _Edit.
844 5729 1013 5807 _Gill._,
1059 5750 1149 5789 nec
1184 5736 1247 5789 de
1283 5738 1583 5807 profundo;
1610 5736 1803 5803 Rom.,
1836 5735 1881 5790 si
1912 5734 1974 5790 de
2005 5749 2127 5805 pro-

533 5798 731 5881 fundo;
755 5800 1135 5881 codexjiemw
1161 5822 1253 5881 cur
1273 5798 1466 5881 non'de
1484 5798 1767 5881 profundo.

605 5868 633 5909 δ
673 5868 751 5927 Ita
777 5874 900 5931 cod.
935 5868 1130 5938 Rem;
1149 5875 1280 5933 edit.
1306 5870 1463 5945 vero,
1484 5868 1544 5933 "et
1574 5868 1676 5937 ins.
1698 5877 1883 5949 Sorb.,
1913 5877 2131 5951 impedi-

2236 4737 2572 4807 postliminio
2595 4738 2661 4792 ad
2688 4737 2829 4794 lares
2859 4737 3068 4809 patrios
3096 4737 3277 4793 nudus
3308 4738 3463 4794 exsul
3490 4752 3577 4805 ine
3604 4735 3803 4791 reverti-

2239 4838 2342 4884 lur.
2376 4829 2511 4885 Tum
2553 4830 2647 4886 ille
2691 4840 2863 4901 pater,
2897 4832 2986 4900 qui
3020 4831 3309 4902 cogitantis
3342 4831 3558 4887 viderat
3590 4832 3645 4886 iu
3672 4829 3805 4886 corde

2237 4922 2551 4989 consilium,
2581 4933 2872 4995 antequam
2905 4923 3068 4979 verba
3099 4924 3343 4995 perditus
3375 4923 3523 4979 filius
3547 4924 3597 4979 in
3629 4923 3807 4978 confes-

2238 5015 2392 5071 sione
2440 5015 2813 5087 profnnderet,
2860 5017 3114 5072 affectum
3157 5017 3400 5073 dolentis
3452 5017 3730 5085 anticipat.
3768 5022 3806 5069 et

2239 5109 2667 5165 misericorditer
2711 5111 2938 5180 suscipit
2976 5111 3317 5166 redeuutem.
3366 5112 3426 5167 In
3477 5112 3682 5167 collum
3715 5111 3805 5179 ejus

2230 5201 2414 5267 irruit,
2444 5202 2647 5257 Osculis
2678 5204 3019 5269 reconciliat,
3054 5212 3111 5258 et
3137 5203 3318 5259 adhuc
3349 5205 3652 5274 trepidum.
3681 5202 3805 5257 nihil-

2235 5310 2340 5363 que
2367 5295 2679 5365 loquentem
2719 5306 2741 5335 ε
2775 5306 2927 5365 pater
2958 5297 3094 5352 mire
3121 5298 3434 5352 confirmat.
3459 5297 3565 5352 Sed
3598 5298 3687 5350 ille
3708 5310 3805 5350 eoa.

2234 5388 2567 5446 sultissinius
2597 5390 2868 5461 paenitens
2891 5433 2909 5457 ,
2935 5400 2991 5446 et
3020 5390 3305 5446 confessor
3331 5392 3581 5462 egregius
3608 5390 3677 5445 de
3701 5398 3801 5442 voto

2238 5481 2410 5552 patris
2441 5498 2689 5552 securus,
2720 5496 2882 5555 atque
2902 5485 3077 5540 adhuc
3102 5485 3171 5540 de
3190 5500 3285 5539 sua
3310 5485 3679 5540 satisfactione
3698 5496 3798 5538 sus-

2238 5587 2451 5647 pectus,
2480 5577 2646 5649 600
2676 5578 2993 5634 meditatum
3026 5578 3391 5635 confessionis
3419 5578 3662 5634 ordinem
3692 5590 3798 5646 pano

2235 5746 2342 5801 tur,
2368 5752 2483 5811 eum
2500 5736 2738 5811 inventus
2762 5739 2943 5811 fuerit,
2968 5747 3076 5811 etc.
3106 5805 3111 5810 _
3208 5805 3211 5808 ⁴

2313 5819 2335 5847 ο
2375 5807 2561 5867 Codex
2589 5807 2773 5882 Rem,
2801 5812 2948 5885 pater
2954 5808 3081 5883 jure
3100 5807 3398 5893 conﬁrmat.
