3950 6314
102 286 205 343 995

1202 284 1291 347 DE
1331 289 1781 349 ΡοεΝιιιεΝτιΑ
1824 288 2033 349 LIBER
2076 292 2275 355 UNUS.

3292 315 3393 375 991

98 405 196 466 dit,
226 415 279 457 et
304 405 482 460 verbis
510 402 773 473 explicat,
799 403 941 473 quod
966 403 1133 459 corde
1155 407 1562 463 ruminaverat:
1592 409 1697 462 Ρη·
1725 414 1769 475 Α
1804 407 2063 466 Dominus
2094 414 2160 467 ad
2188 416 2562 485 paenitentiam
2596 432 2933 494 peccatores,
2970 438 3024 485 et
3052 442 3207 503 optat
3237 437 3410 492 medi-

98 506 192 557 ter.
221 498 414 569 inquit,
446 498 652 570 peccavi
676 498 729 550 in
756 501 939 553 coelum
964 506 1010 552 et
1036 514 1210 553 coram
1233 510 1300 564 te,
1320 504 1433 575 jam
1458 518 1560 555 non
1582 519 1693 556 sunt

96 589 284 660 dignus
318 591 485 643 rocari
515 590 657 657 ﬁlius
685 600 822 655 tuus,
855 591 939 659 fac
966 609 1046 646 me
1072 594 1202 647 sicut
1230 611 1390 648 unum
1420 596 1484 649 de
1508 612 1697 651 merce-

95 682 258 736 nariis
288 683 391 737 tuis
418 680 572 753 (Luc.
607 699 702 743 xv.
735 683 861 756 21).
898 684 1146 741 Placatus
1178 688 1362 756 itaque
1392 699 1542 757 pater
1577 705 1700 757 pre-

96 777 251 832 cibus
279 778 588 833 confitentis
612 820 626 843 ,
657 778 850 833 stolam
884 780 1113 848 pritnam
1143 780 1359 835 mandat
1394 780 1611 848 afferri,
1640 790 1698 839 et

97 873 278 927 statim
332 873 533 927 nudum
592 873 839 944 prareipit
890 875 1093 929 amiSso
1148 891 1322 947 nuper
1376 874 1697 932 indumento

96 965 305 1021 vestiri.
334 966 636 1035 Darejubet
657 976 712 1021 et
737 968 1023 1033 annulum,
1053 968 1282 1040 symboli
1310 977 1523 1038 reparat
1549 968 1696 1039 sigil-

89 1058 226 1123 lutn,
271 1057 433 1128 pedes
482 1058 708 1114 includit
744 1060 1050 1115 munimine
1083 1069 1502 1130 preci'eptorum,
1546 1069 1601 1116 et
1641 1062 1692 1116 in

92 1153 434 1220 reparatione
471 1152 592 1222 ejus
624 1154 851 1208 mactari
879 1154 1037 1225 jubet
1076 1154 1302 1210 vitulum
1344 1158 1646 1227 saginatum
1675 1198 1690 1223 ,

94 1243 193 1298 hoc
217 1255 323 1308 est,
353 1261 452 1318 pro
476 1247 833 1302 reconciliato
854 1247 1038 1302 offerri
1071 1250 1301 1318 imperat
1323 1251 1688 1320 gratissimum

85 1339 409 1393 Sacriﬁcium
437 1381 451 1404 ,
486 1340 632 1411 quod
662 1349 809 1395 esset
835 1351 1118 1411 acceptum
1147 1354 1201 1397 et
1229 1342 1369 1399 ccelo
1398 1353 1451 1397 et
1475 1343 1693 1399 exerci-

83 1432 225 1488 tibus
254 1434 609 1505 Angelornm.
639 1434 907 1491 Erexerat
933 1437 986 1491 in
1012 1438 1257 1508 germani
1288 1437 1477 1493 odium
1512 1438 1692 1493 fratris

82 1533 325 1585 severior
352 1531 677 1600 pertinacia,
707 1532 1046 1598 exprobrans
1076 1534 1303 1587 crimina
1334 1533 1546 1603 recepti
1578 1548 1693 1588 ma-

76 1620 165 1691 jor
195 1621 342 1676 lilius
370 1624 719 1679 contradicit.
752 1625 1065 1681 Mandatum
1097 1642 1203 1680 non
1234 1638 1544 1693 revocatur,
1579 1628 1691 1697 pie-

82 1723 161 1769 tas
192 1717 361 1786 patris
399 1731 508 1772 non
547 1726 813 1784 mutatur,
854 1719 1023 1773 frater
1064 1718 1182 1788 ejus
1208 1719 1495 1783 asseritur,
1545 1719 1689 1775 filius

1801 516 1898 556 cus
1920 512 2105 559 noster
2129 506 2393 579 languidis
2416 516 2587 585 magis
2612 520 2896 587 prodesse,
2920 540 3078 593 quam
3103 530 3272 583 sanis.
3300 530 3408 586 Sed

1800 611 1906 650 non
1940 597 2062 653 ideo
2087 599 2265 670 justos
2294 609 2557 677 praeterit,
2590 614 2713 682 quia
2749 618 3064 686 pcecatOres
3096 622 3355 680 adsciscit
3390 642 3404 679 :

1800 704 1921 743 nam
1939 690 2213 759 justorum
2241 696 2347 751 vita
2369 699 2549 757 divina
2575 708 2785 761 vocatio
2809 719 2915 777 est,
2942 710 3086 767 sicut
3111 718 3409 788 nonaginta

1798 790 1853 835 et
1880 797 2076 838 novem
2109 800 2241 842 oves
2276 788 2326 842 in
2361 794 2637 850 montibus
2663 798 2977 872 dereliquit,
3010 806 3099 876 qui
3133 824 3292 863 tmatn
3322 826 3411 866 er-

1796 875 2019 930 raticam
2077 880 2393 949 requisivit;
2446 886 2557 943 illis
2605 888 2845 949 debitqu
2898 875 3137 955 reddens
3178 903 3407 971 justitia:

1796 971 2071 1038 prlﬂlllllllll
2098 1012 2111 1037 ,
2144 974 2261 1028 istis
2289 974 2612 1037 beneficium
2647 985 3049 1048 misericordia:
3076 994 3401 1055 col'aturus.

1798 1061 1910 1117 lloc
1939 1066 2230 1135 Apostolus
2260 1070 2452 1138 probat
2478 1072 2666 1130 dicens
2699 1095 2713 1132 :
2746 1079 2812 1133 Ei
2838 1093 3009 1138 autem
3034 1088 3123 1157 qui
3146 1106 3247 1144 non
3276 1109 3405 1164 ope-

1795 1164 2043 1255 ratum-et
2069 1160 2231 1213 credit
2263 1161 2315 1215 in
2346 1179 2483 1225 eum,
2516 1167 2602 1235 qui
2622 1170 2886 1239 justi/ictu
2913 1176 3152 1245 impium,
3186 1160 3403 1255 accepta

1793 1256 1867 1301 est
1906 1248 2036 1315 ﬁdes
2069 1254 2181 1324 ejus
2219 1252 2271 1306 in
2302 1255 2514 1326 justitia
2550 1264 2832 1317 secundum
2875 1278 3195 1339 propositum
3224 1248 3406 1347 gratia

1794 1339 1891 1396 Dei
1922 1343 2101 1414 (Rom.
2135 1362 2210 1413 tv,
2235 1346 2315 1418 5).
2350 1349 2597 1423 Denique
2621 1355 2908 1413 Dominum
2935 1366 3063 1419 audi
3092 1339 3291 1438 quibits
3312 1372 3403 1442 ja-

1792 1436 1934 1492 culis
1963 1436 2015 1492 in
2053 1440 2348 1512 Evangelio
2380 1445 2537 1501 feriat
2564 1452 2729 1505 corda
2760 1436 3133 1528 peccantium,
3160 1474 3214 1518 et
3244 1436 3402 1522 intel-

1794 1528 1929 1600 liges
1948 1534 2132 1601 quanti
2153 1534 2344 1591 fecerit
2365 1542 2701 1610 pmttitetttite
2719 1561 3153 1613 sacramentum.
3175 1559 3408 1616 Aderant

1793 1632 1982 1721 (intem,
2016 1623 2222 1695 inquit,
2257 1630 2347 1699 qui
2388 1633 2433 1687 ei
2464 1635 2759 1692 nuntiarent
2801 1641 2865 1696 de
2895 1641 3149 1714 Gulilwis,
3182 1668 3405 1721 quarunt

1796 1712 1998 1771 Pilatus
2028 1722 2331 1792 sanguinem
2360 1727 2565 1783 miscuit
2592 1747 2707 1785 cum
2733 1736 3007 1807 sacriﬁciis
3029 1758 3226 1799 eorum.
3257 1745 3407 1803 Tunc

82 1820 467 1881 nuncupatur:
497 1822 551 1867 et
578 1812 800 1882 plenum
831 1814 1002 1882 patris
1034 1814 1084 1865 in
1116 1827 1176 1867 se
1205 1814 1524 1881 provocavit
1552 1812 1687 1867 θιγε-
1717 1815 1765 1879 Β
1794 1809 1920 1864 dicit
1946 1811 2055 1868 illis
2076 1812 2234 1871 Jesus
2264 1834 2281 1872 :
2306 1817 2516 1877 Putatis
2540 1826 2659 1895 quia
2682 1828 2768 1882 isti
2796 1829 3009 1887 Gali/uti
3032 1853 3141 1899 pra:
3166 1842 3404 1898 omnibus

79 1913 245 1970 ctum,
276 1906 367 1975 qui
400 1905 700 1975 perfecmm
727 1905 913 1961 habuit
941 1906 993 1960 in
1025 1906 1343 1976 paenitendo
1372 1907 1683 1962 Consilium.

78 1997 414 2053 Jucundatus
437 2041 451 2065 ,
486 2000 659 2070 inquit
683 2040 697 2062 ,
731 2014 849 2055 sum
884 2010 937 2055 et
965 2000 1219 2072 gmisus;
1252 2007 1376 2071 quia
1406 2002 1489 2055 hic
1518 2002 1687 2071 frater

82 2100 193 2146 tuus
222 2102 452 2146 mortuus
479 2091 671 2161 fuerat,
696 2102 745 2147 et
768 2093 990 2160 revixit;
1014 2094 1257 2165 perierat,
1284 2104 1331 2149 et
1360 2095 1592 2150 inventus
1613 2108 1687 2151 est

80 2180 282 2254 (Ibid.,
312 2182 385 2238 24
404 2183 446 2254 ).
482 2183 645 2240 Vides
672 2200 805 2256 ergo
834 2199 1107 2240 converso
1136 2186 1249 2242 lilio
1277 2188 1477 2241 stolam
1507 2190 1690 2257 pristi-

80 2290 198 2329 nam
252 2277 590 2347 pmnitentite
632 2278 994 2333 mercimonio
1045 2279 1390 2345 restitutam,
1446 2287 1501 2335 et
1549 2281 1688 2335 votis

78 2373 328 2428 onmibns
359 2373 670 2429 celebrasse
700 2385 910 2443 patrem
948 2374 1182 2428 reditum
1215 2374 1552 2429 confitentis.
1587 2374 1688 2430 Pa-

81 2466 393 2521 trimonium
434 2466 579 2521 enim
626 2467 899 2534 perditum
938 2466 1196 2536 baptismi
1240 2468 1476 2523 insinuat
1506 2482 1689 2523 sacra-

81 2566 348 2624 mentum,
374 2559 429 2613 in
459 2574 567 2629 quo
594 2567 723 2614 sunt
748 2569 943 2613 cuneta
968 2558 1196 2614 :edificia
1225 2560 1530 2615 ccelestium
1554 2576 1689 2615 con-

81 2653 267 2708 stituta
313 2667 630 2723 regnorum.
678 2652 796 2708 Hoc
841 2654 933 2708 ille
983 2652 1146 2720 filius,
1196 2656 1299 2709 hoc
1348 2663 1454 2721 est,
1507 2654 1686 2710 fidelis

81 2746 415 2802 christianos
456 2747 764 2803 libertatem
809 2748 979 2818 patris
1024 2747 1299 2818 indeptus,
1344 2748 1589 2804 libidinis
1620 2763 1687 2804 ac

82 2840 319 2895 luxuriae
345 2840 673 2911 contagione
702 2840 1037 2911 perdiderat,
1081 2850 1135 2895 et
1175 2841 1332 2912 longe
1365 2858 1393 2895 a
1441 2841 1551 2897 Deo
1584 2856 1686 2896 suo

80 2934 309 3005 positus,
345 2934 628 3003 probrosis
656 2948 716 2988 se
742 2931 955 2989 aetibus
982 2942 1093 2987 tota
1123 2933 1363 2989 foeditate
1392 2934 1683 3004 polluerat,

80 3045 139 3085 ac
165 3028 389 3085 diabolo
419 3028 781 3098 mancipatus,
808 3026 895 3082 cui
926 3043 986 3084 se
1007 3027 1374 3099 perditissima
1396 3042 1687 3082 conversa-

80 3126 223 3182 tione
246 3124 573 3190 dediderat,
608 3139 924 3194 porcorum,
969 3122 1073 3178 hoc
1112 3133 1227 3189 est,
1274 3122 1679 3178 immundorum

1792 1901 2024 1962 Galilteis
2045 1910 2240 1979 fuerint
2271 1926 2589 1984 peccatores,
2618 1923 2740 1990 quia
2763 1925 2892 1979 talia
2921 1930 3061 1998 passi
3083 1906 3244 1988 sunt?
3269 1933 3401 1991 Dico

1788 2000 1952 2068 vobis,
1988 2004 2089 2057 nisi
2128 2008 2479 2074 paenitentiam
2524 2018 2751 2085 egeritis,
2783 2035 2960 2077 omnes
2998 2027 3236 2084 similiter
3261 2034 3400 2102 peri-

1788 2093 2079 2163 bitis(Luc.
2098 2115 2216 2165 xm,
2236 2101 2289 2166 5,
2306 2114 2352 2158 et
2374 2108 2529 2176 seq.).
2551 2110 2749 2166 Autilli
2774 2113 2967 2171 decem
2999 2130 3053 2174 et
3078 2132 3204 2178 octo
3231 2093 3400 2198 super

1786 2204 1923 2260 quos
1951 2193 2149 2248 cecidit
2178 2198 2346 2252 turris
2376 2200 2432 2254 in
2478 2200 2661 2272 Siloe,
2703 2214 2759 2261 et
2793 2210 2995 2268 occidit
3030 2229 3164 2282 eos,
3194 2193 3400 2287 putatis

1786 2283 1911 2375 quia
1943 2301 2054 2353 pra:
2080 2292 2298 2345 caeteris
2329 2301 2653 2361 peccatores
2681 2297 2919 2370 fuerint,
2953 2306 3041 2375 qui
3076 2283 3399 2369 habitabant

1784 2372 2169 2433 Hierusalem?
2219 2380 2348 2438 Dico
2403 2386 2575 2454 vobis,
2630 2391 2734 2444 nisi
2763 2372 3123 2461 paenitentiam
3161 2406 3395 2474 egeritis,

1786 2482 1960 2523 omnes
1988 2471 2227 2527 similiter
2256 2478 2507 2547 peribilis.
2551 2480 2619 2536 Et
2644 2484 2882 2555 subjecit
2912 2489 2979 2544 ad
3009 2471 3391 2561 probationem

1786 2559 1863 2614 rei
1886 2568 2310 2634 comparationis
2333 2571 2675 2650 exemplum,
2695 2576 2942 2635 ficulneae
2954 2559 3169 2641 arboris
3188 2586 3399 2650 faciens

1787 2656 2141 2724 mentionem,
2169 2677 2288 2731 qua:
2311 2649 2493 2720 fructu
2517 2668 2719 2725 sterilis
2744 2679 2798 2726 et
2828 2672 3148 2747 infrugifera
3169 2679 3398 2749 jubetur

1785 2748 2079 2805 abscindi:
2124 2754 2218 2808 sed
2271 2756 2579 2815 interventu
2629 2765 2807 2819 coloni
2854 2766 3135 2841 interitum
3174 2748 3395 2834 differri

1785 2840 2139 2911 permittitur,
2186 2844 2362 2905 donec
2411 2854 2670 2923 congruis
2716 2855 3072 2917 circumfossa
3120 2864 3393 2938 culturis,

1785 2931 2029 2988 adhibito
2070 2936 2311 3007 cophino
2354 2946 2647 3011 stercoris,
2688 2948 2755 3002 ad
2788 2949 3150 3019 proferendos
3178 2931 3393 3018 fructus

1784 3028 2123 3097 ptenitentia:
2148 3033 2453 3090 differatur.
2482 3038 2655 3097 Porro
2672 3040 2719 3096 si
2740 3044 2905 3101 arbor
2926 3064 3046 3119 quze
3065 3054 3284 3121 generis
3306 3055 3392 3112 sui

1784 3120 2017 3179 fructum
2047 3128 2250 3183 nullum
2275 3131 2466 3201 edidit,
2491 3146 2616 3192 ante
2639 3147 2853 3211 tempus
2875 3158 3150 3219 praecepta
3172 3162 3256 3207 est
3275 3168 3395 3210 am-

78 3220 366 3291 spiriluum
387 3219 555 3288 coepit
578 3232 838 3274 exercere
863 3226 1409 3288 pasturam,quorum
1430 3232 1549 3273 cum
1572 3233 1679 3272 non
1710 3208 1755 3271 C
1789 3219 1964 3283 putari
2010 3222 2155 3289 quali
2202 3222 2310 3281 iam
2342 3224 2678 3286 ferramento
2716 3208 3176 3306 trunt-attda,-vel
3209 3250 3391 3306 securi

77 3312 492 3382 permitteretur
512 3310 636 3366 cibo
658 3311 877 3381 depasci
896 3328 910 3373 ;
934 3312 1059 3382 quia
1085 3327 1179 3381 per
1196 3312 1377 3367 carnis
1397 3311 1678 3367 obtentum

81 3404 430 3459 (its-moniacis
457 3420 563 3459 non
596 3413 813 3473 poterat
843 3404 1059 3475 siliquis
1084 3396 1405 3475 ingurgitari
1426 3448 1438 3470 ,
1475 3403 1685 3458 utrobi-

83 3513 182 3569 que
204 3499 480 3564 desertus,
506 3508 559 3553 et
577 3497 816 3568 undique
841 3498 1154 3563 desdtutus,
1191 3499 1344 3553 bona:
1367 3497 1535 3568 frugis
1558 3501 1682 3553 ino-

81 3594 163 3663 pia
200 3592 457 3648 defessus
503 3591 827 3647 desudabat.
872 3591 977 3648 Sed
1021 3608 1294 3657 reversus,
1337 3608 1502 3650 omne
1534 3593 1681 3649 illico

80 3699 185 3755 quo
214 3684 396 3739 fuerat
424 3683 689 3753 privatus,
724 3683 953 3753 accepit,
980 3695 1032 3738 et
1056 3684 1109 3738 in
1132 3686 1480 3740 concordiam
1509 3685 1681 3756 patris

80 3785 331 3845 reputata
381 3775 683 3831 substantia
730 3776 927 3845 prioris
983 3778 1347 3846 possessionis
1397 3779 1678 3833 remansit.

80 3868 383 3926 Revertere
412 3884 543 3940 ergo
563 3879 616 3925 et
635 3880 713 3934 tu,
746 3871 937 3935 frater,
970 3883 1269 3937 revertere,
1296 3882 1350 3927 et
1377 3888 1441 3928 ex
1467 3882 1681 3928 mortuo

78 3962 369 4029 revivisce,
400 3970 538 4018 etes
570 3962 785 4033 perdito
820 3978 1102 4035 reparare.

146 4053 383 4111 CAPUT
420 4053 539 4109 XX.
578 4083 649 4095 —-
687 4055 894 4121 Quasrit
921 4071 1078 4111 ovem
1110 4070 1261 4111 suam
1294 4057 1465 4113 bonus
1494 4065 1681 4128 pastor

78 4160 353 4207 errantem
376 4192 391 4215 ,
416 4161 472 4206 et
501 4151 733 4220 amplius
751 4150 820 4207 de
851 4150 1067 4207 inventa
1091 4194 1104 4216 ,
1132 4168 1294 4223 quam
1326 4152 1394 4209 de
1420 4171 1523 4208 non
1558 4169 1681 4224 per-

78 4243 183 4300 dita
213 4243 542 4316 gratulatur.
574 4243 829 4299 Humeris
859 4244 1073 4300 revehit
1098 4245 1294 4315 ipsam,
1322 4246 1373 4301 in
1397 4247 1575 4319 gregis
1596 4247 1677 4301 sui

76 4338 356 4395 consortio
378 4336 614 4408 reponit,
640 4339 806 4407 ipsam
829 4337 1135 4394 diversorio
1164 4340 1354 4410 priscae
1377 4340 1683 4397 securitatis

78 4430 344 4487 includit:
374 4446 475 4486 nec
497 4431 727 4488 attendit
752 4431 1065 4487 relictarum
1088 4449 1393 4499 numerum,
1419 4435 1510 4505 qui
1533 4450 1682 4505 qua:-

77 4528 231 4584 rebat
270 4544 340 4583 ex
383 4529 727 4599 reparatione
759 4530 917 4583 unius
956 4528 1177 4598 perdita:
1208 4529 1513 4597 complesse
1544 4531 1683 4585 inte-

1786 3310 2043 3367 caedenda
2074 3326 2191 3381 est,
2227 3334 2346 3389 qua»
2377 3324 2635 3391 vepribus
2665 3328 2844 3385 obsita
2865 3372 2880 3397 ,
2913 3342 2970 3389 et
2993 3336 3163 3407 spinis
3192 3340 3390 3399 alieni-

1784 3405 1941 3474 genis
1969 3411 2297 3480 constipata,
2328 3418 2530 3472 nullam
2566 3420 2753 3479 habuit
2782 3426 2835 3481 in
2868 3430 2951 3483 sui
2984 3405 3390 3496 restauratione

1785 3497 2097 3554 culturam?
2124 3502 2261 3558 Nam
2287 3512 2598 3581 exemplum
2622 3515 2836 3573 arboris
2862 3521 3167 3582 similitudo
3188 3539 3270 3585 est
3292 3530 3394 3588 lto-

1785 3590 1948 3693 m-in-is
1974 3594 2173 3662 fidelis,
2206 3604 2295 3667 qui
2321 3602 2445 3659 fidei
2476 3621 2587 3661 sua:
2614 3606 2791 3666 fructu
2808 3611 3051 3685 jejunus,
3082 3620 3213 3675 nihil
3242 3626 3388 3693 quod

1782 3684 1849 3740 ad
1882 3685 2075 3743 futura:
2104 3691 2219 3760 spei
2252 3693 2459 3751 lucrum
2486 3700 2798 3770 proficeret,
2828 3684 3119 3777 cogitavit;
3148 3684 3393 3783 plantata

1784 3781 1926 3836 enim
1956 3783 2008 3838 in
2040 3783 2193 3840 vinea
2226 3788 2427 3857 fuerat,
2457 3808 2579 3864 quae
2608 3795 2766 3854 vinea
2797 3802 3112 3871 specialiter
3140 3781 3392 3883 designat

1784 3876 2107 3946 Ecclesiam,
2136 3881 2189 3937 in
2214 3900 2318 3954 qua
2342 3886 2505 3943 arbor
2527 3889 2702 3947 fuerat
2731 3893 2821 3949 illa
2850 3896 3088 3966 plantata
3117 3918 3133 3959 :
3158 3876 3393 3964 sed-cul-

1786 3979 1872 4027 tor
1899 3972 2060 4044 hujus
2087 3979 2260 4034 vinete
2285 3979 2429 4036 illius
2470 3983 2773 4043 sacerdotis
2796 4003 3031 4060 persona
3056 3994 3271 4054 videtur
3291 4019 3386 4057 ex~

1783 4064 1943 4134 primi
1972 4108 1986 4132 ,
2042 4069 2133 4139 qui
2182 4071 2438 4128 scrobem
2488 4074 2814 4136 infructuosi
2863 4083 3118 4153 plantarii
3174 4091 3386 4153 cultura

1782 4157 2178 4219 dominiCorum
2225 4180 2482 4226 exerceat
2529 4188 2926 4247 przeceptorum
2964 4200 2977 4235 :
3024 4193 3083 4240 et
3127 4194 3392 4253 stercoris

1782 4252 2018 4321 c0pltiuo
2047 4259 2385 4326 paenitentiae
2413 4262 2730 4337 designatur
2759 4271 3021 4331 officium.
3056 4278 3212 4346 Quod
3238 4283 3281 4339 si
3310 4252 3393 4341 ius

1785 4347 1958 4402 veniri
1990 4350 2041 4404 in
2064 4366 2129 4406 ea
2156 4353 2362 4411 fructus
2387 4369 2509 4428 post
2531 4359 2851 4420 dilationem
2877 4375 3143 4441 temporis
3168 4379 3393 4439 omnino

1785 4454 1891 4495 non
1918 4455 2124 4511 posset.
2152 4450 2413 4505 convulsa
2434 4453 2487 4507 in
2514 4453 2698 4511 futuro
2728 4459 2992 4518 radicitus
3016 4482 3390 4545 esaresceret,

1787 4533 1888 4636 hoc
1918 4546 2025 4604 est,
2054 4538 2239 4597 futuro
2266 4545 2508 4603 abscissa
2532 4548 2741 4617 judicio
2764 4563 3037 4628 tamquam
3066 4564 3197 4636 ligni
3222 4533 3391 4627 inuti:

77 4635 228 4689 grutn
253 4619 652 4677 centenarium.
682 4620 1002 4675 Draclunatn
1024 4620 1287 4690 perditam
1308 4622 1505 4677 mulier
1522 4624 1680 4679 vebe-
1708 4615 1763 4677 D
1789 4626 1855 4682 lis
1876 4630 2085 4701 abjeCIa
2108 4637 2388 4706 materies,
2415 4615 2671 4709 pabulum
2696 4615 3391 4731 effecta-teterrii‘ignis‘a‘r-

80 4724 296 4771 menter
342 4715 581 4787 inquirit.
628 4714 902 4770 lucernam
952 4715 1222 4784 accendit,
1247 4716 1469 4772 domum
1500 4720 1680 4789 scopis

80 4810 364 4873 emundat.
392 4818 447 4865 et
467 4809 661 4865 cliaras
687 4810 893 4880 pariter
911 4826 976 4867 ac
1000 4812 1208 4867 vicinas
1235 4812 1431 4868 invitat
1459 4812 1525 4868 ad
1551 4830 1683 4883 gau-

80 4904 229 4960 dium
264 4904 502 4960 inventa:
530 4902 827 4959 drachnne.
869 4903 938 4959 Et
969 4915 1117 4975 putat
1148 4906 1342 4975 aliquis
1369 4906 1539 4962 Deum
1572 4924 1680 4965 non

79 4997 254 5053 lartari
280 4995 349 5052 de
371 4996 714 5065 reparatione
728 4998 1004 5059 conversi,
1026 5012 1148 5053 cum
1174 4998 1481 5067 parabolam
1502 5000 1684 5059 videat

80 5092 394 5167 specialiter
422 5091 477 5147 in
510 5107 799 5162 personam
842 5094 1156 5162 paenitentis
1184 5095 1409 5165 aptari?
1447 5095 1565 5164 ipso
1600 5098 1683 5153 di-

85 5198 245 5245 ccnte
270 5205 283 5241 :
315 5185 445 5241 Dico
473 5186 634 5251 vobis,
669 5187 745 5241 sic
772 5187 867 5241 erit
892 5188 1146 5256 gaudium
1171 5205 1343 5242 coram
1364 5192 1557 5259 angelis
1584 5190 1683 5245 Dei

86 5300 240 5355 super
286 5298 389 5335 uno
422 5291 687 5354 peccatore
729 5282 1086 5353 paenitentiam
1130 5293 1311 5356 agente
1344 5284 1536 5352 (lbid.,
1568 5285 1680 5357 10).

85 5378 476 5435 Animadverte
516 5377 733 5432 tandem
773 5380 1097 5433 sententiam
1130 5376 1278 5431 illam
1328 5378 1540 5433 Domitii
1572 5381 1684 5435 sin-

82 5474 329 5545 gularem
348 5513 364 5535 ,
394 5488 496 5543 qua
523 5472 660 5528 dixit
689 5492 703 5526 :
736 5471 859 5526 Non
888 5482 963 5527 est
987 5488 1114 5540 Opus
1139 5472 1281 5527 sanis
1311 5473 1558 5537 medicus,
1592 5474 1682 5528 sed

86 5569 222 5622 male
246 5566 544 5621 habentibus
566 5586 583 5631 ;
614 5583 719 5621 non
743 5567 877 5620 enim
899 5567 1011 5619 veni
1033 5583 1218 5621 vocare
1232 5568 1428 5639 justas,
1455 5569 1546 5621 sed
1565 5585 1683 5641 pec-

85 5672 287 5716 eatores
320 5660 387 5713 ad
420 5661 769 5728 prznitentiam
798 5659 1024 5731 (Matth.
1057 5677 1131 5721 ts,
1172 5660 1294 5732 12).
1341 5661 1509 5717 Vocat
1549 5679 1683 5736 ergo

158 5784 184 5813 κ
230 5774 351 5829 Edit
400 5786 453 5828 et
483 5791 563 5829 ms
609 5774 794 5834 δίη-ιι,
818 5771 915 5827 hoc
937 5773 1001 5828 de
1028 5772 1232 5828 Christo
1255 5773 1416 5841 possit
1438 5773 1489 5827 in
1512 5775 1677 5841 plebe.

88 5844 158 5908 Et
181 5845 343 5914 infra,
374 5846 452 5901 Itis
484 5846 871 5918 probationibus
897 5849 1143 5919 patuisse,
1172 5861 1285 5917 quae
1312 5846 1484 5903 studio
1512 5847 1576 5903 de
1601 5850 1684 5902 in-

1788 4720 1942 4823 deret
1967 4741 2344 4823 {quamquam
2378 4741 2407 4770 ι
2431 4733 2535 4792 hoc
2573 4746 2629 4794 et
2668 4738 2738 4798 de
2782 4742 3000 4807 Christo
3032 4720 3204 4823 possit
3234 4766 3288 4814 et
3323 4759 3393 4817 de

1790 4815 1948 4885 plebe
1970 4820 2192 4878 Judaica
2217 4826 2526 4886 subaudiri.

1859 4910 2087 5014 QAPUT
2127 4916 2268 4974 XXI.
2296 4952 2369 4963 —-
2392 4921 2571 4982 Credo
2595 4931 2702 4989 tuis
2723 4937 2975 4996 sensibus
2998 4940 3083 4998 his
3107 4944 3390 5014 probatio-

1789 5004 1950 5111 nibus
1970 5050 1983 5074 ,
2017 5026 2137 5082 qua:
2169 5015 2353 5073 studio
2381 5018 2451 5076 de
2480 5022 2712 5085 infirmis
2743 5030 2949 5104 ingenti
2976 5038 3045 5090 ad
3068 5004 3389 5111 erigendum

1790 5115 2033 5156 animum
2089 5116 2235 5164 tuum
2294 5115 2780 5195 suscitandumque
2831 5130 3199 5198 protulimus,
3259 5138 3396 5195 satis

1789 5196 2114 5269 abundeque
2140 5200 2423 5274 claruisse,
2460 5210 2531 5264 ita
2565 5213 2736 5271 Deum
2768 5196 3157 5279 misericordia:
3186 5196 3390 5286 fontem

1791 5290 1935 5394 pelle
1976 5291 2252 5351 interitmn
2292 5306 2662 5375 peccantium,
2709 5311 2806 5366 sed
2855 5312 3180 5384 flagitiosum
3218 5325 3393 5394 magis

1791 5381 1993 5441 habere
2022 5401 2373 5460 correctum;
2407 5406 2466 5451 ut
2492 5410 2715 5469 quanta:
2749 5418 3115 5465 numerantur
3143 5381 3394 5487 offensis,

1790 5487 1935 5535 tanta
1969 5482 2044 5538 sit
2068 5484 2215 5539 actio
2244 5489 2607 5556 pmuitentiae.
2638 5494 2755 5551 Non
2784 5498 3041 5570 desperet
3073 5506 3283 5564 reditus
3310 5482 3401 5569 sui

1787 5573 2229 5633 reformationem
2261 5582 2525 5649 celerem,
2557 5588 2649 5655 qui
2680 5590 2861 5646 audiat
2892 5594 3071 5664 ipsum
3102 5599 3394 5663 Dominum

1786 5671 2057 5738 peccatori
2109 5675 2483 5741 paenitentiam
2515 5680 2857 5741 suadentem.
2917 5688 3033 5747 lloe
3080 5697 3395 5765 expressius

1788 5779 1954 5874 firmis
1981 5782 2383 5874 nugacitas”...
2407 5790 2736 5874 protulimus,
2766 5796 3072 5871 abundeque
3096 5804 3386 5874 claruisse;

1790 5850 1946 5910 Rem.
1980 5868 2081 5909 tus.
2116 5860 2344 5926 utroque
2370 5850 2525 5931 lucU,
2561 5871 2620 5921 ut
2651 5866 2704 5921 in
2724 5850 3017 5930 contextu:
