3950 6314
87 231 192 289 907

1195 223 1289 295 ot:
1315 216 1788 290 RtENITENTlA
1827 216 2036 288 LIBER
2078 219 2279 296 unus.

3291 225 3416 312 093,

81 336 241 405 fovea
271 345 565 411 demersit;
593 352 650 404 et
677 356 786 402 non
817 341 1134 414 ingemiscis
1162 339 1361 402 salutis
1393 350 1498 402 tute
1527 339 1680 396 dam-
1711 337 1762 396 A
1791 333 1958 402 davit;
1977 352 2150 410 neque
2167 339 2358 397 enima
2379 339 2671 402 nobisﬁeri
2692 341 2897 413 aliquid
2925 343 3108 410 vellet,
3134 347 3276 417 quod
3303 358 3396 402 ant

86 457 240 506 unm,
267 440 388 512 spei
416 449 634 500 aeternae
657 436 1022 508 dispendium,
1056 445 1110 492 et
1140 436 1266 498 vitae
1295 442 1570 508 perpetuac
1595 431 1690 487 de-

84 531 441 594 trimentum?
471 529 686 592 lucedis
715 539 962 600 comptus
1011 538 1211 588 ornatu
1242 529 1509 592 vestiam,
1541 525 1685 580 cele-

82 627 208 686 bras
220 626 496 698 opulentis
507 624 646 686 cibis
659 622 1142 690 refectiones,vino
1157 621 1365 689 mades,
1376 619 1688 696 pinguilicas

81 706 262 792 epulis
279 719 612 792 quotidianis
635 720 895 783 animum,
918 729 972 774 et
987 718 1156 776 torosi
1180 717 1427 787 corporis
1439 715 1689 772 excolere

81 830 192 873 non
219 815 462 885 quiescis
483 813 804 886 ingluviem,
826 821 882 868 ut
915 811 1137 874 interim
1165 809 1235 870 de
1263 808 1478 872 caeteris
1507 807 1680 874 crimi-

83 910 244 968 nibus
262 916 498 968 taceam.
520 907 686 966 Putas
707 907 896 973 etiam,
917 915 1076 975 putas
1088 913 1142 961 et
1169 902 1272 962 hoc
1294 917 1405 958 non
1428 915 1549 958 esse
1569 899 1657 954 ani
1672 928 1688 939 -

81 1001 484 1062 madversionis
510 999 731 1066 divinae,
766 1009 820 1054 ut
851 998 1067 1056 nescias
1089 995 1548 1066 quemadmodum
1591 992 1686 1051 de-

81 1095 215 1154 beas
235 1094 306 1154 de
333 1094 436 1152 tuis
453 1091 755 1152 sceleribus
780 1092 1079 1162 pmttitere;
1106 1089 1373 1160 Apostolo
1398 1089 1685 1160 probante,

82 1189 172 1259 qui
199 1187 277 1246 ait
308 1202 322 1242 :
356 1185 580 1259 Propter
609 1171 748 1257 quod
775 1202 878 1248 non
900 1183 1195 1246 habuerunt
1215 1180 1383 1250 Deum
1402 1184 1457 1236 in
1486 1181 1684 1244 notitia,

83 1280 298 1338 tradidit
331 1297 416 1338 eos
443 1280 497 1336 in
541 1279 820 1352 reprobum
851 1295 1090 1344 sensum,
1127 1281 1299 1349 facere
1329 1271 1688 1340 inconvenien-

82 1373 152 1428 tia
179 1371 362 1444 (Rom.
395 1389 445 1440 ι,
475 1370 604 1443 28);
633 1381 690 1428 et
729 1372 928 1434 iterum
962 1388 975 1423 :
1010 1368 1118 1427 Pro
1164 1385 1224 1426 eo
1265 1370 1406 1440 quod
1447 1368 1688 1426 dilectum

81 1467 314 1526 ueritatis
342 1481 444 1524 non
471 1474 797 1536 receperunt,
828 1464 1238 1528 utsalvarentur,
1264 1462 1399 1518 misit
1417 1459 1562 1516 Deus
1583 1461 1690 1516 illis

80 1560 432 1632 operationem
457 1561 674 1625 erroris,
702 1566 760 1614 ut
777 1558 1088 1630 judiceutur
1113 1555 1203 1626 qui
1230 1571 1332 1610 non
1359 1554 1689 1612 aediderunt

80 1655 276 1712 ueritati
314 1653 387 1728 (ιι
412 1652 590 1713 Thess.
621 1667 684 1722 tt,
712 1652 824 1722 10).
857 1651 935 1710 De
966 1651 1166 1708 talibus
1189 1649 1424 1721 denique
1454 1649 1682 1712 metuit,

1791 429 1908 501 ipse
1940 446 2045 484 non
2071 429 2284 502 iecerit,
2311 443 2403 488 aut
2426 436 2568 510 quod
2593 437 2641 492 ei
2667 427 2725 496 in
2752 437 2909 492 nobis
2932 437 3258 494 facientibus
3284 458 3391 496 non

1791 521 2048 594 placeret.
2074 524 2177 580 Sed
2203 541 2302 580 nec
2325 526 2616 598 diSplicere
2635 538 2821 600 posset
2839 529 2982 600 quod
3003 533 3117 602 ipse
3139 532 3396 588 mandas-

1792 625 1906 681 set;
1934 616 2059 686 quia
2091 617 2179 690 qui
2212 620 2549 686 mandasset,
2579 621 2696 690 ipsc
2723 631 2882 686 antea
2925 625 3164 680 iecisset.
3217 625 3398 683 Inanis

1791 707 1936 764 enim
1963 710 2119 768 ﬁeret
2143 711 2393 768 doetrina
2424 713 2688 779 mandati,
2713 715 2760 769 si
2785 717 2834 770 in
2862 717 3000 770 iacto
3024 718 3266 774 doctoris
3290 735 3397 776 non

1792 805 2015 878 prmiret
2040 805 2378 886 auctoritas:
2409 809 2503 861 sed
2536 808 2797 880 quidquid
2829 811 3086 868 Dominus
3116 816 3397 886 praecepit,

1793 906 1850 952 ct
1882 897 2008 954 fecit
2033 941 2046 964 ,
2080 899 2241 955 inane
2272 884 2380 956 non
2412 903 2517 956 erit
2547 902 2690 976 quod
2725 905 2825 958 sub
2856 884 3161 964 imitatione
3205 884 3403 963 suita-

1792 991 2046 1048 ciendum
2075 1007 2197 1049 esse
2242 995 2538 1052 mandavit.
2573 995 2720 1051 Idem
2767 1014 2900 1072 ergo
2945 1000 3208 1058 Dominus
3238 1002 3404 1059 disci-

1792 1084 1935 1156 pulis
1977 1086 2097 1142 haec
2135 1087 2488 1143 custodienda
2541 1091 2822 1159 prOposuit
2857 1109 2869 1145 :
2900 1092 3163 1152 Attendite
3211 1097 3351 1150 vobis
3379 1113 3396 1150 .·

1795 1178 1858 1238 Si
1887 1181 2168 1251 peccaverit
2209 1182 2261 1234 in
2288 1192 2334 1234 te
2358 1185 2522 1252 frater
2552 1192 2708 1252 tuus,
2741 1183 2943 1239 dimitte
2982 1187 3061 1241 illi
3093 1204 3109 1240 :
3142 1200 3187 1241 et
3215 1191 3259 1244 si
3288 1208 3405 1258 sep-

1795 1272 1887 1326 ties
1915 1275 1968 1326 in
1993 1271 2078 1326 die
2103 1274 2389 1342 peccaverit
2419 1275 2470 1325 in
2500 1282 2547 1326 te
2571 1315 2584 1338 ,
2620 1285 2666 1328 et
2695 1276 2880 1346 septies
2926 1288 3210 1331 revertatur
3248 1281 3315 1331 ml
3359 1291 3405 1333 te

1796 1365 1978 1423 dicens
2008 1382 2026 1422 :
2055 1365 2276 1422 Paenitet
2323 1383 2438 1432 me;
2489 1367 2689 1422 dimitte
2718 1369 2838 1435 illi,
2887 1381 2931 1423 et
2989 1372 3273 1426 dimittetur
3317 1373 3405 1426 tibi

1795 1460 1950 1532 (Luc.
1999 1477 2129 1528 xrtt,
2165 1461 2244 1532 4).
2279 1460 2455 1532 Atque
2484 1478 2606 1518 cum
2655 1480 2683 1518 a
2716 1472 2907 1518 sancto
2957 1469 3208 1537 apostolo
3241 1469 3405 1523 Petro

1796 1553 1990 1610 fuisset
2034 1554 2089 1608 in
2133 1569 2293 1608 causa
2341 1557 2624 1611 consultus
2650 1599 2665 1624 ,
2713 1567 2766 1612 et
2797 1559 3002 1612 diceret
3033 1575 3046 1612 ε
3079 1558 3329 1624 Domine,
3363 1564 3407 1612 si

1795 1648 2078 1715 peccaverit
2125 1649 2179 1704 iu
2227 1665 2307 1704 me
2347 1653 2508 1720 frater
2535 1666 2709 1716 meus,
2744 1653 2943 1722 quoties
2985 1653 3242 1708 dimittam
3282 1656 3408 1708 illi?

81 1766 147 1806 ne
190 1749 422 1806 ueniens
453 1745 777 1805 Corinthum
828 1745 1040 1817 lugeret
1091 1744 1294 1800 multos
1342 1758 1406 1800 es
1441 1742 1559 1808 Itis,
1593 1741 1684 1814 qui
1711 1731 1766 1798 Β
1794 1756 1953 1812 usque
1981 1743 2209 1814 septies?
2244 1739 2386 1798 Dixit
2417 1744 2498 1797 illi
2536 1743 2692 1798 Jesus
2730 1761 2747 1800 :
2792 1744 2913 1799 Non
2961 1747 3079 1800 dico
3123 1747 3213 1802 tibi
3253 1766 3410 1820 usque

80 1859 186 1899 non
209 1849 448 1915 egerunt
476 1840 850 1913 pauitantiam
881 1854 949 1896 es
981 1836 1513 1907 itumuoditiis,quas
1546 1834 1688 1892 fece-

80 1948 202 1994 runt
223 1979 239 2000 ,
264 1948 324 1992 et
349 1935 836 2002 fornieauonibtts,
861 1943 918 1991 et
939 1934 1167 1992 libidine
1193 1931 1262 2005 (Il
1291 1930 1414 1994 Car.
1442 1948 1536 1998 stt,
1566 1931 1686 2002 21).

146 2030 380 2092 CAPUT
429 2029 622 2088 XXIV.
655 2028 945 2100 —-Cogita
999 2028 1188 2089 divitis
1231 2027 1379 2084 illius
1434 2027 1688 2097 opiparas

81 2140 286 2194 ciem,
315 2133 375 2183 et
411 2125 757 2196 copiosarum
803 2121 1006 2192 dapunt
1055 2121 1281 2180 uberem
1308 2120 1645 2186 afﬂuentiam
1668 2161 1685 2188 ,

79 2233 337 2292 purpura,
385 2219 599 2274 murice
645 2215 944 2288 pinguiori,
977 2224 1032 2273 et
1067 2213 1347 2272 textilibus
1377 2212 1573 2269 inclusi
1603 2226 1688 2268 se.

80 2313 174 2370 rici
219 2310 514 2379 nitoribus,
561 2321 732 2366 totum
776 2309 844 2366 de
885 2324 983 2380 spe
1029 2307 1319 2378 prasentis
1379 2305 1685 2376 temporis,

81 2405 212 2462 nihil
243 2415 427 2462 tansen
456 2405 524 2461 de
553 2403 737 2462 futuro
777 2402 1080 2461 tractantis.
1130 2400 1268 2469 Quid
1315 2401 1392 2458 illi
1421 2410 1539 2469 poet
1583 2399 1685 2456 ista

81 2499 256 2555 omoia
289 2506 606 2568 reponatur,
638 2496 908 2556 ausculta.
941 2494 1070 2553 Post
1096 2507 1394 2565 purpuram
1430 2492 1648 2548 ﬂamma
1670 2531 1685 2558 ,

79 2596 236 2670 602
269 2604 398 2666 post
423 2595 613 2667 epulas
637 2603 881 2667 egestas,
910 2604 967 2649 ut
993 2607 1149 2665 aquae
1173 2592 1442 2662 guttulam
1473 2605 1684 2662 quan-e-

82 2699 181 2758 ret,
209 2691 304 2761 qui
333 2699 545 2762 guttam
581 2697 740 2745 antea
772 2688 998 2759 pretiosi
1027 2689 1268 2745 nectaris
1303 2687 1565 2743 ebibisset
1587 2726 1602 2752 ,
1633 2696 1690 2741 et

81 2782 148 2838 ab
167 2796 233 2837 eo
254 2791 492 2854 peteret,
516 2797 617 2837 nec
642 2790 825 2838 tamen
851 2779 1150 2850 acciperet,
1179 2779 1509 2836 summitatis
1531 2775 1688 2849 digiti

83 2873 356 2932 humentis
393 2876 682 2941 solatium,
712 2873 799 2929 cui
827 2874 881 2928 in
905 2873 1108 2932 saeculo
1135 2872 1304 2930 micas
1343 2886 1563 2928 suarum
1596 2887 1688 2927 ne-

81 2976 300 3036 gaverat
323 2967 632 3038 epularum.
663 2966 944 3026 Conﬁtere
967 3007 983 3034 ,
1006 2980 1194 3037 quteso
1213 3006 1230 3034 ,
1260 2974 1454 3022 cuncta
1488 2965 1688 3037 quibus

83 3074 229 3115 reum
253 3067 306 3114 te
329 3057 671 3124 memineris,
697 3058 986 3124 conﬁtere,
1007 3067 1065 3116 et
1089 3056 1285 3114 faciem
1319 3058 1410 3114 Dei
1446 3058 1684 3126 ιιι-ωςθηὶ

83 3150 474 3214 satisfactionis
505 3150 712 3218 cilicio,
745 3151 966 3209 humilia
999 3162 1128 3210 ante
1151 3166 1278 3207 eum
1308 3166 1404 3207 cor
1431 3160 1602 3219 tuum,
1630 3161 1685 3213 et
1713 3122 1760 3190 ο

85 3244 138 3302 in
168 3256 469 3317 conspectu
497 3246 615 3315 eius
651 3261 818 3306 curva
850 3247 1121 3306 cervicem
1147 3261 1162 3300 :
1195 3244 1352 3302 ﬂecte
1379 3259 1551 3316 genua
1574 3284 1589 3311 ,
1633 3255 1688 3300 et

83 3339 217 3397 eliso
259 3341 416 3398 vultu
461 3349 620 3398 terra:
676 3346 1048 3410 prosternere.
1101 3337 1376 3408 Suscipiet
1423 3339 1684 3408 gemitum

86 3440 229 3492 tuum
257 3433 508 3492 celestis
536 3433 630 3490 ille
662 3433 910 3502 protinus
934 3431 1248 3499 advocatus,
1293 3440 1349 3488 et
1394 3445 1500 3493 non
1545 3445 1684 3501 pra:-

90 3526 355 3585 tertnittet
375 3539 477 3596 pro
501 3535 554 3581 te
579 3525 928 3595 interpellare
955 3524 1175 3588 Patrem
1203 3538 1382 3586 suum,
1407 3522 1498 3593 qui
1523 3523 1686 3578 (idum

85 3618 328 3688 prmhere
361 3617 648 3684 consuevit
687 3617 1083 3688 pmoitentibus
1122 3615 1512 3688 patrocinium.
1551 3615 1690 3672 Cau-

85 3726 194 3768 sam
221 3727 386 3772 suam
416 3712 444 3744 ⁸
469 3727 579 3770 non
627 3707 962 3784 argumentis
1000 3711 1070 3770 ad
1103 3713 1486 3782 prmscriptunt
1516 3727 1690 3780 gettus

86 3806 416 3878 eloquentiae
443 3806 756 3875 peros-abit,
790 3806 939 3863 illico
969 3807 1360 3875 impetraturos
1395 3808 1567 3861 venia:
1593 3805 1687 3864 be-

87 3901 364 3968 neﬁcium,
392 3899 486 3973 qui
510 3900 582 3960 de
602 3910 859 3971 superato
887 3915 992 3956 non
1019 3908 1304 3970 exspectat
1336 3899 1556 3972 aliquod
1589 3899 1688 3956 lto-

89 3994 385 4052 uorarium.
417 3991 529 4049 Hoc
554 3995 849 4063 Apostolus
877 3994 1095 4063 probat,
1122 3992 1351 4050 dicens:
1387 3992 1515 4060 Quis
1538 4009 1692 4048 accu—

87 4086 213 4142 sabit
241 4089 498 4150 adversus
536 4087 723 4142 electos
769 4085 904 4143 Dei?
934 4085 1075 4144 Deus
1118 4087 1208 4157 qui
1248 4087 1547 4157 justi/irai,
1576 4088 1692 4157 quis

88 4188 158 4235 est
181 4182 270 4252 qui
299 4179 645 4240 condemnet?
684 4175 923 4240 Christus
960 4181 1049 4251 qui
1093 4191 1327 4238 mortuus
1363 4189 1470 4247 est,
1517 4196 1692 4237 verum

89 4272 238 4326 etiam
263 4282 314 4329 et
341 4273 644 4341 resurreait,
670 4271 760 4344 qui
781 4283 859 4334 ut
882 4272 935 4328 in
963 4273 1176 4339 dextera
1199 4273 1318 4342 Dei,
1345 4274 1430 4345 qui
1456 4283 1505 4330 et
1533 4274 1691 4330 inter-

91 4365 243 4434 pellat
273 4380 372 4438 pro
409 4365 553 4424 nobis
573 4364 753 4436 (Rom.
786 4379 904 4432 \‘ltl,
927 4365 1044 4436 55).
1077 4363 1426 4436 Concinncus
1449 4364 1692 4422 Joannes

92 4458 374 4526 apostolus
402 4457 756 4514 beatissimus
787 4457 841 4514 in
867 4459 1100 4530 epistola
1129 4473 1228 4516 sua
1257 4459 1410 4530 ponit
1435 4469 1488 4516 et
1515 4459 1688 4516 dicit:

95 4548 154 4606 Si
191 4551 481 4612 dixerimus
520 4550 643 4622 quia
679 4561 944 4623 peccatum
983 4567 1084 4606 non
1121 4551 1397 4619 habemus,
1429 4569 1522 4607 nos
1551 4553 1692 4624 ipsos

93 4640 392 4715 decipimus,
419 4652 466 4699 et
489 4644 672 4700 ueritas
696 4638 751 4700 in
782 4643 926 4706 nobis
951 4659 1051 4698 non
1075 4654 1148 4699 est
1176 4660 1196 4699 :
1216 4645 1260 4700 si
1281 4654 1451 4700 autent
1471 4646 1696 4716 confessi

95 4733 339 4807 fuerimus
363 4746 577 4808 peccata
603 4746 780 4794 nostra
800 4778 815 4805 ,
845 4745 894 4796 et
921 4735 1091 4808 ﬁdelis
1115 4779 1131 4806 ,
1161 4745 1206 4791 et
1230 4738 1405 4810 justus
1423 4748 1497 4792 est
1527 4736 1692 4806 Deus,

94 4832 177 4900 qui
206 4832 352 4888 uobis
375 4842 593 4905 peccata
620 4833 870 4902 dimittat,
900 4842 947 4888 et
975 4831 1186 4898 inundet
1213 4849 1307 4898 nos
1331 4831 1395 4886 ab
1424 4835 1562 4888 omni
1598 4835 1698 4889 iiii-

96 4928 302 4996 quitate.
351 4926 414 4984 Si
443 4927 726 4988 dixerimus
767 4928 889 4997 quia
916 4945 1016 4982 nou
1055 4943 1358 4999 peccamus,
1401 4927 1696 4985 mendacem

98 5021 314 5088 faciams
341 5037 480 5088 eum,
518 5032 568 5086 et
595 5021 803 5076 verbum
843 5024 958 5094 ejus
985 5038 1087 5076 non
1115 5033 1190 5086 est
1225 5022 1279 5086 in
1312 5023 1481 5091 nobis.
1516 5020 1695 5080 Filioli

98 5114 214 5180 mei,
242 5113 355 5175 lucc
381 5114 545 5174 scribo
571 5114 731 5181 uobis,
764 5123 820 5170 ut
846 5131 949 5168 non
987 5115 1203 5186 peccetis
1233 5132 1251 5170 :
1281 5124 1328 5170 et
1359 5115 1404 5174 si
1440 5116 1551 5187 quis
1575 5133 1694 5186 pec-

98 5206 306 5272 cauerit,
337 5205 582 5274 [tollemus
626 5205 930 5268 advocatum
975 5205 1119 5278 apud
1146 5204 1362 5270 Patrem
1402 5207 1611 5277 Jesum,
1652 5216 1701 5264 et

98 5295 204 5366 ipse
231 5308 410 5360 exorat
439 5315 534 5368 pro
555 5301 784 5371 peccatis
812 5299 1001 5365 nostris
1034 5298 1076 5372 (Ι
1108 5297 1269 5372 Joan.
1297 5316 1356 5363 tt,
1391 5301 1425 5356 8
1451 5287 1511 5356 ct
1539 5302 1696 5373 seq.).

101 5388 268 5456 Omne
299 5393 441 5462 Quod
473 5392 570 5459 Dei
618 5394 786 5449 Filius
819 5394 1078 5450 Dominus
1108 5393 1267 5450 Jcsus
1297 5393 1568 5462 Christus,
1610 5396 1701 5466 qui

101 5492 183 5540 est
211 5486 314 5550 via,
346 5487 549 5551 veritas
576 5497 632 5544 et
657 5488 787 5555 vita,
816 5488 1030 5558 locutus
1082 5497 1200 5557 est,
1242 5488 1334 5550 lex
1358 5499 1439 5556 est
1473 5506 1486 5542 :
1517 5498 1573 5544 ct
1603 5490 1702 5546 sub

106 5576 355 5647 exemplo
379 5579 466 5644 sui
497 5580 612 5648 ticri
636 5581 846 5648 docuit,
874 5581 1019 5654 quod
1045 5581 1209 5652 nobis
1233 5579 1293 5650 in
1319 5579 1524 5655 scripto
1549 5597 1704 5650 man-

178 5726 206 5794 f
234 5719 414 5776 Codex
447 5721 600 5794 Rem.
635 5731 686 5776 ct
717 5720 900 5794 Sorb.,
949 5739 1051 5778 non
1091 5719 1408 5794 argumentis
1429 5761 1460 5794 ,_
1478 5731 1525 5776 et
1571 5741 1702 5794 pra:-

107 5790 353 5863 scriptum
373 5793 606 5863 astutiae
651 5792 912 5865 petitante
955 5790 1328 5865 peierabit..."
1372 5792 1463 5868 qui
1503 5790 1580 5858 de
1609 5815 1702 5854 su-

1718 4511 1770 4574 D

1794 1837 2007 1906 septies,
2033 1837 2124 1892 sed
2151 1854 2310 1908 usque
2335 1839 2625 1912 septuagies
2655 1841 2846 1909 septies
2875 1840 3057 1913 (illott.
3088 1859 3217 1898 xvnt
3240 1885 3253 1909 ,
3288 1842 3404 1914 9|).

1792 1928 1898 1999 Qui
1929 1944 2062 2004 ergo
2108 1915 2429 1986 dimiitenda
2463 1932 2669 2001 septies
2719 1932 2869 1986 fratri
2917 1933 2968 1987 in
3020 1950 3122 1990 nos
3153 1939 3404 2007 pecranti

1793 2022 1976 2078 debita
2006 2022 2162 2088 nobis
2190 2023 2398 2079 donare
2430 2024 2683 2095 imperat,
2714 2041 2843 2097 erga
2875 2042 2975 2082 nos
3006 2027 3232 2084 formam
3264 2045 3402 2098 ιιι-ω-

1792 2118 1934 2187 cepti
1964 2115 2048 2171 sui
2080 2133 2185 2174 ttott
2225 2117 2447 2174 servat?
2484 2120 2591 2173 Aut
2631 2118 2723 2188 qui
2765 2119 2939 2175 dixit:
2988 2120 3407 2176 Miscricordiam

1795 2210 1912 2278 plus
1933 2211 2067 2277 volo,
2090 2228 2245 2284 quant
2265 2211 2583 2281 sacriﬁcium
2609 2211 2756 2284 (Ore.
2790 2230 2864 2280 γι,
2889 2214 2944 2287 6)
2968 2231 2982 2282 ;
3015 2217 3407 2273 misericordia:

1795 2303 1952 2360 nobis
1986 2313 2164 2375 potest
2194 2320 2394 2374 negare
2419 2304 2772 2360 thesaurum?
2803 2305 2938 2370 Hoc,
2971 2320 3073 2372 est,
3101 2309 3244 2380 qunti
3274 2325 3406 2364 exo-

1795 2405 1914 2458 rata
1947 2399 2098 2467 prius
2127 2398 2283 2453 venia
2337 2398 2588 2466 dixerim,
2623 2400 2852 2456 credere
2883 2402 3172 2466 Dominum
3219 2403 3404 2459 Jcsum

1792 2503 2145 2564 cuttcla'quac
2177 2494 2384 2559 docuit,
2437 2494 2604 2552 fuisse
2648 2498 2974 2570 mentitum,
3021 2499 3068 2554 si
3115 2500 3258 2555 circa
3305 2517 3406 2555 nos

1791 2590 2024 2646 formam
2053 2589 2329 2646 custodire
2356 2606 2576 2646 suorum
2609 2592 2844 2649 uoluerit
2875 2605 3297 2666 prarccplorutu.

1863 2681 2098 2744 CAPUT
2143 2684 2314 2742 XXV.
2366 2717 2436 2727 -—
2481 2686 2550 2744 Et
2602 2687 2740 2744 bene
2790 2688 2935 2761 quod
2980 2698 3206 2761 repente
3255 2702 3404 2764 aptat

1795 2776 1923 2832 huic
1951 2778 2240 2832 sententiae
2268 2779 2337 2833 de
2365 2781 2797 2848 comparatione-
2825 2782 3139 2857 parabolam
3171 2782 3403 2841 duorum

1791 2870 2006 2928 scilicet
2034 2873 2396 2938 servulorum,
2425 2872 2496 2930 de
2527 2874 2723 2944 quibus
2751 2891 2890 2938 unus
2912 2892 3034 2942 cum
3064 2877 3134 2934 ob
3163 2878 3404 2936 debitum
3453 2903 3458 2909 α

1791 2980 2170 3030 numerosum,
2200 2982 2311 3022 acre
2354 2966 2580 3022 decocto
2604 3007 2620 3032 ,
2665 2984 2772 3034 una
2805 2985 2926 3024 cum
2962 2987 3132 3026 uxore
3182 2982 3235 3028 et
3281 2973 3406 3028 liliis

1791 3061 2021 3118 distrahi
2051 3061 2365 3130 iuberetur,
2398 3068 2456 3115 et
2497 3062 2816 3132 patientiam
2854 3064 3067 3122 Domini
3098 3078 3411 3136 prostratos

1791 3153 1910 3223 ejus
1939 3153 2167 3222 pedibus
2196 3163 2470 3219 exorarct,
2504 3163 2563 3208 ut
2604 3155 2809 3210 tributo
2842 3157 2945 3213 sibi
2995 3161 3192 3230 spatio,
3247 3176 3408 3215 omne

1789 3245 2036 3303 debitum
2064 3245 2414 3312 reddidisset,
2449 3247 2849 3318 meruissetque
2888 3249 3268 3306 misericordia
3303 3251 3407 3305 llo-

1793 3341 1925 3396 mini
1957 3351 2152 3396 cuncta
2184 3341 2289 3395 sibi
2322 3341 2512 3396 donari
2543 3358 2555 3393 :
2587 3343 2677 3411 qui
2708 3342 2809 3396 sub
2840 3344 3157 3400 conditione
3201 3345 3292 3399 tali
3339 3345 3405 3400 ad

1792 3436 2066 3494 cruciatus
2106 3436 2450 3491 detinebatur
2496 3435 2778 3504 addictus,
2825 3437 2944 3507 ipse
2991 3454 3258 3494 conserto
3305 3456 3406 3496 suo

1789 3529 2026 3586 debitori
2069 3530 2243 3586 noluit
2274 3530 2558 3594 misereri;
2609 3531 2735 3599 quia
2786 3530 2988 3586 oblitus
3017 3540 3102 3588 est
3147 3533 3404 3590 collocati

1791 3621 1893 3677 sibi
1927 3620 2241 3690 nuperrime
2271 3621 2518 3678 benelicii
2551 3639 2562 3674 :
2593 3624 2776 3676 statim
2811 3625 3115 3678 tortoribus
3147 3627 3402 3692 traditur,

1791 3725 1848 3770 et
1877 3715 1945 3772 de
1970 3714 2088 3784 ejus
2117 3714 2444 3772 cruciatibus
2479 3713 2649 3778 idem,
2683 3715 2823 3784 quod
2855 3714 3057 3770 dudum
3090 3715 3265 3771 fuerat
3294 3718 3410 3772 do—

1794 3818 2004 3873 natum,
2045 3807 2302 3877 exigitur.
2336 3805 2468 3862 lude
2495 3814 2580 3862 est
2607 3805 2750 3876 quod
2801 3807 3057 3864 Dominus
3089 3808 3404 3880 hujusmodi

1793 3897 1987 3955 orandi
2020 3899 2269 3956 ordinem
2302 3899 2481 3969 posuit
2509 3897 2697 3952 dicens
2731 3915 2744 3952 :
2781 3897 2848 3953 Et
2887 3900 3088 3955 dimitte
3130 3903 3276 3956 nobis
3315 3904 3406 3958 de-

1795 3989 1902 4046 bita
1930 3998 2128 4055 nostra,
2161 3991 2294 4044 sicut
2321 3999 2366 4044 et
2399 4006 2491 4045 nos
2519 3990 2828 4046 dimittimus
2854 3991 3174 4048 debitoribus
3219 3998 3410 4051 nostris

1795 4079 2010 4153 (Matth.
2060 4097 2132 4146 ιἰ,
2164 4080 2288 4149 12);
2323 4091 2380 4135 ut
2427 4091 2569 4136 tanta
2616 4083 2759 4136 scias
2811 4098 2971 4153 posse
3026 4085 3124 4139 tibi
3170 4085 3408 4155 dimitti,

1794 4183 2055 4244 quantum
2091 4183 2146 4240 tu
2175 4173 2398 4244 proprio
2427 4171 2705 4228 dimiseris
2749 4173 2982 4230 debitori
3015 4193 3027 4228 :
3062 4176 3228 4254 itntno
3270 4194 3409 4234 vero

1795 4276 1854 4322 ut
1887 4267 1980 4322 tibi
2015 4281 2238 4338 parcere
2282 4266 2520 4322 videaris
2549 4309 2562 4333 ,
2597 4282 2719 4322 cum
2766 4269 2858 4323 alii
2904 4269 3225 4324 obsecratus
3257 4271 3411 4343 igno-

1797 4360 1966 4416 veris.
2001 4359 2134 4416 Nam
2173 4357 2378 4430 judicio
2412 4367 2504 4414 tuo
2545 4359 2910 4432 proculdubio
2951 4362 3290 4432 judicabcris
3317 4407 3330 4431 ,
3368 4367 3414 4421 si

1795 4453 1998 4510 ditnitli
2027 4453 2122 4509 tibi
2154 4454 2270 4524 ipse
2303 4453 2550 4522 cupiens,
2579 4454 2670 4508 alii
2699 4453 2978 4509 dimittere
3007 4456 3270 4522 uolueris,
3306 4457 3407 4512 Do-

1799 4549 1950 4604 mino
2013 4549 2227 4603 dicente
2281 4567 2294 4603 :
2351 4546 2416 4604 In
2467 4565 2566 4619 quo
2625 4548 2830 4619 judicio
2886 4551 3253 4621 judicavrritis
3285 4593 3299 4619 ,
3354 4553 3411 4606 in

1801 4643 1979 4698 eodem
2015 4643 2342 4716 judicabitur
2372 4643 2435 4695 de
2470 4642 2610 4696 vobis
2636 4657 2653 4696 :
2681 4650 2727 4695 et
2760 4643 2812 4696 in
2847 4659 2945 4713 qua
2976 4660 3219 4700 memora
3247 4648 3410 4700 mensi

1799 4738 2023 4809 fueritis,
2055 4741 2110 4792 in
2137 4736 2314 4791 eadem
2337 4737 2631 4790 remetielur
2657 4735 2795 4790 vobis
2825 4736 3046 4810 (Matth.
3075 4755 3166 4805 ιιι,
3191 4736 3269 4809 2).
3306 4737 3408 4792 Le-

1800 4846 1896 4902 gas
1921 4831 2047 4886 volo
2069 4828 2333 4885 intentius
2360 4827 2642 4900 propheta:
2668 4827 2946 4884 Zachariae
2973 4831 3328 4901 principium,
3354 4841 3412 4886 et

1802 4925 1915 4982 illic
1944 4941 2052 4995 quo
2084 4924 2362 4980 robustius
2394 4923 2674 4990 animcris,
2710 4924 2980 4979 invenies.
3007 4923 3185 4977 Iratus
3210 4934 3302 4990 est,
3329 4924 3412 4978 in-

1801 5017 1939 5088 quit,
1970 5015 2230 5072 Dominus
2269 5015 2337 5071 ad
2369 5026 2542 5087 patres
2570 5027 2776 5071 nostros
2817 5017 2895 5070 ira
2923 5033 3113 5087 ntugua
3157 5014 3404 5085 (Zacltar.

1801 5127 1841 5180 t,
1871 5109 1951 5183 2).
1982 5110 2114 5179 Quis
2144 5125 2252 5166 non
2284 5109 2388 5166 hoc
2422 5109 2651 5166 audiens
2683 5110 3104 5176 contremiscat?
3143 5109 3267 5179 quis
3299 5127 3404 5166 non

1803 5205 1966 5280 hujus
2008 5206 2160 5262 vocis
2188 5207 2392 5262 tonitru
2426 5207 2752 5277 perterritus
2791 5205 3082 5260 arelieret?
3109 5212 3202 5260 aut
3245 5222 3406 5277 quem

1803 5316 2022 5358 sensum
2063 5317 2168 5356 non
2199 5300 2315 5358 hate
2344 5300 2647 5371 indignatio
2678 5299 2922 5352 intimala
2965 5298 3246 5354 turbaret?
3276 5303 3408 5369 Quis

1803 5394 1947 5450 enim
1963 5405 2133 5450 status
2152 5395 2324 5450 teneri
2345 5393 2840 5465 poteratsanitatls,
2868 5392 2953 5447 ubi
2977 5403 3086 5448 tam
3108 5379 3407 5453 vehemens

1805 5489 1884 5543 ira
1929 5489 2346 5543 denuntiabatur
2391 5487 2681 5542 Auctoris?
2711 5487 2777 5539 Et
2827 5502 3015 5558 parum
3059 5490 3158 5544 luit
3203 5490 3408 5548 dixisse

1805 5581 2090 5650 iram,nisi
2114 5582 2529 5638 dcuuntiaretur
2561 5590 2616 5638 et
2642 5595 2858 5652 magna,
2882 5585 3035 5656 quasi
3066 5585 3232 5646 sinon
3263 5599 3406 5646 esset

1809 5734 1987 5798 specto
2010 5742 2111 5781 non
2136 5733 2393 5797 exspectat
2422 5725 2633 5796 aliquod
2660 5725 3011 5781 honorarium.
