4054 6328
557 272 663 332 9J9

1513 269 1606 331 AD
1643 265 1875 330 OPERA
1914 268 2163 331 SANCTI
2200 271 2523 334 AMBROSII
2560 270 2921 334 APPENDIX.

3719 275 3858 338 5000

554 408 769 465 magna,
795 389 1054 447 sustineri
1072 389 1391 461 ejusposset
1410 388 2161 447 vellentioriracundia.Sed
2198 399 2238 455 Α
2271 403 2447 449 tarum
2504 394 2647 450 facto
2699 394 2955 466 superius
3002 393 3072 451 sit
3121 393 3429 465 probatum,
3482 402 3660 454 tamen
3690 399 3857 454 etiam

555 487 840 544 videamus
875 501 1037 556 quem
1074 488 1283 541 exitum
1321 485 1639 555 pronuntiet
1667 492 1815 539 tanta
1843 486 2159 539 commotio.

552 580 730 638 Credo
754 625 767 645 ,
792 580 932 637 dixit
953 623 968 645 ,
1002 579 1216 636 bellicis
1242 594 1340 633 vos
1379 578 1701 650 inquietabo
1736 578 2081 644 tumultibu~,
2110 586 2167 634 et

553 672 885 749 captivitatis
906 690 1005 730 vos
1019 689 1160 727 s:eva
1191 673 1397 729 ditione
1419 672 1717 737 mulctalio,
1754 671 1895 727 fame
1919 687 2016 747 vos
2046 669 2165 725 affi-

553 768 717 833 ciam,
738 767 929 823 inorbo
955 766 1217 837 quatiam.
1259 773 1434 821 morte
1460 779 1802 832 consumam,
1826 764 2061 820 ferarum
2083 772 2167 819 at-

552 878 659 934 que
688 862 985 916 bestiarum
1020 861 1195 930 rapiet
1225 859 1505 931 inopinata
1535 861 1795 925 vastatio,
1825 858 2083 929 profugos
2110 866 2168 913 et

460 1016 463 1021 ,
553 955 754 1027 ubique
780 954 1058 1023 disperstis
1078 955 1306 1025 agitabit
1326 953 1601 1010 exsilium.
1621 951 1734 1007 lloc
1750 954 1896 1006 enim
1919 948 2165 1005 intellec-

553 1049 992 1118 tuireltnquitur,
1011 1047 1222 1103 utiram
1239 1061 1490 1118 magnam
1506 1046 1889 1101 vehementior
1919 1042 2165 1096 vindicta

552 1154 833 1214 sequatur.
857 1139 1034 1196 Iratus
1049 1152 1147 1205 est,
1167 1143 1365 1212 inquit,
1383 1137 1639 1195 Dominus
1660 1138 1731 1193 ad
1759 1148 1933 1210 patres
1963 1145 2166 1191 nostros

551 1238 854 1310 iramogna,
876 1237 1131 1293 dicensad
1148 1255 1232 1291 eos
1248 1236 1434 1310 (Zuclt.
1461 1235 1746 1307 t,2).Quid
1766 1234 1969 1290 dixerit
1984 1232 2166 1288 audia-

554 1350 679 1392 tnus
703 1351 716 1387 :
741 1332 1112 1389 Cotiuertimini
1134 1333 1203 1387 ad
1226 1348 1326 1396 me,
1354 1341 1401 1387 et
1432 1341 1703 1387 convertar
1729 1330 1799 1383 ad
1820 1346 1925 1384 vos.
1952 1329 1997 1383 0
2023 1327 2164 1383 indi-

548 1431 868 1503 gnationem
898 1429 967 1485 de
1011 1429 1213 1499 pietate
1258 1435 1573 1481 manantem
1599 1425 1613 1479 !
1645 1442 1677 1479 ο
1705 1438 1960 1494 magnam
1990 1421 2125 1476 iram
2146 1461 2162 1487 ,

551 1542 673 1598 quas
712 1525 876 1581 infert
910 1521 1383 1580 misericordiane!
1438 1518 1590 1591 Rogo
1629 1518 1721 1590 qui
1768 1518 1847 1572 sic
1892 1515 2162 1581 irascitur,

552 1617 1016 1692 quemadmodum
1075 1614 1405 1670 miseratur?
1453 1615 1563 1667 Aut
1608 1609 1651 1665 si
1714 1609 1788 1665 ita
1845 1607 2161 1671 miseretur,

552 1709 1016 1785 quemadmodum
1042 1716 1067 1745 ⁸
1092 1708 1408 1779 indignatus
1429 1703 1724 1761 irascitur?
1742 1702 1857 1760 Hoc
1879 1701 2018 1756 alius
2037 1714 2164 1771 pro-

2272 489 2561 545 llieremirc
2613 489 2894 560 prophetae
2945 503 3111 558 super
3138 503 3206 546 eo
3231 490 3418 560 accipe
3448 492 3857 556 testimonium;

2270 592 2327 637 ut
2371 598 2436 638 ex
2485 582 2817 638 testimoniis
2847 583 3059 653 plenius
3089 582 3184 637 tibi
3234 583 3497 653 probetur
3523 586 3858 656 exemplum.

2270 675 2479 740 Sermo,
2511 677 2706 746 inquit,
2734 677 2824 746 qui
2845 679 3011 747 factus
3030 685 3107 731 est
3128 693 3160 730 a
3188 675 3411 731 Domino
3427 676 3497 730 ad
3517 676 3860 744 Hieremiam,

2268 767 2489 823 dicens:
2523 767 2779 839 Exsurge,
2813 778 2862 823 et
2887 769 3137 823 descende
3161 771 3215 823 in
3262 771 3475 823 domum
3513 770 3684 840 figuli,
3715 780 3763 824 et
3788 771 3861 823 ibi

2269 863 2449 918 audies
2470 865 2620 918 verba
2646 881 2779 919 mea.
2809 863 2877 917 Et
2898 864 3143 919 descendi
3160 864 3213 919 in
3236 865 3446 919 domum
3474 866 3642 939 ﬁguli,
3670 876 3722 921 et
3746 882 3861 921 ecce

2267 957 2380 1025 ipse
2408 973 2540 1028 opus
2570 957 2790 1028 faciebat
2831 975 2985 1031 super
3027 959 3246 1028 lapides.
3274 968 3325 1014 et
3369 960 3552 1014 cecidit
3581 977 3671 1015 vas
3721 960 3862 1033 quod

2268 1048 2380 1118 ipse
2407 1048 2632 1119 faciebat
2657 1051 2710 1104 in
2739 1050 2976 1105 manibus
3007 1053 3153 1118 suis;
3178 1060 3226 1106 et
3254 1053 3439 1106 iterum
3467 1054 3589 1123 fecit
3614 1054 3751 1107 illud
3770 1071 3863 1109 cas

2267 1142 2434 1205 aliud,
2468 1144 2600 1198 sicut
2629 1144 2829 1216 placuit
2871 1161 3045 1200 coram
3081 1146 3196 1211 ipso
3242 1148 3434 1216 facere.
3470 1145 3537 1199 Et
3578 1150 3748 1218 factus
3787 1159 3864 1201 est

2267 1251 2434 1290 sermo
2481 1235 2691 1290 Domini
2712 1239 2780 1291 ad
2809 1254 2905 1302 me,
2952 1237 3129 1293 dicens
3160 1253 3178 1292 :
3205 1237 3356 1293 Sicut
3384 1239 3577 1310 ﬁgulus
3625 1239 3725 1293 iste
3755 1255 3861 1294 non

2268 1340 2444 1399 potero
2476 1345 2561 1384 vos
2598 1333 2787 1400 facere,
2811 1329 2994 1385 domus
3019 1329 3230 1385 Israel?
3254 1329 3391 1385 Ecce
3435 1332 3568 1385 sicut
3601 1330 3769 1385 lutum
3799 1331 3867 1401 [i-

2266 1421 2378 1493 guli
2404 1438 2491 1477 vos
2519 1423 2642 1476 estis
2664 1424 2717 1476 in
2743 1423 2978 1477 manibus
3016 1424 3141 1477 meis
3160 1440 3179 1479 :
3202 1434 3249 1478 et
3271 1436 3468 1478 tantum
3490 1425 3535 1479 si
3569 1423 3755 1495 loquar
3778 1441 3869 1479 su-

2268 1529 2360 1584 per
2396 1524 2595 1587 gentem
2643 1525 2734 1569 aut
2776 1532 2930 1585 super
2964 1532 3218 1589 regnum;
3247 1526 3303 1570 ut
3346 1516 3525 1572 tollam
3552 1533 3661 1582 eos.
3713 1530 3760 1573 et
3808 1526 3868 1571 ut

2268 1609 2483 1679 perdam
2505 1625 2612 1664 eos.
2642 1607 2761 1663 Etsi
2778 1625 3023 1664 canuersa
3050 1610 3206 1680 fuerit
3235 1627 3361 1681 gens
3385 1611 3477 1665 illa
3516 1627 3548 1663 a
3579 1611 3737 1665 malis
3754 1612 3867 1666 suis

2266 1703 2681 1774 cegitationibus,
2705 1704 3054 1775 pomitentiam
3077 1719 3230 1775 agant
3258 1721 3354 1775 pro
3377 1704 3551 1766 malis,
3582 1720 3703 1775 qua:
3726 1704 3867 1775 cogi-

552 1807 717 1879 plieta
749 1805 1089 1878 proloquitur
1125 1822 1138 1859 :
1172 1800 1478 1865 Revertere,
1527 1796 1719 1863 Israel,
1762 1799 1830 1851 ad
1880 1793 2165 1850 Dominum
2194 1798 2243 1860 B
2270 1795 2441 1849 tabam
2467 1805 2523 1849 ut
2554 1797 2776 1865 facerem
2798 1796 2895 1862 eis,
2918 1806 2966 1851 et
2993 1813 3093 1850 non
3124 1796 3334 1866 faciam.
3362 1795 3432 1852 Et
3461 1806 3628 1850 tamen
3650 1797 3700 1850 si
3725 1796 3868 1851 locu-

552 1911 717 1962 tuum.
751 1909 965 1968 propter
991 1896 1133 1968 quod
1161 1895 1460 1964 inﬁrmatus
1486 1910 1542 1949 es
1571 1895 1623 1947 in
1653 1888 2009 1963 iniquitatibus
2040 1887 2159 1941 tuis.

554 1990 725 2047 Dicite
753 1992 799 2046 ei
828 2007 846 2045 .'
879 1988 1072 2045 Potens
1101 2005 1153 2043 es
1180 1988 1437 2042 remittere
1465 1994 1680 2057 peccata
1717 1990 1901 2037 nostra
1925 2022 1940 2047 ,
1981 1996 2083 2034 non
2108 1987 2164 2033 ut

551 2082 823 2151 accipiatis
854 2080 1196 2150 iniquitatem,
1220 2080 1309 2133 sed
1332 2086 1387 2133 ut
1410 2075 1681 2145 accipiatis
1698 2078 1832 2130 bona
1848 2090 1868 2141 ;
1884 2080 1935 2127 et
1964 2070 2161 2126 reddite

548 2176 593 2233 ei
627 2179 830 2247 fructus
866 2173 1123 2229 labiorum
1157 2182 1439 2227 vestrorum
1460 2212 1476 2237 ,
1520 2179 1568 2225 et
1597 2166 1895 2238 epulabitur
1932 2166 1987 2219 in
2016 2164 2163 2217 bonis

549 2286 640 2326 cor
664 2280 890 2325 vestrum
932 2267 1083 2334 (Use.
1116 2283 1228 2333 xtv,
1269 2264 1360 2337 2);
1408 2274 1464 2322 et
1509 2262 1640 2319 alibi
1667 2279 1680 2315 :
1709 2260 1915 2326 Redite,
1962 2259 2158 2329 inquit,

547 2362 647 2432 filii
677 2366 985 2421 desertores.
1017 2360 1144 2414 dicit
1173 2357 1433 2413 Dontinus
1470 2354 1644 2429 (Esai.
1673 2369 1825 2417 xui,
1855 2352 1943 2425 b);
1975 2361 2030 2408 et
2060 2351 2160 2405 ite-

547 2470 668 2513 rum
700 2472 715 2510 :
749 2453 1089 2511 Revertimini
1107 2494 1123 2520 ,
1147 2452 1250 2522 filii
1275 2458 1579 2505 reuertentes
1600 2489 1615 2515 ,
1641 2456 1688 2502 et
1719 2443 1918 2499 sanabo
1943 2441 2159 2497 tribula-

547 2549 743 2605 tionem
765 2557 990 2603 uestram
1030 2543 1247 2617 (Jerem.
1280 2559 1393 2608 xiv,
1431 2541 1552 2611 ἓξ).
1587 2538 1682 2595 llis
1710 2550 1948 2594 consona
1990 2533 2159 2590 David

543 2642 740 2699 beatus
771 2652 1122 2710 peccatorum
1149 2639 1361 2709 solatia
1397 2632 1722 2692 decantavit
1760 2631 1991 2687 dicens:
2021 2626 2159 2683 Con-

545 2716 765 2807 fiteiuini
794 2733 1043 2801 Domino,
1069 2731 1318 2803 quoniam
1348 2730 1534 2794 bonus,
1558 2726 1803 2797 quoniam
1830 2723 1882 2779 in
1903 2732 2155 2779 internum

544 2828 904 2886 misericordia
926 2828 1043 2900 ejus
1070 2824 1241 2900 (Psal.
1267 2839 1363 2891 cv,
1399 2822 1472 2895 l).

613 2924 844 2982 CAPUT
897 2921 1091 2980 XXVI.
1122 2950 1194 2962 —
1227 2918 1339 2976 Nec
1366 2917 1471 2974 hoc
1522 2914 1755 2973 dixerim
1778 2955 1793 2981 ,
1830 2919 1889 2967 ut
1929 2911 2154 2967 latiores

541 3022 836 3080 admodum
861 3017 890 3058 ι)
919 3018 1109 3073 videar
1140 3013 1384 3072 habenas
1420 3009 1640 3067 dedisse
1671 3006 1931 3070 licentiae,
1972 3011 2030 3060 et
2051 3004 2152 3059 sub

540 3116 719 3172 venia:
747 3111 1012 3170 divinitus
1044 3104 1357 3165 tribuenda:
1389 3110 1656 3175 prietextu
1686 3097 1949 3173 peccandi
1979 3090 2152 3167 magis

2269 1898 2351 1944 tus
2382 1888 2529 1958 [uero
2560 1904 2712 1961 super
2742 1904 2958 1960 regnum
2986 1900 3077 1942 aut
3108 1901 3326 1963 gentem,
3364 1898 3418 1942 ut
3446 1890 3793 1957 reaedi/icetur
3819 1900 3866 1944 et

2267 1981 2763 2052 circumplantetur;
2793 1992 2839 2037 et
2882 1982 3061 2052 fecerit
3085 1983 3264 2054 iniqua
3309 1982 3364 2036 in
3410 1994 3689 2049 conspectu
3729 1998 3863 2048 meo,

2267 2083 2325 2128 ut
2357 2091 2462 2129 non
2491 2076 2738 2129 exaudiat
2775 2091 2947 2130 uocem
2975 2092 3140 2129 meam
3164 2092 3183 2130 :
3209 2076 3563 2146 panitentiam
3589 2093 3745 2148 agam
3771 2094 3865 2145 pro

2265 2169 2439 2233 bonis,
2471 2184 2588 2237 qua:
2616 2169 2817 2224 locutus
2841 2185 2955 2224 sum
2986 2180 3042 2224 ut
3069 2171 3290 2240 facerem
3317 2171 3412 2235 eis,
3443 2178 3492 2225 et
3518 2186 3624 2224 non
3646 2171 3864 2242 faciam.

2264 2259 2334 2315 Et
2360 2278 2499 2316 nunc
2520 2263 2606 2316 dic
2627 2262 2695 2316 ad
2718 2264 2851 2317 viros
2870 2260 3034 2323 Juda,
3055 2272 3103 2317 et
3119 2262 3468 2318 inhabitantes
3488 2261 3831 2318 Hierusalem
3846 2279 3864 2316 :

2263 2351 2400 2409 Ecce
2437 2371 2532 2429 ego
2561 2355 2704 2428 ﬁngo
2745 2356 2888 2411 mala
2930 2372 3086 2427 super
3106 2373 3216 2425 vos,
3265 2366 3313 2411 et
3352 2357 3522 2429 cogito
3562 2373 3726 2427 super
3776 2374 3863 2411 ros

2260 2449 2648 2519 cogitationem.
2683 2448 3021 2504 Convertatur
3052 2452 3401 2521 unusquisque
3443 2467 3476 2504 a
3510 2452 3595 2505 eia
3633 2467 3733 2505 sua
3751 2468 3863 2504 ma-

2260 2530 2445 2614 ligna.
2479 2541 2716 2597 meliores
2768 2544 2927 2615 facite
2986 2544 3326 2614 cogitationes
3375 2555 3572 2599 uestras
3620 2542 3859 2615 (lentu.

2264 2634 2471 2699 xvm,l
2507 2644 2556 2688 et
2582 2633 2752 2706 seq.).
2797 2635 3003 2693 Suadet
3046 2650 3180 2708 ergo
3212 2636 3411 2707 ﬁgulus
3447 2646 3638 2693 noster
3680 2652 3711 2690 a
3761 2638 3863 2693 viis

2258 2730 2516 2800 pessimis
2557 2739 2614 2786 et
2640 2730 3074 2802 cogitationibus
3105 2746 3208 2788 nos
3254 2731 3510 2802 malignis
3560 2732 3764 2796 averti,
3802 2740 3863 2787 ut

2255 2822 2550 2879 conversio
2592 2824 2932 2895 poenitentiae
2968 2825 3022 2881 in
3067 2824 3215 2882 aliud
3244 2840 3342 2881 vas
3369 2826 3547 2899 possit
3589 2827 3861 2884 fracturus

2257 2923 2477 2972 nostras
2516 2918 2757 2989 vitiaque
2804 2919 3096 2988 plasmare.
3131 2920 3197 2975 Et
3235 2921 3356 2975 vult
3384 2918 3571 2991 operis
3594 2922 3684 2976 sui
3732 2922 3861 2978 sub-

2255 3010 2515 3065 atantiam
2547 3026 2655 3067 non
2689 3011 2867 3083 perire
2909 3011 2966 3068 in
3010 3012 3423 3084 paenitentiam;
3459 3028 3530 3069 ne
3577 3017 3855 3071 sententia

2253 3117 2406 3158 reum
2429 3110 2633 3170 teneat,
2657 3117 2816 3174 quem
2840 3104 3116 3162 confessio
3137 3116 3383 3162 excusat.
3415 3106 3554 3162 Huic
3580 3118 3856 3165 consonat

540 3208 789 3266 fomitem
822 3203 1080 3261 Auctoris
1108 3195 1484 3271 paenitentiam
1511 3194 1845 3267 praebuisse;
1877 3192 1980 3245 hoc
2004 3192 2147 3245 enim
2177 3192 2224 3255 C
2255 3195 2541 3266 Sapientia
2571 3196 2912 3253 Salomonis:
2936 3197 3043 3255 Sed
3071 3200 3351 3267 misereris,
3376 3201 3577 3272 inquit,
3604 3198 3855 3269 Domine,

536 3292 796 3361 sermone
825 3314 949 3355 meo
973 3298 1262 3353 cadentem
1290 3289 1465 3362 erigo,
1489 3296 1722 3343 stantem
1752 3300 1858 3340 non
1890 3282 2106 3354 impello
2132 3299 2145 3334 :

539 3416 643 3458 nec
673 3395 973 3471 praeiudico
1002 3389 1357 3454 innocentiae,
1389 3384 1482 3457 qui
1514 3383 1775 3439 exhortor
1796 3378 1862 3435 ad
1888 3378 2147 3471 poeniten-

538 3468 1069 3563 tiam'peccatorem.
1105 3481 1413 3554 Siquidem,
1440 3486 1499 3533 ut
1527 3490 1694 3546 supra
1731 3475 1842 3545 jam
1873 3468 2141 3536 diximus,

535 3584 850 3647 innocentia
896 3580 1067 3652 exigit
1120 3577 1189 3633 de
1240 3574 1357 3631 Deo
1408 3570 1654 3627 debitum
1699 3567 1826 3621 vita:
1855 3580 1969 3620 suae
2007 3578 2144 3635 prte-

534 3683 704 3741 mium
753 3697 767 3734 :
823 3672 1146 3750 poiuitentia
1202 3684 1336 3725 vero
1396 3671 1681 3738 exspectat
1749 3657 2142 3717 misericordia:

531 3774 894 3837 beneﬁcium;
927 3784 1034 3826 non
1069 3779 1302 3839 peccare
1331 3762 1480 3819 enim
1513 3760 1707 3816 timere
1735 3763 1843 3823 est,
1876 3754 2141 3825 penitere

530 3886 664 3929 vero
709 3869 996 3939 plusquam
1030 3862 1248 3917 timere.
1278 3856 1413 3913 Nam
1453 3855 1778 3927 plerumque
1817 3845 2137 3939 oﬂeusioni-

531 3964 634 4020 bus
660 3938 911 4032 subiacet
940 3969 1137 4014 secura
1167 3949 1411 4008 felicitas
1436 3964 1450 4001 :
1481 3944 1698 4002 cautior
1724 3953 1903 3998 autem
1933 3940 1999 3995 ad
2027 3938 2140 4032 evi-

531 4053 695 4113 tanda
754 4031 1031 4124 praeterita
1086 4042 1349 4109 efﬁcitur,
1406 4054 1569 4112 quem
1622 4045 1801 4093 metus
1850 4031 2134 4093 emendat;

527 4149 656 4223 quia
701 4144 992 4203 sollicitior
1022 4154 1239 4211 semper
1266 4136 1394 4203 erit,
1422 4135 1515 4206 qui
1559 4140 1716 4189 cavet
1755 4126 2134 4186 neidemidem

527 4244 692 4319 603
719 4242 795 4300 ibi
818 4239 1049 4307 incidat,
1073 4237 1160 4293 ubi
1183 4236 1298 4308 jam
1326 4242 1490 4289 antea
1513 4230 1731 4289 cecidit.
1760 4229 1851 4286 Sic
1869 4226 2137 4298 guberna—

529 4349 707 4397 torem
740 4338 948 4393 faciunt
987 4332 1231 4406 pericula
1261 4337 1484 4401 experta
1518 4325 1814 4383 sollicitum
1840 4365 1856 4389 ,
1887 4331 1944 4379 et
1974 4324 2026 4377 in
2055 4323 2135 4376 of-

527 4430 713 4489 fensos
758 4438 948 4503 portus
974 4438 1387 4496 nonnumquam
1416 4432 1634 4477 veretur
1660 4420 1868 4474 intrare
1896 4458 1912 4484 ,
1933 4416 2023 4488 qtti
2048 4416 2133 4472 vel

526 4524 700 4582 semel
730 4521 1033 4580 incurrerit
1063 4534 1132 4575 ex
1174 4516 1467 4574 securitate
1494 4512 1859 4584 naufragium.
1887 4510 2134 4582 Denique

2252 3290 2505 3357 omnium,
2535 3291 2659 3361 quia
2689 3292 2863 3346 omnia
2907 3302 3073 3363 potes,
3112 3302 3160 3349 et
3186 3294 3405 3366 negligis
3436 3306 3651 3365 peccata
3682 3297 3851 3351 homi-

2249 3399 2394 3450 num,
2426 3393 2640 3455 prOpter
2665 3387 3055 3457 paenitentiam;
3080 3388 3255 3445 subest
3280 3392 3419 3445 enim
3447 3391 3540 3445 tibi
3567 3408 3686 3445 cum
3714 3391 3852 3447 coles

2247 3495 2419 3551 posse,
2448 3490 2498 3535 et
2524 3497 2642 3536 cum
2680 3483 2752 3537 sis
2781 3484 3011 3538 omnium
3041 3482 3322 3550 Dominus,
3369 3487 3614 3541 omnibus
3646 3498 3697 3541 te
3723 3503 3846 3557 par-

2245 3586 2359 3627 cere
2382 3573 2511 3643 facis
2534 3572 2693 3645 (Sap.
2709 3590 2785 3641 xi,
2802 3572 2919 3646 24).
2944 3575 3342 3634 Convertamur
3361 3594 3493 3651 ergo
3511 3588 3570 3636 et
3583 3580 3844 3637 conﬁtea-

2243 3681 2365 3721 mur
2388 3667 2637 3731 Domino,
2656 3684 2780 3723 cum
2814 3672 2866 3725 in
2887 3670 2991 3725 hoc
3011 3672 3194 3727 sa:culi
3218 3672 3468 3743 degimus
3503 3682 3833 3738 commeatu,

2241 3767 2298 3814 et
2337 3757 2510 3828 iudici
2543 3769 2732 3815 nostro
2761 3760 3102 3832 poenitentia:
3147 3762 3405 3819 viaticum
3446 3779 3834 3836 praeparemus.

2241 3840 2360 3909 Non
2396 3854 2505 3910 sint
2542 3857 2807 3927 temporis
2853 3857 3021 3913 nostri
3052 3857 3226 3914 otiosa
3254 3857 3549 3926 curricula,
3608 3874 3711 3916 nec
3740 3875 3837 3915 nos

2243 3948 2354 4003 nati
2383 3947 2452 4003 ad
2486 3949 2845 4019 peccandum,
2892 3950 2986 4008 sed
3015 3949 3083 4006 ad
3111 3950 3251 4007 bene
3281 3952 3553 4024 agendum
3585 3955 3837 4011 conviva-

2240 4055 2385 4098 mus.
2428 4042 2536 4097 Aut
2579 4042 2624 4097 si
2677 4051 2901 4115 peccato
2952 4043 3217 4101 fuerimus
3265 4047 3518 4113 obnoxii,
3578 4050 3831 4119 quoniam

2238 4134 2434 4192 deesse
2461 4151 2568 4191 non
2595 4144 2777 4208 potest
2807 4138 2860 4194 in
2892 4137 2995 4194 hoc
3025 4139 3211 4194 mundi
3243 4130 3460 4197 theatro
3484 4142 3619 4212 quin
3648 4157 3829 4214 pecce-

2238 4243 2381 4296 mus,
2410 4228 2831 4287 remiuiscamur
2851 4234 3049 4300 nostri,
3078 4240 3138 4289 ut
3157 4233 3395 4291 evadere
3409 4234 3680 4306 gehennae
3700 4252 3821 4308 prte-

2235 4324 2482 4396 cipitium
2530 4326 2838 4397 cupiamus.
2886 4327 3262 4385 Pwniteamus
3290 4344 3425 4401 ergo
3450 4346 3521 4386 ex
3549 4330 3679 4395 fide,
3712 4346 3825 4387 ore-

2234 4431 2357 4473 mus
2377 4432 2449 4475 ex
2470 4420 2657 4486 corde,
2677 4422 2953 4491 ploremus
2970 4438 3037 4478 ex
3055 4424 3287 4479 viscere.
3312 4423 3381 4479 Et
3400 4423 3546 4479 sicut
3560 4422 3821 4496 Propheta

2232 4510 2367 4568 dicit
2410 4529 2424 4567 :
2477 4512 2765 4571 Adoremus
2803 4525 2852 4570 et
2906 4516 3241 4585 procidamus
3292 4530 3341 4573 et
3393 4522 3664 4589 plorenms
3710 4526 3819 4573 ante

528 4622 808 4693 Scriptura
836 4617 1015 4675 divina
1044 4631 1058 4670 :
1086 4614 1187 4683 Qui
1216 4629 1321 4668 non
1350 4618 1578 4667 tentatus
1599 4618 1693 4673 est,
1726 4606 1919 4677 inquit,
1948 4605 2127 4677 qualia
2153 4593 2208 4653 D
2232 4604 2536 4675 Dominum,
2567 4609 2656 4679 qui
2685 4608 2807 4679 fecit
2833 4626 2964 4675 nos;
3008 4612 3135 4682 quia
3160 4612 3246 4679 qui
3273 4624 3451 4668 serunt
3477 4614 3532 4669 in
3558 4614 3814 4686 lacrymis,

521 4716 619 4772 scit
646 4713 889 4786 (εἶπαι,
917 4709 1048 4784 33)?
1082 4720 1140 4763 ut
1167 4704 1489 4763 ostenderet
1510 4717 1608 4773 per
1637 4700 1956 4756 tentationis
1996 4713 2128 4754 cau-

520 4825 640 4868 sam
669 4817 933 4881 tentatum
961 4817 1185 4874 semper
1214 4800 1359 4857 effici
1389 4796 1728 4861 cautiorem,
1760 4803 1819 4849 et
1845 4808 1941 4865 per
1966 4793 2127 4848 timo-

518 4920 638 4962 rem
663 4900 837 4973 magis
863 4897 1101 4970 corrigi,
1129 4893 1223 4965 qui
1253 4892 1507 4949 incautus
1537 4897 1696 4944 antea
1744 4885 1908 4942 fuerit
1953 4897 2126 4943 tenta-

518 4998 685 5055 tionis
750 4994 1001 5052 scientia.
1072 4990 1260 5060 Usque
1320 4985 1458 5041 adeo
1528 4992 1713 5039 autem
1769 4978 2122 5051 peccantibus

518 5094 784 5151 Dominus
809 5094 964 5162 optat
988 5087 1301 5157 ignoscere,
1331 5078 1422 5151 qui
1452 5092 1560 5133 non
1584 5075 1701 5131 vult
1728 5086 1958 5131 mortem
1996 5087 2118 5128 mo-

513 5188 708 5247 rientis
726 5226 744 5252 ,
770 5190 1034 5256 quantum
1066 5187 1122 5233 ut
1153 5182 1459 5231 revertatur
1479 5178 1535 5226 et
1564 5168 1737 5234 vivat;
1775 5177 1833 5222 ut
1858 5182 1993 5237 quos
2020 5181 2117 5236 pro

514 5277 854 5339 facinoribus
883 5273 996 5331 suis
1026 5269 1323 5341 alianties
1351 5264 1597 5321 destinat
1637 5275 1831 5332 pinnat,
1857 5259 2119 5331 interpel—

512 5374 655 5433 latus
687 5368 1031 5445 pteuitcntia,
1058 5365 1207 5419 illico
1234 5358 1461 5417 festinet
1496 5354 1821 5413 absolvere:
1854 5361 1911 5409 et
1939 5360 1999 5407 ut
2025 5367 2115 5409 re-

2224 4699 2279 4754 in
2294 4700 2485 4771 gaudio
2496 4702 2869 4777 metent(Psal.
2886 4718 3028 4770 satv,
3045 4706 3123 4778 6).
3139 4705 3314 4773 Felix,
3331 4706 3436 4763 beu
3461 4709 3685 4765 nimium
3700 4707 3812 4764 felix

2227 4793 2467 4850 officium
2505 4796 2895 4870 lacrymarum,
2926 4815 3036 4871 quo
3064 4800 3248 4857 futuro
3276 4813 3526 4873 tempore
3550 4802 3809 4874 colliguno

2226 4900 2315 4948 tur
2341 4890 2593 4962 prantia!
2624 4904 2681 4949 et
2708 4893 2924 4948 beatum
2951 4892 3182 4950 seminis
3211 4894 3641 4960 incrementum,
3677 4890 3805 4966 quod

2224 4985 2278 5041 in
2310 4984 2439 5041 ﬂetu
2473 4986 2837 5057 profunditur,
2868 4997 2928 5044 ut
2956 4987 3009 5045 in
3036 4989 3222 5045 ltetitia
3255 4992 3525 5047 metatur!
3548 4992 3800 5059 Scriptum

2224 5086 2309 5134 est
2334 5078 2481 5134 enim
2514 5095 2528 5131 :
2560 5076 2715 5135 Felix
2751 5082 2925 5149 homo,
2971 5082 3060 5153 qui
3081 5083 3317 5157 agnoscit
3344 5084 3603 5139 ululatum
3640 5096 3798 5138 suum.

2223 5169 2489 5227 Levemus
2542 5173 2732 5228 oculos
2781 5182 3001 5231 nostros
3046 5176 3114 5230 ad
3145 5188 3388 5242 montes,
3435 5176 3585 5232 unde
3634 5173 3800 5230 veniet

2223 5264 2483 5320 auxilium
2513 5265 2708 5333 nobis;
2738 5267 2863 5338 quia
2890 5267 3022 5321 sicut
3042 5269 3182 5323 oculi
3207 5284 3474 5324 servorum
3497 5269 3553 5323 in
3582 5265 3797 5322 manibus

2218 5359 2545 5415 dominorum
2572 5376 2809 5428 suorum,
2850 5370 2898 5415 et
2941 5361 3073 5416 sicut
3119 5363 3261 5417 oculi
3305 5364 3514 5418 ancilla
3539 5361 3611 5415 ad
3629 5372 3792 5415 manus

2216 5451 2442 5508 domitus
2462 5470 2570 5508 sua:
2590 5471 2610 5508 :
2634 5454 2709 5509 sic
2731 5465 2780 5510 et
2819 5455 2955 5510 oculi
2993 5456 3157 5511 nostri
3199 5457 3271 5511 ad
3311 5455 3593 5511 Dominum
3626 5452 3786 5521 ,Deuat

508 5470 712 5524 condat
737 5467 791 5519 in
823 5464 1017 5533 vagina
1048 5457 1403 5515 machteram,
1444 5458 1747 5506 commutat
1768 5446 2112 5503 animadver-

504 5559 682 5618 sionis
713 5554 1090 5610 satisfactione
1116 5545 1472 5605 sententiam.

578 5648 806 5708 CAPUT
846 5644 1232 5704 XXVll.—Et
1279 5654 1609 5713 quamquam
1653 5637 1760 5696 hoc
1802 5654 1871 5696 ex
1899 5635 2112 5695 Ninivio

2214 5559 2469 5614 nostrum,
2488 5562 2647 5617 usque
2666 5546 2790 5602 dum
2823 5552 3128 5604 misereatur
3148 5550 3295 5605 nobis
3316 5550 3336 5622 (
3354 5548 3504 5605 Psal.
3527 5563 3686 5611 cxxu,
3710 5544 3779 5611 5).

2282 5638 2509 5696 CAPUT
2550 5638 3076 5714 XXVlﬂ.-—Neque
3098 5643 3173 5699 ita
3194 5642 3575 5701 conversionis
3599 5648 3780 5697 nostra

578 5861 607 5893 ⁸
632 5856 821 5919 Codex
853 5854 1035 5923 Rern,
1064 5851 1347 5924 indignatis
1374 5850 1638 5907 irascitur.
2275 5845 2302 5886 δ
2326 5845 2478 5904 Idem
2502 5848 2705 5921 codex,
2731 5850 2967 5907 videatur
2994 5852 3220 5911 habenas
3244 5855 3446 5913 dedisse
3467 5853 3680 5913 licentia.
