3950 6314
66 330 211 386 1001

1170 329 1261 388 DE
1298 328 1748 392 PCENITENTIA
1791 331 1995 392 LIBER
2033 335 2236 395 UNUS.

3229 339 3371 398 1002

65 442 366 496 consilium
391 441 649 511 temporis
675 441 1138 501 delectationibus
1172 448 1584 520 prolongemus,
1609 459 1668 506 ut
1695 453 1748 513 A
1773 451 2029 519 violatur,
2063 461 2118 508 et
2146 467 2306 509 omne
2336 453 2479 525 quod
2521 453 2733 524 capitur
2769 452 3066 522 desiderio,
3101 464 3128 493 ι
3170 469 3371 528 corpus

75 533 184 590 sub
205 533 426 590 scientia
462 534 720 606 peccandi
738 544 794 592 et
813 535 1178 622 delectatione
1202 541 1465 610 pereundi
1495 558 1667 613 usque

1768 555 1863 600 aut
1887 547 2066 600 anima
2093 549 2342 618 corporis
2365 548 2662 614 desiderat,
2683 546 2852 621 604
2873 546 2997 603 finis
3027 549 3164 604 falce
3191 552 3371 607 succi-

66 627 136 683 ad
189 638 496 684 extremam
527 638 742 687 aetatem
789 646 890 686 nos
917 632 969 686 in
1007 634 1322 704 voraginem
1374 636 1665 690 criminum
1768 639 1934 696 ditur.
1959 638 2069 694 Nec
2091 650 2267 710 poteSt
2302 642 2601 710 perfectum
2631 641 2978 712 privilegium
3011 641 3372 699 beatitudinis

67 723 494 797 demergamus;
551 740 672 782 cum
732 727 954 783 vivendi
1001 728 1157 783 nobis
1199 745 1362 785 usum
1409 746 1438 786 τι
1484 730 1668 786 divina

67 816 392 888 dignatione
419 818 678 874 collatum
712 820 804 891 qui
838 820 1102 875 terminus
1129 820 1368 888 claudat,
1406 822 1670 878 habeatur

69 909 362 967 incertum.
393 912 459 968 Et
483 913 710 969 forsitan
742 913 844 970 hoc
872 914 1017 986 quod
1041 925 1134 969 aut
1163 917 1399 987 primunt
1426 927 1665 988 putatur,

67 1016 162 1060 aut
191 1005 453 1072 medium,
485 1007 821 1065 imminentis
871 1009 1083 1065 occidui
1120 1021 1266 1067 meta
1303 1012 1416 1083 jam
1447 1013 1664 1080 limitet,

67 1099 248 1167 sitque
275 1101 491 1158 debitus
511 1101 634 1159 linis
663 1103 996 1174 indignantis
1021 1105 1234 1161 Domini
1261 1123 1330 1162 ex
1349 1107 1673 1163 conversio-

68 1193 158 1248 nis
208 1194 463 1253 tarditate
497 1197 743 1264 vocatio;
798 1196 1017 1269 quando
1048 1198 1268 1266 quidem
1318 1215 1385 1256 ex
1424 1199 1673 1256 admoni-

72 1287 222 1342 tione
271 1287 697 1359 rumpendarom
742 1290 795 1345 itt
827 1292 1190 1348 conversione
1239 1309 1514 1349 morarum
1546 1311 1672 1365 pro-

69 1383 314 1452 positum
345 1383 597 1439 videatur
623 1385 907 1441 oraculum
943 1404 954 1439 :
992 1385 1114 1440 Non
1141 1389 1316 1442 tardes
1351 1388 1580 1442 converti
1605 1389 1674 1442 ad

70 1475 380 1546 Dominum,
409 1488 456 1533 et
483 1496 547 1534 ne
577 1479 794 1548 diﬂ'eras
823 1481 887 1536 de
917 1481 1001 1536 die
1041 1481 1094 1537 in
1121 1482 1292 1549 diem;
1322 1484 1492 1538 subito
1537 1484 1674 1538 enim

69 1571 208 1625 venit
258 1572 339 1626 ira
390 1573 525 1645 ejus,
567 1581 615 1627 et
670 1573 726 1628 in
783 1584 1012 1644 tempore
1054 1575 1294 1630 vindirtce
1327 1575 1591 1648 disperdet
1629 1585 1677 1630 te

72 1663 284 1735 (Eccli.
308 1682 361 1733 ν,
389 1668 488 1738 8);
519 1677 572 1722 et
615 1666 810 1724 iterum
848 1687 860 1722 :
895 1667 1018 1734 Fili,
1065 1669 1311 1741 peccasti,
1344 1686 1407 1723 ne
1452 1669 1677 1742 adjicias

73 1759 284 1828 iterum,
317 1759 408 1814 sed
432 1770 481 1814 et
510 1760 574 1814 de
600 1761 836 1833 pristinis
877 1760 1178 1828 deprecare,
1209 1771 1264 1815 ut
1293 1760 1385 1816 tibi
1411 1761 1678 1816 dimittan-

1767 731 2036 795 obtinere.
2055 732 2200 803 quod
2219 732 2541 790 mternitatis
2566 749 2671 788 non
2692 735 3077 791 circumvallat
3097 736 3374 803 inﬁnitas;

1774 823 2038 880 caducum
2071 825 2216 881 enim
2248 824 2317 881 sit
2349 842 2575 883 necesse
2604 837 2713 895 est,
2757 829 2902 900 quod
2947 830 3252 887 inevitabili
3285 845 3384 888 ne-

1772 918 2028 973 cessitate
2091 917 2360 974 metitur:
2402 919 2699 976 obnoxium
2741 929 2798 978 et
2844 921 3158 978 inconSIans
3211 935 3377 994 atque

1773 1010 2046 1066 inﬁrmum
2080 1012 2269 1084 procul
2301 1012 2466 1069 dubio
2496 1015 2824 1079 remanebit,
2848 1017 3006 1087 cujus
3028 1016 3195 1072 vitam
3231 1033 3372 1072 tton-

1775 1121 2069 1176 numquam
2135 1106 2390 1161 fortuitus
2449 1117 2683 1162 eventus
2730 1107 3032 1176 intercipit.
3092 1109 3190 1165 llis
3243 1127 3377 1183 ergo

1773 1201 1987 1257 cunctis
2019 1213 2194 1257 morte
2237 1199 2431 1265 finitis,
2480 1210 2727 1256 nostrum
2778 1203 2830 1258 in
2877 1203 2991 1274 ipsa
3031 1214 3208 1261 morte
3247 1207 3380 1277 quid

1775 1295 2098 1365 proprium?
2143 1295 2202 1350 Si
2254 1296 2390 1351 nihil
2428 1295 2572 1367 quod
2625 1297 2752 1352 boni
2802 1299 2983 1368 operis
3036 1299 3382 1357 incremento

1776 1387 2110 1442 conscientia
2160 1389 2596 1457 sobsarcinetur,
2652 1389 3009 1456 habebimus;
3058 1402 3114 1447 ct
3164 1395 3208 1449 si
3244 1394 3379 1450 nihil

1780 1479 1904 1534 b0ni
1937 1495 2001 1535 ex
2034 1481 2187 1536 nobis
2221 1481 2422 1538 habere
2476 1483 2774 1552 potuimus,
2805 1484 2930 1554 quid
2974 1486 3255 1542 nobiscum
3288 1501 3378 1544 rc-

1780 1585 2030 1630 meantes
2058 1577 2123 1630 ad
2169 1581 2397 1647 patriam
2428 1578 2788 1634 defcremns?
2819 1579 2991 1648 Quam
3041 1581 3188 1638 nuda
3215 1592 3384 1648 atque

1778 1667 2037 1724 deformis
2063 1671 2244 1724 anima
2269 1681 2451 1726 nostra
2485 1672 2811 1737 remanebit,
2837 1673 2884 1728 si
2911 1688 3012 1728 nos
3039 1689 3158 1729 eam
3183 1677 3378 1733 saltem

1783 1761 2120 1832 poenitentia:
2163 1762 2531 1819 velaminilius
2572 1774 2628 1820 et
2671 1765 3045 1823 cciifessionis
3091 1768 3384 1826 amictibus

73 1860 196 1919 tur;
224 1863 270 1906 et
299 1869 362 1907 ne
381 1853 608 1926 adjicias
631 1864 895 1924 peccatum
923 1871 1081 1924 super
1101 1866 1391 1928 peccatum,
1423 1864 1469 1910 et
1493 1855 1672 1910 dicas:
1712 1849 1759 1909 Β
1790 1869 1896 1908 non
1931 1854 2254 1926 obtegamns
2281 1858 2294 1910 ι
2331 1856 2436 1911 nisi
2468 1859 2590 1929 quia
2639 1859 3032 1927 turpitudinem
3063 1859 3391 1917 festinamus

75 1944 352 2001 Miseratio
383 1944 483 2000 Dei
505 1964 695 2022 magna
724 1959 836 2015 est;
872 1949 1227 2004 misericordia
1255 1950 1392 2004 enim
1436 1961 1482 2004 et
1512 1952 1592 2003 ira
1617 1951 1680 2005 ab

74 2038 171 2094 illo
203 2037 410 2107 (Eccli.
451 2057 564 2109 XXI,
595 2045 620 2098 l
646 2043 688 2112 ).
715 2041 824 2099 Nec
857 2059 956 2099 nos
986 2058 1158 2113 usque
1185 2043 1252 2099 ad
1299 2053 1532 2100 mortem
1567 2044 1683 2100 ﬁeri

75 2131 351 2203 mancipia
400 2133 695 2203 patiamur,
721 2144 777 2191 ct
803 2134 998 2191 demus
1028 2151 1258 2207 corpora
1287 2149 1474 2193 nostra
1507 2137 1682 2194 scele-

77 2240 201 2280 rum
229 2225 450 2294 ditioni,
481 2227 576 2282 sed
621 2229 941 2284 obediamus
984 2231 1248 2301 Aposmlo
1280 2231 1486 2287 dicenti
1516 2250 1528 2286 :
1561 2230 1686 2286 Non

77 2328 257 2391 regnet
281 2331 548 2390 peccatum
570 2321 626 2375 in
655 2331 825 2378 vestro
848 2323 1056 2377 mortali
1085 2339 1328 2394 corpore,
1361 2335 1414 2378 ut
1437 2323 1686 2380 obediatis

77 2411 127 2464 ei
150 2417 164 2478 (
189 2409 348 2466 Rom.
375 2427 446 2482 vr,
475 2411 610 2484 12);
657 2423 715 2468 ut
759 2421 884 2485 quia
936 2424 1157 2485 peccata
1193 2416 1386 2472 deesse
1416 2431 1520 2472 n0n
1553 2431 1684 2489 pos-

78 2514 228 2570 sunt,
278 2518 433 2562 certe
484 2522 592 2562 non
620 2519 874 2580 regnent,
907 2509 1008 2565 hoc
1037 2521 1146 2574 est,
1179 2526 1248 2567 ne
1277 2512 1394 2566 sine
1435 2523 1687 2579 respectu

80 2599 356 2656 evadendi
388 2599 482 2656 ﬁat
511 2601 740 2671 abrupta
788 2602 1007 2659 licentia
1057 2605 1346 2676 peccandi.
1395 2604 1506 2660 Aut
1542 2615 1690 2662 certe

81 2694 129 2751 si
156 2704 313 2766 putat
341 2695 539 2766 aliquis
580 2707 789 2755 restare
821 2699 923 2756 sibi
952 2709 1167 2773 tempus
1194 2713 1247 2757 ιιι
1281 2713 1489 2773 peccet.
1523 2712 1578 2759 et
1603 2718 1692 2758 sa-

85 2789 217 2846 tiata
251 2790 480 2848 libidine
509 2807 630 2848 cum
671 2794 782 2864 jam
811 2795 1177 2866 imperassent
1207 2797 1393 2864 animo
1441 2796 1691 2866 corporis

83 2886 258 2954 vires,
295 2897 424 2943 tunc
453 2886 518 2941 ad
559 2887 862 2960 paenitendi
895 2889 1077 2946 redire
1118 2889 1406 2961 judicium,
1441 2891 1691 2945 ultimum

84 2980 221 3034 vita:
255 2994 371 3036 suae
414 2980 547 3036 mihi
579 2991 790 3050 tempus
817 2982 1018 3049 edit-at,
1051 2999 1161 3053 quo
1190 2983 1516 3049 calculante,
1554 2983 1694 3038 didi-

82 3075 248 3140 cerit,
283 3090 390 3144 quo
422 3075 757 3143 insinuante,
803 3079 1151 3148 cognoverit;
1204 3084 1261 3131 ιιι
1303 3077 1427 3148 jure
1456 3076 1582 3141 sibi,
1637 3087 1694 3131 ut

86 3167 160 3224 ita
191 3168 399 3235 dicam,
432 3169 500 3224 de
548 3172 809 3240 temporis
839 3170 1022 3240 spatio
1069 3169 1398 3226 blandiatur.
1452 3169 1524 3226 At
1567 3185 1691 3225 cum

87 3261 254 3316 nobis
278 3261 592 3333 inopinatus
615 3261 686 3319 sit
705 3264 886 3319 exitus
914 3263 1242 3326 terminalis,
1265 3265 1463 3318 etvitte
1490 3272 1688 3318 nostra:
1717 3241 1762 3304 (ἶ

85 3354 258 3411 dubia
295 3355 403 3411 sint
431 3371 495 3411 ex
527 3358 716 3412 mortis
746 3357 1049 3427 ignorantia
1078 3357 1384 3422 curricula;
1416 3357 1696 3427 quomodo

87 3451 196 3507 sibi
225 3449 462 3523 quisque
501 3467 791 3524 superesse
821 3453 888 3508 ad
929 3451 1298 3508 confitendum
1335 3459 1549 3522 tempus
1584 3450 1699 3506 exi—

87 3547 309 3614 stimat,
340 3546 430 3618 qui
461 3549 722 3618 temporis
745 3547 826 3602 sui
859 3558 1073 3618 tempus
1105 3546 1340 3618 ignorat,
1363 3561 1486 3600 eum
1511 3547 1698 3615 utique

88 3639 288 3693 audiat
314 3639 589 3695 dicentem
621 3639 962 3710 Srripturam
996 3657 1010 3694 :
1058 3638 1248 3693 Vivens
1279 3647 1325 3694 et
1371 3653 1527 3693 sanus
1561 3639 1696 3707 [ate-

89 3734 251 3796 beris,
297 3740 343 3786 et
372 3731 614 3787 laudabis
645 3729 836 3798 Deum,
883 3743 932 3788 et
965 3733 1020 3787 iu
1065 3740 1267 3805 partem
1316 3732 1468 3786 vades
1515 3729 1700 3784 διεσαιὶ

86 3827 266 3881 sancti
317 3841 432 3880 cum
495 3827 620 3881 ulvis
673 3837 722 3881 et
781 3827 1024 3883 dantibus
1084 3827 1457 3897 confessioaent
1502 3823 1695 3898 (Eccli.

85 3936 231 3986 xvii,
297 3919 432 3990 27).
480 3919 684 3975 Dilatio
749 3921 895 3975 enim
963 3920 1224 3990 temporis
1295 3920 1697 3976 confessionem

84 4020 272 4075 creet,
299 4021 351 4066 et
371 4025 480 4066 non
510 4011 952 4082 desperationem
971 4020 1230 4083 generet;
1255 4011 1377 4080 quia
1404 4025 1698 4081 enggera-

84 4108 246 4162 turin
281 4105 450 4162 dilato
476 4106 780 4171 damnatio,
801 4106 890 4176 qui
924 4105 1161 4162 divinam
1189 4105 1507 4176 patientiam
1537 4103 1702 4173 perti-

84 4201 212 4256 naci
235 4200 591 4257 animositate
613 4200 833 4271 cogitat.
857 4200 1008 4268 Quod
1033 4199 1205 4255 sancti
1225 4197 1340 4254 Noe
1365 4196 1701 4269 temporibus

85 4294 328 4351 docetur
356 4294 631 4361 etfcctum,
663 4309 787 4349 cum
819 4308 915 4364 per
944 4302 1162 4349 centum
1213 4307 1387 4347 annos
1425 4299 1699 4362 pertracta

89 4387 361 4460 patientia
419 4387 822 4458 implacabilem
865 4402 962 4458 per
1006 4385 1189 4441 mundi
1242 4385 1506 4440 ambitum
1565 4381 1702 4438 fudit

85 4483 515 4554 cataclysmum,
543 4481 839 4537 inuudante
861 4495 1112 4537 censura.
1151 4478 1303 4536 Unde
1343 4479 1534 4534 beatus
1556 4475 1703 4547 Apo-

86 4578 276 4635 stolus
306 4577 384 4632 ait
413 4594 426 4631 :
458 4577 538 4632 Au
585 4576 833 4648 numquid
863 4577 1182 4648 opulentiam
1213 4575 1459 4630 bonitatis
1486 4577 1621 4648 ejus,
1652 4581 1700 4626 et

1786 1945 2145 2012 abscondere,
2178 1949 2451 2003 etanimae
2483 1950 2705 2018 operire
2731 1966 2840 2006 nou
2869 1953 3252 2008 contendimus
3290 1970 3394 2009 nu-

1784 2039 2032 2100 ditatem,
2057 2039 2215 2110 cujus
2236 2057 2358 2096 cum
2390 2042 2454 2096 sit
2478 2043 2802 2098 naturaliter
2829 2044 3118 2100 invisibilis
3147 2045 3396 2117 pulchri-

1787 2131 1936 2198 tudo,
1973 2132 2203 2188 visibilis
2227 2135 2318 2188 fiet
2345 2145 2691 2204 peccatorum
2723 2137 2889 2192 sorde
2921 2137 3264 2195 deformitas.

1859 2223 2088 2281 CAPUT
2127 2225 2495 2281 XXX—Illa
2529 2237 2655 2283 sunt
2679 2231 2994 2298 occupanda
3033 2233 3389 2302 commercia,

1788 2315 1897 2371 illae
1943 2317 2378 2390 complectenda:
2408 2319 2637 2386 divitize,
2686 2321 2775 2376 illa
2809 2325 3082 2393 captanda
3115 2329 3388 2396 potentia,

1789 2425 1949 2476 qttam
1983 2426 2090 2464 non
2136 2419 2351 2482 tempus
2389 2413 2573 2484 eripit,
2608 2429 2712 2468 non
2761 2415 2914 2472 locus
2942 2417 3240 2487 subtrahit,
3280 2437 3390 2476 non

1792 2519 2024 2574 persona
2057 2505 2328 2572 subducit,
2375 2523 2498 2576 qua:
2538 2519 2719 2564 manet
2767 2521 2908 2564 statu
2953 2525 3238 2581 ιιειιιιιιυιι,
3269 2531 3394 2584 qua:

1791 2598 2076 2670 privilegio
2103 2611 2356 2656 servatur
2378 2610 2610 2668 aeterno,
2641 2620 2759 2673 quae
2781 2605 2872 2659 lini
2905 2622 3013 2661 non
3041 2608 3392 2676 sobducitur,

1791 2710 1912 2764 qua:
1944 2697 2135 2751 mortis
2158 2696 2292 2768 jogo
2315 2713 2414 2753 nec
2448 2699 2713 2768 premitur
2741 2715 2841 2755 nec
2868 2715 3112 2771 urgetur.
3146 2701 3396 2761 Ibt‘enim

1792 2786 1936 2843 bona
1967 2796 2078 2843 tuta
2118 2798 2245 2844 sunt
2299 2789 2679 2856 conscientiae,
2734 2792 2822 2846 ubi
2869 2793 2977 2862 jam
3051 2811 3160 2850 non
3211 2795 3404 2853 licebit

1795 2891 1921 2954 post
1966 2883 2254 2953 praesentia
2318 2885 2504 2940 Stet-uti
2551 2886 2689 2939 mala
2745 2901 2993 2956 peccare,
3051 2889 3142 2942 ubi
3177 2888 3401 2946 diabolo

1796 2978 1980 3034 nullus
2008 2992 2290 3046 accessus,
2319 2978 2410 3034 ubi
2445 2980 2794 3034 tenebrarum
2821 2996 2926 3034 non
2961 2990 3043 3035 est
3074 2982 3257 3050 locus;
3303 2982 3401 3040 sed

1796 3087 1973 3144 neque
2003 3072 2096 3142 qui
2123 3072 2346 3143 decipit,
2394 3089 2571 3142 neque
2612 3073 2700 3144 qui
2732 3073 2907 3143 decipi
2941 3077 3142 3144 possit,
3179 3079 3400 3148 penitus

1797 3167 2094 3222 invenitur.
2118 3165 2234 3221 Illic
2262 3167 2398 3221 bona
2428 3166 2636 3231 omnia,
2681 3166 2785 3221 illic
2816 3177 3011 3222 cuncta
3047 3170 3247 3235 felicia,
3284 3171 3405 3228 illic

1797 3277 2056 3333 proSpera
2084 3261 2338 3317 universa
2373 3277 2387 3314 :
2421 3275 2526 3315 non
2545 3261 2666 3315 dies
2690 3260 2826 3314 lucis
2851 3263 3191 3318 incremento
3221 3273 3402 3319 muta-

1800 3356 1945 3422 bilis,
1980 3372 2086 3410 non
2117 3356 2196 3410 sol
2228 3355 2428 3411 lentior
2455 3355 2510 3410 in
2541 3364 2686 3422 orttt,
2719 3355 2771 3408 iu
2801 3357 3058 3426 fulgeudo
3087 3357 3314 3424 clarior,
3348 3361 3402 3416 in

1798 3465 1992 3505 occasu
2023 3449 2224 3504 fuscior
2255 3448 2541 3518 apparebit
2570 3467 2583 3502 :
2614 3465 2720 3502 nox
2745 3453 2971 3502 ontttitto
3009 3451 3244 3516 vacabit,
3274 3453 3403 3509 luna

1801 3559 1907 3598 n0n
1937 3545 2059 3610 erit,
2105 3559 2206 3598 nec
2234 3543 2476 3598 siderum
2509 3543 2740 3596 micatus
2783 3543 3063 3598 ardentior
3108 3545 3353 3600 rutilabit
3388 3563 3402 3600 :

1801 3635 1998 3692 famem
2051 3652 2214 3692 nemo
2254 3638 2474 3700 sentiet,
2509 3638 2764 3708 lacryma:
2813 3635 3191 3707 detergentur,
3243 3638 3406 3694 timor

1801 3733 2006 3796 nullus,
2046 3742 2224 3786 metus
2251 3746 2316 3787 ex
2343 3731 2534 3796 nihilo,
2567 3729 2882 3798 jncunditas
2920 3735 3126 3797 omnia,
3176 3749 3277 3801 pax
3317 3744 3403 3788 to-

1803 3834 1937 3891 tum,
1983 3823 2240 3896 gaudium
2269 3822 2528 3895 quidquid
2577 3822 2873 3878 obnoxium
2922 3825 3159 3880 tristitia:
3201 3825 3410 3896 fuerat,

1803 3920 2176 3991 possidebunt.
2221 3918 2412 3974 Omnia
2455 3918 2719 3990 prOpheta
2752 3918 2942 3974 Itsaias
2987 3919 3276 3977 evidenter
3305 3937 3406 3977 ex-

1801 4012 1952 4084 ponit
1979 4009 2143 4085 (lsai.
2170 4027 2261 4078 ιχ,
2279 4007 2540 4079 ἱέρεαι).
2567 4012 2696 4076 Qua-
2717 4010 2926 4064 IUIICIIll
2951 4011 3118 4080 gloria
3144 4011 3403 4082 felicium,

1803 4124 1923 4178 quae
1959 4107 2225 4178 supplicia
2265 4107 2610 4168 miserorum,
2645 4105 2733 4172 qui
2768 4104 3028 4176 gemitus,
3075 4123 3194 4174 quae
3224 4110 3407 4178 suspi-

1803 4202 1881 4257 ria
1916 4202 2280 4270 peccantium,
2313 4215 2434 4271 qum
2461 4197 2737 4253 beatitudo
2766 4200 3120 4254 sanctorum?
3155 4201 3247 4256 llis
3275 4216 3402 4258 cum

1806 4295 1920 4351 Deo
1962 4294 2321 4360 consortium,
2379 4293 2502 4347 illos
2529 4291 2724 4347 donari
2771 4292 3157 4364 gehennalium
3189 4297 3406 4352 crucia-

1805 4399 1990 4446 mento
2017 4388 2359 4445 ﬂammarum
2394 4405 2407 4442 :
2441 4386 2540 4443 hos
2567 4386 2980 4455 incomparabili
3018 4390 3219 4461 perfrui
3251 4391 3414 4448 refri-

1803 4483 1978 4554 gerio,
2032 4481 2155 4537 illos
2211 4479 2467 4538 incendio
2528 4478 2886 4534 iudomitabili
2938 4481 3199 4536 trucidari
3251 4483 3407 4542 :hos

1806 4575 2042 4646 paradisi
2085 4575 2349 4640 fontibus,
2394 4588 2794 4642 nemorumque
2821 4573 3125 4629 verticibus
3153 4593 3178 4628 a
3215 4577 3410 4636 rivulis

86 4675 308 4746 longam
348 4673 648 4741 patientiam
689 4642 996 4733 contemnis,
1029 4671 1274 4740 ignorans
1315 4669 1454 4741 quod
1489 4667 1583 4722 Dei
1612 4670 1698 4722 bo.
1725 4642 1779 4703 D
1805 4667 2112 4724 indefessos
2160 4667 2446 4733 atticenari,
2501 4665 2622 4720 illos
2667 4673 2862 4736 stagno
2914 4666 3078 4737 ignis,
3112 4678 3167 4724 et
3197 4669 3410 4727 ﬂuento

85 4769 233 4822 nitas
267 4768 340 4820 ad
371 4768 720 4834 paenitentiam
743 4775 791 4822 te
819 4765 1078 4819 adducit?
1106 4763 1184 4819 Tu
1211 4775 1381 4819 autem
1419 4763 1702 4818 secundum

83 4859 356 4914 duritiam
387 4868 526 4912 tuam
554 4867 598 4913 et
627 4844 714 4913 cor
743 4859 1070 4926 impaenitens
1102 4857 1424 4912 thesaurizas
1453 4857 1544 4911 tibi
1564 4855 1700 4909 iram

85 4955 142 5008 in
172 4955 266 5007 die
298 4954 388 5007 ira:
411 4963 461 5007 et
489 4953 813 5008 reuelationis
849 4953 984 5026 justi
1015 4952 1210 5022 jutlicii
1247 4951 1362 5015 Dei,
1389 4953 1475 5023 qui
1523 4949 1700 5005 reddet

84 5048 386 5114 unicm'que
409 5049 687 5102 secundum
719 5047 858 5117 facta
883 5064 981 5102 stta
1009 5045 1200 5114 (Rom.
1232 5064 1290 5114 tt,
1320 5046 1353 5099 4
1373 5047 1413 5117 ).

161 5141 406 5197 CAPUT
448 5139 878 5197 XXIX.-—Volo
924 5142 1075 5197 dicas
1127 5139 1282 5206 mihi,
1351 5155 1472 5210 quae
1520 5155 1700 5196 rerum

86 5235 461 5311 prmsentium
493 5235 690 5306 gloria,
723 5234 814 5304 qui
845 5235 956 5289 sint
982 5236 1145 5300 huius
1173 5235 1440 5301 temporis
1471 5233 1701 5300 fructus,

86 5345 223 5404 quae
275 5327 481 5382 utilitas
511 5318 868 5383 caducoruml
916 5328 1088 5396 Regni
1139 5325 1404 5397 potentia,
1459 5334 1516 5380 ut
1563 5324 1702 5393 dixi,

87 5433 282 5484 morte
311 5421 517 5487 linitur,
543 5424 828 5494 potestatis
845 5423 1072 5478 ambitio
1095 5422 1449 5478 successione
1489 5420 1700 5476 dirimio

89 5535 208 5587 tur,
228 5517 547 5575 divitiarum
568 5517 722 5587 capia
745 5517 879 5573 vivis
895 5517 1053 5574 nobis
1077 5517 1398 5587 plerumque
1421 5513 1705 5571 Subtrahi-

87 5629 208 5686 tur,
258 5614 557 5682 voluptatis
604 5614 817 5670 ell'ectio
861 5612 1076 5667 tristitia
1127 5612 1532 5666 interveniente
1584 5623 1709 5662 cor-

87 5713 407 5783 rumpitur,
455 5708 765 5780 jucunditas
813 5706 1130 5779 gaudiorum
1194 5717 1372 5762 metus
1417 5702 1707 5759 formidine

1807 4761 2064 4826 incendii,
2089 4771 2251 4834 atque
2273 4773 2409 4816 atra:
2437 4759 2614 4815 noctis
2640 4759 2890 4815 tenebris
2917 4761 3194 4827 obsessos,
3230 4764 3408 4834 pmuis

1804 4855 2278 4912 inextricabilibus
2301 4855 2578 4924 perurgeri
2615 4869 2630 4905 :
2661 4851 2726 4908 ad
2757 4864 3095 4923 postremum
3129 4855 3225 4908 hos
3245 4855 3406 4910 bonis

1807 4945 2123 5005 caelestibus
2153 4949 2253 5009 uti,
2287 4945 2411 5000 illos
2441 4947 2608 4999 totius
2640 4945 2904 5015 gehenna:
2927 4957 2980 5002 et
3008 4954 3224 5001 aeterna:
3262 4962 3413 5004 mor-

1807 5044 1872 5099 tis
1901 5042 2169 5097 edacitate
2191 5040 2475 5095 consumi?

1883 5133 2109 5190 CAPUT
2150 5131 2504 5188 XXXl.—Si
2538 5147 2682 5188 nunc
2730 5141 2988 5203 quantum
3035 5133 3101 5188 ad
3149 5136 3411 5196 smculnm

1812 5229 2080 5303 qniSpiam
2110 5229 2445 5299 paupertatis
2478 5228 2600 5282 labe
2631 5227 2906 5290 delectus,
2941 5227 2991 5282 in
3017 5242 3273 5301 promptu
3304 5249 3412 5292 non

1813 5325 2010 5381 habeat
2051 5323 2197 5380 unde
2240 5323 2625 5394 qualicumque
2673 5322 2816 5376 victu
2853 5322 3158 5388 famelicam
3195 5337 3417 5384 susten-

1811 5428 1930 5474 tare
1958 5417 2131 5488 possit
2159 5416 2422 5480 esuriem,
2453 5415 2743 5482 videatque
2772 5412 2909 5466 alios
2940 5415 3142 5482 opimis
3171 5416 3410 5487 dapibtts

1815 5527 2032 5568 mensas
2083 5525 2336 5576 onerare,
2370 5524 2434 5564 ac
2474 5510 2703 5563 refertos
2741 5508 2916 5576 epulis
2948 5507 3138 5567 bibere
3168 5528 3411 5587 gemma,

1816 5619 1869 5664 οι
1897 5605 2216 5678 protrahere
2239 5605 2397 5674 lotige
2431 5615 2730 5672 apparatus
2763 5601 3066 5661 ambitione
3098 5610 3414 5680 peregrinis

1817 5701 2101 5771 saporibus
2133 5699 2466 5769 pigmentata
2494 5694 2768 5760 convivia,
2817 5711 2940 5764 quae
2974 5708 3133 5768 putas
3160 5715 3286 5757 cum
3317 5703 3423 5758 du-

168 5867 198 5896 ιι
245 5850 402 5908 Edit.
430 5849 610 5919 Rom.,
640 5858 729 5906 aut
756 5865 944 5920 corpus
973 5858 1063 5905 aut
1091 5848 1266 5903 animo
1286 5845 1409 5916 ﬁnis
1431 5839 2113 5918 calcejsucciditurmodcx
2153 5845 2333 5893 autem
2379 5835 2540 5891 Rom.
2593 5847 2655 5888 ac
2673 5830 2802 5888 Gill.
2848 5831 3141 5894 lectionem
3183 5847 3432 5898 nostram

89 5927 480 5989 constituunt.
1140 5995 1142 5998 ν

635 6016 910 6079 Ρλτιιοι.
959 6012 1161 6077 XVII.

2995 5999 3114 6062 32‘
