3950 6314
663 285 804 360 1003

651 515 910 570 inteStin-i
935 511 1124 566 dolore
1155 509 1437 578 querelas;
1474 507 1748 562 interdum
1779 507 1942 562 etiam
1981 505 2252 578 laerymas

653 607 906 671 fundere,
942 620 1068 662 cum
1103 603 1266 672 paulo
1295 601 1534 670 amplius
1560 601 1676 672 capi
1723 601 1948 672 incipiat
1974 599 2252 656 desiderio

653 701 917 766 visorum,
961 709 1014 753 et
1055 697 1410 752 inardescere
1453 695 1624 766 magis
1648 709 1712 750 ac
1751 695 1924 766 magis
1955 693 2157 750 sentiat
2181 707 2250 748 ex

645 791 920 848 desiderio
959 788 1212 846 inefficax
1243 787 1620 844 desiderium?
1669 787 1902 854 Quinam
1937 801 2067 858 ergo
2121 795 2250 842 tunc

645 891 810 940 erunt
850 883 1082 952 gemitus
1128 881 1452 948 infelicium,
1486 880 1630 952 quod
1681 879 2060 936 inconsolabili
2103 881 2250 934 luctu

645 979 698 1033 in
751 979 836 1033 illa
887 979 1302 1047 Comparatiouc
1353 985 1712 1040 tormentum,
1767 991 1888 1030 cum
1929 973 2248 1030 celestibus

641 1070 838 1138 cupiis,
873 1071 1208 1142 perennibus
1253 1069 1460 1126 divitiis
1491 1069 1695 1140 perfrui
1735 1069 1970 1124 felicium
2007 1067 2246 1122 viderint.

639 1178 836 1234 agmen
887 1165 1214 1232 animarum,
1273 1173 1328 1218 et
1358 1177 1416 1218 se
1461 1162 1746 1218 stillicidia
1799 1161 2034 1218 rorantis
2085 1160 2242 1232 digiti

637 1256 973 1324 defraudari,
1001 1265 1058 1312 ct
1083 1255 1326 1328 perferre
1349 1257 1574 1328 insuper
1597 1255 2066 1326 inestinguibilem
2095 1255 2246 1308 flant-

641 1368 809 1412 mam.
847 1369 972 1407 cum
1007 1354 1152 1408 nulla
1183 1368 1280 1420 Spe
1313 1363 1670 1408 resenentur
1707 1351 1772 1406 ad
1819 1351 2068 1406 veniam?
2101 1347 2245 1406 Solis

637 1447 896 1502 ardorem
941 1445 1088 1502 ferre
1119 1463 1228 1502 non
1277 1461 1588 1516 possumus,
1625 1445 1910 1500 balneares
1939 1453 2110 1498 tostus
2143 1443 2244 1498 tui-

639 1541 786 1600 nime
837 1541 1158 1606 lttlet'allius,
1213 1541 1480 1596 sentimus
1531 1538 1778 1594 incendia
1827 1537 2130 1600 fornacum,
2189 1543 2244 1592 et

637 1634 798 1706 longe
825 1635 1164 1702 secedimus;
1201 1637 1324 1704 quis
1355 1635 1492 1690 ferat
1523 1633 1874 1690 fluctuantem
1907 1631 2240 1704 gehennam,

640 1738 697 1786 et
739 1728 968 1784 caminis
999 1729 1256 1784 tartareis
1301 1735 1630 1783 :estnantem
1675 1727 1780 1798 pati
1816 1725 2102 1794 strepitum
2155 1723 2240 1777 fn—

1591 273 1684 346 AD
1721 287 1950 347 ornas
1993 285 2240 347 SANCTI
2278 281 2608 344 AMBROSII
2647 269 3018 344 APPENDIX.

652 434 780 476 cere
812 415 1098 472 ab'ultima
1121 415 1392 470 viscerum
1437 419 1590 483 parte
1635 412 1890 484 suspiria,
1919 426 2053 482 quas
2083 409 2254 468 edere
2281 413 2334 474 Α
2357 406 2630 472 mundum,
2673 425 2774 462 non
2811 417 2887 463 est
2923 408 3158 462 charitas
3189 404 3367 463 Patris
3403 406 3454 462 in
3501 422 3589 474 eo;
3615 407 3710 480 quia
3739 429 3826 468 oatsr

3745 293 3824 352 Nisi

2356 501 2494 571 quod
2531 502 2584 554 in
2611 503 2805 556 mundo
2835 509 2928 565 est,
2961 500 3382 570 concupiscentia
3405 501 3564 556 carnis
3597 511 3672 566 ett,
3703 515 3830 558 atra.-

2355 596 2670 664 cupiscentia
2699 597 2988 660 oculorum,
3017 605 3068 652 et
3109 595 3322 650 ambitio
3349 595 3536 659 iaculi,
3575 611 3670 664 quin
3693 615 3766 650 non
3785 613 3828 652 ut

2355 705 2386 742 (ι
2415 687 2596 754 Patre,
2621 687 2712 744 sed
2761 705 2824 743 ea:
2854 689 3274 754 concupiscentia
3301 688 3480 742 mundi
3507 697 3660 742 est:et
3688 697 3828 746 matter:

2351 783 2612 846 transibit,
2635 793 2682 838 et
2702 785 3118 854 concupiscentia
3139 786 3274 856 ejus.
3307 783 3408 849 Qui
3428 799 3536 838 vero
3558 783 3660 854 facit
3675 785 3830 839 rotante-

2351 885 2454 932 tcm
2481 875 2598 946 Dei,
2631 889 2801 934 manet
2827 881 2880 932 in
2905 887 3156 933 internum
3179 894 3198 944 ;
3227 879 3480 948 quomodo
3513 887 3556 932 et
3596 877 3708 934 Dens
3729 897 3828 933 mi

2349 971 2402 1026 in
2429 983 2676 1028 internum
2703 971 2754 1044 (1
2773 969 2932 1026 Joan.
2961 987 3022 1036 tt,
3065 971 3188 1042 15).
3223 971 3486 1026 Lavemur
3511 971 3736 1040 baptismo
3755 987 3822 1040 pa.

2353 1065 2618 1126 nitentize.
2640 1075 2696 1120 ut
2715 1065 2988 1138 possimus
3008 1065 3298 1122 Dominum
3317 1065 3516 1120 mundo
3533 1063 3674 1120 corde
3693 1065 3826 1120 ridere:

2349 1159 2662 1216 auferamus
2693 1162 2966 1231 nequitias
2999 1161 3068 1214 ab
3097 1161 3304 1216 animis
3343 1158 3540 1216 nostris
3565 1175 3590 1214 a
3629 1175 3826 1230 conspecta

2349 1257 2636 1310 oculorum
2681 1255 2800 1320 Dei,
2835 1254 3112 1310 discamus
3137 1253 3408 1324 justitiam
3455 1255 3828 1326 facere;inqair:-

2348 1347 2776 1418 musjudicium,
2810 1349 3108 1416 eripiamus
3141 1347 3402 1418 injuriam
3435 1348 3758 1418 accipienti-tn.
3783 1349 3828 1418 fs-

2348 1439 2591 1496 dicetnus
2639 1443 2864 1513 pupillo,
2909 1441 3280 1512 justificomus
3311 1442 3546 1510 viduam,
3575 1453 3622 1496 et
3656 1458 3748 1498 cum
3773 1445 3830 1498 Dt-

2347 1535 2497 1590 miuo
2518 1533 2941 1602 disputabimus.
2977 1536 3040 1588 Et
3087 1535 3132 1588 si
3167 1534 3374 1590 fuerint
3401 1545 3610 1604 peccata
3637 1547 3828 1598 nostra,

2347 1627 2704 1698 phcenicinm,
2747 1641 2806 1683 ut
2849 1631 3024 1684 nivem
3045 1628 3434 1685 dealbabitzsi
3477 1643 3638 1686 autem
3663 1633 3830 1684 ulceri—i-

2348 1737 2496 1790 nnm,
2517 1723 2763 1776 utlanam
2782 1721 3067 1778 candidam
3083 1721 3284 1779 efﬁciet
3296 1765 3310 1777 .
3333 1725 3400 1780 Et
3415 1729 3538 1795 quia
3552 1727 3830 1796 aspergethse

637 1824 838 1879 mantis
867 1824 1072 1878 baratri
1107 1825 1328 1892 peterit,
1363 1834 1417 1878 et
1449 1824 1724 1878 sustinere
1756 1821 2092 1878 infernarum
2123 1821 2242 1890 gio-
2277 1816 2317 1874 Β
2347 1829 2504 1885 εωρι),
2539 1825 2594 1872 et
2637 1815 3040 1880 mundabimur,
3079 1817 3288 1874 lavabit
3317 1833 3452 1887 nos,
3487 1825 3540 1874 et
3565 1834 3702 1889 super
3727 1821 3828 1874 aiter...

635 1918 736 1976 bos
779 1919 1170 1984 tenebrarum;
1207 1919 1296 1972 ubi
1327 1919 1479 1972 solus
1507 1917 1725 1970 auditur
1765 1915 2003 1970 ululatus
2043 1915 2242 1970 arden—

631 2011 792 2076 tium,
816 2021 870 2066 et
891 2013 1124 2082 eiulatus
1151 2019 1374 2066 resonat
1391 2009 1690 2065 crudeliter
1720 2007 2068 2078 punitorum?
2093 2007 2236 2068 llarc,

633 2119 754 2172 oro,
808 2120 972 2174 quam
1027 2103 1280 2173 fugienda
1333 2113 1480 2168 sunt,
1530 2118 1692 2173 quam
1725 2101 1968 2156 carenda
2015 2115 2078 2156 ac
2113 2101 2240 2155 totis

631 2197 862 2256 Viribus.
907 2207 962 2250 et
993 2197 1142 2249 omni
1174 2197 1359 2250 animo
1387 2209 1451 2250 ac
1481 2205 1664 2250 mente
1695 2193 2058 2250 declinanda!

707 2287 937 2346 CAPUT
979 2286 1430 2344 XXXIl.—-Cum
1492 2295 1676 2358 patent
1725 2287 1886 2359 igitur
1917 2287 2100 2358 ianua:
2145 2301 2238 2342 ve-

633 2384 830 2450 niales,
877 2398 1002 2439 cum
1035 2381 1428 2438 tlnetuantibus
1474 2390 1529 2436 cl.
1575 2381 1868 2436 criminum
1911 2389 2237 2450 tempestate

625 2476 846 2549 jactatis
896 2475 1228 2547 pcenitentize
1285 2483 1475 2546 portus
1505 2473 1754 2538 offertur,
1785 2489 1908 2530 cum
1961 2473 2236 2528 mentibus

633 2573 968 2642 promittitur
997 2585 1128 2624 cura
1159 2569 1566 2638 languentibus,
1605 2576 1660 2621 et
1706 2567 1967 2622 sauciatis
2015 2565 2233 2620 vitalem

632 2665 924 2736 pollicetur
952 2663 1238 2718 ultroneus
1277 2661 1473 2716 artifex
1502 2661 1826 2716 medicinam
1859 2676 1874 2716 :
1903 2674 2026 2714 cum
2071 2657 2236 2714 mise-

635 2757 874 2814 ricordia
903 2755 1135 2811 habetur
1163 2756 1214 2810 in
1251 2766 1528 2824 promptu,
1561 2765 1854 2825 antequam
1883 2752 2097 2824 justitia
2145 2767 2233 2806 ca-

633 2851 764 2923 pulo
787 2860 948 2904 teuus
971 2847 1226 2905 extrahat
1249 2849 1560 2920 pugionem,
1587 2863 1870 2902 sumamus
1893 2863 2039 2902 arma
2067 2846 2237 2916 paeni-

631 2945 842 3012 tentire,
901 2953 958 3000 et
1014 2943 1214 3015 jndicis
1287 2944 1522 3014 rigorem
1589 2942 1978 2998 satisfactionis
2049 2941 2233 2996 oflicio

631 3039 991 3094 mulceamus.
1025 3035 1244 3092 Certum
1291 3037 1438 3091 enim
1481 3035 1640 3090 habet
1683 3035 1884 3090 donum
1917 3036 2110 3100 veniat,
2144 3033 2232 3090 cui

629 3131 966 3203 permittitur
981 3129 1276 3199 pmoitere',
1294 3143 1418 3181 nam
1445 3127 1632 3196 procul
1659 3125 1826 3182 dubio
1851 3125 2097 3182 confiteri
2125 3141 2230 3182 non

2345 1909 2694 1964 candidiores
2725 1911 2928 1964 erimus
2956 1907 3144 1982 (Psal.
3175 1927 3224 1976 L,
3253 1911 3348 1983 9).

2416 2001 2646 2058 CAPUT
2689 2001 3156 2058 XXXlll.—Tria
3207 2015 3338 2058 sunt
3365 2021 3488 2076 quae
3531 2020 3642 2076 erga
3666 2020 3742 2060 nos
3773 2005 3830 2058 [n-

2343 2097 2522 2153 minus
2575 2098 2806 2154 arbitrio
2873 2114 2973 2155 suo
3033 2101 3334 2156 emistituta
3401 2099 3830 2170 eonservat:605

2343 2191 2639 2250 bonitatem
2708 2193 2854 2262 dico,
2911 2195 3378 2264 misericordiam,
3435 2205 3588 2269 atque
3633 2197 3830 2265 iustitiae.

2341 2284 2566 2341 Bonitas
2595 2295 2704 2352 est,
2749 2303 2854 2358 qua
2885 2305 3008 2346 esse
3042 2291 3156 2362 jam
3195 2291 3466 2360 cmpimus
3493 2308 3506 2344 ε
3535 2289 3827 2344 mist-rimatis.

2339 2394 2444 2450 qua
2495 2379 2562 2435 ad
2609 2381 2988 2451 pmnitentiam
3025 2398 3392 2454 provocamur
3419 2401 3434 2438 :
3459 2382 3668 2452 justitia,
3701 2385 3832 2448 qua

2341 2480 2466 2528 turo
2521 2482 2766 2545 tempore
2813 2475 3205 2546 judicabimur.
3255 2477 3386 2532 Ha-c
3439 2475 3638 2532 interim
3665 2477 3830 2528 ordines

2339 2573 2646 2634 temporum
2675 2567 2728 2623 in
2757 2583 2880 2624 sese
2919 2569 3260 2634 custodiunt,
3287 2569 3637 2638 pratteritum,
3657 2580 3828 2638 prisce:

2339 2667 2394 2714 et
2427 2658 2667 2714 futurum
2703 2679 2715 2716 :
2748 2663 3114 2734 praeteritum,
3139 2679 3248 2732 quo
3277 2662 3514 2718 Domino
3539 2668 3725 2716 auctare
3741 2675 3830 2714 cra-

2339 2769 2462 2808 mur
2492 2765 2546 2810 et
2581 2757 2856 2812 nascimur
2893 2771 3204 2828 :praesens,
3257 2773 3368 2828 quo
3417 2755 3650 2813 conversi
3693 2755 3830 2808 mis-ai-

2336 2849 2582 2904 cordiam
2639 2835 3016 2920 pi‘omeremur
3049 2871 3062 2906 :
3095 2851 3366 2917 futurum,
3419 2866 3528 2922 quo
3567 2851 3700 2922 juxta
3727 2863 3826 2919 aper:

2339 2953 2548 3008 nosmt,
2575 2943 2788 3014 justitia
2821 2945 3214 3010 distribuente,
3269 2946 3684 3002 numerabimur.
3719 2943 3832 3010 ita-pi:

2337 3049 2460 3091 cum
2493 3037 2886 3092 misericordia:
2909 3055 3136 3110 regnum
3168 3039 3438 3096 habemus
3471 3039 3520 3094 in
3561 3037 3775 3098 manibus.
3803 3043 3830 3086 Ei

2337 3127 2390 3184 in
2443 3130 2675 3186 arbitrio
2723 3143 2912 3186 n05tro
2951 3133 3084 3187 'sunt
3133 3133 3309 3202 posita
3365 3133 3508 3189 dona
3559 3127 3830 3202 pietatis:

625 3222 853 3286 sinitur,
889 3221 976 3276 cui
1010 3221 1184 3290 pietas
1223 3218 1370 3272 nulla
1405 3227 1677 3272 servatur.
1711 3217 1826 3272 lloe
1857 3219 2052 3287 probat
2083 3219 2232 3274 inve-
2259 3228 2304 3290 ί]
2339 3239 2632 3294 purgemus
2655 3225 3024 3281 conscientias
3049 3235 3266 3282 nostras
3289 3227 3359 3282 ab
3379 3225 3524 3282 omni
3543 3223 3830 3297 inquinatiore.

631 3313 794 3370 terati
843 3310 1116 3380 serpentis
1157 3310 1210 3364 in
1258 3309 1372 3378 ipsa
1420 3308 1632 3379 origine
1689 3308 1876 3364 mundi
1933 3309 2231 3377 damnatio,

635 3423 798 3482 quem
827 3405 1132 3462 inauditum
1176 3405 1468 3460 sententiae
1495 3403 1702 3460 fulmen
1730 3406 1971 3460 excussit
2001 3423 2014 3458 :
2046 3415 2100 3460 et
2129 3419 2234 3462 non

633 3511 980 3578 peroptatum
1009 3500 1260 3557 absoluta
1291 3499 1558 3556 severitas
1580 3509 1754 3557 status
1777 3499 1862 3556 sui
1889 3503 2238 3569 possessione

628 3597 852 3670 dejccit.
881 3595 992 3652 lioc
1021 3594 1278 3651 Sodoma:
1307 3603 1360 3649 et
1383 3593 1710 3650 Gomorrhae
1735 3595 1950 3650 caelesti
1977 3595 2237 3650 incendio

629 3699 998 3752 concremata:
1043 3690 1340 3762 perhibent
1387 3687 1660 3760 regiones,
1695 3705 1822 3761 erga
1861 3705 1998 3760 quas
2029 3689 2100 3746 ob
2143 3705 2238 3746 cx-

632 3801 852 3844 cessum
885 3783 1192 3841 facinorum
1227 3783 1362 3840 nihil
1387 3789 1734 3839 reservatum
1759 3792 1842 3838 est
1865 3782 2234 3854 pornitentim;

637 3897 708 3938 ne
751 3881 1004 3938 fortassis
1035 3878 1299 3936 admoniti
1333 3887 1559 3949 possent
1589 3878 1813 3934 ultionis
1841 3879 2108 3948 justitiam
2141 3879 2237 3934 de—

635 3977 867 4033 clinare.
903 3975 1017 4032 Hoc
1047 3973 1358 4030 Pharaonis
1403 3975 1454 4028 in
1489 3971 1682 4028 Exodo
1709 3973 1910 4028 clamat
1957 3973 2233 4042 interitus,

635 4071 740 4128 hoc
769 4071 935 4140 Core,
971 4069 1183 4126 Dathan
1213 4077 1270 4124 et
1298 4067 1507 4124 Abiron
1533 4067 1971 4136 inexspectatum
2003 4077 2238 4124 testatur

637 4167 888 4232 exitium,
945 4165 1050 4221 hoc
1099 4163 1356 4220 Antiochi
1407 4171 1460 4219 et
1517 4162 1754 4218 Herodis
1807 4163 2073 4233 supplicia
2103 4178 2236 4234 pro-

639 4259 960 4329 loquuntur,
981 4257 1086 4312 hoc
1101 4257 1331 4312 Ananiaa
1351 4265 1404 4310 et
1423 4255 1707 4327 Sapphira:
1730 4255 1936 4313 indicat
1953 4257 2234 4326 repentina

641 4349 1121 4405 animadversione
1153 4346 1502 4419 naufragium
1529 4365 1542 4402 :
1565 4363 1705 4420 quos
1734 4349 1798 4402 ad
1831 4363 2078 4419 praesens
2105 4358 2238 4406 tem-

641 4456 744 4513 pus
773 4441 1012 4498 vindicta
1057 4457 1164 4496 non
1190 4441 1423 4508 distulit,
1451 4449 1509 4496 et
1541 4451 1738 4512 negata
1761 4439 1942 4506 venia,
1971 4441 2238 4497 severitas

638 4535 900 4592 comitata
931 4535 1226 4590 truncavit.
1257 4533 1374 4590 Non
1421 4547 1521 4589 nos
1557 4532 1864 4604 imparatos
1897 4533 2016 4590 dies
2041 4535 2234 4592 abces-

639 4627 815 4684 sionis
861 4628 1124 4695 inveniat,
1175 4641 1278 4683 nec
1303 4627 1442 4682 intra
1491 4635 1670 4682 castra
1725 4625 1996 4682 diabolica
2025 4625 2315 4700 byemisD

635 4722 784 4778 illius
811 4729 908 4776 aut
939 4721 1152 4776 sabbati
1185 4731 1396 4792 tempus
1437 4721 1697 4776 includat.
1727 4720 2028 4792 Vigilemus
2049 4733 2235 4778 contra

639 4815 816 4872 hostis
838 4813 1048 4885 antiqui
1072 4813 1442 4871 fraudulentas
1469 4815 1692 4870 insidias
1713 4825 1768 4872 et
1787 4825 2008 4887 apertas
2027 4818 2233 4884 minas;

637 4923 772 4980 erga
815 4919 1115 4962 conversos
1159 4907 1304 4962 enim
1349 4907 1531 4964 acrius
1577 4907 1868 4975 excitatur,
1918 4917 1976 4964 et
2015 4908 2237 4980 refugos

637 5017 766 5058 suos
795 5001 1042 5058 severior
1065 5011 1338 5071 tamquam
1363 5001 1552 5057 irrisus
1575 5003 1902 5072 insequitur.
1935 5003 2088 5058 Tunc
2110 5019 2232 5060 cum

637 5097 936 5166 deciperet,
955 5093 1350 5152 blandimentis
1376 5093 1650 5161 illexerat,
1677 5109 1820 5150 nunc
1845 5097 2238 5154 tentationibus

635 5199 692 5245 et
719 5189 1142 5246 erudelitatibus
1183 5189 1488 5256 inquietat:
1523 5199 1652 5244 tunc
1679 5189 1860 5245 fuerat
1907 5201 1966 5245 ut
1992 5195 2230 5260 amicus,

541 5295 548 5302 '
636 5297 782 5338 nunc
832 5295 890 5338 ut
931 5282 1186 5338 inimicus
1219 5281 1502 5349 irascitur;
1555 5291 1614 5336 et
1659 5298 1756 5354 per
1800 5299 1990 5340 casum
2041 5287 2232 5344 elisum

635 5376 818 5430 effecit
863 5375 1190 5440 cautiorem,
1240 5375 1335 5430 sed
1394 5375 1694 5432 elidentem
1747 5377 2044 5448 aliquoties
2096 5381 2238 5438 solet

633 5467 803 5520 elisus
825 5467 1050 5522 elidere.
1072 5467 1364 5538 Fugiamus
1394 5483 1688 5537 pomposus
1709 5467 2002 5528 illecebras
2019 5473 2230 5540 mundi,

635 5565 690 5612 ct
723 5557 1112 5614 ambitionibus
1144 5559 1263 5629 ejus
1296 5559 1491 5616 demus
1525 5576 1592 5616 ex
1625 5569 1739 5617 toto
1767 5564 2084 5634 repudium.
2122 5567 2235 5621 lloc

630 5647 866 5704 Joannes
889 5653 1169 5720 apostolus
1193 5653 1490 5722 persuadet
1519 5653 1709 5712 dicens
1736 5672 1749 5709 :
1785 5655 1968 5712 Nolite
2014 5658 2232 5728 diligere

629 5739 902 5810 mundum,
933 5758 1092 5814 neque
1111 5759 1172 5799 ea
1197 5760 1312 5816 qua:
1338 5757 1457 5803 sunt
1488 5747 1542 5802 in
1569 5748 1786 5806 mutulo.
1815 5749 1876 5808 Si
1907 5754 2026 5822 quis
2055 5751 2230 5824 diligit

2337 3323 2392 3370 et
2421 3314 2758 3386 stiiritalibus
2789 3331 2888 3374 nos
2909 3315 3173 3390 deinceps
3203 3335 3306 3390 per
3335 3319 3535 3376 bonam
3563 3315 3834 3374 convasatis

2339 3423 2462 3464 ttcm
2495 3409 2874 3467 insttumcutis
2895 3423 3170 3481 aptemus.
3203 3413 3490 3470 Evitemus
3519 3411 3830 3478 desideriath

2339 3500 2578 3556 militant
2616 3513 2814 3558 contra
2865 3504 3074 3559 animas
3123 3515 3368 3571 nostras,
3399 3513 3456 3560 et
3481 3503 3724 3576 profanam
3757 3517 3832 3554 ra:-

2339 3597 2629 3652 scicntiam
2649 3597 2958 3654 nullatenus
2977 3600 3271 3669 patiantur.
3296 3597 3688 3671 Consequemur
3703 3597 3829 3656 omnia.

2335 3703 2458 3760 quae
2487 3705 2556 3745 ex
2591 3691 2694 3748 tide
2721 3691 3018 3760 credimus,
3045 3693 3090 3747 si
3115 3693 3280 3764 justis
3313 3711 3416 3750 nos
3447 3694 3644 3750 actibus
3683 3693 3764 3746 vita

2337 3783 2690 3855 vituperabili
2755 3799 3169 3856 componamus.
3245 3787 3578 3844 Merebimur
3643 3785 3828 3842 remissa

2337 3878 2584 3934 omniqu
2617 3889 2982 3948 peccatorum,
3013 3895 3376 3952 resurgemus
3403 3883 3458 3936 in
3487 3883 3826 3936 vastantem:

2339 3972 2391 4026 in
2439 3974 2845 4030 resurrectione
2889 3973 3271 4042 credentium;
3301 3976 3476 4048 606
3501 3985 3554 4033 et
3597 3985 3648 4031 ut
3679 3971 3830 4042 amplis:

2339 4063 2598 4137 loquendi
2629 4075 2924 4138 praesumat
2951 4067 3196 4136 audacia,
3233 4069 3290 4124 in
3313 4084 3483 4140 regna
3511 4069 3740 4126 caelorum
3763 4077 3828 4118 ea:
3883 4105 3890 4118 .

2335 4161 2500 4232 justis
2529 4162 2884 4230 intrabimus,
2911 4177 3034 4219 cum
3069 4163 3268 4235 quibus
3291 4175 3506 4236 partem
3539 4181 3630 4236 per
3651 4161 3834 4235 prauitat-

2341 4255 2474 4312 tiam
2503 4255 2704 4314 habere
2749 4257 3072 4324 meruimus,
3121 4256 3408 4330 Scriptura
3461 4253 3836 4316 dicenlezf’asi»

2339 4349 2564 4404 tantibus
2585 4359 2756 4404 autem
2776 4349 2918 4405 dedit
2939 4359 3136 4420 partem
3150 4351 3395 4424 justitia,
3425 4363 3474 4406 et
3497 4351 3746 4422 corrogavit
3761 4343 3836 4410 de}

2339 4441 2530 4496 cientes
2557 4443 2832 4510 sustinere,
2863 4452 2910 4498 et
2939 4442 3216 4498 destinavit
3243 4444 3365 4500 illos
3393 4445 3446 4500 in
3475 4455 3652 4500 sortem
3687 4439 3836 4495 rent-sat

2341 4531 2522 4605 (Eccl.
2549 4551 2655 4590 xvn
2674 4535 2716 4608 ).
3737 4549 3744 4556 '

2413 4629 2562 4698 ﬂare,
2587 4633 2962 4689 amantissime
2987 4633 3176 4700 frater,
3203 4633 3406 4704 quibus
3433 4642 3608 4692 tecum
3633 4621 3834 4704 paritem

2337 4723 2698 4779 exercendam
2743 4725 3120 4795 paenitentiam
3163 4725 3514 4792 cohortarer.
3561 4731 3834 4798 quantum!

2339 4816 2636 4874 Dominicis
2683 4819 3013 4877 lectionibus
3060 4821 3686 4893 colligere'mediocritas
3709 4819 3832 4884 iuges:

2339 4913 2446 4966 mei
2481 4913 2677 4982 potuit,
2707 4916 2954 4970 exaravi.
2982 4914 3114 4985 Qua;
3139 4915 3188 4972 si
3213 4916 3354 4988 jam,
3391 4925 3454 4972 ut
3477 4915 3712 4978 arbitror,
3735 4905 3834 4962 anisi

2335 5005 2517 5062 studio
2544 5021 2574 5064 e
2601 5009 2822 5081 proprio
2865 5010 3118 5066 instituto
3149 5011 3408 5078 sectaris,
3447 5019 3500 5067 et
3527 5007 3834 5066 curribuscoﬁ‘

2337 5097 2594 5156 fessionis
2624 5101 2889 5168 insidens,
2923 5101 3106 5159 tendis
3131 5103 3202 5160 ad
3236 5105 3488 5170 veniam;
3521 5102 3690 5172 accipe
3707 5111 3768 5152 me
3789 5103 3832 5144 te

2343 5209 2466 5250 cum
2498 5196 2550 5252 in
2579 5196 2680 5252 hac
2697 5199 3032 5269 cogitatione
3054 5209 3396 5267 consortem,
3425 5207 3486 5256 ut
3503 5197 3728 5269 adjuncto
3747 5201 3836 5242 caa-

2341 5289 2490 5344 mnni
2516 5289 2800 5358 comitatu,
2839 5291 2902 5345 ad
2935 5301 3106 5348 metas
3133 5291 3490 5363 indulgentia:
3528 5293 3832 5362 properatus:

2339 5391 2432 5436 aut
2453 5382 2496 5436 si
2520 5381 2754 5454 pigritia:
2781 5385 2974 5440 inertia
3001 5385 3356 5456 praepeditus,
3377 5385 3726 5456 pernicitatem
3745 5387 3832 5429 ιιιειτι

2341 5477 2492 5547 sequi
2526 5493 2630 5532 non
2679 5487 2892 5549 potero,
2927 5490 3199 5534 metuente
3225 5483 3334 5536 mei
3363 5499 3378 5536 :
3411 5491 3606 5537 etcum
3643 5471 3834 5548 paratius

2338 5567 2406 5623 de
2435 5569 2528 5624 Dei
2555 5569 2842 5642 largitione
2871 5575 3162 5639 merueris,
3193 5590 3385 5646 quieso
3411 5583 3472 5630 ut
3511 5575 3562 5630 in
3587 5563 3834 5628 orationis:

2337 5660 2445 5717 tuis
2467 5661 2614 5718 nulla
2642 5664 2882 5735 capiaris
2905 5665 3182 5724 oblivione
3213 5667 3470 5725 Victoris.
