3950 6314
1057 247 1146 305 DE
1183 247 1452 307 SPIRITU
1489 248 1756 307 SANC'I'O
1794 245 2135 308 LIBELLUS
2174 248 2376 307 UNUS.
3242 239 3386 299 1006

1459 498 1734 620 MON.I
1741 499 1972 573 TUM
1986 545 2010 570 .

150 747 354 806 Prodiit
397 747 487 806 hic
526 749 746 808 libellus
791 760 883 808 aut
915 753 1096 823 potius
1142 752 1504 824 fragmentum
1534 769 1565 810 e
1591 752 1921 811 bibliotheca
1954 753 2125 810 sancti
2176 752 2419 824 Dionysii
2463 753 2517 808 in
2564 752 2817 820 Francia,
2849 753 2994 810 unde
3059 753 3210 810 illum
3257 752 3404 810 eruit

77 843 333 900 Gillotius
365 861 434 901 ex
465 847 690 915 antiquo
719 844 932 914 codice,
967 847 1057 902 ubi
1089 846 1264 904 tribus
1306 846 1461 904 libris
1502 847 1882 904 Ambrosianis
1908 846 1972 900 de
2017 845 2224 917 Spiritu
2268 855 2451 900 sancto
2495 844 2734 910 additus,
2797 846 2924 900 liber
2969 856 3185 917 quartus
3230 845 3401 901 sancti

77 935 333 990 Ambrosii
355 936 418 990 de
442 936 648 1006 Spiritu
674 946 850 991 sancto
875 937 1293 995 inscribebatur.
1322 939 1437 993 Non
1471 947 1650 994 tamen
1695 938 1813 994 viro
1840 938 2003 994 docto
2045 937 2305 1008 imposuit
2337 938 2450 993 haec
2501 937 2820 1009 epigrapbe,
2870 939 3071 1011 quippe
3114 940 3204 1011 qui
3253 938 3403 996 Scri-

79 1040 252 1099 pturte
277 1028 429 1083 locos
459 1029 510 1084 iu
546 1029 648 1084 hoc
675 1037 910 1084 tractatu
942 1030 1178 1086 subinde
1208 1031 1471 1102 allegat-is
1500 1046 1608 1085 non
1639 1029 1783 1100 ejus,
1812 1044 1975 1100 quam
2003 1028 2333 1086 Ambrosius
2362 1027 2678 1094 adhibebat,
2723 1029 2993 1086 versionis
3024 1046 3169 1097 esse,
3201 1040 3405 1086 totum-
3494 1059 3497 1068 ·

79 1137 187 1193 que
234 1123 424 1191 opellae
466 1122 665 1189 stylum
713 1122 782 1178 ab
829 1123 1198 1180 Ambrosiauo
1248 1125 1566 1194 discrepare
1605 1123 1993 1178 animadvertit
2027 1140 2040 1176 :
2075 1121 2272 1193 quibus
2299 1104 2508 1192 oadjicit
2556 1121 2850 1178 Auctorem
2903 1124 2957 1180 in
3011 1125 3119 1183 ﬁne
3159 1125 3410 1197 proﬁteri

80 1215 310 1272 strictim
341 1229 402 1271 se
430 1215 498 1272 de
525 1215 734 1284 Spiritu
765 1226 954 1271 saneto
988 1217 1341 1282 disseruisse,
1375 1234 1531 1272 cumc
1562 1218 1838 1273 contrario
1869 1232 2028 1288 quam
2059 1216 2336 1272 fusissime
2363 1215 2433 1272 de
2463 1215 2655 1272 eodem
2684 1217 2856 1288 egerit
2879 1221 3223 1278 Ambrosius.
3256 1223 3404 1291 Qua-

82 1319 310 1380 propter
348 1326 456 1366 nun
493 1310 598 1365 alia
629 1324 688 1366 rc
718 1309 822 1366 hoc
851 1310 992 1366 idem
1024 1311 1390 1385 fragmentum
1444 1311 1715 1368 edendum
1745 1312 2033 1383 judicavit,
2070 1312 2173 1368 nisi
2213 1311 2356 1382 quod
2391 1321 2443 1368 et
2470 1312 2680 1384 antiqui
2725 1316 3004 1384 Auctoris,
3066 1327 3120 1374 ct
3175 1319 3411 1377 lectione

81 1404 466 1477 dignissimum
493 1422 617 1463 esse
641 1406 940 1462 arbitratus
965 1418 1068 1476 est,
1096 1425 1202 1480 quo
1226 1408 1444 1464 nomine
1473 1395 1595 1464 cum
1623 1406 1755 1463 illud
1779 1407 2013 1462 Romani
2040 1407 2093 1462 iu
2115 1405 2416 1479 appendicc
2445 1405 2609 1464 etiam
2633 1407 2984 1478 retinuerint,
3010 1427 3110 1467 nos
3158 1413 3413 1470 similiter

83 1511 196 1554 non
239 1497 546 1569 putavimus
580 1495 956 1568 rejiciendum.

715 1784 984 1928 DE
1078 1783 1872 1932 SPIRITU
1973 1779 2776 1932 SANCTO

1255 2071 1810 2155 LIBELLUS
1889 2068 2242 2156 UNUS.

3125 1645 3396 1663 *ι-

155 2378 328 2453 605
362 2376 462 2431 Vos
487 2386 657 2432 autent
687 2378 742 2431 in
781 2392 936 2433 carne
964 2391 1068 2432 non
1088 2377 1228 2444 estis,
1260 2378 1350 2432 sed
1379 2378 1431 2433 in
1462 2379 1682 2451 spiritu;
1711 2377 1760 2437 Α
1789 2374 1914 2445 quia
1945 2375 2062 2431 sive
2086 2390 2223 2432 unus
2255 2376 2398 2433 Deus
2429 2377 2650 2447 dixerit,
2685 2383 2788 2439 scit
2817 2399 2878 2441 se
2911 2400 3113 2442 nomen
3152 2386 3389 2444 Trinitao

83 2475 127 2529 si
149 2483 330 2528 tamen
357 2473 593 2543 Spiritus
625 2470 725 2528 Dei
745 2471 942 2526 habitat
993 2473 1045 2526 in
1071 2473 1210 2528 vobis
1236 2487 1254 2526 :
1283 2473 1327 2527 si
1365 2473 1478 2543 quis
1526 2481 1697 2525 autem
1805 2470 1872 2523 tis
1903 2469 2160 2540 implesse
2189 2490 2200 2524 :
2238 2470 2352 2529 sive
2375 2481 2558 2530 autem
2586 2475 2686 2533 Dei
2719 2487 2774 2534 et
2805 2480 3019 2537 Domini
3048 2483 3397 2540 solummodo

83 2567 356 2639 Spiritum
383 2565 576 2622 Christi
609 2584 711 2622 non
743 2566 915 2630 habet,
945 2566 1028 2620 hic
1057 2583 1157 2621 non
1183 2576 1258 2620 est
1285 2567 1416 2637 ejus.
1445 2566 1505 2620 Si
1528 2575 1698 2618 autem

79 2661 328 2717 Christus
371 2662 425 2715 in
475 2662 617 2716 vobis
673 2670 771 2726 est,
823 2677 1010 2731 corpus
1063 2660 1268 2730 quidem
1317 2669 1579 2714 mortuum
1627 2667 1700 2713 est

81 2765 306 2828 prapter
326 2769 594 2827 peccatum
616 2772 633 2812 :
654 2757 872 2826 spiritus
901 2771 1019 2810 vero
1044 2756 1164 2809 vivit
1187 2765 1395 2828 propter
1411 2755 1694 2824 justitiam.

89 2849 251 2917 Quod
279 2849 324 2903 si
345 2849 582 2919 Spiritus
607 2853 720 2924 ejus
743 2849 828 2918 qui
859 2849 1127 2903 suscitavit
1156 2846 1338 2904 Jesum
1376 2867 1407 2902 a
1457 2850 1696 2915 mortuis,

82 2943 291 2998 habitat
327 2944 381 2997 in
421 2943 594 2998 vobis:
621 2945 711 3012 qui
752 2944 1018 3000 suscitavit
1061 2942 1327 2998 Christum
1355 2959 1419 2998 ex
1461 2944 1696 3009 mortuis,

82 3038 373 3110 viriﬁcabit
389 3047 436 3092 et
457 3039 706 3094 mortalia
737 3054 955 3111 corpora
995 3049 1161 3093 vestra
1183 3037 1702 3109 prOpteriuhabitan-

82 3141 186 3187 tem
235 3129 500 3203 Spiritum
545 3134 657 3204 ejus
685 3131 740 3187 in
780 3129 921 3187 vobis
951 3130 1141 3204 (Rom.
1198 3146 1315 3200 vui,
1367 3130 1401 3187 9
1431 3140 1476 3186 et
1525 3130 1694 3202 seq.).

85 3224 290 3278 Divino
320 3223 622 3292 Apostolus
652 3224 814 3281 modo
840 3232 896 3282 et
921 3223 1110 3280 divino
1134 3224 1356 3296 eloquio
1385 3240 1702 3279 sacramen-

85 3324 204 3371 tum
231 3315 536 3372 Dominica:
552 3314 842 3373 Trinitatis
862 3326 919 3374 et
943 3316 1068 3373 ﬁdei
1094 3325 1299 3374 nostrre
1322 3317 1596 3372 mentibus
1619 3317 1702 3372 in-

87 3409 332 3467 timavit.
358 3410 494 3468 Nam
524 3428 647 3468 cum
679 3412 952 3470 dixisset:
991 3412 1092 3468 Vos
1127 3422 1301 3469 autem
1323 3413 1379 3468 in
1413 3430 1570 3469 carne
1596 3431 1700 3469 non

85 3508 233 3574 estis,
265 3508 362 3562 sed
401 3507 456 3562 iu
486 3508 704 3578 spiritu;
728 3509 772 3565 si
800 3520 970 3565 tamen
1019 3507 1255 3581 Spiritus
1286 3506 1387 3564 Dei
1416 3509 1616 3564 habitat
1645 3510 1699 3564 in

83 3603 266 3668 vobis;
308 3601 552 3673 adjecit:
585 3603 646 3659 Si
685 3603 799 3672 quis
840 3612 1011 3658 autem
1043 3602 1306 3672 Spiritum
1349 3603 1544 3660 Christi
1596 3620 1700 3659 non

85 3695 267 3761 habet,
314 3693 400 3749 hic
440 3711 546 3750 non
577 3704 652 3750 est
694 3699 824 3770 ejus.
860 3695 1002 3764 Quid
1034 3710 1165 3766 ergo
1210 3695 1506 3767 Apostolus
1552 3695 1699 3751 aliud

1802 2579 2012 2620 memor
2043 2565 2136 2632 sit,
2167 2565 2277 2622 scit
2303 2567 2528 2626 dicere:
2561 2567 2687 2639 Ipse
2728 2583 2903 2628 autem
2932 2575 3090 2643 Deus,
3137 2588 3185 2633 et
3221 2577 3404 2645 Pater,

1801 2667 1850 2712 et
1870 2657 2125 2714 Dominus
2148 2670 2325 2716 noster
2351 2658 2506 2718 Jesus
2527 2661 2764 2722 Christus
2792 2668 2988 2742 dirigat
3013 2671 3145 2725 riam
3173 2684 3407 2726 nostram

1801 2752 1871 2806 ad
1896 2769 1984 2808 vos
2015 2754 2067 2824 (l
2091 2753 2330 2811 Thessal.
2369 2773 2448 2826 ιιι,
2486 2758 2542 2813 ll
2572 2759 2614 2830 ),
2647 2771 2701 2817 et
2735 2778 2932 2820 cavere
2962 2781 3031 2820 ne
3079 2766 3225 2821 dicat
3254 2786 3266 2821 :
3300 2768 3406 2836 lpsi

1803 2846 2066 2918 dirigant;
2113 2849 2226 2904 sive
2255 2849 2352 2906 Dei
2382 2859 2438 2907 et
2467 2855 2642 2909 sancti
2694 2855 2933 2926 Spiritus
2978 2858 3142 2914 faciat
3177 2862 3414 2917 mentio-

1806 2956 1952 3005 nem,
1985 2941 2089 2998 scit
2119 2957 2179 3000 se
2206 2941 2428 3002 Christo
2454 2947 2712 3019 injuriam
2743 2966 2851 3007 non
2888 2952 3088 3010 fecisse
3111 2972 3122 3009 :
3144 2957 3262 3012 sive
3287 2958 3409 3025 Dei,

1805 3045 1860 3092 et
1890 3034 2132 3106 Domini,
2174 3048 2228 3094 et
2268 3039 2508 3111 Spiritus
2532 3044 2709 3101 sancti
2744 3048 2923 3102 causis
2960 3052 3411 3119 competentibus

1805 3146 2072 3202 personas
2100 3143 2271 3205 aptet,
2301 3137 2404 3191 scit
2436 3136 2626 3196 dicere
2653 3157 2665 3193 :
2698 3139 2768 3195 Et
2819 3142 2990 3197 omnia
3023 3143 3131 3199 liter,
3164 3157 3410 3216 operatur

1803 3241 1938 3280 unus
1965 3235 2119 3298 atque
2144 3228 2277 3282 idem
2321 3228 2576 3300 Spiritus,
2615 3233 2849 3290 dividens
2877 3236 3097 3308 singulis
3127 3249 3281 3308 prout
3305 3240 3413 3294 rult

1804 3319 1864 3389 (ι
1893 3319 2014 3376 Cor.
2060 3338 2158 3389 xu,
2194 3322 2326 3393 il);
2359 3327 2616 3395 quoniam
2659 3336 2712 3383 et
2759 3339 2870 3385 tres
2900 3329 3033 3386 deos
3062 3331 3251 3388 dicere
3297 3333 3404 3388 im-

1805 3413 1954 3484 pium
1979 3423 2084 3483 est,
2116 3425 2170 3472 et
2193 3433 2355 3471 unum
2383 3434 2488 3474 non
2513 3418 2566 3475 in
2593 3418 2881 3478 Trinitatis
2905 3426 3129 3482 nomine
3157 3426 3412 3483 confiteri

1805 3503 2099 3562 admodum
2131 3507 2521 3579 irreligiosum.

1878 3602 2126 3673 Denique
2176 3604 2456 3674 sequentia
2511 3607 2946 3675 consideremus,
3003 3611 3201 3681 quibus
3260 3614 3405 3669 hunc

1807 3709 2032 3752 sensum
2057 3698 2350 3753 conﬁrmat
2377 3708 2431 3754 et
2460 3699 2696 3766 solidat;
2733 3718 2855 3757 nam
2884 3718 3008 3758 cum
3037 3705 3270 3760 dixisset
3303 3725 3315 3760 :
3351 3712 3413 3763 Si

84 3803 257 3860 quam
314 3790 574 3844 unionem
634 3787 919 3844 Trinitatis
967 3788 1223 3844 edocuit?
1272 3788 1402 3844 Nam
1465 3788 1699 3859 Spiritus
1735 3786 1920 3858 Bquis
1971 3799 2142 3843 autem
2170 3789 2429 3862 Spiritum
2469 3789 2666 3847 Christi
2719 3811 2820 3848 non
2854 3797 3024 3862 habet,
3057 3796 3142 3850 hic
3190 3816 3292 3854 non
3335 3813 3411 3856 est

87 3881 186 3937 Dei
218 3881 458 3952 Spiritus
489 3882 691 3937 Christi
722 3890 804 3939 est
850 3900 862 3934 :
909 3881 1138 3954 spiritus
1169 3891 1354 3939 autem
1403 3882 1604 3939 Christi
1645 3892 1702 3940 et

87 3975 184 4032 Dei
221 3991 406 4046 neque
428 3991 459 4031 a
487 3976 712 4032 Christo
741 3977 949 4033 divisus
972 3986 1069 4033 aut
1097 3987 1384 4048 separatus
1416 3987 1530 4045 est;
1562 3996 1700 4050 quo-

84 4070 242 4125 niam
261 4084 444 4141 neque
468 4070 610 4126 Deus
629 4071 694 4126 ab
716 4070 922 4140 Spiritu
946 4085 1067 4138 suo,
1086 4087 1264 4143 neque
1288 4071 1700 4128 Christusidem

85 4163 159 4220 ab
183 4162 403 4234 Spiritu
435 4178 536 4218 suo
565 4173 748 4234 potest
777 4163 1103 4235 separabilis
1149 4164 1394 4220 indicari.
1427 4164 1485 4222 Si
1519 4174 1700 4220 autem

86 4256 490 4328 inseparabilis
521 4257 667 4313 Deus
695 4258 761 4312 ab
791 4256 1000 4328 Spiritu
1031 4271 1131 4312 suo
1175 4269 1284 4323 est,
1317 4258 1702 4328 inseparabilis

88 4348 297 4420 utique
325 4355 382 4404 et
409 4346 668 4404 Christus
695 4351 762 4404 ab
788 4347 994 4420 Spiritu
1031 4365 1132 4405 suo
1157 4359 1272 4406 est:
1305 4367 1440 4422 ergo
1469 4351 1704 4423 Spiritus

85 4441 190 4498 Dei
211 4451 272 4498 et
295 4441 535 4511 Spiritus
557 4440 760 4497 Christi
779 4442 1161 4512 inseparabilis
1183 4460 1210 4496 a
1236 4444 1350 4500 Deo
1372 4455 1430 4500 ct
1451 4445 1700 4511 Christo;

85 4552 156 4592 ac
183 4551 288 4607 per
320 4533 426 4590 hoc
468 4534 613 4590 Deus
640 4545 694 4590 et
731 4535 981 4590 Christus
1006 4549 1058 4591 et
1090 4535 1331 4606 Spiritus
1364 4549 1588 4594 sanctus
1617 4539 1702 4594 in-

89 4630 265 4686 divisi
317 4627 756 4697 maniiestantur,
789 4629 918 4700 quia
947 4642 1166 4699 semper
1213 4629 1450 4701 Spiritus
1503 4633 1554 4686 in
1590 4631 1704 4688 Deo

83 4741 144 4786 et
179 4727 415 4787 Christo
449 4728 707 4798 perennis
731 4735 836 4784 est.
866 4725 1000 4782 Nam
1039 4728 1170 4796 quid
1193 4728 1340 4783 aliud
1369 4739 1703 4784 concatena-

88 4825 249 4880 tione
286 4823 392 4877 hac
421 4829 478 4878 et
503 4822 843 4878 connexione
873 4822 1168 4892 signiﬁcari
1199 4822 1502 4889 contendit,
1543 4837 1704 4893 quam

87 4917 526 4988 intelligentiam
558 4916 814 4981 unitatis;
863 4916 991 4974 dum
1025 4933 1123 4986 per
1169 4915 1431 4987 Spiritum
1470 4918 1614 4974 Deus
1647 4927 1705 4974 et

83 5010 384 5074 Christus,
414 5009 505 5081 qui
535 5009 931 5080 inseparabiles
962 5026 989 5064 a
1017 5026 1142 5066 sese
1172 5018 1318 5076 sunt,
1367 5009 1528 5077 uniti,
1570 5019 1622 5066 et
1650 5018 1708 5066 ut

86 5103 341 5161 ulterius
369 5102 572 5170 dicam,
619 5117 786 5158 unum
820 5102 1170 5174 intelligunt?

1806 3887 1958 3958 ejus;
1987 3884 2185 3954 adjecit
2219 3902 2233 3940 :
2269 3885 2332 3942 Si
2352 3895 2522 3942 autem
2564 3887 2799 3945 Christus
2845 3893 2897 3945 in
2928 3892 3068 3946 vobis
3113 3905 3186 3948 est
3215 3895 3405 3965 (Rom.

1808 3993 1926 4045 vtn,
1961 3977 2050 4050 9).
2085 3979 2227 4051 Ergo
2277 3982 2625 4037 manifestum
2660 3993 2747 4038 cst
2791 3982 2916 4055 quia
2967 4002 3062 4056 per
3092 3986 3408 4046 inhabitan-

1807 4080 1913 4126 tem
1945 4070 2204 4140 Spiritum
2233 4069 2437 4127 Christi
2464 4069 2716 4129 Christus
2750 4075 2988 4141 habitat;
3023 4077 3067 4131 si
3105 4091 3284 4135 autem
3310 4097 3407 4152 per

1806 4163 2208 4220 inltabitantem
2242 4164 2502 4236 Spiritum
2529 4165 2732 4222 Christi
2759 4167 3008 4224 Christus
3040 4171 3271 4238 habitat,
3302 4176 3409 4231 uti-

1807 4271 1912 4326 que
1935 4266 1989 4312 et
2014 4273 2112 4327 per
2137 4257 2531 4314 inbabitantcm
2561 4258 2824 4329 Spiritum
2873 4260 2967 4317 Dei
2999 4261 3143 4318 Deus
3175 4263 3402 4322 habitat.

1806 4347 2051 4420 Denique
2078 4350 2359 4420 subjunin
2393 4369 2405 4405 :
2440 4350 2595 4418 Quod
2616 4352 2660 4407 si
2686 4352 2918 4423 Spiritus
2950 4356 3080 4428 ejus,
3125 4360 3217 4429 qui
3242 4363 3411 4417 susci-

1807 4442 1929 4496 tavit
1957 4442 2219 4497 Christum
2241 4459 2304 4497 ea:
2327 4443 2566 4510 mortuis,
2600 4444 2796 4500 habitat
2818 4447 2873 4500 in
2901 4448 3040 4504 vobis
3071 4447 3245 4521 (Ibid.
3283 4453 3342 4509 Η
3362 4453 3410 4526 ),

1808 4533 1911 4589 huc
1958 4544 2062 4603 est,
2115 4535 2211 4592 Dei
2245 4551 2260 4601 ;
2289 4550 2354 4591 ac
2406 4552 2502 4606 per
2547 4536 2649 4592 hoc
2681 4553 2786 4592 non
2821 4539 2967 4594 aliud
3014 4556 3137 4598 esse
3168 4544 3409 4614 Spiritus

1809 4639 2050 4697 sanctus,
2083 4646 2246 4702 quam
2278 4631 2420 4686 Deus
2449 4641 2506 4686 et
2528 4630 2781 4687 Christus
2812 4634 3093 4704 probatur,
3125 4653 3226 4706 per
3247 4654 3409 4708 quem

1809 4720 1951 4777 Deus
1981 4732 2036 4776 et
2064 4721 2314 4778 Christus
2347 4721 2556 4778 habitat
2590 4738 2604 4776 :
2631 4739 2795 4794 quem
2820 4727 2910 4796 qui
2934 4725 2992 4781 in
3016 4743 3076 4782 se
3104 4744 3212 4784 non
3242 4729 3408 4788 habet

1808 4818 2166 4884 habitantem,
2196 4832 2296 4873 nec
2324 4817 2492 4874 Deum
2524 4827 2701 4887 potest
2729 4819 2956 4887 habere,
2983 4838 3082 4878 nec
3099 4823 3402 4880 Christum.

1882 4910 1990 4967 Sed
2038 4910 2172 4968 dicit
2216 4911 2412 4982 aliquis
2448 4929 2461 4967 :
2495 4910 2552 4966 Si
2599 4927 2696 4983 per
2743 4913 3008 4985 Spiritum
3059 4933 3216 4972 suum
3264 4917 3410 4974 Deus

1812 5005 2023 5062 habitat
2073 5007 2124 5061 in
2177 5006 2353 5074 nobis,
2388 5014 2442 5062 ct
2480 5007 2721 5078 Spiritus
2753 5024 2876 5066 cum
2930 5011 3042 5066 Deo
3089 5020 3142 5066 et
3189 5010 3412 5070 Christo

1812 5117 1977 5157 unum
2025 5111 2186 5173 atque
2214 5101 2357 5157 idem
2397 5112 2513 5170 est;
2564 5105 2838 5174 quomodo
2886 5121 3101 5160 rursum
3147 5107 3352 5164 dicitur
3391 5131 3403 5167 :

169 5197 302 5253 Hoc
332 5195 581 5251 divinum
604 5204 1011 5252 sacramentum
1035 5204 1140 5267 est,
1166 5196 1270 5252 hoc
1291 5197 1344 5253 in
1367 5211 1426 5253 se
1455 5206 1710 5254 creatura
1739 5196 1784 5261 C
1819 5195 1920 5263 Qui
1948 5196 2213 5251 suscitavit
2243 5195 2513 5252 Christum
2542 5214 2606 5253 ex
2632 5199 2871 5265 mortuis,
2905 5199 3181 5266 vivi/icabit
3208 5210 3257 5254 et
3285 5219 3426 5259 mor-

89 5289 440 5349 naturalitcr
484 5299 580 5346 aut
629 5291 1068 5364 inseparabiliter
1101 5307 1211 5348 non
1244 5292 1444 5358 habet;
1485 5300 1544 5348 ut
1570 5309 1711 5348 unus

90 5386 355 5459 Spiritus
377 5385 554 5441 Patris
585 5396 639 5442 et
671 5384 816 5453 Filii,
859 5396 952 5441 aut
999 5398 1113 5443 tres
1142 5401 1304 5454 unus,
1335 5397 1390 5442 et
1417 5402 1582 5443 unum
1629 5385 1710 5442 in-

71 5479 470 5538 ~divisibiliter
514 5495 637 5536 esse
677 5491 998 5536 noscantur.
1033 5481 1094 5535 Et
1125 5479 1252 5537 ideo
1297 5495 1527 5536 securus
1569 5483 1716 5550 Apo-

93 5576 316 5641 stolus,
337 5577 428 5646 qui
453 5577 556 5631 hoc
574 5575 984 5631 fundamentum
1001 5576 1126 5632 ﬁdei
1141 5577 1208 5632 de
1231 5586 1418 5632 sancta
1433 5576 1714 5647 Scriptura

94 5669 330 5738 didicit,
359 5678 416 5726 et
439 5669 506 5727 de
531 5669 718 5725 divina
744 5669 1080 5726 revelatione
1111 5669 1389 5741 cognovit,
1424 5669 1493 5726 de
1516 5679 1718 5726 caetero

95 5781 220 5824 non
253 5764 408 5820 timet
435 5763 568 5820 alibi
597 5779 760 5819 unum
789 5763 982 5828 Deum,
1004 5764 1137 5820 alibi
1160 5779 1280 5820 cum
1313 5762 1569 5831 Domino,
1589 5763 1716 5818 alibi

97 5875 241 5917 eum
286 5855 396 5914 Deo
431 5868 488 5915 et
525 5855 753 5915 Domino
785 5865 1035 5915 sanctum
1064 5857 1328 5928 Spiritum
1378 5854 1712 5930 praedicare;

1819 5290 1945 5343 talia
1972 5305 2192 5362 corpora
2219 5291 2422 5346 vestra?
2443 5289 2727 5356 Quomodo
2746 5290 2957 5345 Deuset
2978 5289 3232 5348 Christus
3251 5309 3416 5350 unum

1820 5392 1968 5448 sunt,
2019 5398 2143 5439 cum
2177 5383 2428 5439 Christus
2459 5399 2557 5455 per
2603 5382 2869 5454 Spiritum
2904 5383 2998 5439 Dei
3030 5385 3328 5443 suscitetur
3351 5406 3420 5447 ex

1823 5477 2091 5534 mortuis?
2142 5477 2187 5533 0
2216 5478 2443 5533 altitudo
2473 5478 2774 5533 divitiarum
2817 5479 3088 5549 sapientia:
3109 5491 3159 5538 et
3189 5485 3420 5542 scientia:

1823 5570 1922 5626 Dei
1937 5571 2115 5641 (Rom.
2134 5573 2321 5638 xt,53)
2340 5573 2352 5625 !
2371 5571 2534 5639 Vere,
2553 5570 2638 5624 ubi
2650 5573 2896 5641 sapiens?
2925 5574 3008 5628 ubi
3038 5577 3254 5632 scriba?
3280 5579 3418 5636 Vere
3486 5628 3490 5635 .

1828 5668 1931 5723 hoc
1944 5676 2050 5732 est,
2071 5668 2210 5740 quod
2241 5667 2422 5722 oculus
2447 5683 2550 5720 non
2573 5666 2722 5733 vidit,
2740 5683 2834 5722 nec
2853 5670 2997 5724 auris
3009 5670 3226 5741 audivit,
3251 5692 3345 5730 nec
3366 5677 3415 5731 in

1825 5780 1911 5819 cor
1933 5763 2156 5818 hominis
2185 5761 2438 5824 ascendit,
2465 5778 2577 5834 qua:
2605 5765 2913 5834 prazpararit
2941 5766 3107 5842 606
3131 5767 3421 5840 Deuszdili.

1823 5855 2058 5928 gentibus
2084 5869 2136 5914 se
2153 5853 2352 5929 (IlCor.
2379 5854 2548 5929 sua).
2575 5854 2908 5928 Praeparavit
2930 5868 3108 5918 autem
3132 5858 3274 5920 Deus
3297 5859 3424 5920 dili-
