4054 6328
563 260 704 318 1007
1498 253 1595 312 AD
1629 251 1867 313 OPERA
1902 246 2151 310 SANCTl
2194 244 2523 308 AMBROSII
2560 245 2933 308 APPENDIX.
3731 240 3878 304 1008

557 373 818 448 gentibus
835 368 919 440 sé,
953 376 1013 428 ut
1041 369 1293 429 Christus
1323 369 1592 428 Dominus
1623 387 1753 428 cum
1781 370 1837 426 in
1867 370 2042 426 forma
2070 366 2170 423 Dei
2196 367 2250 429 A
2275 365 2368 422 ubi
2395 367 2541 424 idem
2569 383 2678 424 non
2711 376 2819 424 est.
2845 364 2955 424 Sed
2980 361 3128 421 absit
3152 364 3279 421 hoc.
3308 361 3424 422 Non
3451 377 3617 422 sensu
3638 364 3880 436 Aposto-

561 477 733 535 esset,
768 468 999 524 formam
1023 467 1167 524 servi
1195 467 1505 536 acciperet,
1540 475 1599 522 ut
1627 466 1782 522 solus
1828 463 2172 520 inveniretur

559 573 876 634 utrumque.
913 561 1044 616 Cum
1077 575 1209 631 ergo
1255 557 1514 615 Christus
1545 567 1841 631 utrumque
1872 558 1979 623 sit,
2023 556 2171 613 Deus

565 657 785 715 scilicet
809 665 864 712 et
894 653 1099 722 homo,
1132 654 1420 710 suscitatio
1461 655 1580 711 haec
1601 668 1710 710 non
1739 653 1864 708 ideo
1898 651 2170 707 divinitati

563 751 686 820 ejus
725 747 1060 814 ascribitur;
1099 748 1225 820 quia
1248 746 1642 818 divinitasejus
1674 745 1895 815 autpati
1920 743 2173 800 anttnori

561 851 754 915 posset
788 859 801 896 :
836 842 932 898 sed
971 839 1096 913 quia
1145 839 1383 898 Verbum
1414 840 1561 897 Deus
1607 855 1738 896 caro
1777 838 1950 894 lactus
1977 848 2086 903 est,
2116 844 2174 894 et

561 933 829 991 habitavit
857 934 912 990 in
944 935 1124 990 nobis.
1179 935 1452 991 Craterum
1485 933 1532 988 si
1587 933 1850 988 divinitas
1878 931 2003 1002 ejus
2055 931 2170 1002 pati

562 1028 856 1100 potuisset,
886 1043 994 1084 non
1023 1026 1214 1097 utique
1243 1041 1385 1098 opus
1423 1025 1642 1091 luisset,
1674 1035 1732 1082 ut
1763 1025 1997 1080 formam
2025 1023 2172 1080 servi

564 1124 849 1194 acciperet
882 1142 895 1178 :
926 1127 1140 1194 accepit
1190 1133 1378 1179 autem
1411 1121 1641 1178 formam
1692 1120 1840 1176 servi
1874 1134 1980 1174 non
2009 1118 2170 1174 aliam

563 1216 636 1272 ob
663 1230 911 1282 causam,
933 1231 1097 1287 quam
1124 1224 1184 1270 ut
1218 1230 1315 1285 per
1343 1229 1464 1268 eam
1491 1227 1590 1284 pro
1617 1212 1800 1268 salute
1827 1210 2170 1282 diligentium

560 1319 621 1368 et
644 1311 754 1380 pati
785 1319 842 1368 et
871 1311 1007 1366 mori
1034 1318 1238 1381 posset.
1269 1307 1338 1364 Et
1360 1309 1483 1365 ideo
1505 1316 1657 1364 recte
1682 1307 1886 1364 dicitur
1910 1306 2174 1362 Dominus

556 1406 862 1478 maiestatis
891 1405 1211 1473 cruciﬁxus,
1246 1412 1303 1459 et
1333 1402 1598 1458 Dominus
1618 1401 1784 1458 Jesus
1823 1399 2077 1456 Christus
2103 1413 2170 1455 ex

561 1499 795 1556 mortuis
841 1499 1141 1562 excitatus;
1196 1497 1322 1569 quia
1379 1506 1680 1566 spontanea
1732 1494 2070 1565 benignitate
2117 1500 2173 1549 et

561 1591 749 1648 divina
783 1606 883 1648 sua
915 1590 1130 1646 ratione
1161 1604 1259 1659 per
1289 1589 1478 1658 templi
1509 1588 1594 1644 sui
1628 1588 1944 1658 passionem
1975 1593 2176 1642 cuncta

561 1687 684 1757 ipse
719 1685 966 1756 suscepit
994 1693 1050 1740 et
1081 1683 1330 1755 pertulit.
1361 1682 1439 1739 Ac
1466 1698 1564 1754 per
1593 1682 1720 1747 hoc,
1755 1681 1808 1736 id
1842 1679 1989 1752 quod
2015 1678 2176 1735 Chri-

2275 459 2359 516 lus
2395 460 2672 517 laboravit
2713 478 2727 515 :
2771 461 2924 516 novit
2967 465 3153 515 autem
3192 457 3366 514 Deum
3406 467 3460 513 et
3498 458 3791 513 Dominum
3826 465 3883 512 et

2277 554 2542 626 Spiritum
2565 565 2839 625 sanctum,
2863 570 3031 611 unum
3052 553 3317 626 Spiritum
3339 553 3519 609 omnia
3542 553 3598 608 in
3620 551 3882 608 omnibus

2275 659 2618 722 operantem.

2257 738 2265 745 ’
2347 743 2418 800 Et
2449 760 2518 802 ne
2546 745 2677 817 quid
2707 743 2850 802 l‘orte
2880 742 3120 815 scrupuli
3151 757 3308 799 mens
3333 739 3675 798 audientium
3709 740 3881 796 susti-

2275 848 2466 908 neret;
2520 840 2647 908 quia
2693 854 2816 895 cum
2871 837 3156 894 Trinitatis
3207 850 3471 909 personas
3518 833 3878 898 ostendisset,

2273 932 2445 989 Deum
2485 941 2679 989 cuncta
2721 933 2774 988 in
2816 933 3070 989 omnibus
3111 931 3330 988 dixerat
3363 940 3712 1002 operantem,
3748 926 3879 984 dum

2273 1026 2377 1082 scit
2405 1035 2462 1084 et
2483 1027 2806 1084 Trinitatem
2831 1042 2958 1084 vere
2990 1026 3225 1098 probare
3248 1068 3263 1094 ,
3305 1026 3447 1081 sicut
3479 1039 3608 1080 vere
3637 1029 3700 1078 ct
3727 1029 3884 1078 unio-

2275 1137 2440 1189 nem;
2492 1137 2820 1195 quamquam
2867 1137 3026 1178 error
3057 1122 3242 1178 nullus
3287 1130 3499 1191 poterat
3533 1118 3740 1185 videri,
3793 1116 3882 1174 ubi

2273 1217 2420 1274 idem
2443 1232 2592 1290 stepe
2613 1218 2728 1290 jam
2757 1218 2974 1275 dixerat
3001 1237 3015 1274 :
3041 1217 3209 1274 solito
3235 1227 3416 1274 tamen
3439 1232 3537 1272 suo
3561 1231 3720 1272 more
3739 1217 3884 1286 Apo-

2275 1312 2450 1368 stolus
2476 1354 2492 1380 ,
2539 1321 2593 1368 et
2620 1311 2927 1384 prudentia:
2966 1327 3080 1368 sua:
3115 1311 3333 1368 cautela
3358 1353 3376 1380 ,
3417 1313 3583 1368 immo
3607 1321 3672 1367 ut
3699 1312 3882 1367 verius

2275 1404 2452 1460 dicam
2476 1447 2491 1473 ,
2521 1404 2759 1476 Spiritus
2785 1406 2960 1462 sancti
2991 1405 3386 1477 gubernatione
3407 1445 3422 1471 ,
3445 1419 3605 1475 quem
3633 1418 3699 1458 se
3725 1417 3882 1459 reve-

2276 1497 2507 1553 latorem
2551 1507 2607 1554 et
2649 1497 2935 1554 doctorem
2974 1497 3175 1554 habere
3208 1513 3354 1568 sn-pe
3398 1497 3712 1567 proﬁtetur,
3743 1499 3887 1552 sicut

2277 1589 2418 1646 dixit
2447 1609 2460 1645 :
2499 1589 2608 1646 Sed
2637 1591 2776 1645 docti
2813 1590 3043 1664 Spiritu,
3082 1590 3403 1662 spiritalibus
3428 1589 3590 1662 607
3620 1590 3883 1662 spiritalia

2276 1693 2635 1755 comparantes
2660 1684 2724 1755 (l
2756 1682 2878 1740 Cor.
2925 1701 2984 1751 ll,
3020 1686 3124 1756 l5)
3151 1702 3165 1740 :
3197 1696 3254 1742 et
3283 1686 3392 1740 alio
3429 1685 3682 1741 inloco:
3718 1683 3888 1742 Nobis

559 1791 680 1836 stus
701 1780 974 1836 excitatur
995 1793 1061 1834 ex
1093 1776 1348 1841 mortuis,
1377 1775 1594 1846 prolicit
1622 1774 1689 1831 ad
1712 1774 1946 1846 gloriam
1971 1773 2091 1842 Dei,
2117 1780 2168 1828 et
2201 1776 2249 1838 B
2275 1789 2446 1835 autem
2473 1780 2717 1834 revelavil
2740 1777 2880 1834 Deus
2912 1795 3004 1851 per
3032 1779 3296 1850 Spiritum
3319 1790 3551 1834 sanctum
3576 1779 3638 1853 (ι
3663 1778 3790 1836 Cor.
3821 1795 3882 1846 η,

560 1873 882 1944 comprobat
903 1873 1357 1944 omnipotentiam
1397 1870 1625 1928 Christi.

635 1964 743 2023 Sed
779 1974 835 2022 et
864 1965 1151 2036 sequentia
1180 1964 1284 2020 loci
1329 1961 1491 2032 hujus
1527 1978 1634 2018 non
1666 1961 1848 2018 minus
1872 1960 2167 2032 diligenter

559 2060 838 2130 inspicere
880 2057 1175 2124 debemus;
1222 2055 1478 2130 quoniam
1517 2055 1627 2111 alta
1665 2064 1719 2111 et
1759 2053 2025 2126 profunda
2069 2053 2168 2110 do-

557 2153 738 2211 ctrina
767 2153 1055 2226 apostolus
1086 2155 1156 2207 ita
1181 2152 1398 2209 locutus
1425 2161 1509 2208 est
1533 2150 1723 2207 dicens
1748 2167 1762 2204 :
1791 2149 1945 2218 Quod
1970 2150 2013 2204 si
2044 2148 2168 2218 Spi-

555 2246 690 2302 ritus
729 2248 842 2319 ejus
871 2244 960 2316 qui
997 2244 1262 2299 suscitavit
1296 2241 1476 2298 Iesum
1513 2259 1576 2298 ea:
1615 2242 1854 2306 mortuis,
1889 2239 2084 2295 habitat
2114 2240 2168 2295 in

557 2341 701 2401 vobis
718 2355 737 2406 ;
757 2339 845 2410 qui
864 2337 1127 2394 suscitavit
1147 2334 1332 2393 Iesum
1351 2352 1415 2391 ea:
1435 2335 1672 2402 mortuis,
1698 2333 1895 2390 habitat
1921 2334 1973 2389 in
1994 2333 2169 2400 vobis;

559 2438 652 2511 qui
680 2435 946 2492 suscitavit
978 2435 1241 2492 Christum
1275 2451 1340 2490 ea:
1367 2433 1608 2501 mortuis,
1643 2430 1918 2502 viviﬁcabit
1957 2440 2004 2485 et
2031 2444 2169 2483 mor-

557 2532 691 2588 talia
717 2546 942 2602 corpora
971 2539 1139 2586 vestra
1169 2545 1259 2597 per
1286 2527 1660 2583 inhabitantem
1691 2525 1951 2597 Spiritum
1974 2524 2090 2591 eius
2115 2524 2169 2578 in

559 2624 704 2681 vobis
746 2623 926 2698 (Rom.
965 2637 1080 2689 vni,
1117 2622 1230 2692 il).
1267 2619 1514 2676 Primum
1548 2635 1679 2691 ergo
1707 2619 2054 2674 manifestum
2087 2625 2172 2673 est

556 2716 686 2790 quia
709 2715 892 2774 omnia
919 2715 1067 2774 Deus
1097 2724 1150 2772 et
1171 2713 1426 2771 Christus
1446 2728 1545 2784 per
1569 2711 1970 2768 inhabitantem
1997 2710 2171 2779 Spiri-

559 2819 678 2866 tum
729 2824 888 2867 suum
936 2809 989 2865 in
1035 2809 1194 2865 nobis
1234 2818 1529 2878 operatur;
1578 2821 1643 2862 ac
1677 2821 1776 2876 per
1811 2804 1914 2861 hoc
1957 2810 2173 2860 constat

557 2903 819 2976 quoniam
867 2911 1090 2960 sanctus
1123 2901 1364 2974 Spiritus
1405 2899 1589 2954 omnia
1620 2908 1920 2971 operatur;
1953 2897 2080 2964 quia
2115 2905 2171 2951 et

557 2999 815 3056 mortalia
846 3011 1080 3068 corpora
1109 3005 1296 3052 nostra
1326 2993 1627 3050 viviﬁcabit
1655 2993 1700 3049 is
1720 3034 1735 3060 ,
1765 2992 1859 3064 qui
1886 2989 2171 3049 suscitavit

561 3091 754 3151 Iesum
785 3108 850 3148 ex
880 3091 1134 3149 mortuis.
1167 3105 1265 3161 per
1294 3088 1690 3144 inhabitantem
1719 3085 1987 3157 Spiritum
2015 3086 2172 3142 Chri-

2267 1874 2382 1947 10),
2419 1874 2658 1930 reddidit
2681 1879 2868 1929 omnia
2897 1874 3086 1929 unioni
3110 1916 3126 1941 ,
3155 1873 3346 1931 dicens
3374 1891 3388 1929 :
3423 1875 3528 1929 Alii
3554 1875 3699 1929 enim
3725 1874 3884 1928 datur

2268 1982 2358 2036 per
2389 1966 2648 2040 Spiritum
2687 1983 2856 2022 sermo
2891 1966 3181 2036 sapientiae,
3225 1967 3319 2021 alii
3349 1981 3515 2022 sermo
3545 1967 3779 2022 scientia
3805 1983 3885 2023 ss-

2267 2059 2498 2115 cundum
2528 2059 2759 2114 eumdem
2783 2059 3061 2133 Spiritum,
3097 2060 3192 2116 alii
3213 2061 3345 2128 fides
3375 2061 3428 2114 in
3454 2063 3630 2115 eodem
3655 2059 3883 2129 Spiritu,

2267 2154 2360 2208 alii
2391 2153 2562 2224 gratia
2587 2153 2916 2207 curationum
2945 2153 2998 2207 in
3029 2169 3130 2207 uno
3158 2152 3387 2220 Spiritu,
3417 2162 3523 2207 etc.
3555 2151 3602 2224 (Ι
3630 2151 3756 2207 Cor.
3781 2168 3880 2220 xu,

2269 2245 2362 2316 8).
2399 2245 2468 2301 Et
2510 2247 2564 2301 in
2608 2246 2907 2301 novies-ima
2957 2254 3112 2316 parte
3157 2245 3500 2302 concludens
3535 2245 3651 2299 ait:
3702 2245 3887 2302 Omnia

2269 2350 2438 2397 autem
2474 2345 2583 2397 hac
2624 2350 2868 2413 operatur
2898 2357 3030 2396 unus
3060 2352 3213 2412 atque
3247 2340 3386 2394 idem
3425 2339 3661 2413 Spiritus
3691 2337 3883 2411 (lbid.,

2271 2437 2335 2493 11
2363 2435 2382 2508 )
2409 2451 2424 2502 ;
2455 2437 2545 2507 qui
2574 2450 2734 2507 supra
2765 2435 2980 2490 scilicet
3009 2435 3177 2490 Deus.
3209 2434 3354 2504 Ergo
3379 2433 3504 2505 quia
3530 2439 3717 2488 omnia
3744 2447 3882 2502 ope-

2271 2540 2424 2584 ratur
2446 2528 2591 2586 Deus
2619 2537 2782 2600 atque
2812 2527 2956 2584 idem
2986 2527 3246 2597 Spiritus,
3278 2526 3500 2583 Patrem
3523 2541 3580 2582 et
3604 2525 3802 2582 Filium
3829 2535 3886 2583 et

2270 2623 2537 2695 Spiritum
2569 2637 2843 2690 sanctum,
2875 2623 2928 2677 in
2959 2636 3190 2692 quorum
3218 2622 3441 2676 nomine
3471 2636 3569 2691 per
3595 2635 3883 2692 regenera.

2273 2718 2440 2773 tionis
2470 2717 2741 2787 baptisma
2777 2731 3114 2782 recreantur,
3163 2731 3333 2770 unum
3367 2715 3574 2781 Deum,
3614 2713 3760 2786 quod
3801 2721 3886 2770 est

2273 2824 2474 2866 nomen
2523 2825 2713 2876 unum,
2762 2809 3017 2880 accipere
3056 2807 3323 2864 debemus
3351 2816 3409 2864 et
3444 2808 3720 2874 credere;
3759 2808 3884 2880 quia

2274 2920 2385 2960 uno
2414 2915 2577 2974 atque
2605 2904 2797 2960 eodem
2831 2904 2994 2959 modo
3018 2945 3035 2972 ,
3079 2903 3386 2976 iisdemque
3413 2905 3722 2960 virtutibus
3741 2945 3758 2970 ,
3785 2919 3884 2961 nec

2274 3013 2381 3053 non
2409 3006 2464 3053 et
2491 2997 3020 3069 prophetationibus,
3043 2997 3244 3069 quibus
3269 2996 3492 3054 Patrem
3516 2997 3694 3053 Deum
3720 2997 3882 3054 disci-

2275 3106 2421 3158 mus,
2443 3090 2512 3146 de
2537 3090 2746 3158 Spiritu
2771 3106 2988 3162 quoque
3009 3102 3204 3147 sancto
3225 3100 3282 3148 et
3302 3091 3370 3146 de
3396 3089 3541 3148 Filio
3566 3090 3878 3148 edocemur.

562 3187 635 3246 sti
665 3190 721 3244 in
747 3185 932 3243 nobis.
967 3183 1038 3240 Et
1064 3199 1172 3240 non
1197 3183 1338 3240 dixit
1368 3183 1493 3254 quia
1523 3197 1624 3253 per
1642 3197 1705 3240 se
1733 3181 1962 3237 suscitat
1984 3181 2054 3248 is,
2081 3179 2172 3252 qui
2199 3167 2245 3232 C
2351 3183 2460 3242 Sed
2504 3184 2648 3241 forte
2687 3184 2808 3255 quis
2835 3185 3018 3240 dicat:
3049 3183 3242 3240 Omnia
3275 3185 3444 3248 dixit,
3475 3200 3603 3257 qua:
3639 3185 3710 3241 ad
3737 3185 3880 3241 ordi-

562 3279 1060 3339 suscitavitlesum
1090 3295 1159 3334 ex
1188 3278 1447 3344 mortuis,
1481 3292 1660 3348 neque
1689 3275 1966 3330 Christum
1994 3289 2091 3346 per
2117 3288 2179 3330 se

562 3374 869 3432 suscitare:
914 3373 1010 3429 sed
1047 3386 1142 3441 per
1181 3369 1574 3425 inhabitantem
1621 3367 1674 3423 in
1713 3368 1876 3423 nobis
1911 3366 2174 3438 Spiritum

564 3467 790 3524 Christi.
826 3466 1064 3536 Spiritus
1091 3464 1235 3532 ejus,
1267 3463 1361 3535 qui
1397 3463 1684 3518 suscitavit
1710 3459 1894 3516 Jesum
1927 3474 1993 3514 ex
2025 3473 2177 3515 mor-

565 3562 695 3630 tuis,
723 3557 1020 3614 viviﬁcabit
1045 3567 1102 3614 et
1122 3557 1376 3613 mortalia
1398 3569 1634 3624 corpora
1655 3563 1864 3610 nostra.
1898 3553 1969 3608 Et
1990 3555 2178 3624 utique

563 3654 622 3710 in
654 3652 950 3724 Evangelio
978 3651 1212 3722 legimus
1233 3690 1249 3715 ,
1277 3649 1498 3705 dicente
1531 3648 1761 3703 Domino
1789 3663 1804 3701 :
1840 3646 1990 3704 Sicut
2022 3646 2180 3701 Pater

566 3747 782 3802 suscitat
821 3755 1074 3813 mortuos,
1113 3754 1163 3798 et
1200 3742 1459 3811 vivi/icat;
1494 3742 1568 3796 ita
1607 3751 1655 3798 et
1685 3738 1858 3797 Filius
1883 3757 2012 3813 quos
2043 3741 2175 3809 vult,

564 3841 790 3911 viviﬁcat
811 3840 994 3913 (Joan.
1027 3854 1078 3896 v.
1103 3837 1220 3909 21).
1249 3837 1318 3894 Et
1339 3852 1445 3892 non
1475 3846 1563 3892 est
1589 3836 1796 3893 dictum
1827 3836 1898 3892 ibi
1931 3836 2055 3907 quia
2080 3851 2179 3908 per

566 3933 829 4004 Spiritum
852 3946 1012 3988 suum
1038 3930 1267 3985 suscitat
1291 3929 1434 3985 Deus
1459 3938 1517 3985 et
1543 3927 1817 3985 Christus.
1851 3928 1988 3997 Quid
2011 3928 2178 4000 ergo?

563 4027 916 4085 Contrarium
962 4025 1068 4082 hoc
1113 4026 1216 4081 erit
1260 4024 1341 4081 illi
1369 4023 1695 4082 sententia)?
1727 4024 1886 4081 Absit
1917 4041 1931 4078 :
1967 4025 2065 4080 sed
2097 4024 2182 4080 in-

563 4124 817 4180 tellectus
868 4121 1088 4178 illorum
1135 4118 1297 4177 nobis
1339 4118 1617 4183 redditur,
1667 4127 1722 4174 et
1771 4117 2034 4174 docemur
2081 4132 2179 4188 per

571 4214 931 4286 Evangelium
964 4212 1266 4268 beatissimi
1295 4209 1448 4265 Pauli
1473 4225 1578 4282 qua
1601 4208 1814 4266 ratione
1835 4209 1978 4265 Dens
2005 4209 2181 4266 susci-

564 4317 665 4375 tet,
719 4322 816 4378 pcr
857 4303 1258 4360 inhabitantem
1305 4301 1516 4358 scilicet
1559 4302 1824 4372 Spiritum
1868 4300 2072 4358 Christi
2120 4301 2178 4358 in

568 4401 762 4467 nobis;
793 4414 857 4456 ac
889 4416 985 4470 per
1011 4397 1116 4454 hoc
1155 4397 1508 4470 apertissime
1539 4396 1793 4465 traditur,
1827 4396 1954 4468 quia
1993 4397 2176 4452 omnia

2280 3280 2560 3335 nationem
2617 3277 2883 3334 Ecclesia:
2932 3279 3245 3350 pertinent:
3290 3295 3398 3334 non
3435 3287 3626 3334 autem
3671 3280 3876 3346 omnia,

2279 3388 2402 3444 quze
2429 3373 2572 3429 Deus
2592 3383 2875 3443 operatur,
2900 3380 2956 3428 et
2976 3371 3237 3428 Dominus
3255 3382 3517 3443 operatur
3549 3382 3609 3428 et
3631 3372 3875 3443 Spiritus.

2278 3461 2425 3535 Ergo
2459 3463 2528 3519 de
2566 3464 2822 3519 omnibus
2859 3461 2944 3518 vel
2979 3478 3150 3535 pauca
3193 3463 3443 3535 ponenda
3483 3474 3652 3531 sunt,
3693 3467 3879 3535 quibus

2281 3559 2542 3629 probetur
2573 3558 2835 3630 Spiritum
2864 3569 3112 3616 sanctum
3139 3558 3395 3616 omnibus
3428 3559 3663 3615 omnino
3689 3558 3875 3614 divinis

2280 3652 2546 3720 Operihus
2585 3653 2812 3719 adesse,
2854 3662 2910 3708 et
2952 3653 3127 3722 ipsum
3173 3653 3356 3708 omnia
3389 3652 3647 3725 implere.
3677 3652 3876 3724 Lioyscs

2281 3742 2486 3814 Spiritu
2529 3757 2722 3800 sancto
2763 3745 3045 3815 impletur,
3071 3755 3126 3802 et
3161 3761 3259 3817 per
3287 3745 3554 3816 Spiritum
3587 3743 3875 3818 prophetia

2279 3837 2629 3908 praescientia
2668 3836 2921 3904 docetur,
2963 3849 3020 3894 et
3049 3839 3227 3894 futura
3270 3838 3540 3910 praedicit.
3573 3838 3716 3908 Quid
3761 3853 3874 3908 pro-

2281 3931 2460 4004 pheta:
2498 3946 2692 3988 omnes
2738 3931 3034 4004 deinceps?
3063 3931 3202 3988 Num
3251 3933 3463 4004 Spiritu
3503 3948 3702 3990 sancto
3744 3930 3874 4004 Pleni

2279 4027 2742 4100 praphetaverunt
2757 4070 2773 4096 ,
2796 4038 2853 4085 et
2881 4029 3066 4101 plagas
3088 4030 3287 4100 pepulo
3309 4030 3668 4087 imminentes
3687 4043 3876 4085 annua-

2283 4122 2588 4190 tiaverunt,
2614 4133 2668 4179 et
2697 4121 2990 4178 adventum
3026 4122 3236 4178 Domini
3265 4132 3322 4178 et
3344 4124 3664 4195 passionem
3695 4120 3874 4196 praedi-

2281 4228 2576 4287 caverunt,
2612 4219 2887 4290 probante
2929 4219 3165 4276 Domino
3211 4229 3267 4276 et
3310 4219 3534 4278 dicente
3558 4238 3665 4293 per
3693 4237 3755 4278 os
3779 4220 3872 4276 Ζι-

2280 4314 2481 4371 charim
2510 4313 2790 4384 prophetae
2816 4331 2830 4370 :
2871 4313 3241 4370 Verumtamen
3266 4315 3420 4372 verba
3445 4334 3566 4373 mea
3591 4328 3642 4374 et
3661 4318 3874 4390 legitima

2279 4421 2394 4459 mea
2424 4404 2671 4474 accipite,
2717 4418 2833 4472 qua:
2873 4421 2966 4476 ego
3000 4405 3192 4460 mando
3235 4405 3290 4460 in
3321 4405 3531 4476 Spiritu
3575 4424 3690 4462 meo
3731 4407 3872 4463 senis

568 4510 736 4567 opera
764 4494 946 4549 divina
980 4492 1218 4564 Spiritus
1248 4503 1472 4548 sanctus
1502 4499 1783 4563 operatur.
1817 4490 1887 4548 Et
1914 4491 2037 4548 ideo
2064 4492 2177 4548 alio
2200 4566 2238 4570 _
2263 4475 2408 4551 meis
2442 4498 2710 4570 prophetis
2742 4475 2928 4568 (ΖαοΙι.
2961 4513 3006 4567 ι,
3037 4499 3136 4568 6);
3169 4513 3234 4555 ac
3273 4475 3375 4570 per
3403 4499 3511 4556 hoc
3537 4499 3870 4556 manifestum

571 4566 625 4642 in
669 4587 793 4642 loco
843 4586 987 4642 idem
1031 4587 1332 4657 Apostolus
1374 4586 1536 4643 docet
1580 4585 1768 4641 dicens
1816 4603 1830 4641 :
1878 4583 2174 4641 Divisiones
2200 4566 2364 4646 I)est
2394 4566 2584 4647 omnes
2617 4566 2914 4663 prophetas
2955 4566 3009 4647 in
3040 4566 3248 4663 Spiritu
3275 4566 3470 4650 saneto
3501 4595 3870 4664 prophetassc.

569 4684 859 4757 gratiarum
897 4693 1060 4748 sunt,
1105 4681 1243 4736 idem
1282 4692 1455 4737 autem
1489 4681 1718 4755 Spiritus
1758 4697 1776 4736 :
1807 4689 1857 4736 et
1898 4681 2176 4736 divisiones

569 4777 978 4833 ministeriorum
1003 4787 1143 4844 sunt,
1166 4777 1304 4830 idem
1324 4787 1494 4832 autem
1517 4774 1774 4831 Dominus
1794 4791 1813 4830 :
1833 4785 1882 4830 et
1901 4777 2177 4831 divisiones

567 4874 934 4944 Operationum
955 4879 1096 4936 sunt,
1119 4870 1258 4925 idem
1283 4886 1400 4925 vero
1431 4869 1593 4936 Deus,
1618 4871 1704 4940 qui
1730 4879 1973 4939 aperatur
1999 4870 2175 4924 οηιιιία

566 4965 624 5019 in
660 4965 900 5019 omnibus
947 4962 1004 5036 (ι
1033 4961 1156 5017 Cor.
1183 4977 1284 5024 xu.
1315 4961 1350 5016 4
1371 4964 1411 5031 ).
1439 4962 1726 5032 Quomodo
1755 4971 1842 5017 est
1867 4962 1999 5016 illud
2030 4962 2172 5017 idetn

568 5055 848 5128 SpiriltIS',
883 5056 928 5110 si
959 5055 1107 5112 aliud
1137 5065 1220 5110 est
1244 5055 1479 5126 Spiritus
1501 5096 1516 5121 ,
1543 5071 1705 5126 quam
1737 5055 1885 5111 Dcus
1911 5065 1963 5112 et
1994 5056 2176 5112 Domi-

568 5151 714 5206 nus?
745 5160 839 5204 aut
874 5149 1004 5219 quid
1033 5159 1118 5204 est
1145 5148 1275 5202 illud
1306 5165 1320 5202 :
1351 5146 1501 5202 Idem
1531 5145 1809 5214 Dominus,
1844 5149 1890 5204 si
1918 5149 2066 5204 aliud
2091 5158 2177 5207 est

570 5242 860 5303 Dominus.
883 5256 1048 5311 quam
1076 5240 1219 5296 Deus
1241 5248 1296 5294 et
1317 5239 1589 5311 Spiritus?
1614 5252 1706 5296 aut
1728 5257 1834 5310 qua
1852 5241 2064 5298 ratione
2083 5257 2177 5299 ac-

564 5337 740 5406 cipies
774 5355 789 5392 :
820 5332 973 5389 Idem
997 5333 1153 5399 Deus,
1189 5333 1234 5389 si
1258 5335 1402 5389 aliud
1427 5343 1511 5389 est
1537 5335 1701 5401 Deus,
1725 5351 1885 5407 quam
1909 5337 2175 5395 Dominus

565 5425 846 5496 Spiritus?
874 5438 923 5481 et
953 5425 1002 5482 si
1032 5426 1278 5483 essentia
1307 5425 1395 5481 vel
1415 5428 1567 5502 οὐσίᾳ
1593 5436 1649 5482 et
1677 5426 1965 5486 divinitate
1987 5439 2046 5487 et
2070 5445 2169 5486 au-

565 5517 824 5572 ctoritate
871 5516 1023 5572 aliud
1062 5528 1117 5572 et
1151 5517 1322 5584 aliud,
1359 5527 1414 5573 et
1461 5534 1569 5573 non
1614 5534 1780 5574 unum
1817 5531 1962 5578 sunt.
2011 5522 2172 5580 Nullo

568 5609 736 5668 modo
778 5619 1002 5680 possent
1037 5611 1144 5667 dici
1186 5612 1353 5677 idem,
1398 5612 1487 5684 qui
1532 5611 1690 5684 longe
1732 5614 1881 5670 aliud
1928 5626 1986 5672 et
2023 5617 2172 5675 aliud

566 5704 945 5774 reperirentur
974 5722 986 5757 :
1025 5704 1367 5760 inveniretur
1399 5714 1582 5759 autem
1611 5715 1669 5760 et
1695 5709 1976 5777 apostolus
2004 5709 2172 5768 falsus

565 5798 727 5872 testis
755 5807 821 5857 et
846 5807 1143 5857 contumax
1182 5799 1239 5858 in
1266 5799 1440 5860 Deum
1461 5841 1478 5871 ,
1528 5800 1622 5873 qui
1661 5802 1805 5862 idem
1833 5807 2170 5882 ascriberet,

2350 4683 2551 4756 Legem
2583 4699 2802 4755 qucque
2829 4684 3001 4757 ipsam
3023 4700 3120 4757 per
3141 4684 3408 4756 Spiritum
3431 4695 3686 4742 sanctum
3705 4690 3872 4741 datm

2275 4779 2590 4850 accepimus
2616 4789 2670 4835 et
2698 4780 2992 4850 scriptam;
3019 4779 3153 4835 dicit
3175 4781 3319 4834 enim
3355 4778 3616 4852 Moyses:
3647 4777 3717 4836 Et
3741 4777 3874 4834 dedit

2280 4869 2532 4926 Dominus
2551 4872 2683 4926 duas
2698 4872 2898 4927 tabulas
2918 4872 3148 4944 lapideas
3161 4873 3327 4945 digito
3339 4869 3440 4926 Dei
3449 4875 3678 4942 scriptas
3689 4870 3868 4941 (Exod.

2276 4982 2429 5034 xxxi,
2465 4967 2574 5037 18).
2599 4965 2837 5038 Digitum
2865 4979 3046 5023 autem
3083 4967 3177 5024 Dei
3210 4967 3474 5038 Spiritum
3499 4981 3744 5023 Sanctum
3768 4964 3870 5022 dici

2280 5065 2574 5135 Evangelia
2610 5063 2963 5120 manifestam
2988 5081 3003 5131 ;
3033 5080 3156 5121 cum
3193 5068 3338 5121 enim
3373 5065 3639 5121 Dominus
3681 5065 3870 5119 damo-

2279 5173 2402 5214 nem
2432 5157 2691 5228 cjecisset
2706 5199 2721 5225 ,
2745 5165 2803 5213 et
2826 5169 3178 5215 accusaretur
3197 5156 3231 5213 a
3249 5156 3453 5214 Judaeis
3473 5158 3623 5230 quod
3653 5159 3702 5212 in
3725 5152 3872 5212 Beel-

2279 5253 2455 5309 zebub
2495 5252 2742 5324 principe
2784 5252 3185 5310 daemoniorum
3229 5253 3500 5309 daemonia
3545 5252 3868 5325 expelleret,

2269 5345 2574 5410 secundum
2622 5344 2823 5402 Lucam
2871 5347 3090 5419 quidem
3133 5345 3488 5417 respondisse
3529 5346 3868 5416 perhibetur:

2279 5440 2432 5507 Quod
2468 5440 2512 5494 si
2554 5455 2648 5512 ego
2689 5440 2744 5493 in
2769 5439 2932 5512 digito
2961 5437 3060 5495 Dei
3094 5440 3296 5514 expello
3325 5440 3586 5496 daemonia
3617 5438 3759 5505 (Luc.
3783 5450 3870 5507 xx,

2273 5532 2368 5604 20)
2389 5549 2404 5599 ;
2428 5534 2726 5588 secundum
2756 5532 3068 5589 Matthmum
3098 5549 3260 5589 vero:
3285 5532 3535 5588 Siautem
3562 5549 3654 5604 ego
3673 5533 3722 5585 in
3738 5527 3868 5598 Spi-

2273 5630 2378 5682 ritu
2411 5625 2506 5682 Dei
2539 5629 2688 5703 ejicio
2719 5628 2976 5684 daemones
2998 5627 3216 5698 (Matth.
3242 5644 3360 5694 xu,
3388 5627 3507 5700 28),
3537 5627 3672 5683 unde
3700 5621 3874 5680 mani-

2274 5720 2471 5778 festum
2517 5733 2602 5777 εει
2649 5721 2915 5793 Spiritum
2966 5722 3195 5796 digitum
3246 5721 3344 5778 Dei
3393 5720 3524 5776 dici.
3561 5719 3690 5775 Cum
3735 5727 3870 5787 ergo

2275 5825 2492 5876 constet
2519 5817 2781 5891 Spiritum
2823 5828 3074 5880 sanctum
3113 5817 3340 5890 digitum
3374 5813 3472 5874 Dei
3519 5815 3654 5883 dici,
3693 5807 3866 5870 mssi-
