3950 6314
55 390 179 449 1009

1033 383 1124 442 DE
1165 382 1436 444 SPlRlTU
1466 381 1740 444 SANCTO
1775 382 2121 445 LIBELLUS
2158 386 2362 448 UNUS.

3196 394 3338 454 1010

52 515 231 570 festum
273 519 361 567 est
411 510 536 584 quia
589 511 798 569 tabulas
849 511 1092 584 lapideas
1139 509 1376 584 Spiritus
1405 521 1628 569 sanctus
1653 513 1709 573 Α
1734 518 1883 582 ptum
1909 526 2030 582 quae
2050 512 2228 568 aliena
2259 522 2407 568 sunt.
2434 513 2504 571 Et
2529 528 2748 573 rursum
2779 515 2835 574 in
2861 513 3088 577 Actibus
3115 527 3340 590 aposto-

51 606 287 677 scripsit,
311 621 444 676 quas
475 605 684 678 Moyses
713 605 880 679 digito
913 605 1006 661 Dei
1032 605 1267 676 scriptas
1297 606 1546 677 accepit:
1572 616 1628 663 et

49 701 270 772 Spiritus
314 709 534 756 sanctus
575 701 758 767 dedit,
800 701 923 773 quia
954 701 1150 773 digitus
1194 703 1285 757 Dei
1329 718 1439 758 non
1481 701 1626 758 aliud

51 807 199 865 quam
234 792 371 847 Deus
403 802 520 858 est;
549 800 803 864 quoniam
835 793 888 848 in
921 794 1180 850 omnibus
1207 804 1487 865 operatur.

114 886 344 942 Virtutes
388 902 609 958 quoque
656 889 832 958 ipsas,
882 903 1020 958 quas
1061 887 1240 944 divina
1281 889 1521 959 potentia
1570 889 1622 944 in

46 978 271 1051 .‘Egypto
297 979 348 1034 in
375 979 680 1036 doctrinam
703 993 756 1034 et
782 979 834 1035 in
863 981 1295 1051 experimentum
1321 981 1406 1037 sui
1433 998 1625 1054 pecca-

49 1073 242 1132 toribus
282 1083 501 1145 operata
548 1084 665 1140 esl,
697 1091 826 1130 num
870 1075 1216 1130 manifestum
1247 1084 1331 1131 est
1369 1076 1421 1130 in
1455 1075 1626 1148 digito

45 1167 133 1224 Dei
171 1181 290 1223 esse
321 1166 622 1238 perfectas,
655 1170 918 1238 probante
951 1169 1178 1224 Domino
1200 1209 1216 1235 ,
1257 1169 1351 1240 qui
1377 1185 1436 1224 se
1466 1170 1518 1223 in
1542 1170 1627 1224 di-

43 1263 143 1334 gito
169 1260 292 1325 Dei,
337 1259 390 1315 id
421 1268 538 1327 est,
570 1262 622 1316 in
653 1260 856 1332 Spiritu
894 1272 1085 1317 sancto
1115 1261 1314 1333 ejicere
1355 1262 1626 1319 daammtia

43 1354 343 1427 proﬁtetur;
386 1355 510 1426 quia
547 1355 693 1412 idem
740 1356 855 1428 ipse
884 1356 937 1412 in
974 1354 1250 1429 Egypto,
1299 1366 1356 1412 et
1396 1356 1624 1428 Spiritus

41 1459 247 1508 sanctus
273 1450 462 1508 eadem
492 1453 887 1508 consummavit
917 1459 973 1507 et
1001 1453 1191 1521 gessit.
1221 1451 1376 1520 Quod
1406 1453 1622 1521 quidem

40 1547 276 1603 Sensibus
330 1547 532 1602 nostris
580 1545 839 1602 intitnans
888 1545 1180 1616 Dominus,
1226 1548 1279 1602 in
1309 1546 1482 1618 digito
1527 1547 1624 1602 Dei

40 1653 95 1694 se
139 1639 422 1710 proﬁtetur
471 1639 746 1711 expellere
797 1638 1062 1695 da-monia
1090 1683 1105 1708 ,
1159 1640 1628 1697 docens-scilicet

39 1746 198 1802 Opera
247 1747 345 1788 sua
390 1747 554 1804 opera
604 1747 728 1789 esse
775 1735 947 1788 sancti
994 1734 1264 1803 Spiritus;
1304 1748 1428 1789 cum
1458 1749 1624 1805 opera

38 1826 197 1883 sancti
249 1825 484 1898 Spiritus
538 1841 704 1898 opera
762 1824 971 1882 Christi
1021 1827 1174 1881 sint:
1229 1842 1393 1897 opera
1439 1838 1620 1883 autem

1732 605 1908 661 lorum
1943 606 2167 677 legimus
2197 625 2210 662 :
2241 605 2657 667 Deservientibus
2682 623 2854 668 autem
2875 613 2987 669 illis
3014 623 3061 670 et
3084 619 3339 688 jejunan-

1729 699 1866 752 tibus
1896 697 2149 763 Domino,
2183 699 2316 754 dixit
2347 700 2581 772 Spiritus
2608 715 2818 762 sanctus
2849 723 2868 761 :
2899 705 3184 780 Segregate
3205 707 3336 762 mihi

1729 786 2026 843 Barnabam
2045 799 2094 844 et
2115 788 2367 860 Paulum,
2408 793 2461 847 in
2485 811 2615 864 opus
2635 797 2705 849 ad
2725 797 2862 868 quod
2881 801 3053 853 vocavi
3077 815 3164 854 eos
3187 799 3330 869 (Act.

1731 897 1851 949 xut,
1875 879 1969 953 2).
2003 882 2143 951 Quid
2175 900 2311 954 ergo
2340 884 2576 955 clarius,
2605 891 2738 959 quid
2772 891 3012 948 lucidius
3054 892 3120 948 ad
3154 893 3339 948 mani-

1729 975 2036 1030 festandam
2059 977 2403 1034 divinitatem
2425 990 2479 1035 et
2495 983 2886 1038 auctoritatem
2902 983 3145 1055 Spiritus
3163 986 3341 1041 sancti

1729 1069 1837 1126 dici
1865 1079 2042 1142 potest
2066 1090 2079 1125 :
2113 1070 2398 1144 Segregate
2423 1073 2551 1127 mihi
2570 1075 2730 1131 tNon
2754 1077 2904 1133 enim
2929 1079 3073 1134 dixit
3095 1097 3110 1136 :
3136 1081 3341 1153 Segre-

1727 1170 1850 1232 gate
1884 1162 2016 1227 Deo,
2040 1162 2136 1218 sed
2162 1163 2327 1230 mihi;
2365 1180 2542 1235 neque
2579 1167 2633 1220 in
2657 1183 2816 1239 opus,
2841 1171 2909 1225 ad
2939 1171 3084 1242 quod
3116 1175 3338 1229 vocavi-

1729 1272 1849 1310 mus
1865 1271 1982 1324 eos,
2003 1259 2098 1312 sed
2125 1258 2176 1312 in
2193 1271 2328 1326 Opus
2353 1257 2418 1312 ad
2435 1257 2580 1329 quod
2593 1261 2805 1317 Vocavi.
2823 1262 2972 1318 Satis
2997 1266 3183 1336 utique
3206 1283 3338 1338 pro-

1730 1350 1879 1408 bavit
1910 1351 2072 1408 nobis
2105 1353 2495 1409 auctoritatem
2539 1363 2596 1410 et
2633 1355 2976 1414 divinitatem
3020 1375 3201 1427 suam,
3237 1363 3332 1433 qui

1727 1448 2169 1516 segregatiouem
2198 1447 2575 1515 apostolorum
2601 1466 2708 1505 non
2733 1452 2824 1507 alii
2845 1468 3008 1522 quam
3030 1454 3134 1510 sibi
3164 1457 3338 1512 ascri-

1729 1538 1870 1609 psit:
1892 1555 2031 1609 quos
2046 1553 2100 1596 et
2118 1541 2170 1595 in
2188 1556 2450 1611 opusnon
2469 1543 2737 1610 alienum,
2752 1547 2847 1602 St'd
2861 1560 3016 1602 snum
3034 1549 3339 1608 advocasse

1727 1645 1787 1687 se
1810 1632 1981 1698 dixit;
2008 1633 2155 1705 quod
2185 1635 2374 1705 utique
2402 1635 2617 1692 alienus
2645 1654 2674 1692 a
2700 1637 2815 1695 Deo
2843 1649 2901 1695 et
2926 1641 3164 1697 Domino
3191 1652 3246 1698 ct
3267 1645 3338 1701 ab

1727 1729 2056 1785 auctoritate
2078 1728 2261 1784 divina
2290 1731 2475 1787 facere
2501 1747 2797 1804 numquam
2822 1737 3119 1806 potuisset.

1800 1829 1978 1898 Atque
2000 1837 2057 1883 ut
2079 1828 2287 1885 clarius
2308 1830 2484 1885 luceat
2501 1829 2792 1886 Trinitatis
2814 1839 3019 1886 sanctae
3035 1833 3338 1888 auctoritas

40 1918 229 1976 Christi
262 1935 427 1992 opera
459 1920 636 1976 Patris
659 1927 789 1976 sunt
811 1961 828 1988 ,
859 1920 1002 1976 sicut
1029 1921 1083 1975 in
1108 1920 1399 1990 Evangelio
1427 1937 1622 1978 secuu-
1652 1927 1701 1990 Β
1730 1935 1834 1975 una
1862 1930 1919 1976 et
1955 1921 2218 1977 divinitas
2263 1922 2565 1978 excolenda
2589 1966 2603 1991 ,
2647 1923 2824 1978 Esaitu
2857 1923 3142 1993 prophetae
3174 1924 3340 1982 nobis

38 2014 153 2069 dum
181 2013 446 2071 Joannem
466 2014 729 2085 legimus,
755 2013 876 2084 ipso
902 2013 1130 2069 Domino
1157 2012 1376 2070 dicente
1399 2031 1413 2066 :
1438 2015 1624 2083 Amen,

35 2125 173 2163 amen
209 2109 327 2165 dico
363 2108 534 2177 vobis,
577 2125 682 2164 non
723 2116 889 2179 potest
917 2105 1092 2163 Filius
1122 2108 1293 2178 facere
1316 2125 1348 2162 a
1376 2123 1429 2163 se
1469 2108 1621 2180 quid-

35 2217 203 2274 quam,
238 2203 340 2258 nisi
368 2204 508 2272 quod
545 2203 730 2257 viderit
772 2201 984 2255 Patrem
1012 2201 1324 2271 facientem;
1362 2217 1624 2273 quaecum-

34 2311 121 2365 que
162 2304 333 2350 autem
369 2295 460 2350 ille
507 2296 675 2368 facit,
724 2295 902 2352 eadem
930 2305 978 2350 et
1015 2294 1188 2350 Filius
1218 2295 1346 2366 facit
1388 2296 1626 2350 similiter

35 2386 206 2459 (Joan.
232 2404 286 2458 v,
330 2387 444 2461 l9);
488 2400 580 2444 et:
614 2389 763 2445 Sicut
814 2389 975 2444 Pater
1020 2401 1251 2444 mortuos
1295 2390 1545 2457 suscitat,
1576 2402 1624 2445 et

34 2478 197 2534 Filius
220 2497 350 2552 quos
378 2481 489 2535 vult
512 2522 528 2550 ,
559 2481 783 2552 vivificat
808 2479 997 2554 (Ibid.,
1022 2481 1135 2552 21).
1164 2481 1308 2553 Ergo
1331 2480 1434 2536 hoc
1453 2480 1622 2554 gradu

36 2583 86 2630 et
115 2573 212 2630 hac
245 2577 461 2632 ratione
489 2576 835 2646 agnoscimus
861 2590 1025 2644 Opera
1053 2576 1227 2630 sancti
1247 2573 1485 2646 Spiritus
1503 2591 1624 2633 esse

34 2681 187 2738 Opera
216 2677 448 2741 paterna
474 2685 490 2736 ;
524 2671 648 2740 quia
679 2684 799 2740 quae
828 2667 988 2724 Pater
1013 2679 1273 2739 Operatur
1295 2709 1310 2734 ,
1345 2668 1536 2724 eadem
1568 2679 1624 2725 et

34 2761 189 2819 Filius
231 2773 493 2834 operatur
528 2764 783 2818 similiter
814 2781 827 2818 :
856 2779 975 2834 qua:
1012 2773 1194 2817 autem
1223 2762 1396 2818 Filius
1429 2777 1623 2834 opera-

32 2866 139 2924 tur,
170 2857 362 2915 eadem
388 2865 446 2914 et
465 2870 690 2914 sanctus
708 2857 944 2928 Spiritus
970 2867 1248 2928 operatur.
1272 2857 1354 2914 Ac
1377 2859 1458 2914 sic
1477 2873 1622 2914 sem-

32 2969 121 3024 per
148 2954 384 3011 Trinitas
413 2967 554 3009 unus
586 2953 731 3008 Deus
767 2961 825 3009 et
855 2969 995 3007 unus
1017 2951 1253 3023 Spiritus
1284 2968 1384 3023 per
1413 2968 1494 3018 se,
1526 2952 1621 3009 sed

31 3061 93 3104 ex
119 3064 239 3106 sese
266 3049 459 3105 eadem
485 3058 541 3103 et
569 3049 751 3104 omnia
777 3047 831 3102 in
855 3047 1108 3103 omnibus
1136 3057 1412 3118 operatur.
1446 3047 1620 3116 Quem

31 3142 239 3214 quidem
286 3151 537 3198 sanctum
569 3139 829 3212 Spiritum
859 3141 981 3212 quia
1025 3141 1078 3196 in
1112 3139 1400 3197 virtutibus
1428 3141 1542 3197 suis
1566 3150 1622 3196 et

29 3237 266 3308 potentia
294 3237 477 3292 divina
507 3250 805 3308 agnoscere
828 3235 1041 3308 Egyptii
1074 3235 1367 3292 noluerunt
1390 3277 1406 3304 ,
1447 3235 1620 3307 plagis

1731 2015 2156 2087 contemplanda
2188 2018 2537 2088 prophetatio
2567 2025 2682 2084 est,
2719 2032 2883 2087 quam
2916 2032 3014 2088 per
3047 2021 3340 2090 apostolos

1729 2110 1848 2178 ipse
1876 2108 2113 2177 Spiritus
2139 2119 2364 2165 sanctus
2401 2109 2562 2166 nobis
2593 2108 2988 2181 interpretatus
3012 2120 3100 2168 est
3122 2153 3141 2178 ,
3170 2128 3338 2182 quam

1730 2201 1802 2257 ita
1833 2201 2100 2273 legimus:
2127 2203 2197 2257 Et
2225 2204 2405 2258 audivi
2432 2220 2607 2259 vocem
2639 2203 2848 2259 Domini
2873 2205 3094 2261 dicentis
3119 2221 3140 2262 :
3169 2206 3336 2273 Quem

1728 2299 1931 2354 mittam
1949 2340 1962 2366 ,
1994 2308 2039 2354 et
2065 2298 2181 2370 quis
2200 2298 2293 2353 ibit
2315 2300 2384 2352 ad
2406 2299 2660 2370 populum
2687 2299 2892 2354 istum?
2915 2297 2984 2353 Et
3011 2301 3162 2356 dixi:
3185 2299 3301 2373 Ego
3318 2340 3336 2369 ,

1728 2408 1822 2465 ego
1858 2409 2010 2459 sum,
2058 2393 2201 2446 mitte
2244 2408 2347 2448 me.
2396 2391 2464 2446 Et
2514 2391 2646 2446 dixit
2676 2407 2695 2446 .'
2733 2389 2879 2446 Vade
2902 2432 2918 2457 ,
2951 2402 2996 2446 et
3026 2393 3111 2446 dic
3139 2393 3336 2463 papula

1727 2486 1847 2540 huic
1875 2501 1895 2541 :
1933 2485 2070 2541 Aure
2104 2486 2332 2541 audietis
2357 2528 2372 2554 ,
2415 2496 2465 2541 et
2493 2502 2597 2541 non
2646 2485 2983 2558 intelligetis:
3021 2497 3068 2542 et
3108 2488 3338 2544 videntes

1726 2583 1960 2638 videbitis
1984 2624 1998 2648 ,
2047 2592 2094 2637 et
2152 2599 2257 2638 non
2295 2583 2580 2658 Vaspicielis
2607 2623 2622 2648 ,
2662 2591 2770 2638 etc.
2816 2580 3006 2654 (Esai.
3042 2596 3119 2647 vt,
3151 2580 3230 2652 8).
3266 2583 3335 2638 Et

1727 2675 1915 2747 utique
1941 2674 2104 2731 modo
2132 2675 2328 2731 dicens
2357 2690 2520 2744 supra
2554 2675 2606 2730 in
2637 2674 2829 2731 eadem
2860 2675 3078 2731 visione
3097 2717 3110 2740 ,
3142 2674 3331 2731 Domi-

1694 2762 1853 2827 num
1899 2770 2128 2827 sabaOth
2170 2770 2379 2827 vidisse
2416 2785 2477 2826 se
2517 2769 2658 2825 dixit
2697 2770 2982 2827 sedentem
3025 2770 3080 2826 in
3131 2768 3334 2826 throno

1723 2865 1913 2939 gloriae
1931 2880 2068 2932 sure,
2093 2873 2150 2920 et
2165 2863 2457 2934 Serapltim
2478 2863 2758 2920 audivisse
2772 2863 3054 2920 dicentes:
3080 2861 3332 2931 Sanctus,

1723 2969 1955 3027 sanctus,
1985 2969 2198 3014 sanctus
2227 2957 2482 3013 Dominus
2507 2955 2649 3012 Deus
2671 2955 2918 3023 sabaoth;
2943 2956 3096 3028 plena
3117 2967 3192 3011 est
3221 2973 3336 3010 om-

1724 3056 1805 3110 nis
1833 3067 1970 3111 terra
1995 3056 2262 3127 majestate
2291 3054 2404 3124 ejus
2431 3053 2456 3124 (
2475 3049 2644 3120 Ibid.,
2667 3049 2861 3130 5)..Et
2889 3061 3041 3106 certe
3070 3048 3332 3107 Dominus

1723 3148 1953 3205 sabaotb
1981 3188 1997 3214 ,
2029 3147 2119 3202 cui
2148 3146 2269 3200 laus
2299 3144 2416 3200 haec
2450 3155 2507 3200 et
2535 3132 2718 3215 gloria
2748 3140 3002 3198 redditur
3022 3182 3039 3210 ,
3072 3157 3216 3196 unus
3241 3150 3330 3197 at-

1724 3257 1830 3311 que
1874 3241 2018 3297 idem
2071 3240 2124 3295 in
2180 3238 2466 3310 prophetis
2511 3234 2847 3302 ostenditur,
2883 3243 2940 3290 et
2980 3235 3098 3305 ipse
3129 3235 3335 3306 estqui

29 3330 290 3399 compulsi
321 3337 451 3386 sunt
494 3329 747 3383 coulileri
774 3370 788 3394 ,
821 3328 873 3383 in
907 3343 1041 3399 quas
1068 3343 1136 3384 ne
1165 3342 1309 3383 nunc
1338 3328 1622 3384 audientes
1650 3333 1696 3398 C
1729 3333 1903 3390 Esaiae
1933 3336 2146 3389 locutus
2173 3341 2262 3387 est
2289 3330 2480 3385 dicens
2504 3346 2517 3384 :
2553 3328 2718 3396 Quem
2750 3328 2948 3382 mittam
2973 3368 2990 3394 ,
3019 3339 3067 3380 et
3095 3326 3210 3397 quis
3237 3326 3334 3382 ibit

29 3424 300 3492 incidant,
335 3441 365 3478 a
410 3423 642 3480 Domino
683 3423 1070 3488 admonentur,
1109 3433 1168 3477 ut
1200 3437 1326 3479 sero
1357 3422 1620 3492 incipiant

27 3517 201 3576 dicere
229 3537 243 3574 :
290 3519 504 3592 Digitus
534 3517 632 3574 Dei
661 3529 732 3574 est
765 3516 962 3590 (Exod.
993 3531 1106 3583 vnt,
1143 3515 1231 3588 19)
1257 3533 1271 3583 ;
1301 3530 1364 3572 ac
1389 3531 1487 3587 per
1516 3515 1619 3573 hoc

27 3613 368 3669 manifestum
400 3619 523 3680 est,
554 3612 677 3683 quia
711 3627 848 3666 unus
879 3617 1045 3682 atque
1074 3609 1215 3665 idem
1244 3608 1478 3680 Spiritus
1503 3624 1620 3665 om-

24 3706 106 3760 nia
131 3707 184 3761 in
211 3705 472 3762 omnibus
501 3713 761 3777 operatur
793 3703 838 3776 (ι
864 3701 986 3758 Cor.
1013 3718 1114 3768 xn,
1139 3701 1220 3774 8).

89 3800 355 3856 Nativitas
400 3815 617 3871 quoque
669 3798 841 3869 ipsius
879 3798 1095 3853 Domini
1141 3798 1271 3854 Jesu
1317 3796 1615 3855 secundum

19 3909 233 3951 carnem
266 3910 454 3951 nonne
485 3910 581 3965 per
610 3893 874 3965 Spiritum
907 3903 1154 3950 sanctum
1185 3893 1326 3949 facta
1359 3893 1617 3964 pra-dica-

19 3997 122 4058 tur,
144 3990 555 4063 evangelizante
575 3989 829 4046 Gabriele
849 3988 1042 4059 angelo
1069 3986 1272 4051 Marias,
1294 3999 1348 4044 et
1371 3988 1614 4045 dicente:

16 4081 246 4153 Spiritus
279 4093 496 4139 sanctus
527 4083 850 4153 superveniet
875 4082 930 4136 in
958 4091 1039 4147 te,
1086 4089 1134 4135 et
1180 4083 1338 4136 virtus
1366 4081 1616 4136 Altissimi

18 4176 336 4234 obumbrabit
369 4179 460 4234 tibi
484 4176 634 4248 (Luc.
667 4193 725 4243 tt,
753 4175 882 4244 55)?
906 4185 960 4230 et
990 4175 1186 4229 iterum
1214 4174 1415 4246 Josepb
1448 4191 1614 4247 ange-

13 4271 92 4327 lus
124 4275 177 4329 in
201 4273 412 4329 somnis
441 4279 704 4343 apparet,
735 4270 965 4326 dicens:
998 4267 1198 4341 Joseph
1225 4270 1302 4339 fili
1327 4268 1520 4335 David,
1553 4285 1617 4326 ne

17 4368 244 4423 timueris
275 4367 513 4437 accipere
543 4365 772 4419 Mariam
802 4367 1076 4437 conjugem
1119 4373 1300 4428 tuam;
1322 4365 1458 4434 quod
1483 4364 1616 4418 enim

10 4462 61 4517 in
107 4480 164 4518 ea
208 4471 517 4537 generatum
545 4469 620 4516 est
645 4502 660 4527 ,
690 4458 754 4513 de
782 4459 989 4531 Spiritu
1028 4469 1207 4513 sancto
1235 4466 1310 4514 est
1334 4457 1547 4531 (Matth.
1575 4474 1612 4526 ι,

10 4556 138 4629 20)?
167 4565 224 4613 et
254 4557 382 4612 inde
411 4554 756 4628 perspicuum
788 4561 874 4609 est
904 4553 1030 4624 quia
1063 4557 1246 4609 omnia
1277 4563 1332 4610 et
1357 4553 1412 4608 in
1441 4552 1618 4608 omni-

9 4648 108 4706 bus
139 4650 261 4721 ipse
289 4661 550 4720 operatur
575 4657 629 4704 et
661 4646 891 4718 perlicit.

1722 3427 1791 3482 ad
1819 3427 2067 3500 papulum
2095 3423 2299 3479 istum?
2330 3423 2401 3479 Et
2423 3437 2550 3479 cum
2585 3436 2725 3475 unus
2753 3431 2922 3490 atque
2947 3418 3092 3474 idem
3123 3417 3178 3473 in
3205 3433 3332 3490 pro-

1722 3522 1907 3594 phetis
1932 3519 2298 3591 signiﬁcetur,
2321 3516 2392 3572 ab
2413 3515 2680 3587 apostolis
2704 3521 2891 3568 tamen
2917 3521 2973 3566 et
2994 3511 3062 3567 ah
3085 3511 3334 3568 Ecclesia

1722 3613 1964 3670 Trinitas
2015 3611 2360 3680 intelligitur.
2395 3608 2555 3666 Unde
2599 3607 2766 3664 etiam
2813 3614 3046 3662 tractum
3099 3615 3185 3661 est
3231 3620 3331 3676 per

1721 3722 1921 3764 omnes
1951 3705 2068 3762 fere
2099 3704 2396 3760 orientales
2427 3700 2738 3767 Ecclesias,
2771 3709 2827 3754 et
2857 3698 3153 3754 nonnullas
3183 3700 3330 3756 occi-

1720 3799 2004 3864 dentales,
2034 3806 2093 3852 ut
2119 3796 2172 3851 in
2204 3793 2576 3850 oblationibus
2604 3789 3044 3856 sncriﬁciorum,
3066 3805 3189 3861 quae
3214 3791 3330 3849 Deo

1720 3892 1865 3948 Patri
1905 3889 2214 3946 oﬁeruntur
2239 3930 2255 3955 ,
2288 3900 2392 3941 una
2425 3900 2548 3941 cum
2594 3881 2884 3938 sacerdote
2913 3896 3056 3940 voce
3095 3884 3329 3954 populus

1721 3995 1927 4050 utatur,
1960 3983 2014 4038 id
2045 3989 2161 4048 est,
2198 3979 2430 4036 Sanctus
2454 4019 2470 4047 ,
2503 3985 2713 4031 sanctus
2739 4017 2755 4043 ,
2785 3986 2999 4030 sanctus
3023 4016 3038 4042 ,
3073 3973 3330 4033 Dominus

1721 4077 1863 4133 Deus
1902 4077 2118 4130 sabaoth
2148 4088 2166 4128 :
2200 4073 2356 4146 plena
2384 4079 2460 4126 est
2501 4070 2669 4125 omnis
2699 4079 2838 4123 terra
2878 4070 3148 4141 majestate
3188 4070 3325 4138 ejus.

1719 4173 1868 4244 Ergo
1889 4169 2188 4226 secundum
2221 4166 2544 4240 prophetam
2569 4174 2789 4221 constat
2816 4164 2923 4220 hoc
2942 4163 3009 4220 ad
3031 4178 3327 4236 personam

1721 4267 1821 4325 Dei
1850 4267 2028 4322 Patris
2056 4265 2254 4322 referri
2289 4273 2573 4333 Oportere.

1789 4361 2030 4418 Joannes
2053 4369 2236 4414 autem
2266 4355 2615 4427 Evangelista
2640 4352 2902 4410 informat
2928 4367 3061 4420 nos,
3086 4363 3140 4410 et
3166 4353 3330 4413 docet

1717 4455 1788 4512 de
1816 4454 1957 4511 Filio
1987 4454 2218 4524 intelligi
2245 4452 2480 4518 debere;
2513 4466 2635 4506 nam
2665 4465 2789 4505 cum
2819 4450 3190 4520 supradictum
3219 4459 3330 4508 tes—

1718 4548 2003 4605 timonium
2045 4546 2346 4617 Evangelio
2376 4543 2783 4612 inscripsisset,
2829 4551 2884 4597 et
2929 4543 3326 4613 interpretatus

1718 4652 1898 4710 esset,
1934 4651 2124 4712 postea
2156 4639 2434 4710 subjunxit
2466 4655 2478 4690 :
2512 4636 2638 4692 Hinc
2666 4635 2805 4690 dixit
2846 4633 3036 4690 Esaias
3060 4677 3075 4703 ,
3106 4636 3326 4708 quando

78 4743 186 4800 Sed
207 4747 366 4801 aiunt
393 4743 611 4814 quidam
633 4761 646 4799 :
668 4739 860 4798 Omnia
884 4739 1100 4812 quidem
1127 4739 1306 4796 divina
1333 4749 1614 4811 operatur,
1643 4739 1698 4800 Ι)
1721 4736 1860 4792 vidit
1903 4735 2134 4806 gloriam
2180 4733 2328 4805 ejus,
2375 4740 2432 4787 et
2476 4730 2695 4786 locutus
2742 4737 2830 4786 est
2871 4731 2940 4786 de
2969 4744 3071 4795 eo,
3117 4730 3172 4786 id
3204 4737 3325 4798 est,

8 4845 58 4892 et
99 4837 168 4894 de
197 4837 464 4909 operibus
513 4837 658 4892 Deus
702 4834 1066 4906 intelligitur:
1100 4833 1198 4892 sed
1246 4835 1382 4890 nihil
1429 4843 1609 4891 tamen

9 4944 103 4986 sua
153 4934 481 4988 auctoritate
528 4929 788 5003 probatur
814 4928 1070 4999 Operari;
1121 4928 1246 4999 quia
1290 4927 1474 4984 omnia
1516 4943 1614 4999 per

6 5041 125 5083 eum
159 5027 310 5085 Deus
335 5035 592 5098 operatur
623 5033 679 5082 et
724 5024 1005 5080 Dominus.
1027 5022 1148 5080 Jam
1175 5021 1393 5096 quidem
1426 5022 1494 5080 de
1520 5038 1614 5079 au-

6 5121 263 5177 ctoritate
314 5120 432 5191 eius
479 5120 612 5175 satis
666 5127 926 5186 constat,
974 5133 1098 5173 cum
1132 5118 1278 5174 Deus
1311 5118 1608 5188 probatur,

6 5212 147 5270 Deus
175 5215 516 5286 agnoscitur,
547 5227 669 5268 cum
702 5211 1084 5283 inseparabilis
1110 5226 1140 5266 a
1172 5212 1285 5267 Deo
1311 5210 1608 5276 invenitur,

5 5321 125 5362 cum
176 5307 445 5375 unionem
490 5305 691 5361 habere
719 5321 842 5360 cum
877 5304 990 5360 Deo
1042 5311 1099 5359 et
1126 5303 1358 5361 Domino
1387 5304 1614 5360 manife-

5 5407 178 5454 stetur
212 5397 353 5454 :sed
399 5396 657 5468 quoniam
687 5397 754 5452 de
785 5394 1112 5452 auctoritate
1158 5397 1274 5468 ejus
1302 5397 1570 5468 quaeritur
1593 5437 1608 5466 ,

5 5508 165 5564 quam
213 5491 504 5562 Scriptura
550 5504 657 5544 non
701 5491 910 5555 tacuit,
957 5489 1173 5546 edoceri
1224 5505 1324 5545 uos
1351 5499 1611 5560 oportet,

5 5586 242 5656 primum
273 5583 498 5653 quidem
524 5595 647 5636 cum
678 5580 904 5635 dicitur:
940 5579 1068 5635 Hazc
1095 5591 1265 5636 autem
1295 5582 1466 5636 omnia
1494 5598 1614 5651 ope-

5 5688 151 5732 ratur
179 5693 328 5731 nunc
360 5685 518 5746 atque
548 5673 682 5728 ident
714 5675 880 5746 608
911 5673 1143 5740 Spiritus
1165 5714 1181 5741 ,
1224 5674 1458 5729 dividens
1502 5674 1613 5728 sin-

5 5773 146 5844 gulis
177 5779 335 5843 prout
362 5768 470 5824 oult
501 5768 518 5836 (
548 5767 565 5822 ι
597 5765 719 5822 Cor.
756 5784 851 5831 xu,
885 5769 964 5839 8).
998 5768 1227 5836 Dividit,
1263 5767 1614 5824 manifestum

5 5876 90 5924 est
121 5867 252 5936 quia
287 5880 393 5919 non
423 5876 498 5917 ex
528 5861 758 5931 imperio
789 5871 1046 5932 Operatur
1084 5856 1266 5918 alieno
1295 5880 1308 5916 :
1344 5872 1398 5918 et
1439 5871 1616 5917 atten-

5 5955 250 6015 dendum
301 5954 426 6026 quia
472 5964 591 6023 quae
619 5962 777 6024 prout
813 5951 945 6018 vult,
969 5951 1193 6020 dividit,
1229 5967 1336 6010 non
1366 5939 1448 6011 cst
1479 5947 1614 6008 serie

1721 4829 1955 4886 Domino
1985 4827 2229 4884 Christo.
2253 4826 2454 4881 l’aulus
2486 4834 2669 4880 autem
2697 4823 2990 4893 apostolus
3018 4822 3209 4879 Roma:
3232 4821 3330 4880 Ju-

1721 4923 1857 4980 daeis
1877 4920 2390 4978 contradicentibus
2416 4917 2681 4973 doctrinae
2704 4932 2840 4980 suae,
2869 4927 2923 4973 et
2940 4915 3326 4987 blaspheman-

1721 5015 1869 5071 tihus
1908 5015 2056 5068 viam
2090 5012 2303 5067 Domini
2341 5008 2585 5078 Christi,
2617 5010 2874 5066 exaltans
2902 5022 3278 5086 vocentsuam
3302 5049 3320 5077 ,

1722 5112 1803 5167 ait
1835 5128 1849 5165 :
1879 5108 2022 5164 Bene
2062 5106 2386 5182 praphetavit
2431 5106 2666 5180 Spiritus
2708 5114 2920 5161 sanctus
2950 5120 3042 5176 per
3069 5103 3319 5173 Esaiam,

1724 5205 1905 5262 dicens
1928 5219 1948 5260 :
1983 5202 2157 5272 Vade,
2189 5212 2237 5258 et
2263 5201 2348 5258 die
2380 5201 2576 5274 populo
2608 5201 2731 5255 huic
2753 5215 2773 5255 :
2799 5199 2941 5253 Aure
2981 5195 3205 5251 audietis
3229 5236 3245 5263 ,
3278 5206 3329 5253 et

1743 5315 1848 5354 non
1892 5296 2225 5368 intelligetis;
2273 5305 2320 5350 et
2365 5296 2593 5350 videntes
2623 5292 2898 5356 videbitis,
2941 5297 2991 5345 et
3039 5305 3142 5344 non
3183 5291 3329 5360 aspi-

1727 5393 1874 5448 cietis
1899 5433 1913 5458 ,
1947 5402 2056 5447 etc.
2089 5390 2227 5460 (Act.
2259 5403 2447 5454 xxvut,
2478 5387 2595 5458 26).
2627 5385 2764 5442 Cum
2797 5398 2927 5455 ergo
2957 5382 3011 5439 in
3039 5382 3330 5455 prophetia

1726 5485 1987 5542 divinitas
2033 5499 2139 5540 una
2180 5483 2441 5538 doceatur
2487 5479 2557 5535 ab
2597 5475 2890 5548 apostolis,
2933 5485 2991 5531 et
3030 5486 3212 5532 tamen
3255 5475 3327 5533 ah

1725 5577 1970 5633 Ecclesia
1999 5576 2240 5631 Trinitas
2270 5573 2628 5641 intelligatur,
2659 5569 2970 5625 certissime
2997 5569 3190 5640 utique
3216 5569 3323 5624 do-

1721 5686 1911 5727 cemur
1938 5669 2064 5740 quia
2094 5667 2338 5723 Trinitas
2369 5662 2512 5717 idem
2539 5662 2703 5717 Pater
2729 5672 2784 5717 et
2805 5659 2978 5716 Filius
3005 5670 3060 5716 et
3087 5661 3326 5732 Spiritus

1721 5774 1942 5821 sanctus
1972 5776 2140 5818 unum
2171 5766 2229 5814 et
2250 5771 2388 5812 unus
2410 5755 2553 5809 Dl‘IIS
2581 5764 2707 5810 sunt
2733 5773 2746 5809 :
2775 5761 2832 5809 et
2857 5769 2982 5810 cum
3009 5770 3152 5810 unus
3174 5753 3324 5810 Deus

1723 5858 2099 5929 intelligantur
2127 5861 2184 5908 et
2211 5857 2602 5922 agnOscantur,
2643 5847 2804 5904 unius
2842 5850 3007 5903 etiam
3033 5858 3092 5936 et
3136 5855 3324 5928 aucto?

1727 5947 1905 6006 ritatis
1938 5946 2310 6015 intelligantur
2339 5953 2567 5999 necesse
2591 5951 2693 5998 est.
2726 5937 2794 5998 Et
2815 5943 3032 5999 rursum
3062 5937 3328 5996 Dominus
