4054 6328
617 389 752 447 1011
1653 396 1742 452 ΑΟ
1781 395 2014 456 OPEBA
2054 399 2112 457 S.
2153 395 2476 461 AMBROSII
2517 405 2888 464 APPENDIX.
3765 417 3876 474 10!!

611 510 670 566 in
701 507 999 579 Evangelio
1024 506 1185 580 hujus
1217 509 1438 567 unionis
1460 510 1782 570 Trinitatem
1811 516 1971 573 docet
1993 516 2216 576 dicens:
2248 523 2296 583 Α
2325 521 2596 595 abnegare
2641 534 2910 580 conantur
2941 544 2954 580 :
3002 525 3173 596 ipsam
3216 537 3398 584 autem
3442 539 3639 601 negant
3659 571 3672 594 ,
3702 534 3878 602 quando

612 601 816 656 Euntcs
846 617 968 674 ergo
1008 602 1187 658 docete
1232 619 1414 660 omnes
1443 615 1654 678 gentes,
1698 609 2022 680 baptizantes
2048 629 2138 669 eos
2166 615 2221 668 in
2324 629 2431 670 non
2465 615 2536 671 ita
2569 625 2626 670 ttt
2659 625 2770 683 est,
2806 617 2970 672 Deum
3005 617 3285 676 fatentur:
3312 621 3530 691 quando
3559 637 3663 677 non
3694 601 3757 678 ita
3783 641 3880 682 crc-

613 695 822 749 nomine
874 693 1092 762 Patris,
1145 704 1194 750 et
1251 695 1413 764 Filii,
1469 707 1518 752 et
1569 699 1804 771 Spiritus
1860 704 2060 770 sancti,
2113 713 2220 760 etc.
2325 706 2495 773 dttnt,
2532 719 2588 764 ut
2616 709 2898 782 Scriptura
2929 712 3111 768 divina
3136 730 3236 769 nos
3267 715 3491 782 docuit,
3524 724 3579 772 et
3609 727 3666 772 ut
3692 719 3880 777 credere

617 789 841 864 (Matth.
866 805 1075 856 xxvnt,
1105 789 1228 862 i9).
1255 791 1321 849 Et
1349 809 1468 847 cum
1498 794 1677 850 Patris
1704 839 1717 862 ,
1750 807 1806 852 et
1836 797 1986 865 Filii,
2020 809 2075 856 et
2103 801 2223 872 Spi-
2323 808 2570 870 oportet;
2623 801 2718 857 sed
2750 811 2912 874 prout
2957 804 3083 861 illos
3113 807 3342 862 traxerit
3370 822 3568 864 sensus
3595 809 3677 865 sui
3709 810 3880 870 libido:

611 883 755 939 ritus
778 886 952 939 sancti
975 884 1396 955 signiﬁcantium
1422 888 2222 954 edidisset,'l‘rinitatistamen
2325 903 2380 948 ct
2429 904 2484 948 ut
2537 895 2843 964 intelligant
2892 913 3050 967 quam
3099 898 3314 971 longea
3366 901 3472 956 ﬁde
3519 902 3611 959 Dei
3643 903 3777 972 sint,
3809 918 3883 964 aut

614 979 793 1051 ipsius
824 995 1020 1035 nomen
1051 997 1218 1036 unum
1251 982 1546 1038 observare
1577 999 1678 1040 nos
1707 985 1922 1055 docuit,
1949 988 2092 1058 quod
2117 1000 2220 1058 est,
2325 1001 2486 1056 quam
2533 987 2697 1041 alieni
2732 1005 2760 1043 a
2791 989 2967 1045 salute
2997 1007 3118 1060 qua:
3163 1003 3247 1050 est
3279 994 3334 1048 in
3381 995 3604 1052 Christo
3632 997 3751 1054 Jesu
3775 1039 3786 1062 ,
3812 1001 3882 1072 qui

613 1072 874 1140 Sanctus,
923 1083 1166 1138 sanctus,
1215 1085 1457 1141 sanctus,
1495 1074 1746 1133 Dominus
1791 1078 1930 1135 Deus
1969 1082 2224 1137 sabaotlt:
2325 1075 2590 1147 Spiritum
2630 1091 2878 1137 sancwm
2905 1124 2919 1149 s
2951 1099 3059 1154 quo
3103 1085 3396 1143 οτεάθηιοε
3442 1090 3722 1159 signantur
3749 1093 3791 1146 in
3815 1095 3884 1152 die

617 1166 770 1237 plena
801 1174 873 1220 est
911 1167 1079 1220 omnis
1116 1178 1254 1221 terra
1294 1171 1562 1242 majestate
1591 1172 1702 1242 ejus
1734 1167 1905 1242 (Esai.
1938 1188 2012 1235 vr,
2043 1172 2132 1243 5);
2161 1188 2225 1228 ac
2325 1172 2721 1245 redemptionis
2751 1188 2952 1235 nostras
2971 1223 2985 1248 ,
3011 1183 3344 1240 contristare
3367 1195 3418 1241 et
3447 1186 3719 1259 abnegare
3738 1192 3883 1246 nitun-

617 1275 718 1331 per
750 1259 854 1315 hoc
884 1260 1231 1316 consuetudo
1263 1261 1573 1331 Scriptura:
1617 1263 1908 1319 manifesta
1957 1273 2068 1330 est,
2103 1282 2225 1337 qua:
2330 1275 2457 1320 tur:
2488 1276 2542 1323 et
2572 1276 2632 1323 ut
2657 1270 2832 1325 sciant
2861 1273 2950 1342 qui
2979 1274 3106 1329 talia
3139 1278 3384 1334 sentiunt
3408 1322 3422 1344 ,
3459 1281 3584 1351 quia
3615 1281 3884 1352 hujusmodi

619 1363 826 1410 etcum
862 1369 1029 1408 unum
1073 1353 1243 1408 Deum
1297 1364 1608 1425 nuncupat,
1652 1356 1988 1412 intellectum
2041 1367 2224 1415 tamen
2329 1360 2729 1431 machinantur,
2778 1381 2900 1436 qua:
2941 1383 3117 1438 neque
3148 1371 3214 1425 ad
3248 1373 3504 1441 veniam,
3539 1391 3719 1447 neque
3743 1377 3888 1435 adte-

621 1448 907 1503 Trinitatis
955 1463 1066 1503 non
1115 1458 1400 1518 amputat:
1447 1459 1502 1505 et
1548 1464 1672 1505 cum
1711 1451 1888 1508 Patris
1927 1461 1978 1508 et
2016 1453 2140 1509 Filii
2172 1462 2227 1510 et
2331 1454 2647 1512 missionem
2683 1467 3031 1527 peccatorum
3066 1477 3296 1519 suorum
3327 1475 3582 1536 poterunt
3615 1472 3882 1540 pertinere;

619 1540 859 1612 Spiritus
889 1541 1064 1596 sancti
1097 1543 1379 1610 meminit,
1418 1557 1617 1601 nomen
1647 1559 1756 1601 non
1805 1545 2078 1603 interimit
2107 1563 2223 1603 ma-
2329 1547 2452 1616 quia
2482 1549 2743 1618 scriptum
2775 1563 2858 1607 est
2886 1570 2898 1607 :
2935 1555 3037 1620 Qui
3061 1566 3234 1611 autem
3265 1558 3697 1632 blasphemaverit
3718 1565 3763 1618 in
3788 1564 3884 1634 Spi-

616 1636 836 1705 jestatis
869 1635 1057 1690 unius.
2330 1639 2486 1694 ritum
2516 1652 2752 1698 sanctum
2772 1687 2786 1712 ,
2817 1662 2918 1700 non
2945 1649 3237 1704 remittetur
3261 1651 3309 1706 ei
3329 1668 3492 1723 neque
3512 1655 3564 1708 in
3592 1656 3692 1709 hoc
3715 1659 3884 1722 seculo,

694 1731 764 1786 Et
793 1731 922 1802 quid
954 1731 1146 1802 plura?
1177 1731 1405 1788 Deﬁciet
1430 1733 1564 1789 mihi
1595 1734 1815 1806 pagina,
1841 1735 2058 1793 deﬁciet
2090 1747 2228 1794 lem-
2331 1754 2493 1807 neque
2532 1740 2586 1795 in
2629 1744 2811 1812 futuro
2841 1741 3075 1815 (Matth.
3109 1761 3204 1813 sn,
3231 1747 3329 1818 51)
3358 1765 3370 1800 :
3397 1748 3492 1804 scd
3525 1750 3602 1804 illi
3650 1767 3708 1807 se
3746 1749 3888 1823 potius

621 1841 760 1897 pus,
793 1826 838 1882 si
866 1837 1065 1891 cuncta
1096 1844 1218 1898 qua:
1260 1826 1327 1883 ad
1361 1829 1693 1897 probandam
1725 1830 2070 1889 divinitatem
2104 1833 2228 1906 Spi-
2331 1835 2622 1890 sententia:
2676 1834 2948 1906 subjicere
3003 1852 3110 1892 non
3167 1839 3455 1904 nesciant,
3512 1857 3678 1913 quam
3742 1844 3888 1899 divina

622 1921 760 1975 ritus
793 1921 967 1976 sancti
1000 1923 1202 1991 scripta
1242 1932 1404 1989 sunt,
1448 1925 1742 1983 revolvere
1773 1936 1862 1981 aut
1901 1944 2230 1986 enumerare
2262 1925 2309 1985 B
2338 1944 2590 1984 mensura
2625 1928 2766 1984 idem
2798 1945 2897 2000 per
2923 1945 2986 1986 os
3016 1930 3192 1987 Esaiae
3212 1934 3442 2004 promlit
3471 1935 3703 1990 dicens:
3730 1936 3891 1992 Verrinis

623 2019 870 2074 voluero.
923 2018 1050 2074 lla‘c
1093 2033 1273 2076 autem
1324 2020 1572 2079 breviter
1598 2024 1742 2080 dicta
1775 2033 1903 2080 sunt
1941 2024 2007 2080 ad
2039 2036 2226 2081 retun-
2333 2040 2515 2078 eorum
2555 2040 2658 2078 non
2686 2025 2933 2080 morietur
2955 2065 2971 2094 ,
3004 2034 3052 2080 et
3081 2027 3218 2099 ignis
3245 2044 3422 2084 eorum
3453 2047 3556 2085 non
3588 2031 3891 2104 exstinguitur

619 2110 857 2168 dendam
889 2113 1283 2185 impudentiam
1309 2130 1532 2183 eorum,
1562 2115 1657 2188 qui
1680 2117 2026 2174 divinitatem
2056 2118 2228 2189 Spiri-
2332 2115 2507 2191 (Esai.
2542 2134 2686 2184 Lm,
2719 2117 2836 2189 ΞΑ).

620 2211 706 2260 tus
737 2206 942 2274 sancti,
972 2207 1138 2262 immo
1166 2218 1222 2263 ut
1254 2210 1440 2264 verius
1463 2209 1676 2277 dicam,
1705 2211 1878 2282 ipsam
1903 2209 2228 2268 Trinitatem

1975 2488 2548 2562 MONITUM.

2130 2653 2447 2669 ῤ-

704 2765 852 2822 llanc
881 2781 1098 2839 quoque
1127 2767 1575 2837 scriptioneulam
1608 2767 1873 2824 debemus
1903 2766 2126 2824 Gillotio
2149 2809 2163 2832 ,
2193 2767 2286 2838 qui
2329 2781 2448 2823 eam
2477 2781 2510 2824 e
2555 2765 2838 2824 codicibus
2866 2766 3082 2823 duobus
3113 2780 3274 2821 manu
3305 2765 3548 2821 exaratis
3569 2807 3586 2834 ,
3613 2765 3776 2820 altero
3803 2763 3902 2818 Dio-

624 2862 856 2932 nysiano
883 2904 896 2928 ,
930 2863 1109 2918 altero
1155 2863 1436 2918 Victorino
1460 2906 1474 2930 ,
1507 2864 1560 2918 in
1603 2862 1802 2934 quibus
1843 2863 2132 2918 ascribitur
2162 2871 2353 2918 sancto
2387 2863 2679 2919 Ambrosio
2705 2906 2719 2928 ,
2752 2866 2804 2918 in
2856 2866 3032 2920 lucem
3077 2864 3280 2920 emisit.
3329 2863 3486 2928 Quod
3523 2878 3656 2918 vero
3698 2877 3802 2918 eam
3833 2875 3902 2914 nec

626 2957 844 3012 materia
870 2973 964 3012 nec
992 2959 1126 3029 ston
1155 2959 1463 3015 abhorrere
1488 2975 1516 3014 a
1547 2960 1780 3014 [)octore
1813 2968 1999 3014 nostro
2025 2959 2330 3030 proﬁtetur,
2365 2973 2474 3014 non
2504 2975 2799 3031 possumus
2832 2959 3082 3030 profecto
3107 2960 3460 3014 subscribere
3488 2959 3640 3015 illius
3669 2956 3901 3024 Opinioni,

628 3049 725 3104 sed
759 3050 823 3104 ad
855 3051 1160 3120 simplicem
1190 3051 1426 3106 sceduhn
1462 3052 1634 3122 ipsius
1661 3052 1958 3107 lectionem
1985 3092 1997 3116 ,
2031 3059 2086 3105 et
2112 3049 2347 3106 maxime
2375 3049 2571 3106 horum
2603 3051 2903 3106 verborum
2931 3092 2946 3117 ,
2979 3048 3071 3105 sed
3103 3050 3262 3122 hujus
3293 3050 3600 3120 qutestionis
3631 3049 3744 3104 talis
3767 3066 3796 3102 α
3823 3045 3902 3101 Pa-

625 3145 792 3198 tribus
821 3144 1013 3199 solutio
1038 3146 1225 3210 datur,
1257 3145 1758 3202 considerationem
1793 3146 2022 3203 ﬁdenter
2048 3162 2432 3219 provocamus.

2189 3281 3868 3308 ’—_—__—__‘—_——_-

637 3423 882 3550 ,ΠΕ
983 3422 2076 3554 CONCORDIA
2176 3429 3018 3553 MATTHfEI
3121 3427 3347 3556 ET
3443 3425 3904 3558 [ΛΚ]Ᾰί
4006 3449 4007 3519 t

1509 3650 1632 3735 IN
1708 3649 2486 3736 GENEALOGIA
2563 3649 3073 3735 CHRISTI.

703 3923 870 3997 609
927 3922 980 3978 ln
1023 3921 1224 3978 Christi
1265 3922 1622 3993 generatione
1655 3921 1946 3978 Mattlueus
1977 3931 2031 3976 et
2060 3921 2236 3975 Lucas
2267 3922 2312 3986 C
2345 3935 2520 3992 usque
2567 3921 2637 3976 ad
2682 3919 2958 3979 Christum
3005 3929 3187 3978 natum
3238 3921 3445 3980 ducere
3490 3921 3724 3991 volens,
3773 3930 3904 3975 nona

633 4019 927 4075 dissentire
946 4019 1224 4085 videntur,
1251 4026 1538 4088 propterea
1561 4017 1705 4089 quod
1725 4032 1847 4072 cum
1872 4017 2031 4080 alter,
2055 4015 2105 4071 id
2129 4023 2232 4083 est,
2343 4014 2521 4086 primo
2550 4025 2778 4086 parente
2807 4018 3000 4085 Adam,
3032 4018 3126 4074 sed
3155 4018 3225 4074 ah
3253 4019 3528 4075 Abraham
3561 4031 3791 4076 exorsus
3814 4019 3903 4077 est;

632 4112 925 4169 Matthteus
949 4109 1338 4167 descendendo
1369 4127 1382 4166 :
1418 4109 1590 4175 alter,
1625 4109 1677 4165 id
1707 4120 1789 4165 est
1809 4152 1822 4175 ,
1850 4107 2024 4164 Lucas
2047 4122 2239 4163 asccu-
2343 4115 2401 4162 ut
2425 4107 2744 4164 ostenderet
2775 4109 2920 4179 quod
2946 4109 3222 4180 susceptio
3244 4110 3428 4166 carnis
3455 4111 3512 4165 in
3541 4111 3684 4166 Filio
3714 4108 3799 4165 Dei
3825 4121 3902 4161 non

636 4207 842 4271 dendo,
868 4205 1114 4275 ejusdem
1137 4205 1510 4274 generationis
1535 4205 1731 4260 seriem
1760 4212 1926 4260 texat.
1953 4202 2238 4258 Matthmus
2339 4201 2445 4257 fuit
2484 4203 2675 4273 prima:
2715 4201 3051 4260 conditionis
3083 4203 3352 4260 institutio
3378 4248 3394 4274 ,
3439 4204 3536 4260 sed
3571 4200 3906 4274 promissionis

634 4299 857 4369 quidem
896 4297 966 4352 ab
997 4297 1270 4353 Abraham
1301 4297 1589 4354 exordium
1619 4297 1946 4354 narrationis
1976 4310 2234 4363 sumens,
2342 4294 2689 4366 postmodum
2738 4295 2896 4351 facta:
2947 4296 3216 4367 impletio.
3265 4296 3440 4352 Lucas
3482 4312 3613 4352 vero
3656 4312 3686 4351 a
3729 4292 3907 4350 Christo
3995 4341 3997 4369 ἓ

641 4398 697 4446 et
725 4391 791 4446 ad
827 4389 994 4446 David
1023 4405 1194 4461 usque
1223 4391 1599 4459 descendens,
1632 4391 1828 4448 deinde
1860 4407 1958 4462 per
1983 4390 2236 4446 Salomo-
2342 4387 2619 4459 baptizato
2649 4389 2920 4461 incipiens
2945 4429 2962 4458 ,
2995 4389 3183 4445 nonin
3214 4388 3383 4444 David
3414 4389 3502 4445 vel
3537 4390 3593 4444 in
3623 4388 3905 4451 Abraham,

635 4499 762 4540 nem
797 4497 969 4552 usque
999 4482 1066 4539 ad
1108 4481 1314 4555 Joseph
1353 4484 1550 4540 lineam
1583 4484 1808 4540 deducit
1838 4501 1851 4538 :
1883 4482 2063 4538 Lucas
2108 4497 2240 4538 vero
2341 4480 2437 4538 sed
2467 4496 2567 4537 nec
2595 4481 2649 4536 in
2676 4480 2844 4537 Adam
2871 4481 3034 4538 ﬁnem
3062 4481 3188 4538 fecit
3215 4499 3230 4537 :
3261 4481 3360 4538 sed
3385 4497 3480 4553 per
3502 4481 3673 4538 David
3697 4490 3752 4536 et
3773 4479 3908 4533 Abra-

635 4574 899 4646 a'Joseph
923 4575 1191 4647 incipiens
1212 4618 1227 4643 ,
1263 4591 1358 4646 per
1381 4575 1590 4632 Nathan
1615 4575 1682 4631 ad
1705 4573 1878 4630 David
1898 4617 1911 4640 ,
1939 4581 1992 4630 et
2018 4589 2047 4628 a
2073 4571 2238 4629 David
2343 4575 2466 4630 ham
2505 4585 2673 4645 atque
2702 4574 2876 4632 Adam
2909 4575 3183 4633 transiens
3205 4619 3220 4643 ,
3249 4575 3318 4632 ad
3357 4576 3530 4632 Deum
3571 4573 3843 4638 ascendit;
3863 4579 3908 4624 ut

635 4684 811 4741 usque
833 4669 902 4725 ad
926 4668 1200 4724 Abraham
1223 4710 1239 4737 ,
1267 4677 1551 4740 postremo
1582 4669 1648 4723 ab
1675 4666 1951 4724 Abraham
1978 4681 2148 4737 usque
2171 4665 2239 4720 ad
2341 4676 2528 4738 aperte
2557 4667 2711 4723 daret
2743 4669 2976 4739 intelligi
3005 4710 3020 4736 ,
3051 4669 3196 4740 quod
3225 4669 3260 4724 ii
3283 4669 3374 4740 qui
3407 4684 3505 4740 per
3532 4669 3907 4740 generationes!

636 4764 811 4821 Adam
865 4764 1235 4835 generationis
1285 4763 1537 4820 ordinem
1585 4761 1920 4818 revolvendo
1966 4757 2235 4817 ascendit.
2340 4762 2519 4818 carnis
2547 4762 2640 4818 ﬁlii
2669 4772 2798 4820 sunt
2828 4763 3108 4820 hominum
3137 4807 3153 4833 ,
3203 4779 3303 4836 per
3330 4766 3803 4837 regenerationem
3840 4767 3910 4817 ω-

641 4858 798 4917 Unde
842 4858 1112 4929 contingit
1155 4867 1214 4914 ttt
1258 4873 1287 4912 a
1332 4857 1498 4912 David
1531 4856 1824 4922 deorsum,
1854 4871 1978 4910 cum
2022 4854 2112 4909 ille
2143 4868 2240 4924 per
2341 4856 2613 4926 ptismatis
2635 4858 2687 4914 in
2714 4857 3065 4930 adoptionem
3089 4867 3375 4915 transeunt
3393 4859 3637 4917 deitatis.
3662 4860 3788 4916 Ideo
3811 4857 3910 4913 llat-

641 4953 852 5010 Nathan
875 4996 889 5020 ,
925 4953 1029 5009 iste
1057 4969 1153 5024 per
1177 4951 1529 5009 Salomonem
1557 4950 1932 5022 generationis
1964 4947 2236 5004 tramitem
2342 4948 2516 5006 tbteus
2543 4951 2596 5006 in
2624 4952 2946 5024 genealogia
2973 4968 3083 5009 non
3110 4952 3216 5010 nisi
3242 4954 3520 5009 naturales
3547 4953 3695 5010 ﬁlios
3723 4965 3911 5019 compu-

635 5049 905 5115 deducat,
940 5056 1084 5102 totus
1129 5060 1268 5116 pene
1315 5042 1740 5112 computationis
1779 5041 1916 5097 ordo
1953 5040 2235 5096 dissideat.
2342 5054 2457 5100 tare
2488 5045 2696 5102 voluit:
2727 5045 2901 5104 Lucas
2931 5062 3064 5104 vero
3113 5047 3256 5103 inter
3283 5047 3563 5104 naturales
3614 5049 3780 5103 etiam
3805 5043 3910 5098 ado-

633 5140 742 5198 Sed
770 5140 896 5211 quia
925 5138 1210 5208 Scriptura
1237 5151 1394 5191 sacra
1419 5135 1640 5190 diversa
1664 5133 1991 5206 quandoque
2019 5133 2235 5204 recipit,
2341 5136 2517 5206 ptivos
2539 5139 2794 5206 ascribit;
2829 5149 2885 5196 ut
2915 5139 3238 5196 ostendatur
3265 5150 3322 5196 et
3346 5141 3401 5197 in
3431 5139 3655 5196 Christo
3687 5144 3912 5195 nascente

635 5237 864 5292 adversa
897 5244 1082 5291 autem
1114 5234 1343 5290 omnino
1376 5248 1484 5288 non
1515 5231 1783 5302 admittit;
1817 5231 1943 5288 dum
1976 5248 2082 5289 non
2115 5247 2236 5303 per-
2341 5247 2464 5288 vera
2499 5231 2667 5289 fuisse
2695 5236 2880 5291 carnis
2912 5234 3190 5306 susceptio
3217 5277 3232 5301 ,
3266 5244 3320 5290 et
3351 5235 3404 5290 in
3453 5235 3610 5290 nobis
3645 5244 3912 5289 renasceth

632 5330 901 5384 mittimur
929 5329 1161 5386 credere
1193 5327 1680 5393 contrarietatem,
1708 5327 1964 5381 latentem
1995 5327 2240 5397 cogimur
2265 5329 2319 5390 D
2347 5328 2491 5385 tibus
2520 5345 2627 5386 non
2659 5345 2756 5399 per
2783 5339 3030 5386 naturam
3057 5371 3074 5398 ,
3119 5329 3220 5386 sed
3269 5345 3364 5401 per
3393 5331 3624 5401 gratiam
3658 5326 3913 5401 provenire

635 5438 880 5491 quart‘cre
926 5422 1233 5476 veritatem.
1283 5418 1574 5473 Mattharus
1615 5419 1781 5490 igitur
1822 5421 2231 5488 generationem
2338 5422 2581 5494 adeptio.
2615 5423 2741 5480 Haec
2769 5439 2900 5495 ergo
2945 5423 3045 5480 fuit
3087 5438 3250 5480 causa
3278 5439 3446 5496 quare
3479 5425 3531 5479 iu
3569 5419 3914 5496 generationis

637 5513 839 5568 Christi
883 5513 1272 5570 descendendo
1323 5523 1637 5584 computat,
1689 5513 1984 5570 ostendens
2034 5513 2230 5570 Filium
2339 5517 2483 5572 serie
2512 5517 2647 5572 alios
2677 5517 2960 5574 Matthmus
2986 5561 3002 5586 ,
3044 5527 3100 5575 et
3128 5519 3266 5575 alios
3297 5519 3475 5575 Lucas
3504 5527 3690 5586 patres
3723 5518 3911 5589 posuit;

636 5601 733 5657 Dei
767 5619 862 5672 per
888 5604 1072 5660 carnis
1099 5607 1505 5676 susceptionem
1538 5604 1742 5662 factum
1773 5621 1897 5662 esse
1927 5605 2107 5661 Filiun
2137 5606 2232 5660 ho—
2339 5608 2468 5680 quia
2498 5610 2617 5675 ille,
2650 5611 2792 5666 sicut
2820 5611 3054 5668 diximus
3081 5656 3096 5681 ,
3130 5613 3278 5668 solos
3310 5614 3580 5669 naturales
3611 5632 3625 5666 :
3677 5613 3782 5668 iste
3809 5623 3914 5664 vero

633 5695 844 5747 minis:
889 5694 1058 5750 Lucas
1101 5695 1348 5752 eamdem
1391 5698 1738 5754 ascendendo
1785 5701 1955 5765 texit,
2007 5700 2230 5756 demon—
2342 5702 2681 5758 naturalibus
2719 5705 2885 5760 etiam
2916 5705 3206 5776 adoptivos
3231 5704 3670 5762 connumeravit.
3703 5703 3850 5775 Quod
3871 5705 3915 5755 ul

635 5793 819 5838 strans
869 5784 1005 5840 ﬁlios
1051 5786 1329 5842 hominum
1377 5788 1517 5845 efﬁci
1556 5789 1700 5846 ﬁlios
1732 5791 1823 5846 Dei
1858 5807 1958 5862 per
1996 5793 2226 5862 gratiam
2339 5793 2536 5851 melius
2562 5803 2749 5867 patere
2781 5797 2985 5867 possit,
3023 5810 3384 5870 utrorumque
3411 5797 3915 5855 narrationemeon-

638 5875 974 5943 ad0ptionis.
2338 5888 2600 5947 feramus.

708 5966 998 6050 Propterea
1056 5968 1218 6022 etiam
1271 5971 1558 6027 Matthaeus
1608 5975 1984 6046 generationis
2033 5980 2226 6038 seriem
2410 5980 2557 6039 Ordo
2605 5984 2984 6058 generationis
3027 5985 3232 6046 Christi
3283 5986 3574 6048 secundum
3619 5985 3912 6056 Matthaum
