3950 6314
42 353 166 412 1015

515 345 604 403 DE
641 341 1034 403 CONCORDIA
1092 337 1356 396 MATTH.
1413 338 1502 395 ET
1557 337 1712 396 LUC.
1766 335 1832 392 IN
1887 331 2331 391 GENEALOGIA
2382 330 2674 390 CHRISTI.

3166 327 3307 386 10M

40 471 150 528 talis
174 475 288 524 est:
317 462 575 520 Abraham
605 463 783 536 genuit
807 461 965 516 Isaac
985 502 998 526 ,
1029 456 1188 513 Isaac
1217 455 1394 526 genuit
1422 453 1607 521 Iacob,
1639 457 1686 514 Α
1787 447 1963 503 Lucas
2008 447 2086 502 sic
2113 448 2226 502 ait:
2255 445 2380 518 Ipse
2423 445 2578 502 Iesus
2608 453 2718 500 erat
2757 445 3011 518 incipiens
3050 443 3200 516 quasi
3225 459 3321 498 an-

39 561 186 618 Iacob
223 556 390 631 genuit
433 555 665 624 Iudam,
710 552 880 608 Iudas
916 551 1090 624 genuit
1132 547 1366 612 Phares,
1407 545 1610 601 Phares

38 657 199 735 genuit
225 654 392 710 Esron
411 695 424 719 ,
455 651 626 706 Esron
654 650 830 721 genuit
851 647 1042 714 Aram,
1073 647 1231 735 Aram
1264 643 1440 716 genuit
1467 640 1610 735 Ami-

38 731 221 812 nadab,
271 742 555 802 Aminadab
596 742 770 816 genuit
809 740 1092 805 Naasson,
1147 734 1392 790 Naasson
1437 731 1611 806 genuit

40 845 272 906 Salmon,
320 838 536 895 Salnton
579 837 752 910 genuit
797 834 973 903 Booz,
1019 832 1163 887 Booz
1204 830 1382 903 genuit
1434 827 1605 893 Ubed,

40 937 172 994 Obed
215 934 386 1005 genuit
438 931 576 998 Isai,
632 930 709 986 vel
756 929 939 995 Iesse,
981 927 1127 982 Iesse
1176 925 1352 998 genuit
1402 923 1608 990 David,

37 1031 189 1087 David
224 1028 395 1101 genuit
444 1027 807 1091 Salontonem,
844 1022 1095 1080 Salomon
1129 1021 1303 1094 genuit
1342 1022 1608 1087 Roboam,

36 1126 251 1181 Roboam
279 1122 448 1196 gen’uit
480 1121 700 1188 Abiam,
734 1119 864 1174 Abia
891 1121 1070 1191 genuit
1101 1121 1204 1174 Asa
1226 1161 1239 1185 ,
1291 1117 1395 1172 Asa
1440 1118 1612 1189 genuit

38 1219 276 1288 Josaphat
306 1259 320 1283 ,
378 1214 634 1288 Iosaphat
683 1216 860 1286 genuit
913 1215 1136 1282 Joram,
1205 1214 1389 1269 Ioram
1435 1214 1612 1286 genuit

40 1312 207 1367 Oxiam
232 1307 440 1380 (Matth.
475 1325 512 1375 ι,
542 1307 578 1362 2
603 1318 652 1364 et
672 1310 830 1380 seq.).
855 1307 990 1364 Tres
1014 1309 1100 1364 hic
1122 1307 1413 1364 intermisit
1437 1307 1612 1362 Evan-

35 1404 213 1475 gelista
238 1444 252 1469 ,
289 1401 343 1456 id
374 1409 491 1468 est,
525 1401 710 1457 Oziam
749 1401 864 1458 sive
910 1402 1231 1469 Ochosiam,
1267 1410 1322 1459 et
1367 1401 1524 1470 Joas,
1557 1412 1614 1458 et

35 1498 327 1561 Amasiam;
351 1495 539 1550 Joram
567 1497 712 1552 enim
737 1497 912 1567 primo
939 1495 1062 1553 loco
1087 1497 1272 1568 genuit
1297 1496 1612 1564 Ochnziam,

36 1597 85 1644 et
109 1587 359 1642 Ochosias
401 1588 588 1658 genuit
631 1587 792 1655 Joas,
823 1599 878 1644 et
911 1589 1040 1645 .loas
1069 1590 1263 1662 genuit
1300 1587 1574 1645 Amasiam
1597 1633 1611 1655 ,

39 1693 87 1740 et
113 1683 351 1738 Amasias
382 1683 604 1739 demum
653 1684 846 1755 genuit
875 1685 1058 1739 Oziam
1079 1726 1092 1750 ,
1121 1685 1192 1740 de
1224 1699 1333 1755 quo
1360 1701 1502 1740 nunc
1533 1684 1615 1740 di-

38 1779 205 1834 citur:
243 1775 428 1832 Ioram
456 1779 633 1848 genuit
668 1777 869 1833 Oziant.
900 1778 1054 1848 Quod
1078 1780 1154 1834 ita
1196 1779 1609 1850 intelligendum

1712 559 1896 598 norum
1925 542 2137 614 triginta
2162 582 2176 606 ,
2200 550 2257 595 ut
2286 540 2593 610 putabatur,
2623 540 2768 611 ﬁlius
2811 537 3010 608 Ioseph
3034 580 3051 606 ,
3083 538 3174 610 qui
3211 538 3314 609 fuit

1715 633 1875 703 Heli,
1921 634 2009 704 qui
2055 632 2152 702 fuit
2197 631 2441 686 Matthat.
2474 631 2631 704 (Luc.
2665 648 2746 698 Ill,
2773 631 2888 704 25).
2923 632 3106 687 Prima
3140 629 3322 686 fronte

1713 726 2078 784 contrarietas
2127 739 2422 780 occurrere
2453 725 2686 784 videtur.
2721 725 3007 781 Matthaeus
3050 723 3184 780 dicit
3225 723 3322 780 Jo-

1713 822 1853 894 sepb
1881 821 2052 877 ﬁlium
2080 819 2248 876 fuisse
2277 819 2448 876 Jacob
2473 861 2487 886 ,
2523 829 2577 876 et
2602 819 2773 876 Iacob
2817 821 2987 876 lilium
3029 819 3275 877 Mattban
3303 837 3317 876 :

1715 917 1892 974 Lucas
1922 916 2053 972 dicit
2079 913 2284 986 Joseph
2317 914 2488 969 ﬁlium
2523 915 2692 971 fuisse
2719 915 2881 984 Heli,
2915 927 2967 972 et
2999 915 3118 972 Heli
3152 917 3318 972 lilium

1715 1026 1823 1068 non
1851 1010 2066 1066 Mathan
2087 1053 2102 1077 ,
2131 1008 2228 1064 sed
2258 1007 2501 1062 Matthat.
2529 1006 2638 1064 Sed
2663 1008 2823 1079 hujus
2848 1010 3172 1080 quaestionis
3198 1010 3323 1067 talis

1714 1121 1744 1162 a
1768 1105 2019 1162 Patribus
2041 1103 2243 1160 solutio
2268 1103 2458 1157 datur:
2484 1102 2701 1157 Mathan
2730 1104 2821 1174 qui
2850 1119 2946 1173 per
2967 1103 3322 1160 Salomonem

1714 1199 2032 1262 descendit,
2065 1211 2294 1252 uxorem
2324 1195 2580 1251 habuisse
2603 1195 2808 1250 Esthan
2834 1200 3094 1264 nomine;
3128 1197 3196 1253 de
3216 1212 3322 1269 qua

1716 1293 1903 1366 genuit
1945 1291 2119 1347 lilium
2157 1291 2356 1358 Iacob,
2401 1306 2510 1361 quo
2543 1299 2797 1360 morttto,
2828 1291 3056 1348 Mattbat
3093 1295 3184 1364 qui
3231 1308 3324 1363 per

1715 1387 1929 1445 Nathan
1958 1386 2276 1452 descendit,
2309 1384 2559 1441 eamdem
2592 1400 2821 1440 uxorem
2853 1386 3042 1453 duxit,
3067 1393 3123 1442 et
3141 1385 3328 1458 genuit

1717 1497 1789 1538 ex
1834 1497 1898 1536 ea
1947 1480 2118 1536 [ilium
2153 1478 2297 1535 Heli.
2341 1478 2434 1535 Sic
2481 1495 2610 1551 ergo
2647 1478 2763 1534 Heli
2813 1487 2868 1534 et
2915 1478 3085 1535 Iacob
3124 1479 3326 1536 utet-ini

1717 1575 1918 1631 fratres
1942 1573 2308 1642 iucrunt,una
2333 1583 2530 1640 matre,
2555 1587 2661 1628 non
2683 1588 2790 1628 uno
2811 1583 2964 1643 patre
2986 1571 3143 1629 editi.
3164 1573 3326 1630 Prior

1719 1670 1836 1726 Heli
1884 1669 2041 1724 duxit
2089 1684 2350 1734 uxorem,
2402 1676 2460 1724 et
2507 1679 2756 1723 mortuus
2804 1675 2890 1722 est
2935 1667 3052 1723 sine
3096 1668 3323 1724 liberis:

1719 1770 1911 1835 postea
1951 1760 2119 1818 Iacob
2152 1761 2360 1832 accepit
2402 1774 2630 1816 uxorem
2664 1759 2892 1828 fratris,
2940 1770 2998 1815 ut
3039 1761 3332 1818 suscitaret

35 1880 141 1936 est,
187 1870 370 1941 genuit
409 1870 668 1927 videlicet
712 1871 1078 1928 mediantibus
1107 1872 1462 1944 supradictis;
1494 1873 1615 1945 quia

1724 1871 1912 1912 semen
1937 1854 2095 1911 fratri
2123 1870 2222 1911 suo
2240 1895 2254 1921 ,
2281 1869 2346 1911 ex
2370 1869 2472 1925 qua
2495 1855 2682 1925 genuit
2707 1853 2934 1925 Ioseph.
2965 1853 3170 1924 Ioseph
3197 1869 3329 1927 ergo

37 1979 124 2035 per
148 1963 267 2019 illos
290 1961 360 2018 de
383 1963 596 2019 semine
626 1963 745 2034 ejus
775 1966 1064 2037 processit.
1098 1965 1207 2021 llos
1229 1975 1410 2020 autem
1437 1965 1614 2021 Evan-

37 2058 215 2128 gelista
244 2056 333 2113 vel
377 2056 504 2113 ideo
552 2059 933 2127 prmtermisit,
975 2067 1032 2114 ut
1082 2073 1344 2114 numerus
1392 2069 1616 2115 tesserae

37 2151 241 2206 decadis
272 2161 585 2221 aequaretur
615 2169 626 2204 :
662 2151 743 2205 vel
775 2151 931 2220 ideo,
962 2151 1086 2224 quia
1118 2151 1305 2209 Joram
1339 2153 1526 2224 generi
1559 2169 1618 2209 se

36 2245 240 2301 miscuit
271 2244 524 2312 Iezabel;
559 2257 614 2300 et
659 2246 862 2302 dictum
907 2257 1029 2304 erat
1067 2263 1165 2320 per
1204 2248 1520 2320 prOphetam
1551 2250 1619 2306 dc

37 2339 189 2396 domo
217 2338 407 2395 Achab
438 2356 546 2394 non
576 2355 698 2396 esse
729 2357 1062 2413 quemquam
1091 2353 1446 2414 regnaturum
1467 2386 1480 2407 ,
1515 2344 1619 2400 nisi

39 2431 86 2487 in
127 2442 313 2503 quarta
352 2433 712 2501 generatione
740 2453 751 2486 :
791 2443 844 2488 et
876 2433 1002 2489 ideo
1033 2434 1295 2490 memoria
1329 2433 1446 2503 ejus
1479 2435 1624 2489 tolli-

41 2535 138 2592 tur,
170 2540 233 2581 eo
261 2541 436 2596 usque
464 2540 494 2580 a
525 2534 710 2581 sancta
743 2525 1119 2597 generatione.
1158 2526 1312 2581 Ozias
1337 2543 1497 2598 ergo,
1530 2529 1620 2600 qui

39 2627 90 2673 et
123 2619 373 2687 Azarias,
406 2619 581 2690 genuit
609 2616 856 2673 Ioatham
879 2663 892 2686 ,
925 2618 1172 2674 Ioatham
1203 2622 1376 2694 genuit
1415 2621 1623 2687 Achaz,

39 2715 206 2768 Acha:
245 2714 424 2786 genuit
453 2712 732 2768 Ezechiam
756 2757 770 2780 ,
804 2713 1055 2768 Ezechias
1091 2716 1268 2788 genuit
1301 2714 1580 2770 Manassen
1607 2756 1622 2778 ,

41 2806 302 2862 Manassae
343 2808 520 2879 genuit
549 2807 716 2862 Aman
739 2849 752 2874 ,
776 2807 942 2862 Aman
974 2809 1148 2880 genuit
1189 2807 1418 2867 Iasium.
1450 2806 1626 2863 Josias

43 2904 203 2976 genuit
222 2902 552 2971 Jechoniam,
573 2903 602 2957 ,Ι
613 2903 854 2959 echonias
871 2906 1045 2976 genuit
1056 2905 1222 2977 610
1236 2902 1625 2960 Salathiel.Ve-

43 2999 163 3053 ritas
187 2999 432 3054 historice
464 2998 628 3055 habet
656 2999 800 3069 quod
827 2999 1004 3054 Josias
1035 3000 1288 3070 genuerit
1318 2997 1591 3054 Eleachim
1613 3039 1628 3063 ,

1721 1948 1868 2004 ﬁlius
1894 1957 1976 2004 est
2003 1946 2172 2004 Iacob
2218 1947 2520 2003 secundum
2550 1949 2964 2019 generationem
2984 1990 2999 2016 ,
3034 1947 3180 2005 ﬁlius
3211 1948 3331 2005 Heli

1720 2041 2024 2100 secundum
2048 2041 2273 2113 Legem.
2301 2039 2508 2096 Deinde
2532 2041 2905 2110 generationis
2929 2041 3067 2096 ordo
3094 2043 3326 2098 texitur.

1719 2135 1917 2209 Ioseph
1947 2136 2036 2206 qui
2066 2135 2163 2205 fuit
2192 2133 2352 2200 Heli,
2385 2134 2472 2203 qui
2502 2134 2601 2204 fuit
2631 2131 2854 2188 Matt/tat
2876 2175 2891 2200 ,
2923 2135 3010 2206 qui
3043 2135 3141 2206 fuit
3170 2133 3329 2202 Levi,

1721 2232 1808 2304 qui
1837 2231 1934 2303 fuit
1967 2229 2191 2296 Jlelchi,
2226 2230 2314 2300 qui
2344 2230 2444 2299 {uit
2472 2227 2646 2282 Ianne
2668 2271 2682 2295 ,
2715 2229 2802 2299 qui
2833 2230 2933 2300 fuit
2973 2227 3209 2299 Ioseph,
3243 2231 3333 2298 qui

1723 2325 1826 2396 fuit
1853 2321 2210 2390 Matthathite,
2241 2323 2330 2393 qui
2356 2324 2454 2394 fuit
2483 2324 2639 2376 Amos
2664 2363 2678 2387 ,
2708 2323 2796 2393 qui
2823 2322 2923 2392 fuit
2954 2321 3170 2376 Nahum
3191 2364 3204 2390 ,
3244 2323 3331 2392 qui

1725 2419 1825 2488 fuit
1858 2417 2042 2482 llesli,
2077 2417 2163 2484 qui
2191 2416 2290 2486 fuit
2334 2414 2572 2488 Nangw,
2618 2415 2704 2485 qui
2749 2414 2848 2484 [uit
2877 2413 3083 2480 Matth,
3113 2414 3200 2485 qui
3231 2413 3331 2484 fuit

1728 2510 2084 2577 Mathatthiaz,
2114 2511 2200 2583 qui
2232 2511 2326 2582 fuit
2357 2510 2558 2575 Sentei,
2594 2510 2680 2580 qui
2717 2509 2818 2580 fuit
2857 2507 3076 2579 Ioseph,
3105 2509 3192 2579 qui
3233 2509 3332 2578 fuit

1724 2607 1900 2676 Iuda,
1932 2609 2019 2673 qui
2051 2607 2150 2678 fuit
2177 2603 2420 2659 Johamta
2441 2645 2454 2669 ,
2483 2603 2573 2674 qui
2603 2602 2701 2674 [uit
2732 2601 2865 2655 Resa
2885 2641 2900 2666 ,
2929 2605 3015 2670 qui
3043 2601 3140 2671 fuit
3167 2599 3333 2654 Zoro-

1728 2702 1900 2766 babel,
1926 2700 2012 2771 qui
2032 2699 2128 2772 fuit
2154 2694 2412 2754 Salathiel
2436 2694 2625 2766 (Ibid.,
2649 2695 2720 2749 ‘23
2759 2704 2805 2747 et
2832 2691 2989 2764 seq.).
3041 2692 3158 2747 Non
3201 2701 3333 2764 puto

1729 2796 1980 2853 eumdem
2012 2796 2151 2849 hunc
2179 2806 2299 2847 esse
2329 2788 2626 2846 Zorobabel
2657 2799 2751 2844 aut
2790 2787 3087 2854 Salathiel,
3119 2787 3212 2857 qui
3242 2802 3334 2842 su-

1731 2890 1911 2961 perius
1959 2889 2010 2942 in
2061 2887 2203 2942 serie
2249 2881 2622 2954 generationis
2666 2880 2966 2936 secundum
3023 2879 3334 2934 Matii-acum

1731 2983 2001 3038 numerati
2031 2988 2194 3047 sunt;
2224 2994 2351 3035 cum
2375 2988 2428 3034 et
2458 2977 2552 3032 ille
2579 2974 2842 3032 Salathiel
2867 2989 2975 3028 non
3001 2972 3147 3027 ﬁlius
3167 2971 3333 3036 Neri,

41 3092 124 3162 qui
153 3100 206 3147 et
236 3091 520 3160 Joachim,
546 3093 664 3148 sive
693 3091 984 3147 Jechonias
1007 3069 1186 3148 dictus
1208 3101 1321 3148 est:
1349 3092 1628 3148 Eleachim
1728 3080 1825 3137 88d
1859 3079 2004 3134 ﬁlius
2031 3076 2309 3134 αἶθοῑιοιιίίιε
2340 3075 2538 3131 herili
2571 3085 2628 3131 ei
2665 3072 2973 3131 ZOI‘Ohabel
3005 3085 3112 3127 ηοίὶ
3147 3069 3291 3126 “€53
3319 3109 3334 3136 ν

42 3197 214 3242 autem
245 3187 437 3259 genuit
465 3187 713 3243 Ioachim
738 3230 751 3253 ,
780 3189 871 3259 qui
899 3195 956 3243 et
989 3188 1104 3257 ipse
1136 3189 1276 3242 sicut
1310 3199 1494 3258 pater,
1541 3186 1615 3243 Je‘

1733 3171 1828 3228 sed
1874 3171 2048 3237 Abiu,
2094 3177 2147 3224 et
2177 3179 2429 3235 caeteros,
2467 3167 2606 3222 inter
2637 3180 2773 3236 quos
2819 3165 2959 3220 Resa
2993 3180 3104 3220 non
3149 3177 3340 3219 nume-

43 3258 265 3336 chonias
288 3279 602 3352 appellatus
628 3288 712 3335 est
734 3298 746 3333 :
775 3258 861 3335 hic
885 3281 1104 3335 demum
1133 3279 1318 3348 genuit
1345 3279 1606 3336 Salathiel

1738 3276 1924 3335 ratur,
1964 3264 2250 3337 genuerit:
2299 3262 2383 3318 vel
2432 3262 2477 3318 si
2511 3261 2673 3317 iidem
2719 3269 2882 3329 sunt,
2930 3258 3222 3316 dicendum
3255 3266 3342 3314 est

45 3373 293 3431 Dicemus
327 3390 463 3447 ergo
492 3384 588 3429 aut
619 3390 786 3430 unum
824 3383 1048 3444 propter
1072 3371 1437 3442 supradictam
1470 3373 1636 3428 ratio-
1736 3361 1880 3433 quod
1910 3360 1997 3415 hic
2041 3359 2276 3430 primum
2317 3356 2604 3426 utriusque
2645 3353 3068 3425 computationis
3109 3352 3254 3447 linea
3288 3351 3340 3405 in

45 3483 201 3538 nem,
237 3472 353 3527 sive
383 3445 544 3526 gnam
592 3484 990 3541 quamcumque
1021 3468 1092 3523 ob
1141 3482 1361 3522 causam
1412 3477 1638 3537 prmicr-
1739 3470 1905 3508 unum
1957 3460 2285 3519 concurrat,
2334 3450 2534 3506 deinde
2578 3465 2704 3504 mox
2759 3448 3079 3541 secundum
3117 3445 3338 3541 modum

48 3562 273 3618 missum
307 3581 321 3618 :
366 3573 462 3619 aut
505 3539 623 3619 non
645 3576 767 3618 esse
799 3560 1052 3617 eumdem
1093 3558 1412 3616 Iechoniam
1450 3559 1638 3627 illum,
1739 3563 1902 3619 quem
1944 3547 1996 3601 ῖιι
2039 3547 2219 3617 (δειρῑιθ
2263 3543 2638 3614 ἓεηθτίιιίοηίδ
2677 3542 2839 3612 hui“
2871 3539 3243 3610 εῑεηενῑτηιιερ
3278 3539 3346 3594 ab

48 3654 111 3711 de
140 3672 248 3728 quo
293 3657 498 3713 dicitur
527 3673 540 3711 :
585 3657 761 3712 Josias
791 3657 966 3728 genuit
1014 3653 1360 3721 Iechoniam;
1391 3664 1444 3709 et
1485 3653 1615 3708 illun

1742 3642 1975 3697 invicem
2004 3640 2366 3696 deducantur.
2403 3639 2507 3705 Qui
2537 3639 2637 3710 fuit
2669 3635 2840 3702 Neri,
2873 3636 2963 3703 qui
2995 3635 3096 3704 fuit
3126 3632 3343 3699 Melo/ti,

49 3750 114 3806 de
167 3767 276 3822 quo
326 3751 574 3807 dicitur:
623 3750 751 3806 Post
803 3751 1309 3815 transntiqrationent
1362 3747 1615 3819 Babyloni

1743 3736 1828 3806 qui
1854 3735 1951 3804 (uit
1983 3733 2152 3800 Addi,
2182 3735 2267 3804 qui
2299 3733 2396 3804 fuit
2428 3729 2645 3798 Cosam,
2675 3732 2762 3800 qui
2787 3730 2886 3800 fuit
2917 3727 3214 3794 Elntodan,
3256 3729 3346 3800 qui

48 3842 328 3901 Jerhonias
351 3847 527 3918 genuit
549 3844 810 3901 Salathiel
834 3861 850 3898 :
872 3843 966 3900 sed
998 3845 1231 3914 priorem
1256 3857 1378 3897 esse
1403 3840 1615 3898 Patrem

1747 3831 1847 3901 fuit
1877 3828 2016 3898 Her,
2045 3829 2132 3900 qui
2163 3828 2260 3899 fuit
2290 3826 2418 3880 Jesu
2440 3868 2454 3893 ,
2484 3825 2569 3896 qui
2599 3826 2699 3897 fuit
2730 3823 2954 3890 Eliezer,
2997 3825 3084 3894 qui
3117 3823 3218 3893 [uit
3253 3822 3350 3878 Jo-

49 3941 348 3997 secundum
389 3956 513 3997 esse
555 3939 795 3995 Filium:
841 3947 1066 4009 propter
1111 3936 1514 4007 separationem
1551 3949 1615 3990 au

1747 3925 1869 3990 rim,
1902 3924 1992 3994 qui
2022 3925 2123 3995 fuit
2152 3921 2396 3987 Matthat,
2429 3921 2513 3990 qui
2540 3919 2638 3988 fuit
2670 3917 2792 3972 Levi
2815 3961 2829 3986 ,
2858 3919 2944 3989 qui
2972 3919 3071 3984 fuit
3097 3917 3322 3989 Symeo'

54 4042 160 4089 tem
190 4044 246 4089 et
289 4034 718 4106 disjunctionem
748 4031 1243 4103 transmigrationis
1273 4047 1384 4087 non
1416 4046 1539 4086 esse
1565 4045 1615 4086 re

1749 4019 1835 4090 qui
1868 4018 1966 4088 fuit
1993 4015 2165 4084 Iuda,
2195 4016 2283 4087 qui
2311 4015 2408 4087 fuit
2435 4012 2666 4084 Ioseph,
2695 4016 2781 4082 qui
2812 4012 2914 4083 fuit
2937 4009 3109 4078 Iona,
3139 4013 3224 4080 qui
3255 4014 3356 4082 [utt

53 4132 282 4198 petitam
334 4129 483 4185 inter
535 4145 631 4184 eos
678 4127 1052 4198 generationis
1097 4127 1538 4192 connexionem,
1596 4141 1615 4180 ι

1753 4112 1998 4170 Eliachin
2020 4155 2034 4180 ,
2063 4112 2154 4183 qui
2181 4111 2280 4182 fuit
2325 4108 2566 4177 Melrha,
2602 4108 2692 4180 qui
2723 4107 2822 4177 fuit
2855 4105 3049 4160 Menan
3072 4148 3086 4171 ,
3133 4105 3223 4176 qui
3255 4106 3356 4174 fuit

55 4222 380 4278 diceretur:
427 4221 712 4277 Iechonias
755 4223 932 4293 genuit
986 4219 1324 4286 Jechoniam,
1372 4216 1615 4274 Iethonit

1756 4208 2017 4264 Matt/tata
2038 4251 2052 4277 ,
2086 4207 2176 4279 qui
2205 4207 2304 4277 fuit
2334 4203 2552 4258 Nathan
2578 4218 2725 4273 ,βίαι
2772 4201 2876 4270 fuit
2926 4199 3098 4254 David
3143 4197 3354 4272 (Ibid.,

52 4333 183 4388 ergo
228 4319 408 4390 genuit
456 4292 768 4383 Salathiel,
804 4315 1063 4372 Salathiel
1105 4316 1280 4386 genuit
1331 4313 1652 4382 Zorobabel,
1755 4305 1826 4359 27
1887 4311 1935 4356 el
1999 4300 2168 4372 θεῷ).
2232 4299 2362 4368 Qute
2412 4297 2674 4366 deinceps
2717 4304 3020 4390 sequuntur
3071 4307 3254 4390 usque
3290 4292 3357 4390 ad

53 4385 343 4467 Zo‘robabel
364 4411 540 4483 genuit
562 4409 750 4464 Abiud.
783 4409 895 4465 l‘lnc
919 4425 1088 4480 usque
1110 4385 1176 4464 ex
1207 4409 1357 4464 libris
1378 4408 1615 4464 velet'ibt

1758 4399 2068 4462 Abraham,
2120 4395 2174 4450 in
2221 4403 2453 4464 utroque
2501 4391 2692 4448 eadem
2727 4397 2876 4445 sunt.
2925 4388 3070 4443 Sane
3113 4387 3257 4458 quod
3307 4385 3362 4441 in

55 4481 440 4575 generationis
469 4504 606 4560 ordo
635 4502 879 4558 texitur:
911 4519 1032 4574 quae
1064 4509 1394 4572 sequuntur,
1425 4501 1659 4556 anctori-
1760 4495 1874 4566 ipsa
1918 4489 2288 4564 generationis
2325 4490 2467 4544 linea
2508 4487 2696 4558 plures
2737 4482 3056 4575 secundum
3083 4481 3286 4575 Lucam
3334 4496 3362 4535 a

56 4573 139 4652 tas
182 4598 543 4670 evangelistae
589 4598 894 4652 conﬁrmat.
936 4595 1106 4649 Abiud
1148 4595 1322 4666 genuit
1359 4591 1616 4648 Eliaehim
1640 4633 1657 4661 ,
1688 4665 1727 4670 Δ
1761 4586 1966 4657 Ioseph
1997 4600 2168 4656 usque
2194 4584 2262 4639 ad
2294 4580 2461 4638 David
2485 4622 2498 4646 ,
2524 4594 2684 4650 quam
2716 4576 3015 4633 secundum
3049 4573 3366 4670 Matthtuum

54 4665 529 4762 Eliachim'genut'l
556 4689 712 4758 Azor,
746 4689 882 4744 Azor
913 4688 1087 4760 genuit
1121 4665 1295 4742 Sadoc
1320 4728 1334 4754 ,
1371 4685 1547 4742 Sadoc
1576 4699 1662 4759 ge-
1688 4665 1742 4726 D
1766 4698 1793 4737 a
1839 4678 2005 4736 David
2037 4693 2207 4749 usque
2245 4675 2312 4731 ad
2359 4673 2561 4744 Joseph
2607 4679 2997 4737 numerentur,
3027 4667 3367 4762 contrarium

57 4788 169 4840 nuit
193 4761 400 4856 Achint,
424 4785 603 4840 Achint
626 4786 801 4858 genuit
824 4783 1018 4851 Eliud,
1047 4782 1200 4838 Eliud
1223 4781 1396 4852 genuit
1418 4780 1661 4847 Eleazar,
1765 4774 1938 4830 videri
1971 4787 2077 4827 non
2111 4771 2306 4835 debet,
2341 4783 2465 4824 cum
2496 4767 2627 4838 ipsae
2657 4764 3036 4858 successiones
3067 4761 3376 4858 generatim

57 4880 295 4936 Ειεαων
321 4851 497 4953 θεῇυίι
529 4851 780 4944 Mai/mn,
815 4878 1032 4934 Mai/um
1073 4877 1248 4951 genuit
1275 4875 1471 4942 Jacob,
1503 4874 1665 4929 ,Ιαιτοὺ
1774 4883 1902 4924 num
1937 4866 1991 4920 in
2024 4879 2086 4919 ea
2112 4871 2265 4934 parte
2296 4859 2650 4930 multiplicius
2677 4856 3066 4920 excreverint,
3096 4851 3188 4907 ubi
3216 4851 3379 4908 citius

59 4976 240 5044 genuit
283 4950 503 5046 Ioseph.
541 4974 655 5030 Hoc
699 4973 860 5030 modo
890 4950 1304 5045 generationem
1351 4969 1674 5024 naturaliter
1777 4958 2172 5020 decedentibus
2221 4955 2497 5029 patribus,
2555 4952 2650 5010 ﬁlii
2703 4950 3048 5008 numerosius
3097 4958 3382 5001 successe—

61 5072 424 5130 descendisse
446 5071 756 5138 credimus;
777 5085 920 5127 nunc
938 5067 1236 5141 secundum
1255 5065 1456 5122 Lucam
1475 5064 1674 5122 seriem
1779 5068 1928 5118 runt.

62 5167 448 5237 generationis
476 5166 849 5223 revolvamus.

61 5265 3366 5314 Μ

1457 5405 2020 5484 MONITUM.

143 5643 397 5700 Libellus
422 5656 454 5698 a
484 5641 639 5697 nobis
657 5640 790 5696 intra
814 5638 1041 5710 positus,
1066 5635 1118 5690 in
1140 5629 1396 5688 omnibus
1419 5631 1657 5703 Operam
1681 5627 2165 5686 Ambrosianorum
2193 5618 2527 5681 editionibus
2558 5615 2724 5672 libros
2751 5617 3127 5710 Hexaemeron
3157 5612 3407 5682 proxime

73 5741 369 5809 sequitur;
401 5734 500 5793 sed
531 5744 740 5790 veteres
769 5707 1032 5789 editiones
1066 5724 1400 5798 prudentem
1447 5741 1510 5780 ac
1552 5724 1917 5780 necessariam
1967 5720 2274 5776 cantionem
2315 5714 2681 5809 adhibuerant
2713 5712 2860 5766 hisce
2890 5707 3094 5809 verbis,
3118 5707 3203 5777 qui
3225 5716 3408 5761 sancto

73 5797 368 5888 Arnbrosio'
383 5829 590 5884 auctori
621 5847 651 5882 a
675 5825 977 5897 quibusdam
1026 5797 1342 5876 ascribitur:
1373 5826 1430 5871 at
1463 5818 1702 5871 Romana
1725 5858 1741 5884 ,
1787 5814 1979 5869 iisdem
2016 5810 2196 5865 verbis
2227 5824 2256 5862 e
2305 5805 2479 5859 modus
2524 5801 2780 5887 sublatis,
2813 5797 3066 5897 eumdem
3089 5804 3411 5897 tracta-tum

78 5930 209 5988 sine
239 5883 354 5988 ulla
381 5883 731 5988 restrictione
777 5931 966 5988 sancto
995 5914 1218 5977 Doctori
1250 5912 1602 5983 adjudicavit.
1630 5883 2015 5968 Verumtamen
2047 5902 2183 5960 nihil
2214 5899 2390 5958 videat
2427 5883 2642 5971 Oportet
2669 5896 2726 5954 in
2755 5892 3132 5956 Ambrosianis
3161 5890 3420 5950 lucubra-
