3950 6314
557 294 701 355 1015
1599 293 1694 351 AD
1731 293 1963 353 OPERA
2001 293 2061 352 S.
2100 295 2168 353 Al

2273 294 2432 354 l0$ll
2472 295 2842 356 APPENDIX.
3694 297 3795 361 1016

556 411 820 478 tionibus,
851 410 942 485 qui
964 411 1106 469 hanc
1127 412 1272 469 illius
1302 425 1425 469 esse
1453 410 1554 467 sibi
1587 409 1934 482 persuadeat.
1968 410 2102 466 Nam
2138 419 2339 484 prmter
2359 429 2519 484 quam
2545 412 2690 484 quod
2724 413 2859 470 nihil
2891 429 3118 486 usquam
3155 415 3496 472 Ambrosiani
3523 415 3694 488 spirat,
3713 434 3799 478 cer.

557 505 832 562 tissimum
863 517 948 561 est
971 516 1259 561 centonem
1300 520 1455 574 esse,
1485 504 1640 574 cuius
1681 505 1852 576 prima
1896 521 1960 560 ac
1993 516 2266 576 postrema
2313 521 2436 575 pars
2476 506 2752 562 invi-nitur
2782 507 2922 578 apud
2964 509 3254 564 Alcuinum
3286 509 3386 564 sub
3435 509 3535 564 hoc
3572 510 3798 570 lemmate:

557 593 721 651 Dicta
745 594 880 649 beati
904 595 1077 650 Albini
1107 595 1272 650 levita:
1300 613 1458 664 super
1479 596 1610 650 illud
1640 595 1926 662 Geneseos,
1957 593 2238 653 Faciamus
2275 598 2564 664 hominem,
2595 611 2703 654 etc.
2735 600 2863 656 item
2899 599 2954 655 in
2988 601 3127 656 libro
3158 602 3224 656 de
3271 601 3473 672 Spiritu
3502 612 3548 656 et
3577 606 3733 658 Auitus
3754 608 3799 661 ad

559 689 765 745 calcem
793 689 918 743 tonti
947 690 1086 745 sexti
1115 688 1494 758 AugUSIiniani
1518 691 1697 745 edito:
1729 706 1828 744 nec
1851 708 1956 745 non
1985 689 2273 746 sententia:
2302 694 2514 764 aliquot
2550 692 2602 748 in
2630 703 2860 750 tractatu
2893 694 3102 751 Paulini
3137 695 3501 765 Aquileiensis
3529 698 3588 752 de
3614 703 3803 756 saluari.

559 784 654 839 bus
685 782 1039 847 Documentis,
1075 787 1164 854 qui
1191 781 1357 838 etiam
1385 783 1438 838 iu
1467 782 1658 840 eadem
1691 785 2008 856 Appendice
2028 784 2422 856 Augnsu'niana
2445 787 2783 843 Cttlttittelur.
2807 788 2960 856 Quod
2991 806 3120 845 vero
3142 793 3209 845 ad
3233 801 3440 860 partem
3468 791 3800 864 intermedim,

556 878 630 935 ab
659 876 770 933 illis
798 877 1050 933 nimirum
1084 878 1287 944 verbis,
1323 888 1369 932 et
1398 879 1534 944 ideo,
1567 879 1898 933 dilectissime
1927 879 2030 949 fili,
2065 895 2237 950 usque
2268 880 2333 934 ad
2365 881 2469 936 alia
2503 882 2615 949 illa,
2645 900 2674 936 ο
2701 883 3031 940 dilectissime
3056 885 3166 953 ﬁli,
3199 884 3415 950 habeto,
3446 901 3594 953 quam
3619 891 3804 958 suspica-

558 989 686 1030 mur
715 974 957 1030 auctoris
982 988 1106 1030 esse
1135 975 1368 1046 ipsomet
1395 973 1630 1030 Alcuino
1654 983 1712 1029 ut
1739 974 2094 1041 obscurioris,
2127 975 2199 1030 ita
2221 984 2276 1030 et
2308 976 2660 1046 posterioris;
2688 991 2813 1034 cum
2839 994 3006 1050 prope
3037 980 3214 1050 major
3241 981 3314 1036 sit
3355 980 3477 1036 aliis
3496 982 3713 1053 duabus,
3735 1001 3803 1042 nec

554 1069 736 1139 ipsam
764 1066 894 1122 alibi
925 1069 1170 1139 reperire
1201 1067 1361 1124 nobis
1384 1067 1622 1134 licuerit,
1654 1077 1715 1122 ut
1739 1077 1904 1124 totam
1938 1070 2173 1140 Opellam
2201 1070 2588 1141 retineremus,
2615 1072 2668 1128 in
2695 1088 2859 1129 causa
2888 1073 3010 1130 luit.

650 1329 893 1456 DE
975 1320 1663 1455 DIGNIT.
1716 1319 2919 1484 CONDITIONIS
2993 1327 3753 1465 HUMANE

1940 1545 2490 1632 LIBELLUS

550 1198 3794 1230 mm

2090 1714 2418 1728 *-

630 1842 795 1915 θιι
821 1835 1052 1897 CAPUT
1077 1831 1371 1892 PRIMUM.
1403 1860 1473 1874 —
1500 1829 1778 1886 Faciamus
1813 1831 2076 1886 hominem
2097 1831 2166 1884 ad
2197 1833 2245 1896 Α
2273 1842 2426 1889 ratur
2444 1833 2721 1904 voluntas,
2740 1847 2796 1893 et
2822 1854 2886 1894 ex
2921 1837 3007 1895 his
3031 1839 3162 1896 item
3186 1840 3462 1897 ambobus
3491 1845 3711 1914 procedit
3729 1861 3808 1903 e-

557 1936 841 2010 imagiuem
859 1944 906 1990 et
930 1932 1323 1990 similitudinem
1341 1925 1744 2001 nostram(Gen.
1765 1943 1840 1991 xt,
1865 1924 2174 2000 26).Tanta
2277 1927 2474 1992 moria,
2503 1927 2645 1984 sicut
2677 1929 2836 1986 facile
2863 1947 2893 1986 a
2940 1932 3193 2004 sapiente
3224 1935 3475 2004 quolibet
3509 1935 3712 2009 intelligi
3748 1956 3813 2009 ps-

559 2031 750 2102 itaque
779 2028 1020 2098 dignitas
1049 2026 1302 2081 humanae
1339 2020 1681 2078 conditionis
1729 2037 1855 2078 esse
1886 2022 2172 2092 coguosci-
2280 2031 2413 2088 test;
2442 2039 2543 2081 nec
2582 2027 2728 2082 enim
2756 2027 2938 2084 anima
2969 2028 3209 2099 perfecta
3239 2044 3367 2086 esse
3397 2031 3516 2087 sine
3556 2033 3632 2087 bis
3654 2034 3809 2099 tribus,

561 2134 651 2181 tur
673 2165 689 2189 ,
717 2135 772 2179 ut
801 2137 909 2179 non
955 2121 1076 2177 solo
1104 2118 1354 2190 jubentis
1404 2131 1660 2173 sermone
1689 2158 1704 2183 ,
1755 2115 1898 2171 sicut
1934 2115 2039 2170 alia
2072 2130 2173 2172 sex
2278 2128 2380 2170 nec
2413 2115 2610 2173 borum
2644 2119 2806 2174 trium
2846 2136 3012 2177 unum
3046 2122 3293 2194 aliquod,
3325 2133 3587 2194 quantum
3617 2126 3674 2180 ad
3705 2142 3813 2181 suae

566 2217 781 2276 dierum
832 2230 1001 2284 Opera
1037 2255 1054 2281 ,
1108 2212 1203 2269 sed
1234 2210 1467 2268 consilio
1505 2218 1708 2265 sanctae
1749 2207 2036 2264 Trinitatis
2061 2250 2076 2275 ,
2119 2215 2175 2264 et

562 2325 731 2384 Opere
773 2306 1078 2379 maiestatis
1125 2305 1329 2360 divinas
1367 2313 1588 2360 creatus
1631 2303 1703 2358 sit
1751 2301 1950 2369 homo;
2000 2311 2062 2356 ut
2105 2316 2170 2357 ex

559 2406 757 2479 prima;
785 2404 1120 2462 conditionis
1146 2400 1360 2457 honore
1389 2399 1757 2469 intelligeret,
1790 2408 2054 2468 quantum
2079 2398 2177 2453 de-

567 2499 723 2557 beret
750 2513 850 2554 suo
872 2496 1170 2556 conditori.
1205 2494 1333 2550 dum
1367 2501 1578 2548 tantum
1611 2490 1666 2546 in
1698 2492 2018 2547 conditione
2048 2507 2174 2546 mox

563 2590 852 2664 dignitatis
880 2586 1225 2660 privilegium
1259 2584 1516 2656 praestitit
1547 2584 1597 2638 ei
1626 2584 1913 2649 conditor;
1937 2593 1993 2637 ut
2024 2591 2174 2638 tanto

565 2684 852 2742 ardentius
881 2691 1094 2739 amaret
1130 2680 1498 2745 conditorem,
1527 2685 1733 2749 quanto
1776 2676 2083 2732 mirabilius
2113 2691 2173 2732 se

563 2780 635 2837 ab
661 2794 730 2839 eo
748 2793 872 2835 esse
903 2776 1184 2833 conditum
1223 2775 1556 2845 intelligeret
1583 2791 1598 2828 :
1634 2787 1736 2829 nec
1761 2773 1833 2828 ob
1862 2773 1965 2828 hoc
1992 2772 2172 2828 solum

564 2872 710 2945 quod
735 2871 969 2927 consilio
989 2880 1191 2926 sancta:
1213 2867 1500 2922 Trinitatis
1520 2867 1601 2922 sic
1617 2861 1961 2922 excellenter
1991 2881 2019 2919 a
2041 2880 2176 2920 con-

565 2965 748 3023 ditore
775 2965 1032 3021 conditus
1052 2973 1160 3030 est,
1191 2961 1289 3017 sed
1315 2963 1481 3017 etiam
1519 2960 1665 3033 quod
1702 2961 1771 3015 ad
1805 2961 2094 3032 imaginem
2119 2968 2174 3016 et

567 3059 988 3116 similitudinem
1010 3071 1168 3112 suam
1196 3056 1315 3126 ipse
1348 3066 1566 3110 creator
1595 3053 1836 3109 omnium
1870 3069 1993 3110 eum
2020 3068 2174 3108 crea-

569 3152 673 3214 vit,
703 3150 848 3220 quod
881 3149 1014 3204 nulli
1047 3149 1138 3203 alii
1160 3164 1228 3204 ex
1255 3147 1522 3203 creaturis
1551 3147 1793 3202 donavit.

2277 2210 2519 2279 pertinet
2566 2211 2956 2271 beatitudinem
2984 2257 2998 2280 .
3032 2218 3153 2274 sine
3199 2218 3325 2273 aliis
3369 2218 3579 2276 duobus
3607 2221 3816 2291 integrata

2276 2312 2525 2360 constat:
2554 2315 2611 2361 et
2636 2307 2780 2363 sicut
2801 2307 2946 2365 Deus
2967 2307 3154 2378 Pater,
3184 2311 3334 2367 Dens
3360 2311 3554 2380 Filius,
3585 2314 3709 2373 Deus
3731 2316 3818 2384 Spi-

2277 2393 2417 2448 ritus
2439 2407 2664 2454 sanctus
2695 2410 2799 2466 est,
2835 2416 2945 2457 non
2974 2412 3154 2459 tamen
3184 2413 3299 2459 tres
3321 2405 3398 2459 dii
3429 2414 3586 2472 sunt,
3607 2406 3690 2462 sed
3716 2423 3818 2463 nus

2278 2487 2424 2544 Deus
2456 2499 2568 2546 tres
2619 2490 2829 2549 habens
2884 2511 3187 2565 personas;
3224 2497 3299 2552 ita
3329 2507 3385 2553 et
3432 2498 3606 2553 anima
3659 2500 3820 2556 intelle-

2276 2595 2393 2640 ctus
2416 2625 2434 2652 ,
2464 2586 2648 2641 anima
2676 2587 2955 2654 voluntas,
2989 2591 3167 2646 anima
3219 2594 3514 2660 memoria,
3557 2610 3657 2650 non
3683 2605 3818 2651 tamen

2277 2687 2390 2736 tres
2419 2681 2614 2736 anima:
2642 2681 2694 2736 in
2718 2699 2830 2738 uno
2855 2699 3088 2755 corpore
3113 2728 3128 2750 ,
3159 2686 3256 2744 sed
3291 2703 3399 2742 una
3423 2691 3602 2744 anima
3627 2698 3720 2746 tres
3755 2692 3821 2744 bs-

2277 2771 2412 2827 bens
2439 2773 2756 2845 dignitates.
2787 2775 2968 2848 Atque
3011 2778 3064 2834 in
3107 2778 3194 2836 his
3230 2779 3408 2837 tribus
3448 2782 3563 2852 ejus
3593 2783 3821 2854 imaginem

2277 2861 2604 2925 mirabiliter
2622 2870 2767 2941 gerit
2791 2869 2845 2926 in
2869 2886 2967 2928 sua
2991 2884 3184 2929 natura
3214 2886 3411 2932 noster
3437 2879 3656 2934 interior
3681 2878 3821 2947 boum,

2276 2975 2344 3016 ex
2373 2962 2571 3033 quibus
2602 2966 2756 3035 quasi
2782 2965 3272 3024 excellentioribus
3303 2968 3502 3026 anima:
3522 2971 3822 3043 dignitatibus

2269 3055 2530 3126 jubemur
2558 3057 2788 3129 diligere
2810 3061 3153 3119 conditorem
3180 3079 3195 3130 ;
3224 3072 3282 3118 ut
3331 3064 3386 3120 in
3419 3077 3673 3135 quantum
3693 3067 3820 3122 intel-

2276 3149 2464 3220 ligitttr
2490 3194 2506 3218 ,
2539 3152 2841 3221 diligatur:
2870 3165 2926 3212 et
2956 3167 3216 3226 quantum
3237 3158 3486 3228 diligitur
3511 3203 3527 3229 ,
3577 3177 3764 3232 semper
3785 3163 3823 3217 ia

642 3241 870 3299 CAPUT
889 3241 952 3298 ll.
978 3270 1051 3284 -
1075 3240 1210 3308 Qua:
1236 3241 1416 3311 imago
1456 3239 1771 3310 diligentius
1800 3254 1868 3294 ex
1898 3237 2174 3294 interioris
2204 3233 2251 3293 B
2280 3245 2545 3299 memoria
2573 3245 2861 3303 habeatur.
2891 3248 3002 3305 Nec
3033 3251 3182 3308 solus
3204 3252 3412 3308 sullicit
3459 3253 3528 3309 de
3555 3269 3621 3309 eo
3660 3255 3824 3310 intelle-

567 3334 809 3390 bominis
838 3331 1126 3388 nobilitate
1159 3342 1248 3387 est
1274 3330 1695 3387 consideranda.
1738 3328 1919 3384 Primo
1949 3331 2171 3402 quidem

567 3427 716 3501 quod
745 3426 906 3484 sicuti
935 3425 1078 3482 Deus
1111 3439 1251 3480 unus
1280 3439 1500 3494 semper
1528 3422 1729 3494 ubique
1751 3433 1896 3479 totus
1926 3435 2033 3487 est,
2056 3439 2172 3479 om-

565 3522 657 3578 nia
681 3520 990 3589 vivilicans,
1022 3533 1252 3574 movens
1279 3528 1334 3572 et
1371 3517 1693 3588 gubernans
1714 3557 1729 3582 ,
1761 3516 1904 3572 sicut
1934 3518 2172 3588 Aposto-

564 3613 656 3670 lus
686 3612 980 3668 conﬁrmat
1008 3611 1187 3681 quod:
1233 3607 1299 3664 In
1327 3625 1389 3665 eo
1415 3609 1632 3664 uiuimus
1662 3651 1678 3677 ,
1723 3625 1986 3665 mouemur
2013 3620 2060 3665 et
2085 3627 2174 3665 su-

567 3721 685 3761 mus
713 3707 854 3778 (Act.
890 3718 1021 3768 xvu,
1044 3702 1170 3775 28);
1196 3703 1275 3757 sic
1296 3702 1476 3756 anima
1507 3701 1562 3756 in
1585 3717 1685 3757 suo
1710 3717 1942 3772 corpore
1971 3702 2173 3772 ubique

565 3808 679 3856 tota
711 3799 895 3871 viget,
927 3796 1211 3853 viviﬁcaris
1239 3795 1371 3852 illud
1396 3838 1412 3863 ,
1453 3810 1684 3853 movens
1710 3838 1725 3863 ,
1755 3806 1811 3852 et
1836 3797 2168 3868 gubernans.

562 3892 679 3952 Nec
705 3893 851 3949 enim
883 3893 938 3948 in
963 3893 1266 3963 majoribus
1286 3893 1542 3963 corporis
1563 3890 1648 3946 sui
1687 3892 1947 3948 membris
1973 3894 2169 3963 major,

565 3997 622 4044 et
647 3985 703 4042 in
734 3987 1040 4043 minoribus
1093 3987 1300 4042 minor:
1330 3985 1427 4042 sed
1457 3987 1508 4040 in
1539 3985 1782 4042 minimis
1827 3995 1938 4041 tota
1969 4029 1984 4054 ,
2030 3995 2086 4043 et
2115 3987 2169 4043 in

564 4078 824 4136 maximis
852 4086 985 4135 tota.
1008 4079 1077 4134 Et
1106 4080 1220 4134 lucc
1247 4090 1331 4134 est
1358 4079 1540 4150 imago
1567 4079 1795 4135 unitatis
1823 4081 2173 4151 omnipoten-

564 4174 639 4229 tis
665 4172 787 4241 Dei,
812 4189 974 4243 quam
1002 4173 1186 4228 anima
1225 4171 1392 4227 habet
1419 4173 1473 4229 in
1504 4189 1593 4234 se.

638 4263 771 4333 Quae
819 4278 1036 4335 quoque
1081 4263 1374 4334 quamdam
1430 4275 1631 4320 sanctae
1674 4264 1962 4323 Trinitatis
2007 4265 2172 4325 habet

564 4356 881 4428 imaginem.
904 4355 1087 4413 Primo
1112 4357 1166 4412 in
1189 4372 1256 4413 eo
1283 4358 1410 4428 quia
1442 4359 1584 4415 sicut
1615 4359 1758 4417 Deus
1790 4372 1896 4428 est,
1925 4360 2080 4428 vivit,
2115 4373 2170 4418 et

566 4452 746 4520 sapit;
790 4451 861 4504 ita
890 4453 1072 4504 anima
1101 4449 1405 4506 secundum
1436 4467 1598 4508 suum
1629 4455 1848 4509 modum
1880 4465 2004 4523 est,
2035 4457 2168 4512 vivit

566 4550 626 4600 et
651 4538 812 4612 sapit.
847 4541 946 4597 Est
972 4555 1188 4613 quoque
1214 4553 1270 4598 et
1297 4541 1400 4599 alia
1450 4546 1670 4601 trinitas
1715 4549 1768 4602 itt
1800 4562 1864 4603 ea
1897 4589 1912 4614 ,
1946 4564 2050 4617 qua
2097 4549 2165 4604 ad

564 4633 860 4706 imaginem
883 4633 967 4690 sui
988 4635 1290 4692 conditoris
1323 4637 1584 4708 perfectae
1605 4638 1826 4711 quidem
1856 4649 1912 4696 et
1939 4614 2164 4699 summa:
2195 4614 2240 4680 (ἶ

566 4727 874 4795 Trinitatis,
907 4744 1029 4800 quae
1067 4745 1134 4785 ex
1174 4731 1338 4789 Patre
1391 4742 1449 4790 et
1481 4733 1620 4790 Filio
1651 4743 1708 4790 et
1735 4734 1944 4806 Spiritu
1975 4751 2167 4796 saneto

564 4821 787 4880 condita
815 4832 930 4879 est:
957 4832 1013 4878 et
1039 4822 1171 4880 licet
1194 4826 1356 4881 unius
1376 4827 1462 4882 illa
1492 4839 1728 4896 naturae,
1761 4841 1870 4886 tres
1901 4840 2078 4888 tamen
2113 4833 2165 4888 in

561 4930 625 4974 se
654 4916 957 4989 dignitates
989 4917 1174 4984 habet,
1205 4918 1258 4974 id
1278 4928 1384 4987 est,
1420 4920 1779 4990 intellectum,
1807 4923 2164 4996 voluntatem,

562 5018 621 5066 et
670 5009 1016 5067 memoriam.
1062 5008 1218 5078 Quod
1271 5009 1415 5067 idem
1443 5054 1459 5078 ,
1495 5014 1623 5070 licet
1676 5016 1804 5071 aliis
1850 5017 2075 5084 verbis,
2112 5021 2167 5076 in

563 5103 867 5177 Evangelio
890 5102 1232 5176 designatur,
1259 5119 1383 5161 cum
1407 5106 1606 5163 dicitur
1627 5126 1640 5162 :
1667 5109 1864 5183 Diliges
1884 5110 2166 5169 Dominum

561 5197 738 5256 Deum
758 5210 904 5255 tuum
931 5217 998 5256 ea:
1028 5211 1137 5256 toto
1163 5201 1318 5256 corde
1348 5213 1439 5258 tuo
1468 5245 1483 5271 ,
1531 5213 1578 5258 et
1604 5222 1668 5261 ex
1688 5216 1797 5263 tota
1827 5211 2000 5265 anima
2034 5221 2156 5280 tua,

561 5301 614 5348 et
639 5308 704 5348 ea:
729 5301 836 5348 tota
865 5302 1030 5349 mente
1055 5302 1146 5348 tua
1173 5292 1389 5366 (Matth.
1415 5311 1551 5364 χιιι,
1583 5299 1674 5370 57)
1699 5342 1714 5368 ,
1739 5301 1790 5356 id
1819 5311 1925 5370 est,
1948 5318 2015 5359 ex
2045 5315 2159 5360 toto

558 5384 872 5450 intellectu,
895 5395 950 5442 et
973 5403 1038 5442 ex
1067 5393 1179 5443 tota
1209 5387 1515 5456 voluntate,
1543 5403 1600 5447 et
1627 5408 1692 5450 ex
1723 5403 1832 5450 tota
1863 5398 2153 5454 memoria.

559 5478 696 5535 Nam
716 5481 857 5537 sicut
873 5497 940 5537 ex
955 5481 1118 5539 Patre
1136 5496 1434 5554 generatur
1450 5485 1642 5553 Filius.
1665 5499 1721 5544 et
1738 5505 1803 5546 ex
1824 5491 1982 5548 Patre
1997 5491 2160 5549 Filio-

561 5587 669 5645 que
691 5576 935 5644 procedit
956 5576 1192 5648 Spiritus
1216 5588 1466 5649 sanctus;
1498 5585 1574 5638 ita
1598 5599 1666 5640 ex
1691 5587 1971 5645 intellectu
1992 5604 2158 5662 gene-

565 5746 664 5822 ζωῇ
697 5737 1043 5822 Dilectissimo
1071 5743 1151 5822 [ili
1171 5784 1186 5809 ,
1209 5743 1349 5822 hanc
1378 5754 1746 5822 apostrOphen
1793 5753 1885 5816 hic
1911 5765 1966 5814 et
2013 5755 2154 5815 intra

560 5805 856 5869 iterumne
886 5816 1050 5870 tertio
1069 5805 1227 5942 illom.
1259 5805 1430 5874 editio
1448 5805 1744 5893 jugulat-ait;

561 5909 711 5942 *ηε-ην
739 5917 802 5942 ιιι
837 5921 950 5942 δήλης.
991 5913 1077 5942 ne:
1113 5901 1202 5942 ~.[.
1239 5921 1267 5942 ιι
1329 5919 1335 5942 :
1386 5913 1459 5942 tu.

555 5909 711 5946 “IlI-Mt
739 5917 802 5944 i.:l
837 5921 950 5946 κειται
983 5909 1206 5947 rwt‘Jwi,
1239 5921 1268 5946 ιι
1380 5913 1459 5947 JTI;

2277 3347 2419 3403 ctus,
2453 3338 2555 3395 nisi
2583 3339 2676 3396 liat
2701 3343 2752 3396 in
2778 3357 2967 3400 amore
2985 3344 3102 3415 ejus
3130 3346 3423 3404 voluatas:
3452 3348 3615 3404 immo
3635 3365 3724 3406 nec
3741 3349 3824 3404 hac

2276 3428 2386 3486 duo
2417 3431 2697 3490 sufﬁciunt
2720 3478 2735 3503 ,
2772 3437 2879 3493 nisi
2920 3439 3188 3496 memoria
3220 3441 3458 3498 addatur
3484 3486 3500 3508 ,
3529 3460 3630 3514 qua
3659 3459 3825 3515 semper

2276 3525 2329 3579 in
2355 3533 2541 3582 mente
2568 3526 2924 3601 intelligentis
2966 3541 3022 3588 et
3048 3531 3337 3603 diligentis
3363 3546 3581 3592 maneat
3613 3536 3764 3600 Deus;
3788 3547 3825 3590 ut

2273 3617 2416 3674 sicut
2462 3635 2569 3676 non
2613 3632 2790 3692 potest
2825 3639 2950 3682 esse
3004 3637 3382 3696 momentum,
3413 3644 3527 3700 quo
3570 3628 3716 3685 homo
3748 3643 3824 3685 nea

2276 3720 2460 3768 utatur
2490 3715 2574 3771 vel
2596 3713 2812 3773 fruatur
2851 3718 2948 3775 Dei
2997 3720 3244 3778 bonitate
3269 3733 3326 3778 et
3366 3721 3750 3788 misericordia;
3775 3727 3825 3779 ita

2275 3806 2482 3863 nullum
2509 3808 2709 3866 debeat
2729 3826 2852 3868 esse
2879 3825 3242 3884 momentum,
3271 3831 3384 3888 quo
3410 3827 3716 3890 praesentem
3735 3833 3826 3874 eum

2275 3917 2388 3958 non
2421 3903 2620 3961 habeat
2651 3909 2934 3966 memoria.

2345 3996 2417 4052 Et
2445 3997 2596 4067 ideo,
2634 4009 2660 4039 ⁸
2689 4001 3046 4062 dilectissime
3073 4005 3172 4076 (ili,
3219 4007 3370 4079 juste
3395 4010 3530 4066 mihi
3559 4009 3749 4066 videtur
3766 4009 3822 4064 di-

2273 4103 2417 4150 ctum
2439 4096 2756 4154 interiorem
2777 4098 3052 4156 hominem
3077 4102 3374 4174 imaginem
3398 4121 3528 4163 esse
3547 4105 3670 4172 Dei;
3688 4105 3822 4161 auita:

2273 4187 2421 4245 enim
2453 4191 2767 4247 nominatur
2787 4200 2930 4249 totus
2955 4196 3183 4252 interior
3206 4197 3395 4264 homo,
3420 4215 3530 4270 qua
3556 4199 3824 4255 viviﬁcatur.

2274 4283 2505 4351 regitur,
2535 4285 2853 4342 continetur
2883 4286 3030 4343 lutea
3075 4288 3167 4345 illa
3209 4305 3390 4346 massa
3423 4291 3716 4350 humectata
3739 4306 3826 4346 stic-

2271 4373 2352 4427 cis
2379 4413 2394 4438 ,
2421 4389 2489 4429 ne
2534 4373 2772 4442 arefacta
2819 4378 3174 4436 dissolvatur.
3238 4381 3383 4440 Deus
3420 4383 3620 4441 dicitur
3657 4386 3727 4440 vis
3762 4384 3824 4437 ilia

2272 4466 2620 4524 ineti‘abiliter
2648 4486 2840 4543 magna
2859 4513 2875 4540 ,
2904 4483 2960 4528 et
2994 4475 3474 4535 innumerabiliter
3513 4479 3715 4552 sapiens
3741 4521 3755 4544 ,
3786 4488 3827 4532 at

2273 4560 2535 4632 scriptum
2566 4573 2686 4619 est:
2721 4563 2948 4638 Magnus
2978 4566 3235 4625 Dominus
3263 4581 3462 4640 noster,
3492 4585 3540 4628 et
3563 4590 3732 4648 magna
3747 4573 3822 4625 sire

2271 4661 2354 4708 tus
2381 4659 2494 4729 ejus
2524 4697 2539 4724 ,
2581 4667 2632 4710 et
2673 4659 2944 4730 sapientiae
2969 4663 3085 4734 ejus
3122 4680 3226 4720 non
3266 4676 3338 4721 est
3371 4684 3615 4724 numerus
3644 4669 3822 4740 (Pulsi.

2272 4761 2454 4815 cam,
2482 4747 2570 4821 5);
2596 4762 2648 4806 et
2680 4753 3188 4826 incomparabiliter
3214 4761 3398 4816 suavis
3417 4802 3434 4830 ,
3465 4771 3528 4818 ut
3555 4763 3673 4820 alibi
3696 4761 3822 4817 dicit:

2275 4838 2466 4897 Suavis
2497 4840 2754 4901 Dominus
2779 4846 3034 4904 universis
3054 4891 3071 4918 ,
3099 4860 3148 4906 et
3187 4853 3550 4913 miserationes
3573 4859 3679 4932 ejus
3701 4869 3822 4924 πρὶν

2273 4934 2447 4988 omnia
2476 4949 2633 5007 Opera
2668 4938 2783 5009 ejus
2816 4939 2991 5011 (Psal.
3025 4958 3188 5001 cxuv
3218 4987 3233 5014 ,
3264 4947 3345 5018 5).
3381 4947 3464 5004 Ex
3493 4965 3597 5021 qua
3623 4993 3636 5017 ,
3671 4961 3721 5004 et
3754 4962 3822 5018 per

2268 5042 2455 5098 quam,
2487 5030 2619 5086 etin
2651 5047 2758 5102 qua
2789 5043 2917 5090 sunt
2968 5037 3152 5092 omnia
3183 5079 3198 5105 ,
3229 5055 3352 5111 quae
3393 5053 3554 5111 sunt;
3607 5051 3821 5115 reguntur

2273 5121 2455 5176 omnia
2478 5164 2493 5190 ,
2523 5139 2646 5193 quas
2687 5136 2851 5195 sunt;
2907 5129 3262 5188 continentur
3288 5135 3472 5192 omnia
3503 5179 3520 5204 ,
3548 5153 3661 5209 qua:
3695 5142 3821 5192 sunt:

2266 5216 2450 5271 omnia
2479 5215 2604 5274 dico
2633 5219 2807 5290 ipsam
2850 5222 3263 5281 universitatem
3296 5269 3314 5296 ,
3359 5245 3484 5301 qua:
3519 5243 3602 5288 εει
3641 5239 3817 5295 ιοιιιω,

2265 5309 2410 5378 quod
2445 5310 2588 5366 aliud
2613 5321 2720 5380 est,
2750 5329 2914 5385 quam
2963 5315 3084 5386 ipse
3117 5319 3209 5389 qui
3241 5318 3372 5377 fecit
3394 5362 3412 5389 ,
3446 5335 3504 5379 et
3540 5338 3640 5380 non
3667 5332 3742 5379 est
3765 5321 3822 5402 ia:

2267 5410 2420 5457 ctus:
2451 5403 2550 5459 sed
2602 5403 2722 5476 ipse
2748 5415 2833 5462 est
2860 5405 2888 5446 ι)
2917 5423 2986 5463 ex
3007 5425 3139 5480 quo,
3171 5419 3230 5468 et
3265 5414 3358 5484 qui
3388 5430 3456 5472 ex
3501 5431 3587 5483 eo,
3631 5425 3678 5471 et
3711 5403 3819 5486 quo);

2262 5495 2410 5566 quod
2442 5496 2590 5553 Deus
2617 5513 2683 5553 ex
2715 5513 2824 5570 quo
2851 5509 2956 5567 est,
2988 5501 3148 5559 Pater
3169 5504 3376 5563 dicitur
3412 5524 3442 5563 a
3473 5510 3626 5566 nobis
3655 5521 3822 5581 paupe-

2267 5591 2418 5649 ribus
2445 5605 2633 5659 sensu,
2666 5594 3085 5664 pauperioribus
3114 5599 3335 5669 verbis;
3368 5603 3517 5676 quod
3542 5606 3630 5676 qui
3650 5619 3709 5660 ex
3727 5615 3819 5664 eo,

2333 5759 2360 5798 Β
2385 5760 2546 5820 Rom.
2569 5761 2728 5835 edit.,
2759 5780 2826 5822 ex
2843 5781 2967 5840 quo,
2991 5783 3084 5840 per
3119 5785 3293 5842 qum,
3317 5783 3366 5830 et
3393 5773 3448 5830 in
3475 5791 3597 5847 qua.
