3950 6314
68 277 210 335 1017

1040 272 1129 330 DE
1169 268 1545 330 DIGNITATE
1583 267 2020 328 CONDITIONIS
2058 268 2397 329 ιιυΜΑΝιιΕ.

3226 260 3368 320 1018

69 391 241 450 Filius
269 393 501 453 dicitur:
524 392 671 468 quod
710 405 818 466 quo
847 389 1088 464 Spiritus
1129 398 1375 448 sanctus.
1416 387 1544 446 Ideo
1576 402 1670 446 au-
1698 399 1754 461 Α
1776 398 1895 454 ter;
1917 386 2043 460 quia
2071 388 2243 471 gignit
2271 387 2442 444 scire:
2482 385 2695 445 dicatur
2736 384 2882 443 scire
2912 380 3119 448 Filius;
3150 378 3275 452 quia
3306 392 3375 434 ex

69 496 176 543 tem
205 487 411 546 dicitur
437 490 576 545 Deus
599 488 784 555 Pater;
823 488 949 560 quia
987 489 1104 559 ipse
1133 496 1218 544 est
1245 502 1313 543 ex
1340 501 1469 558 quo.
1501 495 1556 543 et
1585 500 1674 540 sa-

68 582 279 654 pientia
313 594 422 652 est,
452 598 558 654 qua
587 583 909 639 ordinantur
939 584 1156 637 omnia:
1189 591 1242 637 et
1293 580 1540 646 dilectio,
1568 593 1673 646 qua

70 688 130 730 se
160 676 356 732 volunt
376 677 556 732 omnia
589 677 660 731 ita
698 690 918 731 manere
949 717 964 742 ,
1013 684 1073 728 ttt
1115 673 1365 730 ordinata
1414 683 1560 727 sunt.
1593 672 1672 726 Ex

68 784 178 839 quo
203 785 342 842 ergo
373 811 388 836 ,
419 771 586 842 etqui
619 786 683 825 ex
711 785 798 835 eo,
829 770 990 843 612
1041 777 1098 826 et
1125 785 1232 840 quo
1277 783 1338 824 se
1389 768 1622 839 diligunt
1655 807 1670 832 ,

71 863 190 934 ipsa
220 864 331 921 duo
362 864 458 921 tria
490 874 652 931 sunt,
676 873 733 919 et
761 864 852 919 illa
897 867 1001 919 tria
1032 862 1157 919 ideo
1186 877 1385 929 unum;
1434 862 1558 933 quia
1595 861 1674 916 sic

72 965 289 1015 suntex
315 973 423 1014 uno
448 958 538 1014 illa
578 957 711 1024 duo,
743 966 1004 1013 uttamen
1032 959 1099 1013 ab
1143 957 1265 1027 ipso
1315 971 1422 1012 non
1451 955 1557 1011 sint
1584 970 1675 1010 se-

74 1062 264 1123 parata
294 1068 308 1106 :
336 1052 429 1108 sed
460 1067 526 1109 ex
560 1053 677 1124 ipso
705 1054 998 1124 sunt,quia
1027 1069 1134 1107 non
1167 1068 1195 1106 a
1229 1067 1289 1109 se
1315 1071 1329 1108 :
1363 1060 1419 1108 et
1449 1051 1502 1106 itt
1533 1050 1672 1120 ipso,

74 1145 197 1216 quia
220 1160 330 1202 non
361 1155 646 1217 separata:
677 1155 732 1203 et
758 1147 935 1218 ipsum
969 1147 1087 1219 ipsa
1116 1147 1261 1218 quod
1308 1150 1426 1218 ipse
1458 1188 1476 1216 ,
1509 1156 1565 1202 et
1595 1146 1677 1219 ip-

75 1250 195 1292 sum
238 1237 360 1309 ipse
388 1239 534 1309 quod
569 1242 725 1308 ipsa;
758 1249 814 1296 et
859 1256 965 1296 non
993 1239 1172 1311 ipsum
1217 1242 1334 1310 ipsa
1386 1241 1478 1311 qui
1511 1241 1628 1311 ipse
1659 1282 1674 1306 ,

79 1339 104 1368 ι
121 1338 176 1386 ει
201 1346 311 1386 non
337 1331 588 1405 ipsaipse
609 1349 730 1406 quae
760 1332 900 1404 ipsa.
932 1335 1023 1390 Vis
1053 1334 1154 1390 ista
1170 1334 1316 1391 Deus
1337 1343 1443 1402 est,
1476 1344 1534 1391 et
1561 1334 1678 1405 ipse

78 1422 224 1480 Deus
252 1427 359 1481 tria
389 1435 494 1493 est,
528 1435 584 1482 ει
622 1428 1044 1501 unumquodque
1082 1428 1275 1484 horum
1327 1431 1491 1485 trium
1537 1428 1682 1485 Deus

78 1526 180 1584 est,
212 1529 268 1574 et
297 1519 477 1575 omnia
504 1519 605 1576 tria
631 1520 723 1576 illa
752 1536 863 1578 non
886 1521 982 1588 dii,
1014 1521 1111 1578 sed
1145 1523 1284 1579 Deus
1312 1531 1416 1578 est.

146 1615 231 1670 Ad
265 1615 560 1688 imaginem
594 1635 726 1692 ergo
757 1635 912 1676 suam
940 1621 1216 1687 conditor,
1249 1629 1308 1676 ut
1333 1621 1539 1677 dictum
1569 1627 1676 1686 est,

76 1706 208 1764 fecit
235 1711 477 1769 animam
507 1713 770 1781 hominis,
795 1730 916 1786 qua:
948 1723 1059 1771 tota
1100 1715 1302 1772 dicitur
1333 1716 1535 1770 anima.
1560 1712 1677 1768 Non

78 1810 259 1858 autem
295 1805 440 1862 aliud
487 1804 722 1864 hominis
751 1824 912 1880 quam
941 1808 1177 1865 animam
1229 1809 1481 1882 signiﬁco
1505 1851 1521 1877 ,
1553 1824 1676 1866 cum

76 1904 322 1952 mentem
351 1897 476 1953 dico
503 1916 516 1955 :
548 1899 645 1955 sed
687 1911 913 1971 propter
937 1901 1081 1959 aliud
1111 1903 1350 1958 animam
1380 1947 1396 1972 ,
1431 1911 1485 1958 ct
1516 1918 1682 1973 proti-

79 1995 162 2044 ter
183 1989 332 2045 aliud
357 2001 615 2047 mentem.
661 1993 793 2050 Nam
829 2001 1000 2051 totum
1045 1997 1189 2067 quod
1232 1997 1412 2063 vivit,
1444 1997 1683 2053 hominis

78 2083 258 2139 anima
291 2093 413 2141 est:
439 2099 561 2142 cum
592 2095 774 2144 autem
803 2091 980 2145 anima
1014 2090 1068 2146 in
1095 2106 1156 2146 se
1189 2091 1300 2162 agit
1325 2105 1406 2154 se,
1429 2098 1485 2146 et
1509 2106 1574 2146 ex
1596 2103 1681 2155 se,

81 2185 137 2232 et
165 2192 263 2246 per
290 2192 374 2242 se,
408 2179 525 2234 sola
552 2195 706 2236 tuens
742 2183 848 2237 dici
882 2183 1053 2238 solet:
1084 2197 1280 2238 sensus
1311 2199 1444 2239 vero
1493 2182 1559 2238 ad
1587 2197 1683 2238 sua

81 2269 388 2326 ministeria
417 2270 673 2342 implens,
707 2276 1026 2330 consuetius
1064 2276 1243 2330 anima
1275 2274 1496 2330 dicitur.
1529 2274 1686 2329 Mens

83 2378 209 2434 ergo
239 2364 384 2419 scire
406 2365 599 2434 gignit,
625 2378 677 2422 et
699 2377 844 2422 amat
866 2383 1031 2433 seire,
1061 2367 1206 2439 quod
1235 2368 1358 2424 scit.
1394 2367 1511 2423 Non
1544 2366 1679 2422 illud

80 2460 220 2516 scire
236 2459 386 2527 dico,
404 2476 511 2531 quo
529 2472 754 2531 repente
775 2462 941 2518 scitur
967 2477 1057 2518 res
1079 2463 1281 2534 aliqua,
1301 2477 1420 2532 qua:
1437 2472 1562 2518 ante
1591 2477 1688 2518 ne-

81 2553 204 2610 sciri
225 2554 540 2624 putahatur:
556 2557 651 2612 sed
670 2554 980 2623 illud,unde
993 2566 1043 2612 et
1058 2555 1276 2627 aliquod
1291 2566 1344 2611 et
1360 2569 1525 2611 omne
1541 2554 1690 2626 quid-

82 2643 209 2715 quid
248 2647 429 2701 scitur
454 2649 538 2704 vel
569 2650 832 2713 nescitur,
852 2648 977 2704 sciri
1004 2658 1205 2720 potest.
1228 2647 1368 2703 Illud
1391 2662 1524 2719 ergo
1546 2648 1690 2705 scire

83 2741 235 2794 mens
265 2738 538 2811 gignit,et
560 2756 683 2797 cum
705 2741 952 2812 genitum
977 2751 1081 2806 est.
1100 2741 1327 2798 scientia
1358 2748 1542 2813 potest
1559 2741 1685 2797 dici.

81 2832 216 2890 Sunt
239 2851 375 2906 ergo
391 2836 502 2906 jam
525 2836 655 2903 duo,
683 2852 856 2904 mens,
881 2845 938 2892 et
955 2836 1096 2907 quod
1120 2837 1235 2906 ipsa
1262 2851 1417 2892 mens
1446 2836 1582 2892 scit:
1606 2851 1691 2893 re-

82 2937 185 2984 Stal
213 2931 437 2986 tertium
467 2933 748 3003 utriusque
783 2946 1094 2987 commune.
1126 2929 1317 2986 Omnis
1344 2944 1502 2986 mens
1531 2930 1689 3002 quid-

83 3022 210 3091 quid
238 3024 384 3089 scit,
413 3032 560 3080 amat
586 3025 748 3080 scire.
782 3023 952 3080 Amor
991 3040 1099 3080 non
1138 3024 1316 3078 minus
1344 3038 1506 3094 quam
1547 3025 1691 3079 inter

85 3113 219 3171 duos
250 3125 360 3184 est,
393 3127 665 3173 amantem
689 3159 704 3185 ,
746 3128 802 3173 et
828 3117 970 3189 quod
994 3126 1229 3172 amatur.
1263 3114 1414 3172 Unus
1444 3126 1526 3171 est
1557 3130 1689 3188 ergo

85 3209 373 3311 amborum
398 3225 575 3278 amor,
600 3213 692 3282 qui
726 3223 780 3266 et
807 3211 998 3267 tertius
1027 3221 1129 3267 cst.
1155 3209 1274 3266 Non
1297 3219 1477 3265 autem
1513 3219 1690 3280 potest
1716 3247 1761 3311 Ο

86 3303 272 3374 negari
305 3302 408 3359 hoc
441 3315 610 3360 totum
647 3321 807 3361 unam
833 3321 959 3362 esse
985 3307 1248 3372 animam,
1278 3313 1334 3361 ει
1361 3321 1526 3360 unam
1562 3305 1681 3360 ani-

88 3413 226 3454 mam
249 3397 369 3453 haec
393 3400 494 3454 tria
525 3415 686 3474 esse;
739 3401 880 3457 sicut
906 3402 1050 3457 enim
1103 3400 1220 3457 huic
1265 3400 1369 3455 tria
1400 3415 1528 3456 vere
1576 3415 1684 3454 una

90 3495 272 3550 anima
297 3503 442 3558 sunt,
473 3494 555 3551 sic
600 3511 706 3551 non
753 3496 935 3552 minus
960 3510 1090 3552 vere
1117 3511 1220 3550 una
1253 3493 1432 3549 anima
1462 3503 1547 3550 est
1589 3492 1693 3550 hoc

91 3601 263 3643 unum
287 3596 344 3642 et
374 3587 477 3643 hoc
497 3586 728 3644 alterum
755 3600 808 3646 et
833 3589 936 3645 hoc
967 3589 1214 3645 tertium.

159 3679 460 3752 Comparet
489 3683 653 3753 igitur
700 3698 759 3738 se
810 3681 930 3739 hate
977 3690 1230 3739 creatura
1289 3691 1398 3737 tam
1441 3678 1695 3736 eminens

90 3773 344 3832 Creatori
396 3791 496 3832 suo
537 3779 968 3848 supercminenti
1006 3777 1146 3845 sibi,
1180 3787 1408 3848 excepto
1457 3776 1598 3841 hoc,
1641 3782 1698 3829 et

93 3866 328 3924 multum
361 3882 524 3941 supra
556 3885 616 3925 se
643 3878 827 3925 amoto
856 3912 871 3937 ,
915 3871 1057 3942 quod
1100 3872 1278 3926 omnis
1328 3869 1545 3925 bonitas
1573 3909 1589 3935 ,
1639 3876 1695 3922 et

95 3975 260 4016 omne
293 3961 493 4016 bonum
525 4003 540 4029 ,
573 3969 626 4016 et
675 3963 855 4017 omnis
902 3962 1163 4018 bonitatis
1195 3972 1249 4018 et
1297 3962 1423 4017 honi
1465 3958 1697 4016 dulcedo

95 4054 371 4109 creatoris
423 4069 453 4108 a
484 4068 544 4109 se
569 4054 690 4125 ipso
733 4064 856 4111 est:
899 4035 1149 4110 creatura
1197 4070 1329 4111 vero
1379 4069 1486 4109 non
1519 4053 1693 4108 solum

97 4144 242 4216 quod
273 4154 374 4214 est,
409 4146 507 4201 sed
529 4145 691 4201 etiam
724 4147 868 4217 quod
902 4147 1024 4202 talis
1049 4154 1151 4212 est,
1186 4146 1255 4200 ab
1299 4145 1406 4200 alio
1433 4156 1516 4202 est
1542 4187 1557 4212 ,
1590 4159 1695 4199 non

95 4253 125 4293 a
148 4253 242 4303 se;
277 4245 334 4293 et
364 4238 481 4308 ipse
525 4239 668 4309 quod
717 4250 802 4296 est
833 4281 848 4307 ,
900 4255 1117 4310 semper
1141 4250 1244 4296 est.
1293 4239 1445 4295 Licet
1495 4246 1551 4294 et
1582 4237 1698 4308 ipsa

96 4332 283 4388 anima
311 4331 474 4388 modo
498 4332 730 4403 quodam
777 4348 875 4389 suo
907 4333 1370 4389 incommutabilis
1421 4342 1542 4399 est;
1575 4349 1696 4387 nam

97 4442 324 4497 semper
347 4427 528 4482 anima
558 4438 665 4495 est,
699 4439 984 4500 postquam
1015 4443 1136 4485 esse
1165 4429 1403 4498 cmperit
1427 4471 1441 4493 ,
1471 4437 1524 4483 et
1553 4429 1696 4494 scit,

99 4529 154 4576 et
201 4521 346 4574 scire
375 4521 511 4576 vult.
540 4517 832 4594 Comparet
861 4537 1013 4594 ergo,
1037 4533 1096 4577 ut
1121 4523 1230 4578 dixi
1261 4563 1275 4588 ,
1321 4537 1380 4576 se
1427 4521 1609 4576 anima
1630 4535 1697 4575 eo

95 4613 290 4684 modo,
315 4630 425 4688 quo
448 4624 658 4688 potest,
681 4617 919 4673 creatori
942 4632 1075 4683 suo;
1107 4624 1168 4672 ut
1187 4615 1402 4672 dicatur
1425 4628 1581 4671 mens
1601 4612 1702 4668 Pa-

1774 482 1882 539 alio
1907 491 2026 549 est,
2055 492 2112 538 et
2141 498 2250 538 non
2298 491 2382 538 est
2421 482 2564 538 aliud
2593 524 2608 550 ,
2651 497 2812 553 quam
2859 481 3037 552 ipsum
3081 474 3224 547 quod
3255 474 3372 545 ipse

1774 585 1883 642 εει,
1914 592 1978 632 ex
2003 593 2113 649 quo
2135 588 2252 632 est:
2281 575 2497 632 dicatur
2525 591 2676 632 amor
2705 575 2940 646 Spiritus
2961 580 3216 630 sanctus;
3247 566 3372 639 quia

1775 671 2061 726 amborum
2090 680 2178 728 est
2212 686 2426 738 eorum,
2458 672 2548 741 qui
2577 686 2637 726 se
2658 678 2870 725 amant.
2900 666 3056 724 Unde
3087 665 3139 719 in
3175 661 3375 718 nostris

1774 763 2071 835 Scripturis
2093 762 2292 834 smpius
2315 777 2491 830 amor,
2527 762 2577 819 id
2609 771 2715 826 est,
2747 761 3008 827 charitas,
3033 772 3153 829 qua:
3176 757 3226 811 in
3263 754 3374 810 Deo

1777 869 1858 914 est
1882 873 2008 929 erga
2041 873 2166 925 nos,
2193 864 2249 914 et
2277 873 2397 928 qua:
2427 872 2456 910 a
2501 857 2656 914 nobis
2684 856 2736 912 itt
2772 856 2969 921 Deum,
2995 851 3232 924 Spiritus
3257 849 3374 918 ipse

1778 953 2130 1024 appellatur:
2161 963 2215 1007 et
2238 950 2358 1007 hate
2381 949 2450 1007 de
2476 949 2714 1022 imagine
2742 991 2758 1019 ,
2790 963 2823 1005 ο
2866 945 3223 1007 dilectissime
3255 942 3328 997 lili
3357 982 3372 1007 ,

1778 1045 2000 1102 habeto.

1851 1138 2078 1195 CAPUT
2105 1137 2194 1194 111.
2231 1168 2304 1182 --
2327 1135 2484 1194 Νιιηε
2531 1150 2664 1193 vero
2701 1135 2771 1192 de
2802 1132 3158 1191 similitudine
3193 1130 3375 1200 aliqua

1781 1232 2028 1304 intellige
2059 1272 2075 1298 ,
2120 1248 2240 1304 qure
2288 1231 2596 1288 minoribus
2626 1227 2904 1286 cernenda
2957 1237 3070 1290 est;
3120 1234 3180 1279 ut
3233 1223 3378 1277 sicut

1781 1326 1926 1384 Dens
1954 1325 2206 1395 Creator,
2231 1325 2320 1397 qui
2365 1324 2645 1380 hominem
2677 1321 2743 1377 ad
2771 1317 3192 1376 similitudinem
3222 1328 3376 1370 suam

1782 1421 2013 1486 creavit,
2043 1429 2129 1475 est
2144 1419 2385 1475 Charitas
2406 1460 2420 1486 ,
2447 1426 2532 1474 est
2563 1417 2738 1472 honus
2763 1455 2779 1482 ,
2811 1422 2865 1468 et
2902 1411 3082 1482 justus
3111 1452 3126 1476 ,
3165 1409 3378 1480 patiens

1781 1526 1944 1590 atque
1965 1514 2138 1582 mitis,
2171 1514 2409 1571 mundus
2439 1521 2494 1570 et
2519 1511 2866 1574 misericors,
2893 1516 2949 1562 ει
2974 1513 3173 1561 cretera
3200 1503 3378 1558 virtu-

1786 1619 1896 1665 tum
1927 1619 2238 1664 sanctarum
2272 1605 2504 1677 insignia
2533 1645 2549 1672 ,
2576 1618 2698 1674 qua:
2738 1601 2808 1656 de
2848 1613 2916 1654 eo
2967 1596 3253 1668 leguntur:
3305 1593 3381 1648 ita

1788 1703 1951 1756 homo
1973 1709 2200 1756 creatus
2230 1708 2336 1764 est,
2366 1705 2428 1752 ut
2454 1695 2778 1752 charitatem
2809 1690 3042 1748 haberet
3071 1729 3089 1756 ,
3119 1696 3179 1742 ut
3205 1686 3383 1741 bonus

1784 1802 1934 1851 esset
1954 1793 2202 1863 etjustus
2223 1833 2238 1859 ,
2274 1799 2328 1846 ut
2375 1788 2588 1860 patiens
2615 1794 2777 1858 atque
2809 1783 2954 1841 mitis
2984 1825 2999 1851 ,
3051 1779 3290 1837 mundus
3328 1785 3385 1833 et

1789 1886 2103 1943 misericors
2132 1884 2294 1940 foret.
2329 1882 2474 1951 Quas
2503 1883 2732 1936 virtutes
2759 1886 2961 1948 quanto
2989 1875 3110 1947 plus
3154 1873 3386 1944 quisque

1786 1979 1840 2036 in
1869 1979 2048 2050 seipso
2077 1977 2238 2033 habet
2272 2017 2286 2041 ,
2330 1983 2481 2031 tanto
2507 1972 2731 2042 pr0pius
2756 1977 2843 2026 est
2869 1970 3002 2036 Deo,
3032 1976 3089 2022 et
3119 1967 3382 2034 majorem

1769 2075 1866 2143 sui
1894 2071 2199 2128 conditoris
2219 2070 2361 2142 gerit
2382 2066 2822 2124 similitudinem.
2847 2065 2904 2120 Si
2927 2077 3081 2127 vero,
3109 2058 3253 2132 quod
3281 2058 3380 2114 ab-

1786 2169 1878 2234 sit,
1911 2165 2110 2238 aliquis
2133 2181 2229 2236 per
2249 2164 2410 2220 devia
2437 2163 2713 2228 vitiorum,
2745 2169 2800 2214 et
2821 2155 3056 2214 divortia
3088 2153 3382 2209 criminum

1787 2263 1857 2318 ab
1878 2261 1983 2317 hac
2013 2258 2351 2316 nobilissima
2381 2257 2463 2312 sui
2491 2252 2794 2312 conditoris
2825 2246 3179 2306 similitudine
3223 2245 3388 2316 dege-

1789 2372 1888 2414 ner
1915 2356 2167 2418 oberrat,
2204 2362 2335 2408 tunc
2364 2349 2451 2407 ﬁet
2483 2348 2551 2404 de
2578 2363 2644 2403 eo
2673 2345 2816 2416 quod
2854 2343 3112 2411 scriptum
3153 2347 3264 2394 est:
3313 2335 3386 2392 Et

1788 2454 1942 2506 homo
1968 2466 2086 2504 cum
2106 2449 2162 2502 in
2187 2446 2382 2501 honore
2403 2452 2552 2509 esset,
2579 2457 2683 2495 non
2725 2435 2976 2492 intellexit
3001 2450 3017 2502 ;
3055 2439 3386 2501 comparatus

1789 2551 1864 2598 est
1884 2539 2140 2615 juntentis
2178 2532 2542 2607 insipientibus
2569 2572 2586 2600 ,
2639 2540 2686 2584 et
2734 2527 2920 2584 similis
2944 2529 3112 2597 [actus
3163 2531 3234 2578 est
3280 2521 3388 2576 illis

1790 2637 1967 2710 (Psai.
1999 2649 2187 2703 xum,
2219 2633 2330 2703 15).

1861 2732 1965 2801 Qui
1986 2730 2163 2797 maior
2189 2729 2366 2784 honor
2409 2723 2583 2796 potuit
2611 2718 2820 2801 homini
2852 2731 2973 2774 esse
3000 2756 3014 2783 ,
3040 2727 3200 2786 qnam
3234 2719 3292 2766 ut
3320 2708 3389 2765 ad

1791 2822 2208 2883 similitudinem
2251 2819 2339 2876 sui
2390 2793 2615 2873 factoris
2665 2793 3028 2874 ciindcretur,
3082 2815 3135 2863 et
3179 2803 3389 2860 eisdem

1790 2920 2055 2975 virtutum
2085 2911 2432 2970 vestimentis
2457 2916 2775 2970 ornaretur;
2807 2902 3002 2974 quibus
3031 2909 3086 2955 et
3113 2895 3389 2960 conditor,

1792 3011 1862 3069 de
1893 3026 2000 3081 quo
2027 3007 2260 3078 legitur:
2303 3001 2560 3058 Dominus
2584 2997 2812 3072 regnavit
2839 3036 2854 3061 ,
2901 2994 3136 3048 decorent
3174 2987 3392 3042 indutus

1793 3114 1868 3160 est
1886 3102 2058 3176 (Psal:
2092 3114 2254 3166 xm,
2290 3095 2378 3168 1);
2413 3093 2467 3150 id
2493 3101 2596 3159 est,
2629 3087 2874 3145 omnium
2907 3085 3166 3141 virtutum
3208 3081 3394 3151 splen-

1794 3171 1930 3253 dore
1957 3238 1970 3259 ,
1998 3202 2056 3250 ct
2085 3191 2250 3248 totius
2280 3186 2541 3246 bonitatis
2568 3184 2768 3240 decore
2818 3177 3081 3235 ornatus?
3120 3173 3215 3229 Vel
3245 3171 3393 3243 quod

1794 3289 1971 3360 majus
2014 3285 2223 3342 homini
2269 3290 2448 3354 potest
2497 3293 2619 3336 esse
2656 3275 2932 3339 dedccus,
2978 3279 3070 3325 aut
3123 3265 3394 3323 infelicior

1793 3382 2018 3438 miseria
2041 3421 2056 3446 ,
2087 3394 2247 3448 quam
2276 3383 2338 3431 ut
2387 3374 2488 3429 hac
2515 3369 2888 3428 similitudinis
2919 3365 3088 3437 gloria
3133 3362 3215 3418 sui
3260 3374 3396 3416 con-

1795 3475 1992 3532 ditoris
2022 3473 2248 3538 amissa,
2278 3468 2345 3523 ad
2379 3467 2668 3521 informem
2713 3471 2768 3518 et
2800 3455 3231 3515 irrationabiletn
3263 3451 3396 3507 bru-

1797 3578 1974 3624 torum
2005 3566 2369 3636 iumentorum
2393 3557 2678 3614 delabatur
2700 3547 3150 3608 similitudinem?

1868 3635 2215 3728 Quapropter
2240 3695 2255 3721 ,
2298 3668 2331 3706 ο
2379 3649 2731 3705 dilectissime
2754 3687 2769 3712 ,
2792 3643 3021 3715 quisi-lue
3073 3635 3396 3708 diligentius

1799 3752 2046 3809 attendat
2083 3749 2274 3821 prima:
2325 3741 2660 3800 conditionis
2702 3753 2815 3794 sua:
2853 3733 3285 3794 excellentiam,
3342 3736 3399 3783 ct

1801 3850 2163 3910 venerandam
2209 3847 2262 3902 in
2318 3843 2500 3913 seipso
2530 3848 2732 3896 sancta:
2777 3832 3064 3891 Trinitatis
3106 3827 3397 3898 imaginem

1801 3955 2092 4020 agnoscat,
2123 3944 2497 4008 honoremque
2520 3930 2896 3991 similitudinis
2914 3927 3112 3984 divina:
3135 3922 3201 3977 ad
3231 3935 3392 3992 quem

1801 4055 2018 4100 creatus
2051 4047 2164 4105 est,
2205 4033 2487 4091 nobilitate
2519 4042 2730 4084 morum
2751 4068 2766 4093 ,
2801 4020 3066 4080 exercitio
3099 4017 3397 4080 virtutum,

1802 4138 2065 4209 dignitate
2091 4131 2410 4188 meritorum
2457 4124 2657 4181 habere
2688 4117 3020 4181 contendat;
3073 4122 3132 4167 ut
3179 4106 3400 4181 quando

1803 4204 2064 4300 appareat
2108 4221 2286 4295 qualis
2319 4221 2385 4275 sit
2415 4259 2430 4285 ,
2459 4227 2587 4273 tunc
2611 4213 2804 4269 similis
2829 4210 2879 4267 ei
2916 4213 3196 4280 appareat,
3219 4204 3309 4273 qui
3340 4215 3402 4255 se

1804 4292 2139 4379 mirabiliter
2167 4314 2232 4369 ad
2283 4311 2697 4370 similitudinem
2740 4320 2891 4360 suam
2925 4304 2977 4356 in
3003 4300 3179 4370 primo
3221 4292 3394 4350 Adam

1805 4415 2088 4481 condidit,
2169 4407 2577 4476 mirabiliusque
2657 4402 2708 4455 in
2775 4393 3014 4456 secundo
3079 4385 3404 4447 reformavit

1806 4512 1850 4586 (I
1881 4510 2038 4566 Joan.
2073 4523 2153 4575 ιιι,
2186 4506 2267 4577 2).

171 4807 200 4838 ι
223 4794 428 4854 Eadem
476 4795 610 4854 edit.
646 4837 662 4866 ,
710 4807 758 4854 et
787 4813 890 4853 non
940 4797 1058 4868 ipsa
1085 4811 1203 4868 qua
1228 4796 1362 4866 ipsa.
1416 4791 1530 4850 Ista
1561 4793 1666 4848 duo
1696 4789 1840 4848 Deus
1863 4795 1959 4843 est.

107 4969 3403 5040 MM...—

1466 5170 2029 5256 MONITUM.

1599 5353 1928 5372 ——-_

178 5569 426 5638 Sequens
449 5557 786 5617 exorcismus
810 5570 842 5612 e
869 5552 1129 5610 Vaticano
1169 5548 1359 5607 codice
1387 5556 1655 5602 annorum
1697 5539 1802 5599 600
1825 5581 1840 5608 ,
1875 5541 1928 5594 in
1961 5549 2069 5608 quo
2100 5531 2453 5588 Ambrosium
2494 5523 2772 5574 auctorem
2809 5501 3068 5579 praefert,
3107 5495 3416 5560 exscriptus

1916 5637 1919 5638 ,
2360 5622 2392 5638 ι·
2436 5624 2645 5638 ---η-..η
2680 5617 2758 5638 “to
2791 5608 2843 5638 ιη
2883 5601 3057 5638 amrin:
3090 5606 3308 5638 narum-
3355 5606 3416 5638 an

107 5665 232 5724 fuit.
262 5657 521 5732 Quamvis
548 5663 730 5710 autem
756 5652 814 5709 in
839 5651 1085 5706 Romano
1110 5645 1311 5703 Rituali
1335 5644 1477 5700 idem
1505 5642 1804 5702 habeatur;

108 5766 246 5824 locis
265 5765 430 5819 etiam
459 5757 735 5818 nonnullis
763 5765 856 5812 aut
880 5753 1079 5810 additis
1104 5759 1198 5806 aut
1227 5745 1526 5805 immutatis
1547 5742 1821 5808 diversus,

120 5843 192 5917 oh
215 5849 406 5931 scripti
430 5835 754 5917 brevitatem
772 5849 788 5925 ᾖ
820 5841 928 5909 utin
962 5859 1149 5906 sumus
1177 5829 1404 5918 gravati.

1837 5637 1961 5708 quia
1980 5601 2173 5689 tamen
2207 5627 2318 5682 illic
2344 5622 2648 5678 dissecatns
2677 5617 2760 5667 est
2791 5608 2846 5662 in
2883 5601 3058 5658 varias
3090 5606 3274 5669 partes
3295 5635 3311 5662 ,
3355 5606 3420 5649 ac

1847 5689 1973 5795 eum
2020 5731 2088 5789 ad
2118 5718 2475 5791 manuscripti
2523 5713 2686 5771 ﬁdem
2717 5707 2805 5764 hic
2836 5699 3131 5782 exhibere,
3177 5689 3416 5750 maxime
