3950 6314
493 279 634 338 1019
1521 271 1613 330 AD
1651 269 1886 328 OPERA
1927 269 1985 328 S.
2028 267 2358 330 AMBROSII
2397 265 2760 328 APPENDIX.
3619 269 3728 330 I026

1533 536 2745 672 EXORCISMUS.

490 857 500 902 ί
563 851 726 926 613
751 849 1111 922 Omnipotens
1143 846 1404 914 Domine,
1451 845 1688 902 Verbum
1741 844 1836 902 Dei
1863 841 2038 898 Patris
2073 881 2088 908 ,
2119 839 2170 901 Α
2197 837 2441 900 dicturus
2469 853 2552 900 est
2583 844 2794 916 impiis:
2817 845 2898 902 Ite
2917 845 3184 902 maledicti
3217 847 3272 902 in
3303 847 3470 920 ignem
3491 859 3734 920 ater-nm,

488 946 708 1005 Christe
732 944 886 1012 Jesu,
915 945 1054 1000 Deus
1080 953 1134 999 et
1169 943 1433 998 Dominus
1463 943 1736 998 universa:
1777 947 2046 996 creaturae
2075 975 2092 1002 ,
2197 951 2344 1006 quem
2359 937 2846 1012 pra'paravilﬁlﬁ.
2861 937 3016 994 Pater
3029 939 3396 994 meusdt'abolo
3411 943 3738 1015 rlangeliseju

494 1041 586 1112 qni
619 1039 823 1094 sanctis
849 1038 1112 1108 apostolis
1145 1038 1252 1090 tuis
1284 1043 1612 1106 potestatem
1642 1033 1842 1089 dediSIi
1875 1030 2098 1086 calcan-
2201 1029 2415 1101 (Matth.
2451 1049 2578 1100 xxv,
2605 1031 2722 1108 4i).
2747 1034 2864 1090 Tibi
2883 1034 3028 1090 enim
3051 1035 3218 1105 impie
3243 1045 3300 1090 et
3321 1037 3518 1106 angelis
3535 1038 3738 1094 suisset--

495 1131 553 1188 di
575 1145 738 1202 supra
763 1137 1043 1198 serpentes
1077 1135 1132 1184 et
1175 1129 1495 1198 scorpiones
1531 1145 1542 1182 :
1583 1125 1676 1198 qui
1715 1125 1858 1180 inter
1897 1129 2098 1176 caetera
2203 1125 2324 1200 mis,
2359 1127 2446 1196 qui
2473 1141 2768 1199 numquam
2795 1128 3054 1184 moritur:
3083 1127 3184 1184 tibi
3209 1137 3266 1185 et
3287 1129 3493 1201 angelis
3513 1132 3604 1185 tuis
3625 1132 3742 1187 inex-

495 1225 828 1284 mirabilium
883 1233 1102 1278 tuorum
1159 1231 1432 1293 prmcepla
1468 1221 1720 1292 dignatus
1773 1232 1832 1272 cs
1871 1215 2094 1280 dicere;
2201 1219 2518 1290 stinguibile
2547 1231 2886 1294 praeparatur
2923 1223 3267 1290 incendium;
3315 1225 3440 1297 quia
3487 1233 3537 1280 tu
3562 1240 3737 1291 es,rna-

493 1322 773 1375 Daemones
797 1316 1022 1388 e/fugate
1050 1316 1266 1388 (Matth.
1303 1333 1357 1382 χ,
1387 1316 1473 1384 8);
1502 1316 1657 1386 cujus
1683 1315 1892 1368 virtute
1921 1310 2101 1366 victus
2203 1311 2426 1380 Iedicte,
2461 1315 2742 1372 homicidii
2773 1317 3048 1388 princeps,
3083 1327 3144 1372 tu
3170 1327 3365 1372 auctor
3395 1318 3594 1384 incesﬁ,
3615 1329 3660 1372 tu
3679 1335 3744 1375 sa-

497 1420 776 1481 tamquam
807 1407 988 1480 fulgur
1026 1408 1094 1464 de
1121 1407 1264 1464 cmlo
1291 1407 1520 1462 Satanas
1553 1405 1785 1462 cecidit:
1821 1415 1972 1460 tuum
2003 1418 2104 1458 nco
2205 1405 2530 1478 crilegorum
2559 1419 2724 1480 caput
2748 1450 2764 1476 ,
2789 1419 2846 1464 tu
2875 1410 3074 1466 artium
3103 1411 3468 1481 pessimarum
3497 1411 3746 1480 magister,

500 1523 628 1566 men
657 1519 782 1560 cum
811 1505 1012 1559 timore
1035 1513 1087 1558 et
1122 1513 1362 1558 tremore
1390 1501 1618 1572 supplex
1657 1515 1852 1570 precor
1881 1541 1896 1566 ,
1930 1507 1986 1552 ut
2023 1497 2104 1552 in—
2207 1509 2262 1556 tu
2293 1500 2676 1560 hmreticorum
2699 1501 2913 1570 doctor,
2939 1515 2998 1558 tu
3031 1503 3200 1559 totius
3241 1503 3588 1560 obscenitatis
3606 1505 3751 1560 inven-

503 1600 830 1671 dignissimo
879 1595 1012 1652 mihi
1047 1639 1060 1662 ,
1089 1595 1213 1652 data
1265 1595 1422 1651 venia
1463 1595 1707 1650 omnium
1739 1593 2064 1649 delictorum
2087 1632 2102 1658 ,
2209 1604 2313 1652 tor.
2347 1597 2442 1652 Exi
2469 1613 2620 1668 ergo,
2649 1597 2843 1670 impie,
2886 1597 3000 1664 exi,
3039 1597 3338 1662 scelerate,
3381 1593 3470 1651 cxi
3495 1611 3606 1651 cum
3639 1597 3750 1652 omni

508 1689 896 1748 conﬁdentiam
921 1731 934 1754 ,
963 1697 1018 1743 et
1043 1687 1455 1758 possibilitatem
1493 1687 1701 1742 donare
1727 1685 2011 1756 dignetur;
2050 1693 2108 1737 ut
2211 1689 2416 1746 ranacia
2463 1698 2580 1758 tua;
2615 1691 2739 1762 quia
2785 1691 3064 1746 hominem
3117 1691 3388 1761 templum
3433 1705 3582 1744 suum
3623 1689 3756 1745 voluit

509 1787 657 1842 hunc
685 1783 961 1839 crudelem
991 1783 1286 1838 draconem
1341 1779 1548 1836 brachii
1588 1780 1662 1836 tui
1713 1779 1957 1834 munitus
2009 1791 2108 1848 po-
2211 1799 2335 1842 esse
2361 1785 2528 1842 Deus.
2561 1785 2670 1842 Sed
2709 1785 2838 1857 quid
2889 1785 3096 1840 diutius
3125 1783 3400 1840 moraris?
3431 1783 3504 1838 Da
3545 1783 3756 1839 honorat

507 1879 700 1944 tentia,
731 1876 961 1932 ﬁdeliter
985 1883 1042 1932 et
1064 1889 1292 1930 securus
1311 1873 1616 1946 aggrediar.
1649 1872 1856 1943 Adjuro
1881 1883 1930 1926 te
1955 1885 2067 1940 ergt

2215 1877 2328 1935 Deo
2351 1879 2496 1935 Patri
2525 1880 2913 1950 omnipotenti,
2957 1879 3047 1935 cui
3069 1893 3232 1934 omne
3265 1877 3504 1934 ﬂectitur
3539 1876 3757 1947 genuzda

508 1975 690 2030 omnis
735 1971 1166 2027 immundissime
1210 1970 1435 2040 spiritus
1463 2010 1478 2033 ,
1525 1983 1690 2024 omne
1745 1969 2102 2039 phantasma,
2214 1971 2389 2027 locum
2447 1971 2665 2028 Christo
2693 1971 2847 2038 Jesu,
2872 1972 2965 2042 qui
2999 1985 3100 2042 pro
3145 1969 3376 2025 homine
3405 1984 3562 2024 suum
3591 1967 3760 2040 sangui-

509 2069 692 2126 omnis
733 2067 974 2122 incursio
1001 2065 1238 2128 Satanrc,
1271 2064 1324 2118 in
1357 2063 1558 2118 virtute
1609 2061 1846 2117 nominis
1873 2059 2100 2126 Christi,
2171 2101 2184 2112 .
2215 2080 2336 2120 nem
2367 2063 2530 2120 ludit;
2557 2064 2624 2120 da
2654 2065 2832 2120 locum
2855 2063 3082 2134 Spiritui
3109 2073 3324 2130 sancto,
3357 2063 3452 2134 qui
3481 2073 3530 2117 te
3557 2077 3642 2132 per
3663 2061 3757 2116 bea-

511 2163 602 2234 qui
631 2169 750 2232 post
779 2160 1056 2215 lavacrum
1085 2157 1337 2213 Jordanis
1369 2157 1420 2211 in
1445 2155 1724 2212 desertqu
1751 2153 1948 2210 ductus
1979 2161 2064 2208 est
2092 2191 2106 2215 .
2220 2165 2330 2210 tum
2373 2157 2676 2226 apostolum
2725 2161 2882 2212 suum
2923 2155 3146 2212 Petrum
3197 2153 3566 2211 manifestavit
3617 2154 3661 2209 in
3705 2153 3764 2210 Si-

511 2264 572 2313 et
611 2255 666 2310 in
699 2255 804 2310 tuis
853 2260 905 2309 te
951 2251 1175 2308 sedibus
1216 2251 1372 2318 vicit;
1415 2259 1477 2306 ut
1515 2265 1678 2320 quem
1735 2249 1828 2304 ille
1865 2247 1934 2304 de
1987 2246 2117 2302 limo
2147 2237 2193 2300 B
2223 2265 2405 2316 mone,
2431 2251 2523 2319 qui
2545 2251 2812 2318 lallaciam
2843 2259 2988 2306 tuam
3019 2249 3073 2305 in
3101 2249 3314 2304 Anania
3337 2258 3394 2303 et
3437 2247 3650 2316 Sapliira
3671 2263 3764 2301 can-

519 2360 683 2407 terra:
712 2349 778 2403 ad
807 2347 1074 2403 honorem
1107 2346 1298 2418 gloria:
1345 2361 1458 2402 sum
1487 2343 1776 2412 formavit,
1803 2354 1860 2400 tu
1895 2342 2118 2400 desinas
2223 2341 2522 2406 demnavit,
2551 2343 2642 2413 qui
2675 2352 2726 2398 te
2757 2343 2808 2396 in
2853 2341 3068 2398 llerode
3095 2357 3224 2413 rege
3251 2341 3518 2396 honorem
3559 2339 3658 2394 Deo
3691 2354 3766 2394 non

521 2443 844 2514 impugnare
871 2482 886 2508 ,
921 2449 978 2498 et
1006 2441 1057 2496 in
1105 2439 1324 2495 homine
1353 2437 1654 2495 miserabili
1691 2452 1800 2493 non
1829 2435 2118 2491 humanam
2223 2434 2384 2490 dante
2405 2435 2694 2506 percussit,
2723 2435 2814 2504 qui
2847 2444 2898 2491 te
2925 2437 2978 2490 in
3021 2435 3260 2504 pessimo
3293 2449 3454 2505 mago
3481 2449 3576 2505 per
3599 2443 3768 2501 aposto-

520 2537 872 2608 fragilitatem
910 2578 926 2602 ,
970 2533 1068 2591 sed
1099 2533 1492 2605 omnipotentis
1517 2531 1614 2588 Dei
1653 2532 1946 2603 imaginem
1992 2543 2124 2586 con-
2227 2527 2338 2582 lum
2405 2543 2562 2582 suum
2611 2529 2835 2583 Paulum
2877 2527 3138 2583 cmcitatis
3197 2527 3434 2599 caligine
3477 2525 3772 2598 perfudit,et

522 2631 828 2689 tremiscas.
857 2627 1004 2686 Cede
1025 2643 1154 2700 ergo
1179 2627 1312 2694 Deo,
1339 2627 1431 2697 qui
1457 2635 1510 2681 te
1533 2625 1586 2680 in
1610 2624 1898 2680 humiliato
1921 2621 2125 2678 famulo
2231 2639 2326 2692 per
2373 2623 2628 2678 eumdem
2655 2622 2724 2678 de
2779 2624 3096 2696 pythonissa
3125 2623 3298 2679 verbo
3347 2623 3618 2693 imperans
3659 2623 3772 2678 exire

526 2739 632 2782 suo
661 2723 762 2780 Job
793 2723 844 2779 in
873 2699 1194 2778 servitutem
1227 2721 1471 2792 redegit:
1499 2719 1634 2776 cede
1663 2719 1776 2774 Deo
1803 2760 1818 2786 ,
1859 2717 1950 2787 qui
1995 2727 2047 2772 te
2071 2726 2128 2771 et
2233 2699 2512 2788 prmcepit.
2553 2715 2780 2772 Discede
2803 2731 2935 2787 ergo
2959 2733 3128 2783 nunc,
3163 2715 3392 2774 discede
3411 2715 3683 2781 seductor;
3708 2713 3774 2768 tibi

527 2817 780 2876 militiam
815 2827 962 2872 tuam
989 2818 1043 2872 in
1072 2817 1357 2872 Pharaone
1385 2857 1397 2880 ,
1429 2823 1483 2870 ct
1511 2817 1563 2871 in
1607 2814 1726 2887 ejus
1753 2813 2002 2870 exercitu
2033 2827 2129 2882 per
2233 2811 2376 2864 enim
2408 2825 2624 2866 oremus
2657 2809 2819 2867 sedes
2857 2821 2941 2868 est
2969 2854 2984 2878 ,
3020 2812 3112 2867 tibi
3146 2811 3413 2866 habitatio
3443 2825 3660 2880 serpens
3701 2817 3773 2862 est.

529 2915 756 2984 Moysen
798 2927 1019 2969 servum
1071 2927 1226 2966 suum
1274 2911 1536 2968 demersit
1589 2911 1642 2966 in
1675 2909 1963 2982 abyssum:
1995 2909 2132 2966 cede
2237 2905 2559 2972 llumiliare,
2589 2915 2965 2976 prosternere:
2999 2923 3106 2962 non
3139 2907 3352 2976 estjam
3385 2904 3658 2961 differendi
3679 2911 3776 2958 tem-

530 3005 664 3071 Περ,
697 3005 786 3075 qui
817 3015 866 3058 te
897 3019 993 3070 per
1017 3003 1299 3058 Danielem
1333 3018 1558 3073 puerum
1583 3017 1738 3057 suum
1775 3001 1830 3056 in
1856 3001 1984 3056 Beel
2011 3015 2135 3071 per—
2239 3014 2358 3071 pus.
2391 2999 2534 3056 Ecce
2559 3000 2704 3057 enim
2746 2999 3060 3057 dominator
3091 3001 3360 3056 Dominus
3411 2999 3682 3071 proximat,
3705 2998 3778 3052 cito

534 3098 674 3154 didit
700 3140 713 3162 ,
740 3099 866 3153 etin
895 3097 1133 3153 dracone
1174 3097 1504 3166 prostravit:
1545 3095 1682 3152 cede
1711 3096 1821 3152 Deo
1849 3095 1938 3166 qui
1965 3105 2017 3152 te
2040 3110 2138 3165 per
2239 3093 2380 3165 ignis
2408 3103 2534 3148 ante
2562 3093 2742 3164 ipsum
2773 3093 3006 3162 ardebit,
3037 3103 3092 3150 et
3131 3078 3494 3149 inllantmabit
3527 3094 3578 3148 in
3603 3091 3780 3147 circuitu

542 3191 919 3246 ﬁdelissimum
952 3204 1108 3244 suum
1141 3189 1310 3244 David
1341 3189 1410 3245 de
1440 3189 1603 3245 Saule
1641 3205 1770 3260 rege
1802 3189 2137 3260 spiritalibus
2243 3188 2496 3244 inimicos
2520 3202 2672 3244 suos.
2717 3187 2774 3244 Si
2805 3187 2952 3243 enim
3001 3188 3280 3244 hominem
3310 3187 3458 3244 fallis
3491 3229 3506 3254 ,
3553 3187 3782 3242 Dominam

535 3283 764 3340 canticis
797 3283 1012 3354 pulsum
1041 3283 1284 3353 fugavit:
1329 3282 1463 3338 cede
1505 3283 1618 3337 Deo
1645 3324 1658 3347 ,
1692 3283 1781 3353 qui
1817 3291 1870 3337 te
1914 3282 1966 3336 in
1997 3279 2138 3336 Juda
2243 3301 2352 3340 non
2383 3293 2538 3355 potes
2585 3285 2842 3342 irridere.
2875 3285 2972 3342 Ille
3005 3295 3060 3341 te
3087 3283 3242 3356 ejicit
3263 3328 3280 3352 ,
3325 3285 3486 3357 cujus
3513 3283 3668 3340 oculis
3691 3281 3783 3336 nihil

536 3377 804 3435 traditore
833 3378 1130 3432 damnavit.
1160 3376 1257 3432 Ille
1288 3375 1432 3432 enim
1466 3385 1518 3432 te
1543 3389 1686 3431 nunc
1713 3375 1915 3432 divinis
1947 3375 2142 3431 verbe-
2243 3377 2516 3434 occultum
2549 3387 2668 3432 est:
2705 3376 2795 3433 ille
2825 3385 2878 3433 te
2903 3377 3154 3447 expellit,
3187 3378 3346 3448 cujus
3377 3377 3562 3432 virtuti
3589 3375 3786 3431 universa

541 3471 694 3528 ribus
727 3469 879 3542 agit,
911 3469 962 3523 in
995 3469 1147 3538 cujus
1192 3477 1492 3538 conSpectu
1532 3483 1654 3524 cum
1691 3469 1801 3524 tuis
1831 3466 2139 3540 legionibus
2245 3471 2492 3542 subjecta
2533 3478 2664 3527 sunt
2701 3487 2714 3526 :
2773 3471 2865 3527 ille
2917 3480 2970 3527 te
2999 3471 3262 3536 excludit,
3291 3471 3384 3542 qui
3417 3471 3518 3527 tibi
3565 3480 3614 3526 et
3635 3466 3788 3539 angelis

540 3572 784 3620 tremens
829 3563 1141 3619 clamabas:
1177 3563 1318 3630 Quid
1349 3561 1491 3618 nobis
1523 3571 1569 3617 et
1612 3561 1726 3628 tibi,
1768 3561 1896 3618 Jesu
1920 3563 2000 3630 ﬁli
2033 3560 2144 3615 Da—
2251 3564 2356 3618 tuis
2385 3574 2646 3620 aeternam
2677 3565 3011 3636 praeparavit
3056 3565 3365 3636 gehennam
3405 3608 3420 3632 ,
3478 3565 3546 3621 de
3565 3563 3694 3634 cujus
3723 3575 3788 3616 ore

541 3658 665 3714 vid?
686 3659 866 3712 venisti
891 3665 1011 3711 ante
1037 3666 1235 3729 tempus
1261 3667 1494 3726 ιον-ηαστε
1515 3674 1608 3712 nos
1635 3655 1853 3730 (Matth.
1883 3672 1998 3723 vnt,
2023 3655 2141 3726 29).
2173 3643 2217 3704 C
2253 3659 2399 3713 exiet
2423 3659 2638 3730 gladius
2665 3659 2748 3714 bis
2773 3666 2988 3727 acutus,
3023 3659 3116 3730 qui
3143 3669 3414 3716 venturus
3453 3668 3540 3715 est
3569 3657 3617 3714 in
3641 3655 3787 3726 Spiritu

543 3749 641 3805 Ille
671 3760 720 3806 te
743 3749 980 3804 flammis
1003 3749 1280 3819 perpetuis
1310 3757 1483 3820 urget,
1515 3748 1606 3821 qui
1629 3752 1684 3804 in
1713 3747 1824 3806 line
1843 3761 2146 3822 temporum
2255 3763 2446 3809 sancto
2463 3753 2710 3825 judicare
2731 3754 2992 3809 sarculum
3033 3769 3128 3824 per
3155 3754 3368 3825 ignem,
3395 3769 3576 3811 amen.

1591 3989 2862 4212 APPENDIX

1133 4335 1386 4468 AD
1493 4337 2090 4470 OPERA
2176 4339 2300 4465 S.
2401 4340 3284 4474 AMBROSII.

489 389 3708 424 MM

859 3903 1066 3912 ’.ο-,σ-

1071 3903 1278 3912 -ν-ν--ο-

1545 3901 1892 3910 ————-———..

1743 4719 2124 4900 illam
2227 4725 2686 4883 altera,

906 4962 1352 5045 Complectens
1389 4966 1706 5048 opuscula
1734 4985 1879 5046 quae
1925 4969 1990 5030 in
2021 4968 2303 5032 editione
2352 4970 2882 5035 Benedictiniana
2918 4985 3048 5032 non
3097 4968 3249 5031 sunt
3285 4967 3594 5032 admissa.

1539 5165 2946 5208 W

1168 5294 1810 5371 ADMONITIO
1888 5298 2000 5372 IN
2075 5301 2367 5376 ACTA
2419 5301 2502 5378 S.
2593 5300 3268 5378 SEBASTIANI.

659 5446 710 5500 1.
745 5444 899 5501 Illius
919 5461 980 5501 ac
1004 5447 1266 5510 sociorum
1293 5447 1424 5504 Acta
1453 5459 1624 5505 censet
1652 5450 1911 5508 Baronius
1937 5471 2026 5510 an.
2050 5454 2181 5523 286,
2294 5459 2502 5514 scribit:
2537 5458 2593 5515 S.
2629 5457 2934 5514 Sebastiani
2953 5467 3059 5514 tota
3083 5457 3266 5530 passio
3299 5455 3558 5512 omnibus
3585 5449 3728 5511 modis
3743 5443 3814 5518 [112'

586 5551 732 5590 nunt.
764 5536 820 5602 2,
871 5553 990 5593 esse
1029 5541 1300 5610 legitima,
1351 5557 1415 5596 ac
1445 5543 1600 5614 digna
1630 5560 1750 5616 qum
1783 5547 2083 5604 Annalibus
2106 5557 2188 5604 at-
2299 5561 2405 5617 cet,
2439 5551 2490 5606 in
2523 5567 2626 5624 qua
2651 5551 2948 5607 multorum
2977 5549 3214 5606 aliorum
3243 5548 3434 5623 passio
3461 5547 3755 5604 continetur.

589 5635 860 5684 taxantur.
891 5627 1120 5686 Joannes
1153 5633 1361 5689 Hessels
1393 5653 1423 5689 a
1451 5635 1707 5704 Louanio,
1745 5637 1948 5693 Molani
1993 5644 2188 5713 magis-
2369 5644 2424 5700 2.
2455 5643 2530 5701 Ea
2553 5646 2707 5710 Acta,
2757 5645 2924 5717 inquit
2971 5643 3288 5710 Galesinius,
3335 5659 3368 5699 a
3415 5649 3614 5698 sancite
3633 5637 3814 5694 Romae:

588 5727 691 5787 ter,
715 5719 1010 5790 infcensura
1043 5725 1106 5779 de
1121 5727 1428 5795 quibusdam
1457 5741 1760 5786 sanctorum
1784 5731 2038 5802 historiis,
2066 5737 2192 5791 satis
2303 5739 2561 5796 Ecclesiae
2617 5739 2844 5796 notariis
2877 5739 3186 5811 conscripta
3234 5743 3534 5811 putantur:
3585 5727 3816 5806 "WE

589 5815 848 5886 alioquin,
901 5827 958 5872 ut
988 5819 1110 5872 alibi
1151 5838 1181 5873 a
1217 5821 1364 5877 nobis
1388 5824 1680 5881 indicatum
1708 5835 1801 5895 est,
1853 5843 2048 5906 seuera,
2095 5831 2194 5904 ista
2323 5833 2471 5890 nobis
2497 5835 2702 5890 minime
2732 5834 2944 5891 dubium
2967 5843 3074 5900 est;
3104 5843 3156 5888 at
3177 5849 3281 5890 non
3310 5833 3573 5906 fortassis,
3599 5839 3646 5890 ιιι
3667 5820 3814 5884 umis
