3950 6314
84 362 205 422 Mill

83 480 304 540 manibus
337 479 477 529 sunt.
513 469 656 524 Nunt
680 466 865 520 horum
909 460 1086 516 auctor
1117 455 1177 511 S.
1211 448 1510 508 Ambrosius
1553 451 1671 500 ante

81 589 237 634 annos
275 569 381 626 800
404 565 628 620 habitus.
663 560 750 614 Ita
781 553 1058 612 monachus
1105 562 1416 619 anonymus,
1450 541 1675 597 nonine-

83 671 294 733 ruditus,
319 663 406 734 qui
434 657 822 715 translationem
850 648 1191 720 reliquiarum.
1216 643 1276 698 8.
1300 637 1597 695 Sebastiani
1623 634 1677 688 in

87 727 342 825 Galliam,
380 754 443 809 de
463 769 565 824 qua
594 765 737 815 mox,
794 742 1092 815 descripsit,
1127 754 1242 809 cap.
1287 734 1343 802 6,
1381 748 1526 786 num.
1559 727 1631 781 εἳ
1661 743 1674 779 :

89 857 305 914 Alarces
325 848 485 905 simul
515 844 714 900 vadunt
739 840 806 896 ad
837 841 1014 895 locum
1049 850 1155 890 non
1184 834 1292 904 jam
1325 831 1602 900 ignotum;
1635 821 1680 876 si

88 947 296 1020 quidem
329 959 396 999 ex
437 941 580 997 serie
608 933 883 1009 passiOnis
912 932 1030 1002 ejus
1060 945 1088 983 a
1128 927 1183 984 S.
1219 920 1506 980 Ambrosio
1533 920 1680 974 lucu-

94 1047 262 1101 lenter
289 1037 449 1092 editae
480 1032 802 1095 didicerant,
838 1026 1070 1081 miliario
1099 1020 1262 1076 tertio
1282 1017 1349 1073 ab
1373 1016 1531 1080 urbe,
1563 1014 1682 1065 loco

92 1139 181 1212 qui
238 1135 307 1189 ob
359 1131 650 1187 stationem
698 1126 916 1180 navium
963 1118 1323 1176 Catacumbas
1379 1111 1680 1174 dicebatur,

93 1227 410 1306 praacepisse
439 1239 535 1294 per
563 1220 736 1276 visum
785 1214 1032 1272 eumdem
1067 1209 1445 1267 beatissimum
1483 1211 1683 1272 marty-

94 1338 200 1380 rem
232 1317 447 1375 Lucina:
472 1313 684 1369 cuidam
702 1318 990 1373 matrona),
1023 1301 1240 1372 sepeliri
1274 1314 1332 1353 se
1356 1297 1422 1351 ad
1455 1292 1685 1363 vestigia

95 1413 457 1487 apostolorum
492 1405 638 1462 Petri
665 1411 721 1459 et
742 1399 915 1456 Pauli.
940 1396 1009 1452 Et
1039 1399 1089 1450 in
1118 1394 1362 1467 Epilogo.
1385 1406 1525 1444 num.
1550 1386 1683 1442 {00:

96 1483 344 1580 Quisquis
370 1518 499 1558 sane
546 1497 882 1563 fastidiosus,
917 1490 1133 1548 lautiori
1155 1488 1336 1545 edulio
1364 1483 1579 1555 appetis
1602 1496 1689 1535 sa-

97 1603 238 1670 tiari,
264 1600 410 1654 hunc
440 1606 687 1652 nostrum
737 1589 1003 1646 furfurem
1033 1595 1367 1658 postponens
1393 1622 1407 1646 ,
1458 1576 1688 1633 sanctis-

99 1698 215 1753 simi
244 1693 425 1749 Patris
454 1688 728 1746 Ambrosii
757 1701 916 1755 opus,
946 1680 1091 1754 quod
1123 1681 1189 1734 de
1218 1677 1378 1745 hujus
1417 1671 1691 1741 tritnnpho

102 1789 294 1848 coelitis
345 1785 536 1852 edidit,
571 1782 872 1852 inquirens,
925 1777 977 1831 in
1011 1790 1078 1830 eo
1126 1770 1368 1842 reperies
1419 1765 1690 1821 ferculum

1146 333 1329 391 ACTA
1371 330 1428 388 S.
1470 317 1882 383 SEBASTIANI
1922 308 2296 371 MARTYRIS.

1701 447 1743 503 Α
1776 436 2016 504 aliisque,
2066 440 2114 486 et
2150 426 2342 484 Bonini
2371 421 2644 480 Monbritii
2673 417 2920 475 editione.
2981 413 3114 482 Quae
3158 407 3376 462 Licinus

3235 285 3377 344 10-2

1778 528 2030 586 Brechtus
2058 521 2463 598 Antverpiensis,
2493 516 2757 582 minorita,
2783 528 2846 569 ea:
2875 526 2972 566 ms.
3020 500 3385 562 Mechliniensi

1781 630 2014 698 (mutato
2065 630 2244 675 tamen
2296 613 2551 672 nonnihil
2582 611 2744 683 stylo,
2786 614 2842 662 ut
2868 612 3086 659 testatur
3113 598 3381 661 Halanus,

1779 688 1826 775 et
1861 726 1994 790 patet
2017 712 2233 787 legenti)
2261 707 2484 765 Louanii
2509 705 2694 770 edidit,
2725 700 3017 768 dicavitque
3049 690 3227 763 Viglio
3257 688 3387 744 Zui—

1783 814 1960 868 chemo
2015 806 2221 862 concilii
2263 801 2484 859 Cazsarei
2532 795 2768 869 pra’sidi,
2821 791 2916 846 hoc
2947 785 3165 860 praeﬁxo
3195 781 3386 838 titulo:

1785 901 2148 962 Memorabilis
2197 896 2426 952 historia
2477 889 2840 961 complectens
2885 882 3302 940 conversionem
3333 881 3391 930 et

1787 1013 1986 1071 agones
2008 993 2300 1050 illustrium
2341 989 2547 1055 aliquot
2577 991 2900 1055 martyrum,
2930 992 3034 1032 una
3066 989 3188 1029 cum
3220 983 3388 1025 aurea

1786 1091 2168 1152 exhortatione
2186 1087 2253 1141 ad
2283 1084 2408 1139 vitae
2433 1079 2720 1152 praesentis
2740 1082 3140 1142 contemptum,
3161 1075 3215 1121 et
3235 1072 3396 1120 mter-

1789 1206 1872 1247 ηαξ
1901 1185 2259 1248 desiderium,
2290 1175 2615 1248 Opusculum
2650 1168 2844 1226 incerti
2867 1165 3087 1238 quidem
3118 1157 3393 1221 auctoris;

1788 1283 1882 1341 sed
1906 1297 1934 1336 a
1964 1279 2024 1335 F.
2042 1277 2236 1334 Livino
2262 1269 2495 1328 Brechto
2516 1279 2710 1323 recens
2737 1260 3078 1331 recognitum
3106 1263 3161 1309 et
3193 1265 3396 1321 expur-

1790 1387 1996 1448 gatum.
2023 1371 2086 1426 In
2118 1369 2336 1440 epistola
2358 1360 2740 1432 nuncupatoria
2767 1357 2867 1410 ista
2893 1353 3039 1408 habet
3069 1367 3086 1406 :
3117 1349 3226 1406 Nos
3249 1345 3401 1402 illus-

1793 1484 1904 1528 tres
1978 1476 2278 1538 martyrnm
2328 1473 2552 1532 agones,
2610 1462 2739 1510 ante
2784 1449 2935 1506 mille
2984 1445 3064 1520 (ni
3096 1441 3278 1514 fallor)
3345 1445 3401 1494 et

1794 1567 2054 1622 ducentos
2067 1575 2240 1616 annos
2261 1557 2334 1613 dil
2346 1558 2354 1608 i
2366 1551 2684 1626 gentiSsime
2699 1543 3075 1614 conscriptos,
3092 1534 3407 1594 Christiano

1799 1657 1984 1713 lectori
2021 1646 2507 1709 communicandos
2536 1643 2814 1700 duximus.

1872 1752 1926 1808 5.
1962 1747 2162 1803 Eadem
2187 1746 2314 1799 Acta
2350 1759 2375 1797 e
2405 1739 2588 1796 Grtcco
2619 1732 2879 1792 Simeonis
2901 1725 3275 1793 Metaphrastte
3301 1720 3406 1773 La-

103 1815 294 1848 cum“:
345 1815 536 1852 L'Uluu,
571 1815 872 1852 ιιιιιιιιιυιιδ,
926 1815 977 1831 ιιι
1012 1815 1077 1830 νυ
1127 1815 1368 1842 ,νγνην-
1419 1815 1689 1821 --.--,.-,--η

103 1884 370 1942 ditissime
415 1879 718 1943 refertum;
760 1873 917 1943 cujus
965 1868 1227 1926 delicioso
1258 1861 1547 1919 admodum
1577 1859 1692 1914 sit‘t-
1724 1859 1768 1920 Β
1797 1849 1900 1902 tiae
1927 1845 2076 1899 vertit
2105 1840 2394 1897 Gentianus
2437 1834 2720 1892 Hervetus.
2767 1826 2928 1882 edidit
2959 1819 3202 1892 Aloysius
3250 1815 3411 1887 Lino-

2419 1927 2450 1943 "
2529 1925 2540 1938 ⁸
2682 1921 2756 1943 ⁷³-
2819 1909 3411 1943 ρ-μ---αιῗυ-οηυηπηιηιιηηι

103 1984 219 2051 gine
250 1976 432 2047 palato
476 1972 674 2028 mentis
702 1969 1010 2040 degustato,
1045 1959 1444 2019 delectalihiter
1494 1955 1698 2028 poteris

104 2087 354 2128 832103“.

195 2087 354 2127 man.

161 2087 225 2199 ἒ.
262 2141 446 2214 Neque
473 2139 683 2202 mirum,
714 2147 768 2188 ut
796 2132 1020 2188 aliorum
1050 2137 1368 2195 sanctorum,
1400 2127 1474 2180 ita
1505 2122 1698 2180 Sebas-

110 2238 252 2303 tiani,
287 2231 589 2289 Mediolano
639 2225 848 2283 oriundi
874 2225 942 2278 ad
973 2219 1446 2278 Mediolanensium
1490 2217 1701 2285 inﬂam-

109 2330 324 2385 mandos
353 2328 470 2397 pari
519 2324 727 2380 virtutis
774 2320 960 2374 ardore
985 2317 1206 2381 animos,
1261 2315 1514 2385 prteclara
1541 2315 1706 2362 certa-

110 2426 273 2490 mina,
292 2429 382 2477 aut
406 2419 682 2476 tradidisse
697 2412 1066 2488 ipsumlitteris
1092 2411 1336 2482 primum,
1367 2422 1430 2461 ea:
1452 2406 1709 2476 majorum

113 2521 189 2574 rel
214 2533 472 2583 sermone,
502 2515 578 2569 vel
609 2509 1026 2576 commentariis,
1079 2515 1168 2560 aut
1229 2504 1292 2559 ab
1337 2503 1460 2557 aliis
1516 2500 1711 2554 tradita

115 2613 470 2683 interpolasse.
531 2607 712 2679 Neque
751 2604 918 2677 stylus
945 2601 1009 2657 ab
1053 2599 1309 2656 Ambrosii
1360 2597 1618 2668 elegantia
1665 2604 1717 2648 et

118 2702 614 2781 gravitateymultum
637 2699 851 2754 recedit.

186 2806 238 2859 5.
274 2801 356 2857 Ea
378 2801 506 2856 Acta
551 2797 824 2855 Rosweido
852 2803 1029 2849 nostro
1077 2808 1144 2847 ex
1189 2807 1312 2844 mss.
1355 2783 1722 2852 Rebdorﬂ'ensi

119 2915 279 2973 prope
305 2896 634 2969 Eystadium,
664 2891 990 2963 Eystadiano
1020 2885 1135 2941 PP.
1174 2884 1610 2941 Pratdicatorum,
1639 2877 1716 2931 Μ.

130 2992 346 3058 Velseri,
367 2991 427 3045 8.
457 2988 674 3043 Martini
699 2984 923 3040 Treviris
941 2981 1201 3049 descripta
1226 2995 1242 3044 ;
1269 2973 1580 3056 contulimtts
1607 2987 1721 3024 cum

125 3105 244 3142 mss.
279 3086 338 3141 8.
360 3084 597 3151 Gislemi,
625 3080 686 3137 S.
706 3075 1011 3143 Audomari,
1036 3073 1096 3130 8.
1116 3041 1416 3135 Matrimini,
1441 3041 1719 3138 Ripatorii,

1800 1955 2007 2003 manus,
2039 1945 2195 2004 atque
2223 1949 2285 1987 ea:
2323 1947 2382 1984 eo
2413 1925 2624 1984 Surius.
2676 1921 2757 1975 Ea
2811 1915 3164 1986 conscripsere
3182 1909 3415 1983 {quoque

1801 2033 2029 2090 Jacobus
2058 2029 2122 2084 de
2158 2025 2435 2098 Voragine,
2481 2016 2800 2073 Franciscus
2831 2011 3078 2072 Hormus,
3125 2001 3416 2059 Zacharias

1805 2123 2114 2197 Lippelous,
2150 2096 2426 2173 Ferrarius
2474 2114 2528 2167 in
2574 2109 2749 2166 Catal.
2785 2106 2892 2162 SS.
2923 2101 3121 2167 Italiae,
3154 2096 3416 2152 Baronius

1803 2188 1928 2276 toni.
1962 2214 2026 2271 II
2053 2211 2270 2278 Annal.,
2306 2209 2384 2265 Μ.
2418 2204 2671 2262 Antonius
2695 2201 2973 2274 Georgius,
3003 2193 3237 2250 Joannes
3256 2188 3413 2244 Basi-

1809 2315 1911 2370 lius
1961 2307 2292 2373 Sunctorius,
2342 2298 2699 2358 Ribadeneira
2745 2304 2792 2350 et
2853 2287 3156 2347 Rosweidus
3207 2281 3414 2351 nostri,

1814 2409 2002 2464 Petrus
2030 2407 2092 2461 de
2118 2401 2308 2457 Natat.
2339 2397 2430 2454 lib.
2473 2393 2560 2462 II,
2587 2410 2706 2464 cap.
2740 2387 2865 2456 106,
2911 2383 3121 2441 Gabriel
3150 2379 3418 2446 Flamma,

1812 2514 1858 2557 et
1900 2501 1994 2556 alii
2019 2495 2298 2554 innumeri.
2328 2493 2512 2549 Sermo
2539 2488 2600 2545 S.
2621 2482 2897 2557 Augustini
2927 2481 2990 2534 de
3006 2475 3224 2532 diversis
3248 2479 3423 2527 cente-

1813 2597 1997 2661 simus,
2044 2595 2098 2648 in
2127 2596 2245 2664 ejus
2282 2587 2548 2658 sanctique
2590 2579 2819 2636 Fabiani
2863 2575 3028 2630 natali
3057 2571 3265 2625 habitus
3318 2573 3423 2634 est;

1820 2690 1881 2747 S.
1939 2657 2174 2758 Gregorii
2223 2657 2586 2745 homlliai'57,
2635 2677 2691 2730 in
2737 2669 2954 2729 basilica
3005 2666 3065 2722 S.
3103 2657 3424 2721 Sebastiani.

1819 2784 2057 2839 Aliorum
2086 2777 2371 2832 multorum
2409 2780 2612 2829 exstant
2637 2769 2701 2824 de
2742 2783 2801 2822 eo
2845 2776 3129 2819 sermones.
3179 2755 3428 2829 Legimus

1820 2878 1958 2931 idem
1982 2875 2124 2930 illius
2154 2869 2463 2942 martyrium
2494 2868 2547 2920 in
2581 2881 2679 2918 ms.
2726 2858 2940 2916 Nicolai
2966 2852 3231 2925 Belfortii,
3265 2861 3429 2904 cano-

1824 2972 1926 3026 nici
1977 2968 2234 3042 regularis
2295 2961 2683 3020 Suessionensis
2728 2956 2957 3011 carmine
3004 2949 3319 3018 descriptum
3367 2940 3434 2998 ab

1831 3064 2062 3120 Oliverio
2092 3058 2336 3116 Conrado
2374 3056 2641 3112 minorita.

125 3157 3435 3230 ____________________________________————-—

230 3222 740 3388 Icaria
805 3260 949 3375 s.
1029 3247 2153 3372 snnnsrmm
2255 3222 3330 3357 maxumus.

635 3553 864 3613 CAPUT
916 3547 1211 3608 PRIMUM.

418 3654 479 3712 S.
534 3652 875 3710 Sebastianus
917 3654 1168 3716 martyres
1231 3643 1448 3697 animat.

207 3755 260 3808 l.
293 3749 650 3808 Sebastianus
706 3745 790 3798 vir
838 3737 1328 3798 christianissimus
1372 3731 1736 3788 Mediolaneu-

135 3847 278 3902 sium
311 3854 334 3881 ιι
365 3841 615 3915 partibus
674 3834 920 3892 eruditus
977 3832 1112 3887 civis
1157 3843 1288 3886 vero
1343 3821 1734 3887 Narbonensis,

140 3938 483 3995 Diocletiano
510 3941 565 3990 et
593 3929 920 3987 Maximiano
952 3923 1374 3995 imperatoribus
1430 3920 1500 3972 ita
1543 3917 1741 3972 cltarus

139 4043 280 4098 crat,
307 4044 364 4088 ut
412 4027 777 4101 principatum
799 4024 848 4080 ei
873 4024 1062 4094 primm
1083 4017 1331 4075 cohortis
1363 4013 1662 4074 traderent,
1690 4020 1744 4067 et

140 4144 243 4185 suo
283 4142 407 4183 eum
438 4121 754 4193 conspectui
785 4119 1044 4190 juberent
1095 4129 1319 4183 Semper
1369 4119 1574 4164 astare.
1616 4107 1747 4162 Erat

143 4222 397 4293 euim_vir
429 4218 592 4274 totius
618 4212 946 4288 prudentia,
984 4211 1036 4264 in
1070 4224 1325 4264 sermone
1348 4221 1535 4273 veras,
1582 4207 1632 4258 in
1660 4203 1748 4275 ju-

142 4319 292 4374 dicio
315 4317 520 4388 justus,
546 4313 598 4367 in
628 4309 856 4367 consilio
879 4304 1160 4379 providus,
1193 4305 1248 4360 in
1282 4303 1582 4360 commisso
1613 4300 1749 4355 iide-

145 4414 236 4478 lis,
263 4413 319 4468 in
370 4411 680 4466 interventu
711 4415 990 4468 strenuus,
1027 4403 1080 4458 in
1127 4401 1369 4457 bonitate
1397 4398 1744 4469 conspicuus,

145 4512 202 4566 in
237 4508 489 4564 universa
523 4518 733 4560 morum
765 4501 1053 4557 honestate
1094 4498 1408 4569 praeclarus.
1460 4493 1616 4549 Hunc
1646 4492 1748 4547 mi-

149 4602 278 4659 lites
306 4617 370 4658 ac
397 4601 441 4656 si
472 4607 676 4671 patrem
710 4593 1158 4658 venerabantur;
1191 4592 1334 4646 hunc
1361 4587 1629 4653 universi,
1659 4585 1752 4658 qui

149 4703 426 4770 prteerant
474 4690 693 4763 palatio,
728 4687 1051 4744 charissimo
1079 4683 1480 4739 venerabantur
1506 4682 1703 4734 atfeetu
1738 4696 1750 4732 ;

149 4797 274 4846 erat
297 4788 442 4844 enim
468 4800 632 4842 verus
656 4784 753 4840 Dei
782 4783 982 4847 cultor,
1016 4788 1070 4835 et
1093 4793 1316 4834 necesse
1343 4784 1561 4844 eratut,
1590 4788 1751 4846 quem

151 4885 257 4940 Dei
285 4881 594 4956 perfuderat
626 4879 821 4951 gratia,
845 4877 912 4933 ab
942 4874 1195 4931 omnibus
1226 4888 1311 4927 am
1325 4883 1529 4927 aretur.

1755 3538 1802 3599 C
1905 3543 1962 3597 2.
1995 3539 2220 3596 Christo
2263 3535 2426 3607 igitur
2465 3526 2711 3601 quotidie
2739 3520 2991 3577 sedulum
3016 3512 3312 3572 exhibebat
3361 3509 3438 3564 ol-

1842 3636 2044 3700 licium,
2079 3631 2175 3688 sed
2231 3627 2426 3700 agebat
2473 3630 2747 3694 quatenus
2779 3614 2880 3668 hoc
2915 3607 3200 3677 sacrilegis
3224 3602 3447 3673 regibus

1841 3739 1987 3788 esset
2017 3725 2312 3787 occultum,
2366 3735 2472 3773 non
2535 3709 2804 3783 passionis
2856 3706 3054 3759 timore
3087 3697 3444 3770 perterritus,

1845 3839 1943 3879 nec
1974 3813 2294 3891 patrimonii
2348 3811 2435 3865 sui
2469 3819 2655 3862 amore
2696 3798 3053 3858 constrictus,
3096 3791 3194 3847 sed
3248 3788 3315 3843 ad
3347 3786 3450 3842 hoc

1845 3880 2052 3971 tantum
2077 3911 2176 3967 sub
2208 3901 2501 3975 chlamyde
2528 3896 2729 3953 terreni
2755 3889 2968 3963 imperii
2990 3884 3195 3943 Christi
3222 3880 3451 3937 militem

1844 4001 2434 4082 agcbatabsconditum
2452 3995 2506 4059 δ,
2524 4004 2576 4048 ut
2598 3990 3033 4048 Christianorum
3060 3979 3300 4043 animos,
3318 3989 3460 4046 quos

1850 4073 1995 4160 inter
2053 4103 2331 4156 tormenta
2374 4089 2600 4146 videbat
2649 4084 2927 4147 deiicere,
2986 4073 3345 4135 confortaret,
3404 4075 3462 4123 et

1854 4201 1963 4254 Deo
2017 4192 2276 4251 redderet
2349 4185 2566 4241 animas
2639 4191 2774 4251 quas
2833 4170 3086 4229 diabolus
3155 4162 3460 4221 conabatur

1851 4292 2090 4350 auferre.
2443 4332 2455 4344 ,

1924 4388 1977 4442 5.
2015 4381 2262 4452 Denique
2300 4383 2584 4449 postquam
2614 4367 2811 4424 multas
2852 4369 3157 4432 martyrum
3192 4359 3406 4408 mentes
3432 4363 3466 4405 a

1855 4485 2054 4542 timore
2095 4473 2368 4551 passionis
2419 4466 2657 4540 eripuit,
2696 4474 2753 4518 et
2782 4459 2848 4516 ad
2873 4469 3136 4515 coronam
3181 4457 3463 4522 perpetua:

1854 4579 2042 4654 gloriae
2064 4542 2319 4630 incitavit
2347 4587 2359 4621 :
2389 4567 2504 4636 ipse
2539 4561 2662 4633 quis
2680 4564 2850 4624 esset,
2901 4548 3176 4623 apparuit,
3217 4545 3346 4617 quia
3375 4542 3465 4597 lu-

1857 4635 1979 4730 :uen
2013 4671 2066 4726 in
2093 4662 2337 4723 tenebris
2371 4659 2544 4714 latere
2566 4669 2672 4708 non
2703 4647 2905 4720 potuit.
2933 4639 3270 4700 Clarissimis
3302 4635 3468 4706 igitur

1856 4766 1989 4823 viris
2012 4757 2364 4818 Marcelliano
2396 4760 2453 4808 et
2481 4749 2658 4805 Marco
2695 4741 2912 4799 duobus
2941 4735 3175 4810 geminis
3206 4727 3469 4786 fratribus

1858 4879 1958 4939 pro
1984 4856 2190 4918 Christi
2226 4849 2452 4909 nomine
2490 4848 2543 4900 in
2574 4839 2807 4898 vinculis
2832 4825 3178 4896 constitutis,
3222 4821 3468 4896 quotidie

235 5030 262 5058 ἰ
311 5021 390 5076 lta
439 5019 682 5088 plerique
730 5015 990 5078 codices;
1025 5009 1279 5082 quidam,
1335 5007 1560 5078 partium
1599 5004 1741 5058 ciris.
1774 5012 1828 5072 ι)
1853 5000 1998 5056 silet.
2027 4988 2300 5051 Saull‘aius
2316 4993 2461 5054 ραινε
2484 4979 2662 5046 Gallo.
2689 4985 2854 5029 ’πίητε
2881 4962 3289 5028 Μείίίοίαηωηίν
3324 4958 3474 5013 Na"

1383 5078 1446 5088 ,Α
1529 5076 1592 5088 -..
1861 5074 1872 5088 .
2037 5069 2083 5088 ε.-
2155 5057 2435 5088 m...........-
2481 5053 2655 5088 unum
2713 5059 2916 5088 nntnin-
2975 5041 3085 5088 Nec
3119 5033 3471 5088 rel'rattantur

153 5096 219 5153 S.
257 5076 572 5149 Ambrosius
595 5076 664 5144 'iu
694 5088 836 5142 Psal.
883 5076 1066 5152 cxvut',
1099 5076 1349 5153 octonar.
1380 5078 1490 5133 20:
1527 5076 1748 5153 Utamur

155 5150 392 5233 exemplo
413 5161 705 5218 Sebastiani
733 5156 997 5233 martyris,
1052 5150 1620 5233 cujusnhodienatalis
1652 5156 1745 5202 est.

160 5221 703 5306 Ilic_llledtolanensis
751 5221 1004 5285 oriundus
1037 5221 1138 5306 est.
1192 5221 1456 5278 Fortassis
1506 5231 1594 5274 aut
1637 5223 1753 5292 jam

160 5298 468 5366 discssserat
496 5313 808 5378 persecutor,
842 5313 955 5378 autA
979 5297 1148 5378 adhuc
1183 5313 1302 5378 non
1333 5304 1535 5350 venerat
1565 5294 1621 5348 in
1647 5297 1754 5346 lucc

159 5391 413 5456 parttum,
449 5367 535 5433 aut
563 5379 733 5431 mitior
761 5367 888 5456 erat.
926 5371 1153 5425 Advertit
1175 5368 1257 5456 hic
1279 5377 1369 5422 aut
1398 5367 1602 5420 nullum
1624 5379 1753 5430 esse,

161 5439 261 5508 hut
289 5439 453 5519 tepere
481 5461 752 5504 certamen.
817 5447 1032 5519 Romam
1076 5442 1330 5512 profectus
1360 5449 1452 5497 est.
1487 5439 1570 5490 ubi
1604 5453 1760 5504 pron-

290 5505 410 5594 ﬂdti
465 5521 694 5594 studium
742 5505 1115 5594 persecutiones
1141 5505 1337 5594 acerba}
1365 5510 1644 5594 terrebant.
1681 5505 1762 5560 Ibi

170 5581 354 5668 passus
388 5605 477 5668 est,
533 5593 627 5668 hoc
672 5581 764 5668 est,
953 5595 1251 5668 coronatus.
1302 5581 1489 5668 itaque
1516 5581 1624 5635 illic
1663 5595 1765 5646 quo

169 5656 358 5741 hospes
387 5656 642 5741 aduertitL
669 5660 991 5741 domicilium
1046 5656 1457 5741 ianitor-talitatis
1507 5661 1769 5724 perpetua:

171 5722 463 5796 collocavit.
496 5739 566 5793 At
609 5722 872 5790 Daronius
917 5742 1025 5786 tum
1057 5729 1122 5793 ll,
1158 5745 1286 5784 ann.
1320 5729 1449 5794 284,
1486 5722 1636 5796 nunt.
1675 5722 1764 5796 12,

170 5794 366 5869 Scribit
399 5829 410 5863 :
442 5811 501 5866 S.
526 5809 853 5865 Ambrosium
876 5816 923 5859 et
959 5803 1093 5858 alios
1132 5803 1336 5857 tradere
1385 5807 1526 5868 patre
1565 5794 1773 5869 .~\‘_'arb_o_-

173 5865 350 5951 hensi,
407 5895 567 5937 matre
595 5878 998 5951 Mediolanensi,
1027 5884 1207 5951 natum
1239 5865 1552 5951 Mediolani.
1585 5865 1776 5951 Tradit

177 5938 578 6037 Metaphrastes
632 5961 802 6007 ortum
855 5938 1179 6016 Mediolani;
1223 5946 1416 6019 quibus
1463 5938 1778 6015 parentibus

2155 5033 2435 5117 Viennensi
2481 5033 2662 5127 atina;
2713 5041 3085 5127 riat_itrtt.nblec
3119 5033 3471 5127 refragantur

1859 5101 2142 5198 :i‘Ul‘IfS/ln‘l'l‘lls
2164 5101 2178 5117 '
2202 5131 2454 5190 Calchas,
2489 5135 2583 5179 aut.
2630 5101 2901 5198 Iosephus
2930 5107 3350 5198 Ripzltmonliusi
3381 5101 3471 5158 hic

1861 5177 2280 5270 dddaiimt'natrem
2315 5177 2555 5272 propera
2583 5177 2937 5272 mariti'morte
2965 5177 3464 5272 uiduam'relnictam,

1862 5249 2229 5344 Edidi'n'ﬁum
2279 5249 2402 5331 curm
2431 5249 2560 5344 rlilio
2607 5265 2768 5344 unico
2810 5254 3127 5344 revertisse.
3179 5249 3461 5344 hebenus,

1866 5317 2229 5344 ινιιῖυιυιιιιιιιιιι
2279 5317 2402 5331 νη..-
2448 5317 2555 5324 ---...
2613 5317 2638 5321 ᾖ
2668 5317 2696 5318 η

1866 5359 2125 5423 variaque
2159 5366 2290 5404 mss.
2325 5365 2338 5402 :
2370 5343 2565 5399 Eodem
2595 5339 2677 5390 die
2728 5324 3123 5423 S.LSebastiani
3178 5323 3240 5374 de
3269 5317 3474 5423 Mledio-

2517 5421 2523 5423 _
2614 5408 2655 5423 ιι
2699 5415 2710 5423 ι
2729 5420 2740 5423 Α
2759 5420 2780 5423 ..μ
2833 5415 2885 5423 ...ι
2897 5409 3003 5423 “Inr-
3062 5415 3087 5423 ,Α
3107 5409 3237 5423 ικΛὶοΛ
3274 5407 3298 5423 l‘
3324 5405 3415 5423 III"!
3426 5405 3472 5423 δ’)

1873 5392 2031 5413 νιιιιιι·
2061 5392 2125 5407 *ιν
2161 5392 2290 5404 ιιιιπυ,
2327 5392 2338 5402 .
2370 5392 2523 5399 ---ηήγ

1870 5431 2011 5491 lano,
2041 5392 2126 5497 qui
2156 5425 2435 5481 intantum,
2477 5421 2583 5497 etc.
2611 5401 3035 5497 Mataph‘raSlesr
3057 5409 3237 5497 g;nere
3273 5392 3474 5444 clarum

1871 5466 1990 5485 quu
2041 5466 2125 5479 ιν..
2493 5466 2496 5467 ,
2760 5466 2769 5471 _
3059 5466 3073 5468 ί

1871 5504 1944 5555 ait
1976 5466 2167 5555 fitigse.
2195 5493 2395 5548 Menaca
2429 5503 2441 5540 :
2466 5481 2550 5544 Εἷς
2572 5475 2976 5555 tueatur/Queen
3005 5470 3191 5555 @oolﬁ;
3211 5466 3474 5555 ᾖπῇρῇξν,

1871 5534 1897 5555 ..
2059 5534 2167 5551 .σ.,.
2196 5534 2395 5548 ...ωυρμ
2429 5534 2441 5540 -
2467 5534 2543 5544 _-,
2583 5534 2594 5538 ,
2622 5534 2655 5540 __

1871 5534 2081 5629 diui";
2124 5563 2375 5622 senatoris
2424 5557 2604 5612 ordine
2655 5534 2782 5620 fuit:
2829 5534 3154 5602 Guilielmus
3217 5534 3486 5617 Cale-Ilius

1875 5605 2079 5700 hli‘suthrf
2111 5605 2475 5697 ogéiiiiﬁuu.
2511 5605 2815 5700 "testatur
2837 5606 3262 5700 commonstr‘ari
3283 5605 3458 5700 eti‘am_
3477 5629 3495 5641 -

1878 5673 2038 5774 :53."
2381 5673 2549 5774 ldde
2562 5711 2610 5774 tu
2761 5684 3096 5774 Sebastiani.
3133 5680 3228 5736 ubi
3251 5673 3496 5732 ecclesia

2239 5757 2360 5851 qqu
2391 5775 2452 5831 S.
2488 5765 2795 5862 Sebastiani
2824 5759 2931 5862 nqti
2963 5759 3180 5862 digitum
3386 5757 3390 5760 '

2098 5859 2106 5862 ’
2135 5857 2146 5862 ’
2352 5848 2381 5862 ¹⁶
2433 5859 2477 5862 ΑΑ
2541 5857 2605 5862 λη-
2635 5850 2791 5862 -ι-ι--ι
2832 5850 2858 5862 ι-
2899 5846 3014 5862 onln-
3060 5846 3072 5862 ι
3104 5842 3185 5862 ﬂ."

1951 5829 2505 5929 ii'dititiiinbbuiées,
2539 5838 2793 5896 militiam
2829 5829 3209 5889 absconditam.
