3950 6314
467 247 612 310 1023
1516 241 1865 303 ΑΡΡΕΝΒΙΧ
1903 244 1997 304 AD
2037 243 2111 303 OF

2216 245 2272 302 tA
2312 243 2374 305 Β.
2412 242 2738 304 ΑΜΒῐὶοειι
3609 249 3714 307 lilii

462 366 730 427 solatium
751 363 1075 431 exhibebat;
1117 371 1174 422 et
1197 371 1306 420 tam
1331 360 1468 436 ipsis
1506 377 1668 434 quam
1701 361 1866 420 etiam
1894 362 2073 420 servis
2099 365 2156 427 Α
2178 363 2384 421 medias
2412 378 2678 436 sequercr
2729 363 2876 422 acies
2919 363 3285 432 bellatorum;
3331 365 3378 421 si
3415 363 3597 438 judicia
3630 369 3717 426 vio-

471 477 690 532 eorum,
735 477 860 519 cum
915 461 1113 533 quibus
1176 459 1311 516 tenti
1356 459 1598 525 fuerant,
1647 459 1908 516 salutaria
1957 459 2080 516 fidei
2184 456 2330 512 lenta
2379 457 2796 525 concluderent,
2866 472 3147 515 carcerem
3213 458 3370 515 simul
3418 460 3719 532 irrumpere

471 557 708 614 coitsiIia
735 556 1077 613 ministrabat
1109 573 1121 609 :
1154 555 1352 626 quibus
1387 553 1610 626 fugitiva
1651 555 1837 610 smculi
1869 555 2084 611 blandi-
2185 551 2470 607 moritura.
2517 550 2727 607 Novum
2759 551 2864 608 hoc
2892 567 3064 622 genus
3104 562 3192 608 est
3224 554 3509 623 pereundi,
3552 556 3598 609 in
3637 572 3719 626 quo

474 657 658 706 menta
686 655 1030 719 respuerent,
1067 655 1122 702 et
1160 657 1543 704 momentanea
1565 655 1964 703 tormentorum
1990 661 2084 718 ge-
2185 646 2427 702 carnifex
2475 656 2698 716 rogatur
2726 655 2782 701 ut
2809 645 2988 712 feriat,
3038 647 3150 702 vita
3200 657 3418 715 Optatur
3459 657 3517 703 ut
3551 663 3715 719 pereat,

473 757 608 800 nera
659 757 768 798 non
803 741 1079 798 timerent.
2186 752 2335 793 mors
2364 739 2622 794 invitatur
2646 751 2702 793 ut
2733 739 2931 794 veniat.
2959 739 3144 794 Novus
3176 741 3260 794 bic
3288 737 3463 796 luctus
3483 752 3720 806 estnon

1101 831 1333 890 CAPUT
1373 831 1440 890 ll.
2187 833 2424 899 miseria,
2459 833 2511 888 in
2540 849 2644 904 qua
2674 843 2925 889 natorum
2964 833 3227 905 juventus
3266 845 3455 902 sponte
3483 837 3721 904 amittitur,

512 927 844 985 Μαινεεῖιὶαηί
869 938 916 983 et
950 927 1118 984 Marci
1143 928 1370 1001 graviter
1393 936 1691 1000 Oppugnata
1717 927 2030 983 constantia.
2186 937 2241 983 et
2271 935 2556 997 parentum
2591 927 2902 984 miseranda
2930 929 3145 998 cogitur
3174 937 3427 985 senectus
3452 941 3509 984 ut
3527 934 3667 986 vivat.

474 1024 481 1072 ε
548 1021 602 1077 4.
630 1021 733 1091 Qui
757 1037 880 1076 cum
912 1021 1245 1077 beatissimis
1267 1022 1745 1077 consolationibus
1766 1023 2084 1092 acquiesce-
2260 1019 2311 1075 7.
2341 1018 2444 1076 Ista
2477 1029 2534 1076 et
2564 1021 2646 1076 bis
2679 1021 2879 1077 similia
2910 1031 3084 1077 matre
3117 1034 3499 1093 prosequente,
3532 1024 3728 1083 inﬁrmus

473 1126 620 1186 rent,
644 1125 702 1173 et
721 1116 950 1173 verbera
966 1117 1288 1172 carniﬁcum
1305 1115 1486 1171 animo
1511 1117 1884 1187 perseveranti
1905 1127 2083 1172 trans-
2186 1125 2362 1186 pater,
2391 1125 2443 1170 et
2469 1117 2650 1187 gravis
2674 1117 2781 1186 jam
2801 1117 2982 1186 senio,
3014 1119 3271 1174 manibus
3291 1119 3564 1176 adducitur
3583 1137 3730 1179 servu-

474 1211 650 1279 irent,
699 1211 991 1278 capitalem
1039 1211 1180 1282 jussi
1221 1220 1350 1266 sunt
1387 1212 1575 1266 subirc
1602 1216 1940 1267 sententiam
1969 1228 1985 1268 :
2021 1227 2084 1267 ea
2185 1209 2386 1275 lorum,
2415 1219 2473 1266 et
2500 1225 2726 1282 cygan
2755 1211 2916 1280 capiti
2972 1221 3133 1267 teme
3182 1214 3462 1284 pulverem
3495 1231 3729 1288 spargens,

478 1303 740 1360 videlicet
770 1304 1008 1373 ratione,
1041 1316 1100 1361 ut
1124 1306 1169 1360 si
1202 1305 1396 1361 eodem
1430 1315 1719 1362 momento
1757 1320 1865 1376 quo
1897 1304 2084 1360 decol-
2189 1301 2502 1370 linjusmodi
2533 1303 2693 1357 dabat
2722 1318 2889 1358 voces
2913 1304 2980 1358 ad
3008 1305 3210 1360 caelum
3232 1325 3244 1360 :
3269 1306 3352 1363 Ad
3382 1319 3596 1364 mortem
3623 1311 3734 1367 ultro

479 1395 628 1452 landi
659 1406 818 1454 erant
849 1397 1134 1452 sacriﬁciis
1181 1397 1617 1461 consensissent,
1659 1407 1716 1451 et
1764 1395 2088 1466 parentibus
2187 1398 2659 1468 proﬁciscentibus
2701 1397 2826 1452 ﬁliis
2864 1397 3236 1454 valedicturus
3275 1399 3489 1470 adveni,
3544 1414 3595 1456 ut
3639 1407 3732 1460 uni-

477 1492 594 1548 suis
625 1500 679 1548 et
713 1490 1044 1562 coniugibus
1074 1501 1129 1548 et
1163 1491 1294 1546 ﬁliis
1326 1501 1382 1545 ct
1413 1491 1764 1547 facultatibus
1785 1490 2086 1546 reddereno
2190 1503 2368 1556 versa,
2420 1505 2541 1560 quae
2571 1505 2601 1543 a
2636 1489 2760 1544 ﬁliis
2798 1489 3095 1560 sepultura:
3127 1505 3266 1547 mea:
3296 1491 3587 1548 exhibenda
3616 1510 3734 1561 para-

475 1593 587 1640 tur.
641 1584 813 1640 Erant
857 1583 1005 1640 enim
1051 1599 1161 1640 non
1214 1583 1419 1652 solum,
1463 1594 1526 1638 ut
1572 1583 1831 1647 diximus,
1881 1597 2087 1654 genere
2187 1597 2397 1648 veram,
2423 1596 2528 1652 ego
2557 1580 2913 1650 ittfelix:ﬁlios
2934 1583 3630 1656 sepulturusexpendam.0
3649 1586 3736 1652 lilii,

472 1677 772 1736 clarissimi
796 1679 924 1744 viri,
951 1678 1048 1734 sed
1071 1688 1126 1733 et
1160 1676 1558 1733 facultatibusn
1583 1676 1830 1742 dilatati;
1854 1692 2084 1747 quorum
2195 1691 2331 1731 mea:
2361 1675 2586 1732 baculus
2614 1676 2940 1743 senectutis,
2969 1686 3025 1731 et
3045 1678 3321 1747 geminnrn
3352 1695 3585 1736 meorum
3607 1687 3742 1738 visce-

475 1781 600 1827 crat
653 1781 806 1841 pater
850 1769 1264 1842 Tranquillinus
1297 1771 1542 1836 nomine,
1578 1779 1636 1826 et
1677 1779 1854 1826 mater
1884 1769 2090 1826 Marcia
2123 1767 2169 1828 B
2199 1786 2314 1828 rum
2339 1770 2549 1838 lumen,
2573 1769 2683 1826 nati
2715 1769 2968 1839 feliciter,
2989 1779 3044 1826 et
3064 1785 3333 1842 prospere
3361 1772 3741 1838 educati,excel-

473 1863 814 1930 vocabatur;
847 1865 940 1935 qui
970 1863 1097 1920 illos
1129 1863 1505 1935 sequebantur
1531 1877 1657 1919 cum
1691 1863 1967 1919 uxoribus
1996 1877 2092 1918 eo-
2191 1862 2510 1919 lentissimae
2553 1863 2828 1920 memorize
2849 1908 2862 1932 ,
2896 1873 2949 1918 et
2974 1863 3174 1934 ingenii
3205 1865 3516 1936 singularis,
3545 1868 3742 1924 omnium

477 1971 602 2014 rum
627 1970 681 2013 et
704 1957 866 2023 ﬁliis;
894 1958 1062 2013 nimio
1094 1959 1243 2014 enim
1275 1958 1327 2012 in
1357 1957 1472 2013 suis
1501 1957 1795 2028 nepotibus
1818 1957 2095 2013 duceban-
2192 1957 2494 2014 liberalium
2527 1957 2722 2029 peritia
2771 1957 3080 2014 litterarum
3125 1957 3339 2026 imbuti,
3389 1975 3508 2031 quae
3544 1962 3633 2015 ista
3674 1978 3739 2017 re-

479 2061 574 2110 tur
612 2051 835 2108 affectu.
885 2051 1046 2108 Unde
1095 2051 1296 2108 factum
1349 2063 1462 2118 est,
1522 2052 1598 2107 ub
1639 2050 1666 2091 δ
1720 2052 1789 2108 ab
1839 2051 2095 2124 Agrestio
2193 2061 2360 2123 pente
2392 2050 2601 2106 insania
2639 2059 2820 2106 vestra
2847 2051 3128 2107 voluntate
3159 2051 3441 2122 progenita
3469 2054 3643 2108 mortis
3669 2069 3741 2109 vos

483 2145 812 2201 Cbromatio
856 2145 1007 2202 urbis
1055 2144 1245 2202 Roma:
1295 2144 1560 2217 praefecto
1614 2145 1830 2216 triginta
1880 2145 2094 2201 dierum
2195 2148 2324 2205 fecit
2355 2163 2487 2220 esse
2529 2149 2842 2205 amatores?
2889 2147 3193 2218 Numquam
3225 2149 3326 2204 ista
3357 2149 3646 2205 viventibus
3664 2150 3749 2219 pla-

485 2238 734 2295 inducias
781 2240 1179 2311 impetrarent,
1232 2239 1286 2294 in
1333 2255 1564 2310 quorum
1616 2239 1793 2312 spatio
1841 2248 2096 2312 ageretur
2195 2243 2347 2298 cuit:
2381 2258 2670 2314 numquam
2719 2242 3002 2299 mmituris
3051 2258 3211 2298 suum
3257 2257 3501 2298 amorem
3541 2243 3746 2298 induxit:

487 2345 613 2388 cum
647 2333 749 2399 eis,
781 2340 1056 2403 quatenus
1083 2332 1151 2388 ad
1182 2331 1608 2389 tburiﬁcandum
1655 2332 1817 2389 idolis
1865 2347 2097 2389 consen-

490 2427 680 2484 tirent.

556 2524 611 2580 5.
645 2520 990 2578 Accedentes
1020 2522 1204 2594 itaque
1235 2521 1396 2578 amici
1422 2535 1620 2578 eorum
1650 2520 1718 2578 ad
1745 2535 1866 2587 eos,
1905 2533 2094 2590 cmpe-

487 2626 618 2675 runt
645 2616 866 2674 dicere:
897 2615 1057 2674 Unde
1100 2617 1259 2673 vobis
1310 2625 1421 2672 tam
1455 2617 1594 2673 dura
1644 2631 1822 2681 mens,
1875 2623 2096 2681 tamque

489 2711 728 2767 ferreum
779 2720 1002 2782 pectus,
1061 2710 1206 2782 quod
1257 2708 1510 2766 canitiem
1555 2719 1577 2748 ο
1623 2706 1870 2780 patimini
1928 2705 2099 2774 patris

491 2803 758 2875 abjicere,
806 2815 864 2860 et
922 2803 1084 2860 matri
1135 2807 1246 2874 jam
1303 2802 1598 2872 decrepitae
1649 2815 1822 2856 novos
1878 2798 2099 2854 dolores

495 2909 686 2968 partus
735 2895 972 2953 aﬁ‘erre?
1013 2895 1148 2952 Nam
1184 2896 1275 2952 illa
1312 2905 1498 2967 partus
1531 2893 1617 2949 sui
1647 2893 1872 2948 dolores
1906 2906 2104 2947 conso-

491 2989 792 3045 lationibus
816 2989 1147 3057 superabat,
1187 2987 1316 3043 dum
1347 2989 1400 3042 in
1438 3002 1546 3042 uno
1575 2986 1767 3042 dolore
1795 2985 1934 3041 duos
1959 2984 2102 3038 ﬁlios

492 3092 736 3154 pareret,
771 3091 827 3136 et
855 3083 1130 3153 geminum
1180 3083 1324 3153 patri
1360 3079 1615 3135 funderet
1661 3078 1895 3134 ﬁliorum
1943 3076 2104 3133 allec-

2195 2335 2262 2392 ad
2304 2350 2675 2407 quoscumque
2723 2343 2905 2391 autem
2954 2336 3246 2407 pervenire
3291 2336 3492 2416 potuit,
3533 2335 3748 2390 violenter

2197 2427 2438 2485 admissa
2491 2437 2597 2497 est,
2646 2438 2701 2484 et
2747 2444 2856 2483 non
2904 2437 2988 2484 est
3037 2431 3316 2484 voluntate
3343 2428 3415 2483 ab
3439 2428 3550 2484 ullo
3573 2429 3752 2484 vivente

2197 2536 2477 2595 suscepta.
2509 2524 2569 2579 Si
2599 2525 2736 2579 lianc
2773 2522 2953 2579 nudus
2989 2522 3209 2579 debitor
3239 2522 3344 2578 sub
3375 2539 3538 2578 avaro
3583 2524 3756 2578 fenera-

2200 2629 2320 2675 tore
2344 2618 2564 2689 patitur,
2595 2616 2740 2673 nulla
2772 2627 2954 2688 potest
2977 2617 3190 2672 ratione
3212 2616 3473 2687 diligere;
3503 2631 3601 2671 nec
3617 2617 3757 2670 solum

2201 2727 2310 2768 non
2341 2711 2570 2782 diligere
2607 2711 2984 2782 cognoscitur,
3028 2707 3125 2764 sed
3167 2708 3383 2764 timere.
3431 2707 3546 2776 Qua
3586 2707 3758 2763 ratione

2201 2821 2322 2862 eam
2371 2805 2610 2876 appetit,
2660 2806 2752 2876 qtti
2795 2813 2852 2859 et
2892 2803 3054 2858 bonis
3103 2802 3368 2858 exuberat
3415 2802 3681 2867 omnibus,
3722 2811 3763 2853 et

2205 2900 2422 2971 penitus
2451 2899 2546 2953 ulli
2578 2897 2716 2953 nihil
2744 2897 2942 2952 debet?
2990 2896 3180 2952 Venite
3211 2895 3336 2960 huc,
3369 2908 3553 2960 senes,
3604 2903 3655 2947 et
3678 2908 3766 2948 me-

2205 3007 2327 3047 cum
2361 3006 2526 3061 super
2555 2991 2695 3045 ﬁlios
2725 2989 2988 3060 plangite,
3039 2989 3132 3058 qui
3181 3000 3281 3042 vos
3321 2987 3533 3042 viscera
3578 2995 3764 3056 paterna

2207 3085 2409 3142 habere
2437 3085 2673 3142 sentitis.
2705 3083 2900 3139 Venite
2930 3083 3055 3150 huc,
3085 3081 3337 3150 juvenes,
3389 3089 3442 3136 et
3488 3078 3610 3135 ﬂete
3634 3092 3766 3149 super

500 3188 656 3235 tum:
708 3194 855 3236 nunc
899 3194 1032 3235 vero
1083 3179 1403 3235 insanabilis
1451 3178 1637 3246 dolor,
1693 3175 2104 3233 inconsolabilis
2132 3175 2178 3240 C
2207 3181 2438 3253 juvenes
2466 3189 2662 3250 sponte
2692 3185 3003 3246 pereuntes.
3039 3174 3156 3229 Huc
3179 3174 3460 3240 accedite,
3490 3181 3690 3243 patres,
3728 3181 3768 3223 ἃ

496 3285 701 3342 pmua,
782 3271 1203 3328 irrcmcdiabilis
1273 3271 1588 3337 cruciatus,
1665 3268 2103 3340 incomparabilis

498 3363 528 3404 (ι
555 3375 746 3439 partus
777 3375 882 3431 est,
913 3381 1020 3438 quo
1047 3381 1173 3438 spes
1203 3376 1258 3423 et
1285 3365 1543 3438 gaudium
1576 3364 1811 3426 tollitur,
1835 3364 1941 3419 vita
1971 3378 2107 3419 con.-

502 3461 782 3528 temnitur,
831 3461 1109 3533 respuitur
1135 3462 1333 3533 gloria,
1365 3470 1450 3530 et,
1485 3462 1818 3530 contemptis
1846 3459 2119 3534 omnibus

500 3555 717 3627 pietatis
747 3553 1058 3624 affectibus,
1093 3555 1290 3610 mortis
1335 3553 1597 3610 atrocitas
1649 3553 1924 3625 appetitur
1953 3562 1976 3590 θ
2012 3566 2109 3622 po-

499 3647 772 3718 tiusquam
809 3648 1061 3703 timetur.
1095 3647 1464 3704 Obsecramus
1492 3661 1610 3712 vos,
1643 3661 1676 3702 ο
1705 3647 1862 3702 amici
1899 3646 2106 3701 charis-

495 3741 641 3804 simi,
677 3741 894 3798 tandem
927 3741 1012 3798 liis
1049 3741 1178 3799 date
1210 3742 1456 3798 cladibus
1490 3744 1678 3810 linem,
1713 3752 1768 3798 et
1799 3756 1893 3797 vos
1924 3750 2108 3812 patres

496 3848 618 3891 esse
643 3834 883 3891 dulcium
914 3836 1154 3891 ﬁliorum
1183 3839 1270 3892 vel
1298 3836 1566 3893 admoniti
1601 3845 1962 3892 mementote.

575 3928 620 3982 6.
670 3926 798 3984 Haec
821 3938 877 3983 et
908 3928 994 3984 Itis
1031 3929 1231 3984 similia
1262 3928 1421 3984 amici
1453 3927 1798 3994 dicentibus,
1850 3928 2106 3982 miseram

501 4035 562 4078 sc
592 4021 882 4077 clamitans
916 4031 1091 4078 mater
1122 4022 1362 4088 advenit,
1414 4033 1469 4078 et
1517 4023 1703 4078 soluto
1734 4022 1916 4092 capite
1944 4036 2111 4076 canos

500 4130 616 4172 suae
646 4117 948 4174 senectutis
978 4126 1289 4182 ostentans,
1324 4117 1378 4172 in
1411 4126 1713 4189 conspectu
1743 4131 1936 4172 eorum
1985 4131 2109 4170 ves‘

501 4218 612 4266 tem
638 4225 741 4282 qua
767 4219 958 4281 pectus
986 4212 1293 4282 tegebatur,
1323 4211 1517 4266 scidit:
1543 4221 1600 4267 et
1621 4210 1835 4266 cunctis
1856 4209 2112 4265 flentibus

504 4302 831 4358 05tendebat
878 4303 956 4358 eis
1017 4303 1154 4358 laxis
1211 4303 1448 4373 pellibus
1489 4318 1624 4374 quas
1649 4311 1910 4358 suxerant
1941 4319 2114 4358 mam-

504 4411 646 4464 mas,
698 4407 754 4452 et
800 4395 1195 4462 blandimenta,
1247 4412 1368 4469 quae
1422 4397 1672 4454 infantia:
1721 4413 1912 4453 eorum
1961 4397 2114 4452 exiti-

505 4491 722 4558 buerat,
756 4489 1016 4562 ejulando
1045 4493 1349 4565 lacrymans
1375 4493 1737 4549 memorabat.
1766 4493 1960 4548 Aiebat
1982 4509 2113 4564 ergo

2210 3275 2491 3347 prohibete
2519 3273 2668 3340 talia,
2689 3287 2758 3327 ne
2779 3272 2904 3327 talia
2933 3268 3234 3340 patiamini.
3264 3267 3493 3322 Deﬁcite
3521 3263 3767 3338 plorando,

2207 3371 2348 3428 oculi
2380 3369 2522 3435 mei,
2555 3379 2608 3426 et
2634 3368 2919 3440 caliginem
2952 3365 3206 3422 obducite
3250 3363 3542 3420 fundentes
3581 3363 3770 3418 numina

2210 3468 2610 3538 lacrymarum;
2659 3480 2728 3521 ne
2778 3461 2994 3518 videam
3045 3459 3182 3516 caedi
3234 3459 3450 3530 gladio,
3498 3473 3630 3528 quos
3666 3455 3770 3510 dunt

2208 3561 2358 3630 virga
2387 3559 2525 3615 levis
2557 3564 2824 3628 tangeret,
2870 3554 3102 3622 tremui;
3133 3554 3266 3610 dum
3299 3555 3577 3610 tristantes
3605 3553 3773 3608 leviter

2211 3655 2452 3711 viderem
2473 3696 2488 3719 ,
2517 3652 2732 3723 expavi.

2279 3749 2337 3805 8.
2369 3747 2538 3819 igitur
2566 3747 2696 3802 dum
2725 3744 2841 3802 hcc
2864 3755 2920 3801 et
2968 3743 3076 3799 alia
3125 3743 3318 3800 senior
3355 3749 3775 3815 prosequeretor,

2210 3859 2342 3902 ecce
2363 3843 2647 3900 amborum
2676 3839 2941 3911 coniuges
2970 3853 3097 3893 cum
3125 3837 3269 3893 natis
3301 3835 3539 3908 propriis
3566 3834 3780 3896 veniunt,

2211 3950 2267 3996 et
2291 3937 2609 4010 aspectibus
2649 3950 2839 3991 eorum
2876 3933 3133 4004 proprios
3165 3931 3468 3987 infantulos
3501 3927 3783 3992 offerentes,

2214 4032 2312 4088 has
2343 4029 2603 4103 cjulaudo
2635 4043 2798 4084 voces
2829 4025 3117 4084 effundunt
3151 4024 3416 4094 :-Quibus
3446 4038 3545 4078 nos
3573 4022 3785 4077 servitu-

2213 4143 2306 4183 ras
2338 4121 2691 4195 relinquitis?
2719 4121 2922 4193 quibus
2969 4118 3217 4189 conjugii
3244 4116 3424 4173 nostri
3449 4114 3654 4172 traditis
3681 4112 3790 4168 cha-

2216 4219 2434 4276 ritatem
2459 4218 2482 4270 Ἰ
2511 4215 2604 4287 qui
2636 4215 2842 4286 putatis
2871 4222 3034 4269 erunt
3078 4211 3280 4268 borum
3335 4209 3618 4266 infantium
3650 4206 3793 4261 domi-

2215 4313 2297 4380 ni,
2339 4319 2394 4367 et
2433 4309 2726 4364 domorum
2757 4315 3066 4364 vestrarum
3125 4303 3429 4360 avidissimi
3460 4298 3791 4374 pervasercs?

2214 4404 2322 4474 Qui
2350 4411 2738 4460 eruntvestra:
2775 4409 3138 4471 occupatores
3166 4398 3429 4454 familiae?
3467 4396 3553 4453 vel
3578 4395 3666 4465 qui
3711 4392 3796 4448 sibi

2217 4497 2445 4553 divisuri
2471 4505 2602 4552 sunt
2646 4495 3002 4560 vernaculos,
3028 4507 3167 4564 quos
3211 4489 3498 4547 tttttr'tstiJ
3525 4490 3636 4545 Heu
3657 4501 3794 4559 quam

503 4585 574 4644 ad
603 4586 821 4642 ambos:
853 4587 934 4643 Tu
959 4588 1088 4644 mihi
1113 4605 1334 4660 semper
1363 4590 1482 4660 plus
1505 4590 1782 4647 blanditus
1810 4606 1890 4658 es,
1925 4591 2033 4658 ﬁli;
2059 4601 2114 4648 et
2141 4584 2193 4646 D
2217 4589 2422 4656 ferreo,
2449 4590 2557 4644 heu
2583 4602 2746 4660 quam
2769 4584 3324 4658 impiaecrudelitatis
3349 4597 3552 4655 genere
3577 4587 3800 4651 parentes

507 4689 565 4738 tu
621 4681 858 4753 amplius
909 4684 1313 4741 verecundatus
1356 4700 1416 4742 es
1457 4703 1472 4742 :
1542 4687 1598 4742 in
1659 4687 1765 4742 isto
1818 4686 2112 4760 imaginem
2217 4684 2528 4754 despicitis,
2571 4683 2784 4738 amicos
2813 4681 3100 4752 respuitis,
3149 4693 3357 4734 uxores
3389 4676 3649 4748 abjicitis,
3682 4673 3802 4727 ﬁlios

510 4792 689 4834 meam
733 4777 943 4848 peperi,
977 4779 1031 4834 in
1065 4788 1117 4836 te
1147 4791 1404 4851 paternos
1435 4781 1617 4840 vultus
1647 4782 1847 4850 effudi;
1884 4793 1940 4838 tu
1973 4784 2114 4853 patri
2217 4779 2514 4846 abdicatis;
2561 4786 2619 4835 et
2672 4791 2770 4833 vos
2819 4776 2970 4848 ipsos
3019 4773 3271 4831 carniﬁci
3318 4772 3604 4828 ultroneos
3659 4765 3798 4823 exhi-

509 4874 838 4943 utilior,iste
867 4875 1118 4932 similior.
1138 4876 1252 4931 Heu
1272 4893 1357 4932 me
1379 4877 1671 4934 miseram!
1697 4857 2118 4935 circumvallant
2221 4872 2364 4929 betis
2389 4874 2402 4928 !

510 4983 599 5024 me
640 4984 707 5025 ex
751 4969 907 5025 omni
953 4979 1110 5039 parte
1150 4969 1610 5041 incomparabiles
1636 4975 1839 5041 luctus,
1877 4973 2116 5028 inaudita

513 5061 732 5118 miseria
763 5071 819 5119 et
844 5061 1061 5134 gemina
1090 5063 1330 5129 orbitas,
1365 5063 1529 5118 nullis
1559 5065 1776 5134 penitus
1807 5065 2120 5120 tribulatio-

516 5154 677 5211 nibus
727 5157 1121 5228 comparanda.
1177 5157 1384 5214 Omitto
1418 5157 1558 5213 ﬁlios
1600 5159 1678 5213 ad.
1711 5168 1942 5214 mortem
1977 5159 2121 5215 ultro

513 5259 896 5321 properantes,
926 5268 1066 5324 quos
1115 5253 1161 5310 si
1215 5252 1345 5308 mihi
1396 5251 1586 5309 hostes
1617 5251 1930 5320 auferrent,
1967 5250 1985 5290 ί
2024 5268 2122 5324 per

2834 4957 3070 5018 CAPUT
3108 4958 3201 5016 lli.

2519 5060 2582 5116 S.
2615 5059 2955 5118 Sebastianus
2977 5065 3219 5113 nutantes
3247 5056 3542 5126 conﬁrmat.

2301 5154 2356 5212 9.
2397 5154 2610 5210 Interea
2644 5153 2776 5209 dum
2817 5152 2910 5208 illa
2962 5151 3252 5220 dicuntur,
3285 5161 3343 5207 et
3365 5151 3464 5205 ista
3495 5148 3796 5209 referuntur,

2228 5250 2374 5306 inter
2399 5263 2634 5304 uxorum
2667 5247 2969 5319 lacrymas,
3001 5253 3056 5301 et
3086 5244 3328 5314 suspiria
3364 5243 3614 5305 ﬁtiormn,
3645 5249 3802 5306 cmpe-

591 5376 618 5406 ι
647 5365 755 5422 Alii
781 5366 1016 5424 codices.
1050 5368 1242 5432 ditati;
1273 5368 1389 5433 alii,
1418 5369 1614 5422 ornati.

593 5436 623 5512 ὶξ
656 5437 786 5512 Alii:
819 5439 1114 5512 Agresfino.
1148 5439 1204 5494 ln
1230 5442 1480 5512 catalogo
1505 5438 2118 5512 Prmfectorumﬂrbis,

517 5508 720 5580 legitur
745 5507 883 5563 Caro'
899 5519 945 5563 et
974 5507 1169 5566 Carino
1190 5528 1349 5580 coss.,
1381 5507 1671 5577 prmfecttts
1695 5514 1859 5567 fuisse
1887 5509 2119 5566 Titurius

523 5578 1047 5652 RoburruspCarino
1074 5591 1120 5652 et
1154 5578 1508 5646 Numeriano,
1540 5583 1782 5638 Ceionius
1815 5582 2000 5649 Varus,
2030 5585 2122 5652 qni

522 5659 581 5708 et
609 5649 860 5720 sequenti
891 5666 1034 5724 anno
1050 5651 1380 5724 ρὶοειειὲαηο
1401 5665 1447 5710 et
1468 5655 1767 5710 Aristobulo
1794 5671 1956 5722 εδει,
1985 5649 2124 5724 prie-

522 5724 786 5778 lecturatn
817 5723 1002 5789 gessit.
1047 5722 1116 5778 Et
1161 5726 1378 5779 videtnr
1407 5725 1694 5780 Chromatii
1725 5722 2061 5791 expunctum
2092 5741 2126 5782 e

525 5793 723 5866 tabulis
755 5793 1279 5866 nonten,rel.gioni_s
1297 5796 1444 5866 odio,
1477 5791 1771 5866 Eamne‘an
1805 5794 2124 5866 Roburrum,

526 5871 592 5918 ttn
636 5857 905 5929 ϐείοηὲμηί
955 5857 1262 5933 ρἐῖῆήρήὶ
1307 5857 1571 5936 Vopiscus
1622 5858 1934 5939 artibigtlurri
2003 5857 2120 5932 est;

2230 5367 2358 5422 dum
2392 5365 2446 5419 in
2479 5363 2683 5418 Carino
2712 5361 2892 5416 scribit
2931 5376 2950 5415 :
2998 5357 3320 5428 Prwfectum
3381 5356 3511 5413 Urbi
3561 5371 3708 5428 unum
3749 5366 3804 5403 ex

2225 5435 2553 5492 canccllariis
2599 5435 2707 5488 suis
2759 5433 2904 5502 fecit.
2956 5426 3128 5486 Erant
3149 5429 3458 5502 cancellarii
3494 5429 3580 5496 qui
3605 5426 3668 5481 ad
3695 5438 3805 5479 can-

2225 5511 2400 5567 cellos
2429 5508 2543 5563 sive
2575 5501 2773 5562 domus
2807 5514 3072 5575 augustas,
3119 5502 3238 5558 sive
3288 5501 3630 5557 tribunalium
3668 5509 3808 5552 excu-

2231 5581 2456 5636 baltant.

2311 5663 2332 5692 ο
2368 5651 2496 5713 Alii,
2522 5649 2738 5716 patitur.

2301 5722 2328 5762 ά
2358 5723 2446 5781 Αι.
2492 5722 2684 5776 luctus.

2307 5806 2330 5832 υ
2363 5792 2497 5851 Tres
2527 5804 2818 5864 sequentes
2840 5808 3005 5850 voces
3030 5792 3229 5864 desunt
3257 5805 3361 5846 ms.
3398 5789 3688 5864 Audomar.

2310 5864 2327 5900 τ
2361 5867 2488 5928 Alii,
2519 5857 2619 5936 per"
2645 5858 2812 5923 incilia
2839 5857 3077 5937 sequerer
3105 5857 3242 5922 bella
3267 5859 3526 5934 raptores.
