3950 6314
123 312 251 371 1οἑΞί

1170 303 1355 364 ACTA
1398 307 1457 362 s.
1499 303 1909 365 SEBASTIANI
1950 291 2323 365 mannis.

3260 309 3400 370 1026

117 437 235 486 runt
282 427 480 482 milites
520 421 722 481 Christi
781 422 1136 489 mollescere,
1196 431 1254 479 et
1301 423 1514 477 animos
1562 436 1691 477 suos
1721 431 1768 487 Α
1799 419 1920 474 vitzr
1952 435 2140 476 amore
2196 417 2408 477 seducti
2441 418 2545 475 ista
2583 418 2956 487 committunt,
2993 427 3049 474 et
3075 418 3203 476 dum
3251 422 3399 477 illam

117 521 324 578 flectere
353 519 418 574 ad
449 518 718 573 dolorem.
751 515 886 572 lluic
931 515 1279 587 spectaculo,
1314 525 1368 570 ut
1403 530 1567 585 supra
1618 513 1699 569 di-

115 616 302 678 ximus,
339 613 598 668 intererat
617 611 674 667 S.
697 609 1077 676 Sebastianus,
1100 610 1185 665 vir
1207 623 1308 680 per
1322 608 1504 664 omnia
1523 606 1700 664 chris-

116 703 462 769 tianissimus,
517 719 679 774 quem
716 701 1027 758 occultabat
1080 701 1338 757 militaris
1368 700 1612 762 habitus,
1645 707 1702 757 et

115 797 408 869 chlamydis
431 797 796 853 obumbrabat
825 805 1102 866 aspectus.
1137 796 1209 850 At
1233 795 1324 850 ubi
1357 794 1496 850 vidit
1523 792 1701 849 athle-

117 903 194 951 tas
237 894 329 950 Dei
376 893 648 948 immenso
693 891 1008 949 certaminis
1053 891 1298 962 pondere
1340 888 1598 960 fatigari,
1645 887 1700 943 in

115 987 285 1044 medio
308 1000 495 1042 eorum
526 1001 588 1042 se
611 985 898 1055 objiciens,
933 982 1071 1040 dixit
1099 1001 1112 1038 :
1140 984 1185 1040 Ο
1218 981 1502 1039 fortissimi
1554 979 1701 1037 mili-

115 1091 191 1138 tes
211 1079 432 1148 Christi,
457 1095 490 1134 o
515 1077 925 1134 instructissimi
946 1077 1119 1133 divini
1167 1075 1341 1148 prmlii
1378 1075 1698 1145 bellatores,

115 1188 205 1245 per
232 1170 452 1227 nimiam
480 1170 740 1227 virtutem
788 1169 957 1225 animi
981 1168 1198 1224 fortiter
1250 1166 1585 1238 pervenistis
1632 1163 1700 1220 ad

113 1269 368 1339 palmam,
401 1273 459 1322 et
489 1279 759 1334 nuncper
791 1265 992 1320 misera
1041 1262 1413 1319 blandimenta
1438 1273 1702 1317 coronam

113 1357 379 1429 deponitis
406 1355 842 1428 sempiternam?
874 1356 1056 1411 Discat
1084 1370 1227 1410 nunc
1257 1370 1356 1426 per
1377 1367 1475 1408 vos
1497 1350 1704 1408 (.hristi

111 1454 344 1509 militum
394 1451 684 1519 fortitudo,
715 1452 822 1507 fide
850 1451 1032 1522 potius
1061 1451 1264 1504 armari
1315 1463 1477 1520 quam
1532 1445 1700 1502 ferro.

110 1546 280 1604 Nolite
304 1546 656 1602 victoriarum
687 1555 991 1602 vestrarum
1024 1545 1258 1617 insignia
1287 1559 1386 1615 per
1411 1543 1702 1599 mulierum

114 1642 485 1698 blandimenta
516 1641 779 1711 abjicere,
831 1649 887 1696 et
913 1640 1196 1709 subjectas
1247 1637 1477 1708 pedibus
1508 1636 1704 1692 vestris

111 1737 278 1793 hostis
298 1735 495 1792 devicti
527 1736 768 1792 cervices
788 1735 856 1790 ad
883 1734 1128 1790 victricia
1152 1740 1209 1789 et
1228 1725 1469 1788 rediviv’a
1500 1731 1702 1786 iterum

1801 513 2088 584 plusquam
2109 515 2315 584 justum
2359 523 2444 570 est
2495 513 2756 584 diligunt,
2788 515 2972 585 iniquo
2994 514 3122 571 odio
3148 517 3404 573 homines

1800 610 2245 680 prosequuntur?
2275 607 2348 665 Ut
2373 607 2503 678 quid
2547 609 2693 664 enim
2727 607 2901 679 pirata
2938 609 3282 679 navigantem
3309 609 3403 681 ju-

1799 701 1968 772 gulat,
2005 709 2063 756 ut
2091 701 2218 772 quid
2269 701 2411 756 latro
2439 701 2665 771 perimit
2701 702 2992 769 viatorem,
3039 701 3194 759 dives
3215 703 3407 774 oppri;

1801 796 1902 852 mit
1928 811 2250 868 pauperem,
2276 797 2551 866 superbus
2581 796 2872 865 humilem,
2904 809 2960 853 et
2991 798 3172 854 omnis
3196 794 3403 853 nocens

1801 905 2203 961 quemcumque
2245 893 2494 962 potuerit
2546 902 2798 963 aggravat
2834 893 3230 949 innocentem?
3277 893 3406 951 Haec

1802 995 1985 1039 autem
2014 983 2215 1040 faciunt
2262 984 2404 1040 mala
2427 1027 2442 1052 ,
2475 985 2599 1056 quia
2631 985 2720 1040 isti
2769 987 2894 1042 vita:
2942 987 3152 1044 servire
3189 987 3407 1044 deside-

1802 1089 1946 1143 rant,
1980 1087 2036 1134 et
2077 1092 2137 1134 se
2167 1077 2487 1134 existimant
2526 1081 2579 1133 in
2622 1093 2809 1134 amore
2861 1079 2983 1150 ejus
3015 1096 3112 1151 per
3159 1090 3406 1152 tempora

1803 1171 2106 1241 prolixiora
2126 1172 2346 1229 durare.
2382 1173 2496 1228 Non
2529 1189 2660 1244 ergo
2680 1174 2907 1229 alterius
2933 1190 3098 1231 causa
3119 1176 3254 1232 fiunt
3287 1191 3408 1234 sce-

1805 1262 1919 1320 lera
1959 1266 2065 1321 nisi
2089 1275 2147 1321 ut
2173 1266 2564 1324 infelicissima:
2587 1267 2677 1324 isti
2709 1269 2915 1325 carnali
2947 1271 3073 1326 vita:
3120 1271 3405 1328 acarnali—

1805 1360 1908 1417 bus
1924 1361 2218 1417 serviatur.
3141 1405 3146 1410 .

1885 1454 1967 1508 11.
2011 1454 2131 1522 Ipsa
2178 1463 2264 1510 est
2310 1454 2550 1526 denique
2588 1470 2711 1526 qua:
2757 1455 2838 1511 eis
2867 1455 3122 1528 crimina:
3144 1455 3404 1528 imperat,

1801 1545 1958 1618 jubet
1991 1546 2258 1617 facinora,
2279 1548 2474 1605 suadet
2499 1548 2732 1620 iujusta;
2787 1559 2842 1606 et
2871 1558 3226 1622 posteaquam
3259 1552 3412 1608 omni

1805 1639 2154 1709 crudelitate,
2190 1642 2447 1712 omnique
2487 1642 2656 1697 fuerit
2704 1643 2965 1713 spurcitia
3003 1645 3269 1715 saginata,
3293 1661 3413 1702 ser-

1807 1734 2022 1789 vientes
2053 1735 2159 1789 sibi
2188 1734 2352 1789 tradit
2382 1736 2505 1790 filia:
2541 1752 2678 1800 sum,
2723 1737 2776 1791 id
2801 1746 2888 1792 est
2912 1742 3074 1793 morti
3107 1750 3413 1809 perpetua.

111 1828 246 1884 bella
279 1828 485 1894 laxare,
517 1827 672 1899 cujus
713 1826 962 1898 quamvis
989 1841 1132 1881 saeva
1165 1836 1354 1882 contra
1384 1838 1482 1880 vos
1504 1824 1701 1880 extite-
1731 1827 1780 1888 B
1806 1826 1885 1882 Ex
1909 1826 2025 1897 ipsa
2043 1828 2216 1895 enim,
2245 1837 2303 1884 et
2331 1844 2397 1884 ex
2414 1829 2532 1899 ejus
2558 1839 2719 1885 utero
2743 1846 2894 1887 mors
2917 1843 3122 1887 aeterna
3150 1840 3234 1888 est
3264 1843 3412 1902 nata,

114 1922 181 1978 rit
208 1932 262 1978 et
291 1923 581 1993 periniqua
615 1930 642 1958 ⁸
675 1919 968 1987 instantia,
1011 1919 1212 1974 saevior
1242 1927 1428 1974 tamen
1467 1914 1708 1972 efficitur

111 2013 188 2071 ira
241 2014 500 2086 repetita.
558 2013 767 2086 Erigite
817 2014 981 2086 igitur
1011 2011 1093 2067 ab
1128 2013 1368 2068 terrenis
1422 2010 1708 2067 affectibus

111 2117 374 2178 trapaanm
435 2109 608 2163 vestri
653 2107 972 2163 certaminis
1024 2106 1399 2177 cgloriosum,
1449 2115 1504 2160 et
1535 2105 1708 2161 nolite

118 2201 246 2257 illud
271 2201 534 2257 amittere
558 2200 778 2257 fletibus
802 2199 1182 2273 parvulorum.

180 2295 263 2351 10.
297 2295 415 2365 Isti,
440 2310 577 2367 quos
609 2296 890 2366 plorantes
919 2293 1228 2361 attenditis,
1260 2290 1568 2364 gauderent
1612 2291 1710 2348 ho-

110 2388 194 2445 die
215 2389 259 2443 si
293 2399 522 2459 possent
553 2388 697 2444 scire
729 2403 855 2458 qua:
885 2390 1100 2453 nostis;
1153 2394 1345 2456 putant
1373 2385 1520 2441 enim
1567 2385 1713 2457 quod

107 2481 205 2538 ista
228 2483 336 2537 vita
360 2483 436 2538 sit
461 2483 601 2548 sola,
634 2498 760 2553 qua:
793 2481 838 2537 si
870 2480 1034 2538 finem
1068 2480 1368 2550 acceperit,
1391 2479 1540 2534 nulla
1573 2480 1716 2534 vitu-

109 2578 174 2633 lis
201 2580 423 2645 animre,
454 2593 690 2649 corpore
739 2576 1062 2643 deficiente,
1104 2577 1289 2632 valeat
1317 2575 1495 2645 portio
1536 2590 1714 2630 rema-

113 2688 265 2729 nere.
301 2673 360 2729 Si
394 2673 539 2730 enim
580 2677 789 2728 scirent
836 2687 961 2729 esse
999 2671 1233 2728 alteram
1272 2671 1437 2737 vitam
1472 2669 1716 2740 ignaram

110 2766 324 2831 mortis,
360 2766 610 2822 tristitizn
640 2765 906 2832 nesciam,
961 2764 1019 2821 in
1051 2779 1156 2835 qua
1203 2762 1587 2819 immortalitas
1630 2778 1719 2819 re-

106 2870 270 2933 gnat,
321 2869 382 2917 et
434 2868 695 2932 perpetua
725 2858 921 2930 gaudia
963 2867 1407 2924 commorantur;
1464 2855 1716 2928 profecto

113 2952 403 3008 vobiscum
425 2951 492 3006 ad
523 2951 675 3007 illam
717 2951 1044 3007 festinarent
1068 2952 1396 3021 pertingere,
1441 2956 1496 3005 et
1542 2949 1709 3004 vitam

110 3046 260 3104 illam
313 3063 420 3118 pro
475 3047 648 3103 nihilo
698 3055 1103 3118 computantes,
1166 3044 1316 3101 illam
1372 3053 1717 3116 appeterent,

108 3157 228 3212 quae
246 3151 304 3198 et
326 3145 383 3196 in
412 3140 781 3198 exsultatione
813 3148 1097 3210 permanet
1119 3148 1173 3196 et
1196 3137 1411 3209 penitus
1435 3138 1578 3194 ﬁniri
1613 3154 1718 3194 non

1811 1929 2057 1992 tempore
2088 1937 2197 1992 quo
2221 1923 2361 1993 gula:
2384 1939 2496 1978 suae
2516 1932 2572 1980 et
2599 1923 2812 1980 libidini
2858 1935 2914 1982 et
2955 1926 3420 1983 delectationibus

1810 2016 2094 2070 oculorum
2128 2014 2288 2084 primi
2321 2016 2576 2072 homines
2609 2019 2959 2085 servierunt;
2989 2029 3154 2091 atque
3183 2019 3308 2076 ideo
3329 2020 3424 2091 qui

1811 2107 1877 2163 ad
1904 2117 2171 2163 aeternam
2200 2108 2364 2162 vitam
2411 2108 2538 2164 facti
2597 2110 2832 2179 fuerant,
2864 2111 2970 2167 huc
3001 2111 3054 2166 in
3105 2112 3264 2167 isram
3289 2121 3420 2168 sunt

1811 2201 2096 2271 regionem
2125 2201 2316 2256 mortis
2349 2201 2539 2272 jactati
2578 2219 2592 2256 :
2625 2202 2753 2258 hinc
2805 2205 3003 2259 iterum
3031 2213 3162 2259 sunt
3187 2203 3255 2260 ad
3289 2205 3428 2261 infe-

1813 2306 1905 2347 ros
1935 2292 2203 2360 devoluti,
2234 2292 2371 2348 nihil
2400 2308 2589 2350 secum
2626 2304 2833 2365 praeter
2855 2304 3081 2367 peccata
3113 2305 3421 2367 portantes.

1817 2386 1945 2444 Haec
1963 2403 2092 2459 ergo
2115 2389 2226 2444 vita
2251 2396 2336 2445 est
2363 2405 2483 2460 quae
2514 2405 2613 2446 vos
2635 2390 2795 2461 fallit,
2823 2407 2856 2447 o
2892 2393 3053 2447 amici
3082 2392 3424 2461 charissimi,

1815 2489 1877 2535 ut
1902 2478 2112 2535 amicos
2138 2490 2351 2537 vestros
2379 2481 2445 2537 ad
2475 2482 2641 2538 vitam
2677 2494 2872 2542 euntes
2900 2494 3223 2556 perpetuam
3250 2485 3424 2556 injus-

1820 2581 1874 2628 to
1895 2574 2125 2630 consilio
2147 2575 2436 2634 revocetis.
2587 2619 2593 2627 .

2434 2666 2661 2726 CAPUT
2699 2669 2789 2725 IV.

1894 2758 2098 2833 Inferni
2127 2777 2307 2832 pinnae,
2342 2762 2554 2834 caelique
2600 2765 2815 2838 gaudia,
2846 2773 3134 2838 martyrum
3178 2765 3351 2822 aninis

2487 2857 2767 2912 inculcata.

1895 2945 1984 3001 12.
2028 2946 2154 3004 Haec
2183 2963 2281 3004 vos
2310 2948 2552 3020 instigat,
2587 2966 2620 3005 ο
2650 2961 2906 3022 parentes
2954 2949 3315 3018 sanetissimi,
3366 2963 3428 3010 ut

1822 3039 1965 3097 filios
1995 3050 2206 3098 vestros
2235 3044 2649 3114 proﬁcrscentes
2682 3045 2751 3100 ad
2786 3043 2805 3084 τ
2840 3047 3158 3102 comitatum
3191 3045 3340 3113 caeli,
3364 3046 3432 3103 ad

1823 3132 2088 3190 honorem
2119 3135 2608 3206 incorruptibilem,
2656 3137 2724 3192 ad
2767 3137 3034 3193 amicitias
3083 3138 3429 3209 imperatoris

111 3235 288 3290 novit.
325 3234 438 3291 Ista
465 3235 611 3290 enim
635 3236 741 3290 vita
774 3232 1001 3306 fugitiva
1043 3239 1129 3288 est
1149 3241 1203 3288 et
1235 3242 1343 3288 tam
1368 3232 1627 3300 intideils,
1662 3242 1717 3287 ut
1747 3233 1794 3295 C
1823 3229 2034 3295 aeterni,
2082 3230 2422 3285 stultissiinis
2453 3230 2936 3286 lamentationibus
2981 3230 3271 3287 revocetis.
3318 3230 3428 3289 Ista

108 3343 208 3385 nec
254 3329 605 3386 amatoribus
635 3329 750 3385 suis
806 3329 966 3385 fidem
1026 3327 1267 3399 potuerit
1298 3327 1595 3383 custodire.
1625 3327 1720 3395 ,Ab

107 3423 321 3494 origine
355 3422 506 3478 enim
555 3423 744 3477 mundi
783 3421 836 3476 in
863 3436 923 3477 se
954 3421 1250 3476 credentes
1278 3419 1498 3488 fefellit,
1532 3433 1723 3474 omnes

106 3528 166 3571 se
197 3524 591 3586 exspectantes
613 3515 858 3586 decepit,
889 3524 1119 3570 cunctos
1147 3513 1216 3569 de
1234 3529 1294 3570 se
1324 3522 1722 3584 praesumentes

104 3609 299 3679 irrisit,
348 3620 409 3667 et
449 3611 522 3665 ita
574 3609 783 3666 nullum
815 3610 1041 3665 omnino
1089 3616 1301 3664 certum
1354 3605 1615 3673 reddidit,
1665 3613 1724 3662 ut

105 3703 376 3759 omnibus
407 3704 671 3774 probetur
706 3702 875 3758 fuisse
915 3703 1161 3758 mentita.
1192 3703 1370 3771 Atque
1402 3701 1608 3755 utinam
1630 3713 1725 3755 so-

107 3798 215 3854 lius
267 3797 549 3855 mendacii
600 3797 780 3867 culpae
831 3807 980 3853 esset
1024 3797 1286 3865 obnoxia,
1329 3804 1385 3850 et
1415 3811 1513 3864 per
1544 3795 1727 3851 omnia

103 3890 346 3946 crimina
385 3904 614 3946 currere
643 3902 774 3945 suos
799 3905 907 3944 non
933 3896 1159 3958 cogeret
1181 3886 1618 3958 amatmestsa
1632 3885 1726 3942 dat

105 3983 446 4039 edacitatem
496 3978 524 4019 ἀ
573 3983 923 4055 glutonihus,
982 3982 1099 4052 ipsa
1146 3980 1474 4038 ebrietatem
1525 3980 1727 4052 ingerit

102 4076 461 4145 temulentis,
509 4075 624 4146 ipsa
656 4074 1001 4146 naufragium
1036 4073 1261 4145 pudoris
1291 4071 1575 4142 adulteris,
1609 4073 1726 4144 ipsa

106 4173 518 4232 exsecrabilem
553 4172 725 4228 tradit
752 4172 1174 4244 perversitatem
1201 4170 1456 4238 incestis;
1490 4172 1605 4242 ipsa
1639 4170 1728 4226 ad-

103 4278 303 4324 monet
351 4269 528 4324 furem
557 4310 572 4336 ,
630 4276 688 4322 ut
727 4268 934 4336 rapiat;
986 4265 1340 4333 iracundum,
1400 4272 1459 4320 ut
1500 4265 1725 4332 szeviat;

106 4363 472 4430 mendacem,
499 4372 558 4418 ut
589 4362 760 4417 fallat.
791 4362 912 4432 Ipsa
937 4361 1078 4416 inter
1101 4360 1363 4432 conjuges
1381 4359 1614 4416 divortia
1638 4376 1727 4416 se-

102 4457 309 4522 minat,
347 4456 494 4512 inter
517 4456 728 4511 amicos
760 4455 1090 4519 discordias,
1122 4454 1266 4509 inter
1293 4452 1548 4524 pacificos
1582 4453 1725 4520 litos,

106 4550 258 4605 inter
285 4550 476 4621 justos
502 4549 854 4620 injustitiam,
896 4550 1039 4604 inter
1066 4547 1264 4604 fratres
1293 4547 1575 4604 scandala.
1608 4547 1727 4619 Ipsa

1825 3331 1909 3377 est
1936 3338 2057 3393 quin
2090 3338 2207 3386 vos,
2241 3338 2274 3379 ο
2321 3325 2644 3380 castissima:
2674 3325 2933 3396 conjuges
2973 3324 3263 3381 Beatorum
3284 3369 3300 3394 ,
3335 3339 3433 3396 per

1825 3416 2043 3487 pietatis
2073 3419 2313 3473 colorem
2347 3419 2680 3489 impietatem
2717 3419 3014 3490 Martyrum
3045 3420 3318 3476 mentibus
3347 3419 3432 3476 fe-

1825 3512 1900 3566 cit
1945 3511 2181 3578 tradere,
2234 3521 2290 3568 et
2338 3529 2532 3569 necem
2576 3528 2676 3585 pro
2725 3513 3050 3570 liberatione
3101 3514 3318 3570 afferre.
3371 3513 3434 3573 Si

1826 3605 1971 3662 enim
2012 3606 2420 3662 consensissent
2455 3605 2791 3662 revocationi
2842 3618 3066 3672 vestrre,
3093 3621 3269 3676 pauco
3309 3606 3432 3677 qni-

1828 3700 1952 3756 dem
1985 3709 2230 3772 tempore
2257 3699 2540 3755 vobiscum
2593 3715 2718 3756 esse
2753 3709 3041 3770 poterant;
3074 3708 3268 3772 postea
3298 3715 3437 3758 vero

1827 3796 2092 3866 separari,
2117 3804 2174 3850 et
2203 3796 2274 3848 ita
2309 3795 2607 3858 habuerant
2635 3792 2879 3864 separari
2905 3809 2934 3848 a
2959 3793 3139 3860 vobis,
3187 3803 3246 3850 ut
3277 3809 3434 3850 num-

1828 3904 1988 3960 qu'im
2022 3904 2120 3943 vos
2152 3888 2255 3943 nisi
2305 3889 2448 3943 inter
2497 3898 2772 3944 tormenta
2819 3898 3083 3958 perpetua
3131 3887 3434 3956 videretis;

1828 3982 1921 4038 ubi
1952 3981 2090 4038 edax
2122 3981 2337 4036 flamma
2369 3979 2774 4038 incredulorum
2821 3982 3031 4036 animas
3058 3981 3311 4048 devorat,
3344 3981 3435 4038 ubi

1831 4075 2100 4132 dracones
2132 4074 2628 4147 blasphemantiimi
2661 4076 2798 4132 labia
2828 4076 3148 4145 comedunt,
3200 4077 3291 4133 ubi
3321 4091 3440 4133 ser-

1833 4177 2028 4240 pentes
2059 4167 2334 4224 morsibus
2365 4169 2478 4224 suis
2528 4167 2933 4225 incredulorum
2969 4177 3190 4240 pectora
3235 4170 3434 4240 depas-

1830 4275 2051 4320 cuntur.
2095 4263 2210 4318 Iilic
2250 4261 2488 4320 ululatus
2529 4274 2586 4320 et
2613 4263 2849 4336 gemitus
2895 4271 3078 4332 sonat,
3127 4273 3183 4320 et
3225 4264 3438 4320 clamor

1831 4358 2093 4414 confusus
2121 4399 2136 4425 ,
2171 4371 2335 4428 quem
2388 4355 2474 4414 vis
2505 4365 2904 4414 tormentorum
2936 4360 3214 4429 exagitat,
3246 4370 3301 4416 ct
3353 4359 3436 4415 in-

1833 4453 2014 4510 cendii
2047 4467 2238 4507 arsura
2269 4460 2578 4523 extorquet.
2613 4452 2739 4508 flmc
2770 4453 2885 4524 ipsa
2919 4463 3097 4508 autem
3131 4452 3436 4522 tribulatio,

1833 4564 1954 4620 qua:
1979 4547 2092 4604 illic
2119 4545 2355 4617 excipiet
2384 4546 2662 4615 infideles,
2695 4546 2849 4602 nullo
2877 4547 3116 4603 termino
3155 4548 3436 4618 delinitur,

103 4647 258 4700 tollit
312 4644 595 4714 judicibus
634 4644 929 4716 justitiam,
961 4644 1133 4701 castis
1166 4644 1511 4714 pudicitiam,
1550 4644 1983 4710 earti-Dnullo
2032 4643 2137 4698 fine
2182 4641 2562 4710 concluditur,
2612 4641 2710 4698 sed
2764 4656 2867 4698 nec
2918 4651 3041 4714 post
3088 4641 3437 4698 flammarum

105 4738 312 4795 ficibus
341 4737 619 4809 peritiam,
682 4739 798 4809 ipsa
837 4737 1020 4794 aufert
1052 4739 1305 4795 moribus
1350 4738 1723 4810 disciplinam.

100 4835 177 4890 Et
226 4843 292 4889 ut
345 4833 545 4888 altiora
572 4849 696 4905 quae
723 4835 1063 4890 amatoribus
1113 4833 1230 4890 suis
1270 4833 1468 4904 ingerit
1494 4833 1725 4889 crimina

104 4944 532 4996 memoremus;
565 4931 610 4986 si
642 4930 865 4987 fratrem
899 4931 1197 5002 aliquando
1223 4933 1398 4986 frater
1433 4946 1727 5002 germanus

98 5022 351 5089 occidit,
383 5025 428 5077 si
456 5023 603 5078 filius
633 5023 848 5079 necavit
887 5033 1123 5094 patrem,
1169 5022 1216 5078 si
1257 5022 1622 5095 interemptus
1644 5030 1730 5078 est

101 5118 176 5172 ab
210 5117 406 5172 amico
436 5115 675 5183 amicus;
725 5115 882 5188 cujus
925 5115 1039 5173 haec
1086 5115 1353 5172 instinctu
1407 5116 1548 5171 facta
1603 5123 1731 5171 sunt

99 5209 365 5276 scelera,
393 5208 550 5281 cujus
602 5209 824 5275 intuitu,
852 5211 1008 5278 cujus
1039 5224 1155 5279 spe,
1206 5206 1362 5278 cujus
1389 5207 1590 5263 fiducia
1625 5208 1730 5264 ista

103 5314 248 5361 sunt
279 5301 520 5358 nefanda
567 5303 904 5360 commissa?
955 5301 1224 5373 Numquid
1275 5314 1385 5356 nou
1436 5301 1730 5372 praesentis

182 5449 211 5476 τι
230 5439 372 5506 _Ms.
399 5436 526 5505 Rip.
559 5442 873 5496 constantia.

100 5515 132 5586 ι
181 5509 216 5550 ι)
252 5513 357 5567 Al.
391 5511 557 5582 plenis
584 5512 892 5579 affectibus;
924 5511 999 5570 al.
1024 5510 1244 5568 terrenis
1264 5511 1578 5585 aspectibus.

187 5593 214 5622 ε
250 5583 353 5639 AI.
392 5585 630 5640 σιω-ἰαί,

187 5600 214 5622 υ
250 5600 353 5639 Al.
392 5600 630 5655 gtortoag,

183 5653 215 5692 ά
255 5656 491 5734 Ifapias,
519 5655 676 5734 Glujo
703 5676 736 5713 a
755 5658 882 5732 gula
909 5659 1113 5734 dictus;
1138 5675 1324 5734 ganeo,
1363 5656 1640 5734 prodigus.

191 5735 218 5799 ξ
254 5729 507 5799 Quidam
539 5729 782 5799 Codices,
805 5731 1022 5788 artibus.

193 5795 216 5838 ί
272 5796 600 5870 Comitatus,
626 5795 777 5874 saepe
814 5806 1026 5861 comites
1060 5805 1429 5880 imperatoris;
1472 5806 1610 5864 alias
1651 5817 1741 5858 co-

1834 4737 2100 4792 atrocium
2150 4735 2495 4792 adustionem
2526 4737 2900 4804 consumitur,
2934 4737 3029 4794 scd
3079 4737 3146 4793 ad
3199 4737 3438 4795 rediviva

1833 4832 2084 4889 incendia
2120 4834 2314 4888 iterum
2346 4834 2436 4905 qui
2460 4833 2687 4890 adustus
2718 4833 2883 4891 fuerit
2912 4845 3219 4907 reparator.

1909 4926 1999 4981 15.
2043 4925 2195 4982 Hanc
2227 4941 2358 4998 ergo
2392 4941 2606 4998 pinnam
2639 4937 2692 4983 ct
2722 4927 2857 4984 istos
2905 4925 3205 4999 permittite
3237 4923 3440 4981 evade-

1790 5044 1796 5050 -
1834 5034 1918 5087 re,
1951 5027 2007 5076 et
2032 5019 2395 5089 vosmetipsos
2424 5019 2635 5090 eripere
2661 5027 2919 5090 cogitate.
2949 5019 3261 5076 Permittite
3293 5019 3441 5074 inte-

1836 5115 1939 5170 rim
1969 5115 2105 5171 istos
2129 5115 2196 5170 ad
2222 5130 2485 5171 coronam
2515 5116 2828 5188 pertingere
2857 5113 3213 5173 destinatam.
3259 5111 3442 5170 Nolite

1838 5209 2064 5276 timere;
2094 5225 2202 5266 non
2230 5212 2376 5267 enim
2404 5213 2810 5283 separaliuntur
2835 5227 2862 5264 a
2897 5207 3076 5278 Vobis,
3112 5208 3207 5265 sed
3240 5209 3442 5265 vadent

1833 5321 2145 5379 prmparare
2171 5307 2328 5364 vobis
2354 5309 2408 5363 in
2435 5308 2578 5364 coelo
2605 5307 2851 5364 sidereas
2878 5306 3214 5370 mansiones,
3242 5302 3298 5360 in
3328 5303 3443 5374 qui-

1843 5443 1983 5500 mitis
2014 5443 2281 5513 ofﬁcium;
2308 5445 2467 5514 vulgo
2493 5458 2637 5498 nunc
2663 5444 2856 5511 locum,
2877 5444 2990 5498 sive
3018 5441 3310 5498 districtum
3333 5443 3448 5514 ejus

1833 5517 2194 5589 jurisaictiuni
2224 5518 2550 5589 subiectum;
2569 5515 2668 5589 hic
2690 5520 2863 5589 aulam
2886 5514 3290 5589 significatasic
3317 5514 3450 5589 Pos-

1844 5585 2015 5643 Siilius
2047 5590 2100 5642 in
2136 5589 2246 5642 \ita
2270 5588 2328 5643 S.
2353 5586 2663 5659 Augustini,
2697 5586 2799 5643 Ubi
2825 5597 2949 5641 tunc
2976 5586 3220 5656 temporis
3243 5585 3450 5659 ynlen-

1843 5659 2033 5714 tiuiam’
2065 5660 2283 5715 minoris
2309 5655 2588 5714 comiiatus
2609 5662 2779 5726 [uerat
2805 5655 3296 5728 constitutas;etS.
3325 5663 3456 5711 Am-

1845 5730 1996 5815 bros.
2029 5733 2098 5790 de
2125 5732 2289 5791 Obitu
2324 5731 2714 5804 Valentiniani,
2737 5728 2909 5789 Iussit
2936 5747 3050 5789 eam
3067 5733 3135 5789 ad
3155 5731 3457 5788 comitatum

1846 5818 2038 5861 ventre.
