3950 6314
88 268 112 332 1
125 276 240 336 029

161 396 258 450 17.
289 395 372 454 Ad
422 397 644 455 delic'as
697 399 1001 454 veniamus.
1042 397 1146 467 Qui
1190 396 1356 455 habet
1404 413 1567 454 aures
1611 413 1707 453 au-
1733 397 1788 460 Α

77 486 305 556 diendi,
361 493 546 548 audiet
583 507 677 550 eas
725 493 970 550 dicentes
1003 493 1107 549 sibi
1140 512 1154 549 :
1182 493 1238 548 Si
1271 509 1400 550 vere
1429 502 1704 550 amatores

78 582 267 637 nostri
291 585 450 654 estis,
479 585 558 642 illi
583 602 680 643 nos
707 585 1112 653 commendate,
1141 586 1232 658 qui
1263 601 1362 642 nos
1385 585 1536 640 vobis
1567 586 1706 640 inte-

73 688 215 744 gras
248 676 600 750 illibatasquc
627 680 678 734 in
714 679 801 734 illa
836 680 1057 752 regione
1085 681 1358 748 resutuat,
1390 680 1440 735 in
1470 695 1573 751 qua
1607 695 1704 734 vo-

72 767 305 826 biscum
335 773 538 846 jugiter
577 789 800 831 manere
841 775 1149 846 pOSsiIIIUS:
1180 775 1229 828 iu
1263 776 1362 828 ista
1414 776 1558 830 enim
1595 775 1703 830 vita

74 864 125 918 si
173 868 346 924 vobis
399 878 646 925 nostrum
704 871 1039 925 voluerimus
1094 885 1365 938 occupare
1398 869 1702 935 servitium,

78 961 252 1028 quasi
284 960 375 1016 hic
398 973 662 1031 expertas,
696 962 768 1017 ibi
791 963 947 1018 vobis
978 963 1201 1017 omnino
1225 961 1544 1032 negabitnns
1574 978 1705 1017 nos-

75 1061 208 1119 trae,
239 1057 528 1112 servitutis
557 1056 818 1112 ofﬁcium.
849 1057 1112 1113 Dimittite
1137 1074 1232 1112 nos
1255 1058 1474 1112 interim
1499 1057 1707 1112 servire

73 1147 397 1215 morituris,
431 1148 556 1222 quia
591 1149 794 1205 idcirco
846 1149 1076 1204 breviati
1123 1160 1249 1204 sunt
1300 1149 1414 1205 dies
1462 1149 1707 1204 mortali-

74 1239 213 1310 bus,
245 1252 305 1297 ut
353 1242 754 1299 immortalibus
802 1242 1009 1314 jugiter
1061 1244 1405 1298 famulemur.
1436 1241 1523 1300 SLc
1562 1243 1704 1299 enim

72 1337 362 1405 scriptum
395 1348 476 1392 est
503 1337 721 1410 (Matth.
756 1353 903 1403 xxtv,
929 1335 1023 1410 22)
1051 1354 1064 1394 :
1092 1337 1325 1408 Propter
1348 1338 1554 1393 electos
1584 1339 1708 1394 bre-

70 1429 393 1486 viabuntur
424 1432 560 1497 dies,
598 1441 655 1486 ut
686 1432 923 1488 servitus
956 1440 1139 1487 nostra
1170 1447 1274 1486 non
1305 1433 1378 1487 sit
1410 1431 1590 1503 longa.
1624 1431 1708 1486 In-

67 1521 251 1593 justis
278 1523 500 1594 quidem
539 1524 826 1592 servimus]
855 1526 1050 1582 festino
1078 1535 1101 1563 ³
1121 1541 1282 1582 cursu
1313 1543 1325 1579 :
1357 1525 1557 1595 impiis.
1589 1540 1708 1580 sce-

72 1614 282 1672 leratis
305 1628 360 1672 et
379 1617 630 1688 turpibus
653 1618 944 1684 servimus,
969 1634 1074 1672 non
1105 1630 1330 1689 sponte;
1359 1617 1454 1673 sed
1488 1629 1707 1688 propter

70 1723 208 1764 eum
242 1708 468 1780 quinos
499 1709 762 1765 subdidit.
809 1711 1189 1765 Liberabimur
1230 1720 1410 1765 tamen
1453 1726 1481 1763 a
1533 1709 1708 1764 servi-

1183 279 1360 337 ACTA
1406 279 1463 339 S.
1505 276 1911 340 SEBASTIANI
1941 281 2320 342 MARTYRIS.
3274 283 3412 342 1050

2434 392 2659 452 CAPUT
2699 395 2784 450 Vl.

2193 492 2482 564 Martyrum
2503 491 2727 562 felicitas
2757 500 2806 545 et
2836 490 3024 561 gloria.

1835 660 1846 666 _
1877 585 1970 642 ‘20.
2004 584 2128 640 llmc
2152 593 2238 640 est
2267 586 2445 642 omnis
2494 603 2657 642 causa
2688 587 3023 652 certaminis,
3060 601 3183 656 quae
3227 601 3416 655 [accitas

1807 678 2051 752 tnartyrii
2102 679 2265 735 docet
2317 680 2634 736 tolerabiler
2690 679 2892 735 debere
2936 678 3178 735 suﬂ'erri.
3232 679 3411 735 Nolite

1809 789 1964 843 ergo,
2001 789 2031 826 o
2053 773 2236 836 amici,
2270 774 2461 838 nolite,
2492 789 2526 828 ο
2559 781 2834 842 parentes,
2867 773 3063 840 nolite,
3097 789 3129 826 ο
3159 772 3418 843 c0njuges

1809 870 2129 925 veneranda.-
2151 880 2491 936 sanctorum,
2522 871 2690 926 nolite
2713 886 2741 925 a
2766 872 2876 925 vita
2900 870 2965 924 ad
2995 881 3250 938 mortem,
3277 884 3415 940 quos

1809 963 2039 1034 diligitis
2106 979 2390 1029 revocare,
2437 979 2466 1017 a
2507 964 2705 1033 gaudio
2752 963 2818 1020 ad
2867 965 3071 1019 luctum
3117 964 3338 1028 ducere,
3389 979 3420 1018 a

1809 1059 2012 1113 lumine
2042 1059 2109 1114 ad
2145 1059 2402 1116 tenebras
2432 1057 2678 1120 trahere,
2707 1069 2762 1113 et
2791 1058 2859 1111 ab
2885 1069 3087 1112 aeterna
3123 1057 3312 1128 requie
3355 1057 3422 1112 ad

1810 1168 1997 1224 poenas
2026 1151 2388 1221 sempiternas
2417 1151 2718 1206 au'ccrsire.
2744 1151 2862 1206 Hoc
2915 1161 3002 1208 est
3052 1166 3175 1207 cum
3209 1151 3428 1206 diabolo

1807 1246 1960 1318 quasi
1992 1245 2233 1315 piscibus
2266 1246 2484 1299 hamum
2528 1244 2777 1306 tendere,
2804 1253 2858 1300 et
2886 1247 3122 1301 invitare
3147 1245 3211 1299 ad
3246 1245 3424 1300 modi-

1809 1354 1927 1395 cnm
1959 1341 2321 1406 suavitatem,
2355 1340 2408 1393 in
2442 1353 2545 1408 qua
2572 1338 2717 1392 intus
2743 1339 2906 1394 lateat
2936 1341 3212 1394 cruciatus
3243 1340 3419 1393 visco-

1810 1443 2025 1500 rum,et
2053 1448 2204 1488 mors
2233 1433 2557 1488 interiorum
2584 1432 2866 1486 tormentis
2896 1442 3131 1487 extorta.
3151 1432 3420 1503 Numquid

1810 1543 1917 1581 non
1954 1528 2056 1581 hoc
2085 1535 2170 1581 est
2201 1527 2265 1579 ad
2300 1525 2803 1594 compensationem
2838 1534 3164 1579 aeternarum
3197 1525 3424 1579 delicia-

1809 1633 1928 1673 rum
1963 1616 2183 1688 fugitiva
2209 1616 2404 1687 gaudia
2440 1625 2811 1688 anteponere;
2843 1626 2896 1672 et
2927 1626 2982 1671 ut
3026 1633 3314 1686 perparum
3349 1619 3425 1672 ri-

1809 1711 1993 1779 deant,
2022 1713 2246 1766 mternis
2278 1710 2497 1766 ﬂetibus
2529 1710 2886 1782 mancipare?
2920 1710 3032 1766 lloc
3069 1711 3120 1766 in
3152 1711 3421 1782 gladiato-

75 1810 202 1857 tute
231 1802 627 1874 corruptionis,
657 1813 712 1858 et
742 1805 1132 1860 revocabimur
1160 1805 1225 1858 ad
1263 1803 1708 1875 bbertatetnglo-
1739 1813 1786 1872 Β
1812 1805 1978 1870 ribus,
2016 1803 2108 1875 qui
2155 1804 2299 1860 ultro
2353 1818 2413 1859 se
2465 1803 2722 1870 oﬂ'erunt,
2773 1805 3013 1858 universi
3074 1803 3422 1870 damnamus,

74 1893 180 1949 riae
240 1896 480 1951 filiorum
523 1897 633 1952 Dei.
686 1897 875 1953 Omnis
922 1897 1107 1968 itaque
1157 1897 1465 1963 delectatio,
1511 1898 1708 1952 futurae

72 1987 216 2042 vita:
261 1999 504 2056 servata,
554 2006 661 2045 non
719 1989 996 2060 perditur;
1051 2005 1226 2061 neque
1285 1991 1431 2046 enim
1483 1990 1710 2060 repositi

78 2080 346 2138 thesauri
385 2082 772 2138 existimantur
803 2083 872 2140 ab
893 2099 958 2139 eo
986 2084 1078 2154 qui
1105 2098 1199 2140 eos
1247 2083 1614 2140 absconderat
1657 2083 1708 2139 in

78 2179 284 2244 terris,
339 2179 641 2244 interesse;
673 2178 771 2233 sed
804 2179 976 2250 magis
1019 2186 1171 2234 tanto
1213 2180 1461 2236 securius
1507 2194 1568 2236 se
1615 2196 1710 2236 eos

77 2272 303 2329 habere
322 2273 568 2341 confidit,
595 2282 800 2346 quanto
830 2274 1219 2346 eos_occultius
1247 2284 1301 2331 et
1341 2277 1508 2331 tutius
1537 2275 1712 2330 collo-

80 2369 336 2422 caverit.

168 2459 263 2516 18.
284 2459 407 2516 Sint
429 2476 560 2531 ergo
591 2461 841 2531 repositte
864 2460 1106 2516 omnium
1131 2460 1451 2516 deliciarum
1479 2459 1708 2517 afﬂuen-

85 2552 210 2620 tius,
260 2563 322 2608 ut
371 2570 481 2609 non
521 2553 909 2630 contingantur
957 2555 1008 2609 in
1044 2555 1148 2610 ista
1195 2555 1331 2620 vita,
1367 2572 1489 2626 qua:
1514 2567 1710 2626 pra-te-

84 2648 164 2705 rit
193 2667 208 2704 :
239 2649 360 2720 quia
392 2651 438 2705 si
470 2649 559 2705 hic
589 2649 642 2705 in
667 2666 768 2704 usu
798 2650 1018 2715 fuerint,
1051 2650 1103 2705 in
1131 2651 1224 2706 illa
1254 2651 1383 2716 vita,
1409 2668 1529 2723 qum
1558 2669 1713 2706 nuut-

85 2758 263 2814 quam
320 2743 604 2813 prasterit,
661 2743 1004 2798 atnittentur.
1061 2744 1215 2811 Esto,
1250 2745 1395 2816 quod
1451 2746 1553 2802 ista
1604 2747 1710 2801 vita

85 2845 324 2891 centum
348 2836 605 2892 tendatur
643 2852 908 2892 annorum
943 2838 1158 2908 Spatiis,
1194 2840 1454 2911 numquid
1487 2841 1714 2896 exclusa

88 2928 189 2985 die
216 2929 405 2983 ultima
435 2946 542 2985 non
575 2930 758 2986 statim
788 2930 1066 2987 videbitur
1096 2932 1252 3003 quasi
1297 2949 1403 2987 non
1440 2933 1628 3000 fuisse,
1661 2944 1716 2990 et

91 3038 164 3080 ac
197 3026 463 3079 memoria
493 3024 723 3095 hospitis
746 3040 856 3080 uno
887 3024 974 3080 die
1003 3025 1146 3096 apud
1175 3040 1276 3081 nos
1299 3027 1572 3082 manentis
1596 3041 1719 3082 ves-

95 3116 235 3187 tigia
284 3117 616 3187 reliquisse?
646 3117 742 3172 Illa
792 3129 975 3173 autem
1028 3117 1138 3172 vita
1185 3128 1368 3173 manet
1409 3118 1632 3190 jugitcr,
1663 3129 1722 3175 et

1809 1897 1899 1968 qui
1925 1896 2285 1952 considerant
2314 1897 2472 1950 unius
2500 1897 2626 1950 anni
2659 1896 2904 1962 delicias,
2931 1906 2984 1951 ct
3019 1913 3127 1950 non
3167 1895 3425 1951 conside-

1808 2000 1953 2056 rant,
1999 1990 2091 2060 qui
2141 1989 2350 2046 fructus
2404 2007 2471 2045 ex
2526 1992 2658 2060 ipsis
2699 1990 2914 2045 deliciis
2969 1991 3202 2044 oriatur.
3241 1989 3302 2043 Et
3347 1989 3424 2044 illi

1809 2083 2128 2138 cruciantur
2151 2082 2348 2138 ictibus
2376 2082 2706 2153 gladiorum,
2728 2082 2813 2137 vel
2843 2083 3051 2138 alterna
3082 2083 3237 2138 caede
3257 2081 3428 2137 inter-

1813 2194 1879 2234 na
1905 2180 2198 2245 viscerum,
2226 2179 2400 2244 scisso
2453 2178 2662 2234 ventris
2717 2179 2974 2250 tegmine,
3009 2180 3061 2234 in
3120 2187 3418 2248 conspectu

1813 2269 2106 2341 proferunt
2131 2271 2479 2343 populorum,
2513 2282 2570 2326 ttt
2594 2272 2890 2343 pinguedo,
2924 2288 3083 2344 quam
3121 2273 3424 2328 inconsulta

1812 2363 1999 2434 sagina
2029 2363 2361 2429 contulerat,
2393 2361 2656 2419 offeratur
2697 2363 2916 2420 diabolo
2942 2364 3268 2420 devoranda.
3317 2364 3428 2420 lato

1813 2457 2050 2513 consilio
2081 2457 2311 2526 inimici,
2343 2472 2451 2528 quo
2483 2458 2572 2512 isti
2607 2458 2725 2513 haec
2773 2458 2998 2526 faciunt,
3033 2459 3148 2529 ipso
3193 2460 3428 2514 consilio

1814 2552 1880 2606 ad
1906 2553 2067 2607 vitam
2102 2561 2358 2607 aeternam
2393 2562 2584 2606 euntes
2616 2552 2712 2606 Dei
2754 2553 3026 2624 Martyres
3071 2563 3425 2619 revocantur,

1813 2648 1907 2719 qui
1951 2658 2008 2704 ut
2055 2647 2220 2704 vitam
2273 2664 2566 2717 paucorum
2623 2649 2835 2704 dierum
2868 2647 3104 2704 vivantb
3132 2661 3431 2706 exorautur

1816 2753 2111 2814 perpetuos
2160 2743 2435 2798 cruciatus
2483 2743 2786 2811 incurrere,
2837 2753 2891 2798 et
2942 2753 3177 2798 mortem
3236 2760 3430 2814 perpe-

1818 2844 1986 2902 tuam,
2012 2851 2134 2908 quae
2164 2836 2476 2906 specialiter
2505 2838 2792 2891 metuenda
2821 2846 2926 2903 est,
2963 2852 3071 2891 non
3107 2837 3321 2892 timere.

1887 2934 1980 2988 21.
2012 2933 2150 2989 lluic
2179 2933 2299 2988 loco
2331 2931 2469 2988 forte
2500 2933 2630 2988 illud
2670 2933 2948 3004 apponitis
2982 2949 2995 2985 :
3028 2931 3207 3001 Quare
3244 2931 3436 2987 Chris-

1821 3029 1998 3084 tianus
2029 3036 2303 3082 tormenta
2328 3043 2433 3082 non
2470 3026 2685 3095 metuit,
2718 3037 2773 3082 et
2803 3029 3090 3098 prtesentis
3119 3042 3224 3081 non
3253 3035 3425 3080 terre-

1819 3132 1906 3179 tur
1935 3135 1956 3164 ο
1983 3140 2140 3197 poma
2172 3121 2441 3179 tortoris?
2472 3121 2596 3177 Ideo
2629 3137 2734 3176 non
2785 3119 3056 3192 frangitur
3102 3127 3274 3186 metu,
3310 3117 3433 3174 ideo

93 3224 425 3280 perseverat
458 3210 748 3278 instanter,
777 3211 933 3266 anuis
956 3225 1174 3281 quoque
1226 3211 1540 3267 labentibus
1563 3212 1719 3280 juve—
1747 3206 1792 3270 C
1823 3219 2020 3277 dolore
2047 3236 2152 3277 non
2183 3221 2422 3288 ducitur,
2447 3220 2572 3290 quia
2605 3219 2701 3273 scit
2735 3233 2796 3276 se
2825 3223 2983 3274 unius
3007 3218 3216 3274 doloris
3265 3218 3435 3288 pretio

95 3305 285 3359 nescit
318 3312 373 3360 et
405 3304 599 3373 pollet,
644 3315 697 3360 et
724 3303 853 3360 inde
892 3305 1266 3360 renovationis
1297 3305 1462 3360 sumit
1503 3307 1715 3361 initium

97 3398 260 3454 unde
316 3399 438 3454 finis
491 3398 784 3470 accipitur.
819 3398 862 3455 Ο
898 3414 1027 3456 vere
1080 3399 1233 3455 illum
1285 3401 1612 3471 degenerem
1665 3410 1720 3456 et

95 3493 355 3548 omnium
385 3493 653 3550 bonorum
682 3503 986 3566 expertem,
1019 3495 1111 3564 qui
1140 3493 1302 3565 hujus
1332 3507 1440 3550 tam
1466 3495 1718 3551 formosae

95 3587 236 3642 vita:
259 3602 448 3644 amore
476 3603 584 3644 non
615 3589 855 3659 capitur!
889 3589 976 3660 qui
1011 3588 1160 3644 timet
1201 3587 1362 3644 istam
1395 3591 1560 3644 vitam
1605 3598 1717 3646 tra-

95 3682 241 3738 dere
271 3683 594 3751 perituram,
624 3693 678 3738 ct
701 3682 847 3737 illam
881 3683 1134 3753 accipere
1161 3698 1282 3754 qua:
1305 3683 1518 3753 penitus
1541 3683 1720 3754 perire

98 3791 222 3833 non
261 3775 440 3844 novit,
473 3776 524 3832 in
570 3792 674 3848 qua
706 3776 919 3832 deliciae
943 3787 996 3832 et
1039 3777 1460 3847 delectationes,
1493 3787 1547 3834 et
1579 3776 1719 3833 divi-

98 3871 226 3936 tias,
253 3879 310 3926 et
333 3871 531 3942 gaudia
560 3871 638 3926 sic
689 3870 974 3938 ittcboant,
1007 3879 1066 3926 ut
1100 3871 1390 3926 terminum
1432 3871 1718 3937 nesciant;

99 3968 189 4023 sic
230 3967 556 4038 principium
610 3967 850 4039 capiunt,
883 3977 940 4022 ttt
968 3968 1192 4038 penitus
1227 3967 1392 4022 finire
1447 3984 1553 4022 non
1598 3983 1722 4038 po;-

104 4061 248 4116 sint.

187 4153 280 4210 19.
300 4152 430 4210 Nam
453 4155 546 4226 qui
575 4153 735 4226 hujus
759 4165 867 4212 tam
901 4155 1183 4226 praeclara:
1215 4155 1338 4211 vitae
1360 4165 1573 4211 amator
1601 4171 1723 4211 esse

104 4247 380 4314 noluerit,
424 4262 533 4302 non
571 4249 744 4304 solum
797 4249 952 4304 istam
979 4248 1176 4320 perdit,
1210 4257 1266 4305 et
1301 4249 1368 4304 ad
1398 4248 1566 4321 jillam
1615 4264 1721 4303 nou

105 4343 386 4414 pervenit,
424 4357 616 4399 verum
644 4343 804 4401 etiam
830 4353 891 4399 ut
914 4343 1026 4416 jam
1059 4343 1221 4400 dixia
1254 4353 1515 4417 perpetua
1548 4353 1725 4400 morte

105 4435 333 4506 capitur
361 4445 416 4492 et
459 4445 712 4503 tenetur;
749 4436 802 4492 in
834 4452 938 4508 qua
971 4447 1053 4493 est
1079 4437 1224 4509 jugis
1267 4438 1505 4506 ﬂamma,
1541 4453 1726 4510 perse-
1770 4443 1779 4454 '

108 4545 322 4586 vorans
354 4529 656 4596 tribulatio,
690 4540 744 4586 et
775 4545 934 4600 pcena
967 4541 1264 4602 perpetua;
1297 4530 1350 4586 in
1384 4547 1486 4602 qua
1510 4539 1725 4588 atroces

1822 3325 2098 3386 perpetua:
2127 3316 2375 3371 sanitatis
2405 3314 2659 3386 gaudium
2699 3331 2884 3370 emere
2911 3333 2924 3381 ;
2954 3324 3010 3370 et
3045 3331 3140 3384 per
3177 3330 3427 3370 momcu-

1822 3417 2033 3463 laneam
2076 3407 2485 3464 tribulationem
2517 3406 2583 3461 ad
2639 3417 2954 3477 perpetuam
3007 3405 3320 3462 felicitatem
3367 3412 3424 3460 et

1819 3500 2206 3570 sempiternam
2240 3500 2480 3556 lmtitiam
2509 3501 2816 3570 pervenire.
2850 3499 2954 3555 Sed
2985 3497 3029 3552 si
3080 3500 3186 3554 iste
3226 3501 3422 3554 timen-

1819 3593 1922 3648 dus
1949 3593 2021 3647 sit
2043 3593 2219 3661 dolor,
2251 3593 2524 3648 timendus
2547 3591 2614 3646 sit
2637 3592 2903 3657 carnifex,
2938 3590 3182 3646 timenda
3213 3605 3432 3662 quoque

1821 3665 2142 3744 sméfei
2171 3687 2439 3759 exquisita
2481 3687 2704 3742 tortoris
2747 3684 3074 3750 crudelitas;
3107 3699 3232 3754 qua:
3262 3685 3436 3754 magis

1821 3781 2084 3847 timenda,
2116 3796 2236 3852 qua:
2269 3780 2564 3847 horre.:da,
2598 3796 2718 3851 qusc
2748 3779 2918 3849 magis
2952 3776 3202 3848 lngienda
3237 3786 3341 3844 est,
3372 3785 3430 3834 et

1822 3875 2087 3943 cavenda,
2131 3873 2233 3930 ista
2283 3889 2404 3944 qua:
2454 3873 2617 3928 hodie
2672 3871 3006 3936 effervescit,
3054 3880 3109 3925 et
3141 3885 3264 3924 cras
3312 3885 3438 3925 eva‘

1823 3967 2040 4024 nescit?
2072 3965 2174 4022 ista
2199 3981 2324 4038 qua:
2355 3965 2519 4021 hodie
2565 3965 2897 4031 exardescit,
2928 3975 2980 4020 et
3011 3979 3133 4018 cras
3175 3963 3432 4034 refriges-

1823 4063 1937 4118 cit?
1969 4061 2072 4117 ista
2097 4077 2218 4132 qua:
2243 4061 2344 4118 sub
2376 4060 2508 4116 hora
2533 4059 2827 4126 inducitur,
2856 4070 2908 4115 et
2936 4059 3038 4114 sub
3067 4058 3199 4114 hora
3245 4059 3436 4115 exclu-

1823 4157 2010 4214 ditur?
2055 4172 2125 4212 an
2185 4157 2274 4212 illa
2328 4173 2449 4227 quze
2499 4156 2650 4211 nullo
2702 4155 2806 4210 line
2861 4156 3233 4222 concluditur,
3283 4155 3436 4212 nullo

1825 4259 2070 4323 tempore
2109 4251 2496 4324 exstinguitur,
2525 4250 2672 4306 nulla
2697 4253 2940 4322 fprorsus
2969 4249 3313 4307 consumitur
3339 4267 3437 4307 ve-

1827 4345 2064 4401 tustate?
2090 4344 2220 4401 Nam
2254 4344 2358 4402 iste
2386 4344 2546 4400 dolor
2575 4352 2667 4398 aut
2699 4343 2831 4400 levis
2870 4353 2973 4412 est,
3008 4355 3062 4400 et
3094 4354 3275 4415 potest
3304 4345 3442 4401 tole-

1825 4437 2071 4494 rabiliter
2093 4437 2390 4504 sustineri;
2425 4445 2517 4493 aut
2539 4437 2720 4510 gravis
2743 4448 2848 4506 est,
2881 4448 2935 4492 et
2965 4439 3206 4508 glorioso
3253 4447 3436 4493 certa-

1827 4533 1972 4590 mine
1999 4533 2225 4590 citatum
2249 4532 2413 4590 oﬂ'ert
2444 4532 2637 4599 finem;
2669 4532 2763 4588 ille
2795 4541 2976 4588 autem
3013 4547 3298 4604 ptenarum
3342 4531 3443 4587 do-

108 4624 304 4696 angeli
327 4631 760 4691 commorantur,
789 4640 1023 4695 quorum
1052 4624 1278 4680 brachia
1305 4625 1483 4692 capita
1535 4625 1727 4680 draco—
1751 4609 1805 4671 Ῑ)
1831 4627 1912 4682 lor
1933 4638 1984 4683 et
2016 4629 2290 4684 cruciatus
2331 4627 2592 4694 incendii,
2624 4627 2714 4696 qui
2749 4624 2910 4696 hujus
2942 4625 3070 4680 vitae
3103 4624 3438 4681 amatoribus

107 4734 249 4775 num
286 4727 431 4786 sunt,
465 4734 695 4790 quorum
735 4719 886 4774 oculi
914 4735 980 4775 ex
1014 4734 1072 4776 se
1100 4719 1284 4790 igneas
1325 4718 1550 4789 sagittas
1573 4717 1726 4788 jacu-

102 4811 331 4877 lantur;
367 4827 598 4883 quorum
636 4810 833 4867 dentes
877 4811 1018 4868 sicut
1048 4809 1354 4881 elephantis
1387 4810 1724 4881 prominent,

101 4915 165 4964 et
193 4905 487 4963 Stimulant
510 4907 576 4962 ad
608 4917 939 4963 tormentum
963 4907 1128 4963 veluti
1150 4906 1336 4962 cauda:
1359 4906 1725 4977 scorpionum,

101 5016 356 5073 quorum
387 5015 552 5058 voces
583 5001 751 5057 veluti
782 5001 998 5058 leonum
1034 5001 1282 5059 fremitus
1336 5009 1554 5066 sonant,
1590 5015 1727 5072 quo-

101 5111 240 5154 rum
290 5106 545 5166 aspectus
581 5106 869 5151 tremorem
924 5095 1112 5152 incutit
1155 5095 1360 5166 pariter
1388 5101 1443 5150 ct
1481 5093 1731 5150 dolorem

106 5203 164 5250 et
203 5201 465 5248 mortem.
497 5192 673 5263 Atque
707 5192 911 5246 utinam
938 5207 1085 5245 tnors
1117 5199 1297 5261 posset
1333 5190 1385 5243 in
1421 5188 1505 5243 his
1538 5203 1735 5257 angus-

107 5287 213 5342 tiis
247 5285 565 5342 ccustitutis
586 5285 916 5340 occurrere!
949 5283 1055 5340 Sed
1079 5283 1221 5354 quod
1251 5292 1334 5338 est
1363 5281 1637 5346 acerbius,
1669 5281 1735 5336 ad

111 5377 230 5434 hoc
261 5378 486 5447 vivitur,
517 5386 577 5432 ut
634 5377 963 5433 cruciatibus
1015 5377 1371 5448 gubernetur,
1406 5375 1471 5431 ad
1507 5375 1608 5430 hoc
1641 5389 1730 5431 re-

114 5472 534 5544 dintegrantur,
565 5482 623 5527 ut
667 5486 827 5527 exesa
854 5471 1188 5542 serpentium
1235 5471 1510 5526 morsibus
1563 5484 1734 5524 ruent-

117 5564 226 5622 bra
273 5567 488 5623 iteratis
544 5564 778 5623 subinde
808 5577 859 5620 et
916 5563 1114 5621 iterum
1166 5563 1411 5636 repetitis
1460 5562 1732 5619 morsibus

122 5666 514 5716 attrectentur.

202 5809 234 5840 ⁸
263 5802 350 5857 Al.
377 5801 610 5857 incursu.

202 5867 235 5914 ι’
264 5873 353 5930 Δὶ.
378 5871 656 5931 docentur.

1833 4723 2012 4791 datur,
2043 4739 2166 4779 cum
2215 4723 2286 4778 sit
2327 4719 2704 4777 vehementior
2733 4721 2988 4776 universo
3017 4726 3437 4788 _tormentorum

1831 4833 2055 4889 genere,
2105 4832 2400 4890 numquam
2447 4815 2720 4872 finiendus
2770 4815 3106 4888 aggreditur,
3153 4823 3206 4868 ct
3258 4812 3439 4867 acrius

1834 4911 2065 4968 subinde
2096 4926 2257 4984 quam
2300 4909 2643 4966 iuchoaverit
2671 4907 2843 4976 saevit,
2883 4919 2938 4965 et
2969 4908 3153 4962 nullus
3177 4903 3441 4960 saeviendi

1833 5004 2118 5072 terminus,
2153 5005 2333 5060 nullus
2357 5005 2582 5060 omnino
2609 5005 2732 5060 linis
2784 5003 3046 5067 occurrit,
3084 5000 3178 5056 sed
3231 5000 3436 5056 habens

1834 5113 2018 5156 secum
2049 5102 2302 5156 universa
2337 5099 2724 5172 suppliciorum
2757 5111 2954 5169 genera
3005 5095 3236 5149 subinde
3279 5110 3442 5149 reno-

1834 5200 1994 5247 vatur
2025 5202 2085 5248 ut
2108 5193 2319 5261 saeviat,
2355 5202 2735 5265 augmentatur
2769 5200 2826 5247 ut
2874 5188 3184 5257 excruciet,
3230 5187 3444 5244 inﬂatu-

1837 5294 2019 5342 matur
2047 5296 2106 5342 ut
2131 5287 2316 5343 acrius
2339 5296 2482 5343 urat.

1911 5381 2003 5435 εἳ.
2032 5381 2167 5439 llinc
2199 5398 2327 5455 ergo
2358 5383 2426 5438 ab
2453 5382 2554 5437 hoc
2583 5380 2830 5445 interitu,
2855 5393 2994 5450 quos
3025 5391 3292 5442 amamus,
3323 5375 3449 5432 bor-

1841 5483 2025 5530 temur
2062 5475 2330 5542 evadere;
2373 5483 2426 5530 et
2456 5490 2552 5530 nos
2585 5475 2732 5544 ipsos
2765 5471 2831 5527 ad
2863 5469 3204 5527 evadendum
3238 5470 3451 5526 fortiter

1840 5581 2208 5639 praeparemus
2240 5587 2252 5623 :
2286 5583 2386 5624 nec
2418 5567 2706 5622 timeamus
2732 5581 2836 5618 una
2871 5565 3000 5620 hora
3031 5562 3174 5620 ferre
3201 5563 3446 5618 dolorem

1841 5657 1892 5714 in
1949 5675 2217 5732 corpore,
2275 5660 2369 5732 qui
2424 5668 2677 5730 optamus
2723 5669 2994 5730 perpetuo
3039 5656 3278 5731 gaudere
3327 5671 3448 5713 cum

1949 5810 1970 5841 ε
1998 5801 2097 5859 Ms.
2129 5801 2276 5872 Rip.,
2310 5815 2471 5873 parua
2498 5799 2786 5858 tormentis.
