3950 6314
117 261 248 322 1055

1143 271 1330 330 ACTA
1370 274 1430 332 S.
1474 275 1888 340 SEBAS'I‘IANI
1923 283 2310 346 MARTYRIS.

3264 301 3402 359 ωτι

117 376 339 437 tirocinii
381 377 532 435 initia
572 379 829 440 militaria
855 385 1046 443 saltem
1075 388 1228 460 signa
1258 395 1609 463 sumpsistis;
1643 406 1700 454 et
1725 402 1772 462 Α
1803 401 1948 472 quod
1980 403 2232 462 charitati
2263 407 2358 463 Dei
2384 408 2742 479 prtctulerant
2776 427 3018 470 amorem
3068 417 3286 484 carnis;
3346 429 3404 474 et

111 473 216 544 jam
254 485 355 543 pro
389 487 521 528 vero
560 473 707 546 Rege
731 492 882 534 arma
913 481 1174 552 arripitis,
1208 495 1264 539 et
1292 477 1408 556 ejus
1435 489 1640 544 milites
1669 506 1698 545 a

113 567 320 624 vinculo
358 565 489 622 ferri
529 568 822 642 solventes,
867 588 962 630 vos
992 575 1141 646 ipsos
1176 577 1474 650 intrepidos
1501 582 1701 653 optatis

115 676 211 733 pro
237 660 546 717 occidendis
574 665 770 720 occidi.

179 753 265 809 27.
295 753 426 810 Cum
469 754 588 812 hinc
643 758 930 817 audientes
981 777 1174 821 omnes
1224 768 1433 838 pariter
1481 767 1703 827 ﬂetibus

113 847 475 921 paenitentiam
521 852 814 919 praeteritae
865 857 1236 924 persuasionis
1292 860 1691 932 ostenderent,

111 940 313 997 Marcus
341 942 452 997 ait:
479 940 710 1014 Discite,
745 957 1000 1016 parentes
1029 950 1368 1019 charissimi,
1401 963 1457 1011 et
1487 967 1701 1026 vester,

111 1047 143 1089 ο
169 1033 446 1105 conjuges,
464 1033 641 1091 discat
661 1036 867 1109 jugalis
895 1040 1147 1109 affectus,
1169 1043 1435 1102 adversus
1467 1062 1702 1118 pugnam

109 1124 338 1194 diaboli,
367 1137 422 1184 et
450 1139 647 1185 contra
679 1147 872 1191 omnes
897 1137 1129 1208 sagittas
1149 1137 1438 1196 affectuum
1461 1141 1702 1200 carnalis

113 1218 369 1277 desiderii
392 1222 644 1294 clypeum
675 1226 943 1283 virtutum
992 1245 1295 1301 opponere,
1351 1240 1517 1305 atque
1561 1233 1706 1290 inter

115 1314 248 1369 acies
275 1318 539 1386 tyrannici
570 1321 850 1376 exercitus
877 1323 1020 1380 hosti
1048 1341 1154 1380 non
1185 1327 1408 1393 cedere,
1435 1327 1703 1384 dimicare

111 1407 300 1471 acrius,
323 1415 348 1442 ιι
378 1407 609 1477 gradum
645 1419 856 1478 tenere,
885 1423 940 1470 et
970 1415 1036 1471 ad
1071 1432 1254 1488 regem
1270 1418 1490 1474 fortiter
1511 1434 1706 1490 perve-

113 1496 244 1552 uiro.
267 1495 554 1570 lnsurgant
577 1515 842 1573 quantum
866 1506 1079 1573 volunt,
1111 1519 1166 1564 et
1194 1510 1704 1569 saeviantsatellites

111 1589 497 1661 daamonum,et
515 1595 713 1667 quibus
753 1600 944 1656 volunt
967 1604 1146 1672 pomis
1175 1619 1406 1677 corpora
1437 1606 1704 1662 dilauient

109 1693 525 1759 nostra;corpus
552 1690 806 1749 occidere
833 1704 1084 1763 possunt,
1103 1697 1201 1754 sed
1219 1699 1454 1754 animam
1478 1701 1702 1757 vincere

1805 498 1928 567 quia
1952 499 2020 553 ab
2040 516 2216 572 agone
2238 505 2481 578 martyrii
2499 507 2620 562 ausi
2645 506 2873 565 fuissent
2901 511 3112 567 animos
3141 529 3405 570 revocare

1804 603 2143 648 sanctorum.
2177 594 2425 668 Cumque
2473 614 2665 657 omnes
2699 644 2714 669 ,
2767 602 2859 672 qui
2920 604 2988 658 ad
3046 605 3402 677 decipiendos

1803 695 2023 742 sanctos
2069 697 2378 755 venerant,
2435 693 2770 750 unanimiter
2807 696 3098 753 crederent
3151 699 3397 769 Christo,

1801 775 2145 834 Nicostratus
2163 795 2286 836 cum
2309 783 2540 856 conjuge
2571 800 2669 841 sua
2698 788 2924 858 urgebat
2944 804 3006 845 se
3027 789 3251 846 dicens:
3281 791 3401 848 Non

1805 867 1983 924 cibum
2016 871 2255 942 capiam,
2281 889 2458 944 neque
2482 887 2691 946 potum,
2721 879 2822 934 nisi
2848 878 2876 917 ἀ
2915 883 3236 951 mysterium
3267 883 3403 940 mihi

1804 958 2121 1017 christiana:
2153 963 2433 1035 religionis
2457 966 2618 1022 fuerit
2657 969 2938 1026 traditum.
2989 968 3090 1029 Cui
3127 973 3187 1030 S.
3235 973 3406 1030 Seba-

1801 1053 2011 1109 stianus
2035 1055 2174 1112 dixit
2202 1075 2216 1112 :
2247 1057 2391 1113 Muta
2419 1055 2740 1129 dignitatem
2770 1072 2938 1130 tuam,
2965 1072 3021 1120 et
3062 1081 3189 1122 esse
3234 1068 3406 1138 magis

1803 1147 1982 1215 incipe
2010 1147 2213 1206 Christi
2247 1151 2672 1221 primiscrinius,
2733 1171 2896 1226 quam
2955 1158 3224 1227 prmfecti.
3259 1159 3402 1216 Audi

1804 1241 1986 1312 itaque
2015 1244 2300 1300 consilium
2332 1261 2538 1309 meum.
2557 1257 2612 1301 et
2640 1262 2837 1305 omnes
2865 1265 3001 1321 quos
3028 1268 3217 1309 carcer
3241 1254 3405 1310 inclu-

1802 1335 1895 1402 sit,
1925 1352 2063 1407 quos
2091 1338 2306 1394 vincula
2339 1347 2551 1408 tenent,
2583 1356 2719 1413 quos
2769 1347 3047 1415 ergastula
3077 1349 3398 1414 conficiunt,

1805 1429 1858 1483 in
1890 1445 2057 1486 unum
2087 1431 2292 1504 redige.
2323 1433 2481 1503 Quod
2509 1450 2632 1490 cum
2653 1435 2870 1502 feceris,
2896 1441 3188 1497 antistitem
3218 1459 3406 1500 sacro—
3457 1495 3480 1505 -

1804 1533 2009 1579 saneta:
2043 1525 2179 1597 legis
2217 1526 2510 1594 adhibebo,
2538 1538 2600 1584 ut
2627 1545 2752 1586 cum
2783 1534 3038 1590 omnibus
3061 1537 3154 1607 qui
3178 1539 3408 1595 credere

1804 1618 2080 1674 voluerint
2111 1622 2356 1692 mysterii
2387 1623 2654 1694 suscipias
2685 1637 3112 1684 sacramentum.
3160 1631 3216 1685 Si
3261 1632 3408 1688 enim

1803 1709 2054 1767 diabolus
2092 1710 2316 1768 Christo
2349 1723 2578 1771 sanctos
2607 1732 2738 1773 suos
2759 1718 2981 1776 auferre
3027 1730 3257 1778 conatus
3283 1734 3406 1792 est,

106 1791 208 1834 non
237 1791 464 1849 possunt
493 1797 592 1852 pro
633 1782 757 1839 ﬁdei
789 1797 1124 1857 pugnantem
1175 1790 1428 1848 veritate.
1485 1791 1701 1848 Glorio-
1731 1801 1777 1862 Β
1805 1810 2149 1871 etconatur;
2191 1817 2396 1877 quanto
2441 1809 2616 1880 magis
2676 1827 2777 1867 nos
2811 1813 3031 1882 pietatis
3078 1826 3410 1887 argumento

103 1871 270 1928 siores
301 1872 509 1929 faciunt
543 1876 749 1934 milites
786 1880 1018 1935 vulnera
1045 1897 1145 1951 pro
1191 1884 1533 1954 Imperatore
1574 1900 1698 1942 sns-

103 1975 252 2036 cepta
283 1983 297 2020 :
327 1967 384 2021 in
414 1967 520 2024 hoc
548 1971 691 2025 enim
723 1971 975 2030 diabolus
1010 1977 1314 2048 tyrannidis
1352 1992 1467 2033 sua:
1513 1978 1701 2035 furore

104 2073 241 2114 nunc
265 2061 445 2130 saevit,
472 2061 525 2116 in
579 2079 689 2132 quo
731 2065 995 2136 prrevidet
1039 2070 1459 2139 perseverantiae
1500 2083 1698 2126 vestrae

105 2161 300 2223 tropch
323 2169 387 2211 se
414 2170 582 2226 posse
611 2161 850 2230 torqueri
880 2176 896 2214 :
955 2170 1010 2217 et
1057 2161 1184 2218 ideo
1213 2173 1484 2219 tormenta
1507 2163 1693 2234 infert,

102 2262 166 2302 ne
195 2261 318 2319 spes
347 2248 469 2320 ejus
498 2261 728 2321 pereat:
785 2265 1017 2310 mortem
1065 2257 1326 2325 minatur,
1359 2265 1419 2313 ut
1450 2267 1694 2325 terreat;

102 2339 257 2396 vitam
289 2343 559 2413 promittit
584 2354 644 2400 ut
673 2347 900 2416 eripiat;
925 2350 1276 2406 securitatem
1305 2350 1614 2422 pollicetur,
1640 2359 1699 2406 ut

102 2431 270 2487 tollat.
313 2433 446 2490 Haec
475 2444 587 2492 tota
615 2437 742 2494 belli
786 2439 1076 2510 calliditas,
1130 2442 1235 2498 hoc
1283 2442 1494 2500 fraudis
1515 2445 1697 2501 consi-

103 2526 246 2594 lium,
280 2545 308 2583 a
339 2531 626 2602 suppliciis
683 2534 900 2604 eripere
933 2549 1138 2607 corpus
1185 2548 1242 2593 et
1277 2539 1420 2593 vitiis
1459 2541 1697 2593 animam

101 2622 406 2695 subjugare.
431 2625 539 2683 Nos
561 2643 594 2684 e
624 2637 821 2686 contra
862 2631 1265 2688 contendamus
1298 2632 1442 2689 hosti
1474 2649 1581 2690 non
1607 2649 1701 2690 ce-

101 2713 245 2786 dere,
274 2734 482 2792 corpus
528 2732 886 2780 contemnere
915 2767 932 2792 ,
992 2727 1187 2784 anima:
1235 2728 1550 2786 subvenire.
1591 2729 1701 2785 Cur

101 2811 602 2871 enimfortissimib
631 2815 798 2873 duces
849 2817 1115 2876 militibus
1165 2820 1497 2877 miserrimis
1542 2829 1697 2892 terga

100 2915 437 2976 convertant,
467 2918 522 2966 et
543 2909 597 2965 in
620 2925 688 2966 eo
717 2911 861 2968 bello
902 2912 1176 2981 deficiant,
1208 2916 1262 2972 in
1311 2931 1419 2987 quo
1468 2925 1700 2988 possunt

101 3013 217 3057 esse
243 3002 532 3060 victores?
579 3003 675 3061 Vel
703 3022 806 3078 qua
853 3008 1069 3064 ratione
1098 3010 1238 3065 mori
1287 3010 1516 3067 timeant
1549 3052 1566 3079 ,
1605 3012 1699 3082 qui

99 3096 272 3153 sciunt
296 3097 440 3154 hanc
460 3099 700 3156 hominis
724 3110 972 3158 naturam
1003 3117 1148 3170 esse,
1168 3119 1275 3161 non
1295 3120 1512 3175 poenam
1531 3102 1694 3172 ?Cur,

1806 1893 1929 1962 hos,
1954 1911 2095 1966 quos
2115 1897 2369 1955 diabolus
2391 1899 2598 1972 injuste
2626 1903 2875 1962 lucratus
2906 1915 2991 1962 est
3017 1925 3213 1966 curare
3241 1910 3411 1968 debe-

1803 2003 1947 2055 mus,
2000 2000 2056 2044 et
2105 2006 2206 2046 suo
2262 1993 2560 2050 restituere
2612 1994 2899 2056 Creatori?
2941 2000 3009 2056 Et
3062 2003 3407 2062 NicOstratus

1802 2080 1870 2135 ad
1894 2081 2014 2137 haec
2038 2083 2572 2154 respondit,dicens:
2598 2089 2884 2157 Quomodo
2915 2095 3122 2166 iniquis
3148 2107 3203 2152 et
3221 2099 3407 2155 crimi-

1801 2175 1955 2229 nosis
1977 2185 2211 2244 possunt
2232 2187 2418 2233 sancta
2439 2183 2750 2237 committi?
2774 2183 2834 2240 S.
2852 2185 3213 2246 Sebastianus
3231 2190 3401 2248 dixit:

1803 2267 2063 2325 Salvator
2093 2281 2282 2328 noster
2330 2287 2429 2343 pro
2460 2277 2846 2345 peccatoribus
2875 2294 3028 2336 suam
3060 2283 3220 2340 nobis
3247 2286 3405 2343 exhi—

1796 2359 1932 2416 bere
1961 2360 2221 2432 dignatus
2264 2373 2352 2420 est
2398 2370 2750 2436 presentiam
2794 2381 2851 2426 et
2900 2375 3148 2431 ostendit
3197 2393 3408 2451 mySte—

1798 2454 1966 2524 rium,
2001 2470 2100 2526 per
2139 2453 2284 2528 quod
2315 2461 2499 2515 omnia
2554 2472 2780 2531 peccata
2811 2476 2866 2520 et
2909 2470 3142 2524 crimina
3169 2452 3407 2530 ‘hot'n'ini

1799 2547 2143 2616 auferantur,
2176 2560 2232 2606 et
2263 2567 2454 2609 omnes
2479 2554 2710 2611 virtutes
2755 2555 2971 2614 Domini
3019 2563 3402 2622 conferantur.

1799 2638 1949 2696 Inter
1977 2641 2133 2697 initia
2165 2643 2328 2715 igitur
2359 2647 2740 2703 conversionis
2773 2658 2878 2705 tua:
2926 2651 3031 2709 hoc
3061 2670 3259 2713 munus
3295 2660 3410 2729 pri-

1799 2749 1948 2790 mum
1971 2736 2018 2791 si
2038 2747 2095 2792 tu
2118 2737 2369 2795 conferas
2388 2739 2636 2808 Christo,
2661 2753 2865 2813 praesto
2882 2746 2990 2803 erit
3010 2753 3408 2809 remuneratio.

1799 2827 1887 2884 nis
1913 2829 2031 2900 ejus
2060 2832 2343 2900 praemium
2366 2847 2530 2905 Super
2561 2844 2636 2904 te,
2662 2852 2868 2894 corona
2897 2843 3173 2915 martyrii,
3195 2844 3405 2902 habens

1798 2922 2259 2980 secumvirtutum
2273 2928 2517 2983 omnium
2538 2927 2702 2986 ﬂores
2723 2931 3406 3007 imntarcescibiles,:etet'-

1799 3029 1884 3070 nae
1912 3015 2039 3072 vita:
2058 3017 2308 3088 gaudiise
2324 3020 2915 3092 profuturos.Audiens
2935 3029 3049 3085 haec
3063 3030 3406 3092 Nicostratus

1799 3107 2376 3179 primiscrinius,abiil
2403 3113 2471 3169 ad
2501 3114 2790 3173 Claudium
2818 3119 3402 3196 Commentariensem,

99 3186 336 3261 inquam,
385 3193 522 3248 mori
553 3194 798 3261 timeant,
828 3194 921 3267 qui
950 3196 1184 3253 credunt
1211 3197 1370 3254 istam
1396 3196 1701 3265 vitam,fal-
1727 3187 1772 3252 C
1803 3209 1862 3256 et
1880 3199 2044 3271 jussit
2067 3203 2350 3260 universas
2382 3222 2650 3277 personas
2677 3211 2746 3266 ad
2787 3211 3013 3269 domum
3065 3217 3186 3287 ejus
3228 3186 3404 3278 addu:

97 3299 206 3342 sam
237 3302 385 3352 esse,
411 3298 466 3344 et
487 3305 673 3346 veram
701 3290 870 3346 vitam
917 3291 1150 3348 inveniri
1200 3309 1305 3348 non
1357 3306 1538 3363 posse,
1592 3293 1698 3348 nisi

96 3379 183 3448 qui
210 3378 282 3434 ab
314 3381 504 3436 animo
535 3397 635 3437 suo
671 3383 862 3438 falsam
905 3383 1065 3439 istam
1107 3385 1366 3456 abjecerit
1396 3433 1410 3457 ,
1433 3395 1488 3440 et
1536 3385 1701 3441 cadu-

92 3482 234 3537 cam,
266 3487 398 3544 qum
429 3488 536 3529 non
559 3474 707 3530 aliud
733 3476 1071 3531 amatoribus
1086 3478 1217 3545 suis,
1245 3478 1344 3532 nisi
1371 3488 1588 3549 peccata
1609 3479 1704 3533 im-

93 3565 474 3633 perat,suadet
491 3564 955 3639 facinora,ingerit
969 3569 1283 3637 criminosa;
1300 3569 1542 3643 nihilque
1555 3571 1698 3627 aliud

95 3669 125 3710 a
148 3656 262 3714 suis
278 3661 619 3717 amatoribus
635 3661 820 3732 exigit,
839 3663 940 3719 nisi
954 3671 1014 3718 ut
1028 3664 1243 3733 penitus
1259 3663 1328 3718 de
1350 3665 1575 3734 perenni
1592 3664 1699 3718 vita

96 3763 199 3805 non
223 3751 490 3820 cogitent,
513 3761 568 3807 et
584 3768 817 3824 regnum
843 3754 938 3809 Dei
963 3756 1201 3810 futurum
1221 3769 1345 3811 esse
1367 3755 1700 3826 desperent?

161 3843 251 3898 23.
282 3844 445 3900 Nunc
472 3845 756 3902 videamus
787 3846 986 3916 quibus
1016 3847 1234 3903 casibus
1261 3847 1509 3919 subjacet
1533 3889 1549 3914 ,
1577 3848 1698 3919 qui-

94 3934 304 4008 busque
334 3937 602 4010 periculis
629 3939 803 3995 servit
827 3939 1051 4008 ancilla,
1090 3949 1151 3995 nt
1192 3955 1317 3997 cum
1349 3957 1468 3997 eam
1500 3941 1700 4014 proba-

97 4031 332 4087 verimus
364 4045 470 4088 nec
489 4033 726 4103 seipsam
759 4048 920 4104 posse
949 4048 1142 4105 regere
1167 4079 1182 4104 ,
1226 4034 1456 4090 servitia
1515 4045 1702 4090 nostra

95 4123 161 4178 ab
191 4123 314 4194 ejus
342 4125 722 4182 dominatione
748 4126 1040 4196 tollentes,
1091 4127 1319 4184 alteram
1375 4127 1462 4182 cui
1505 4128 1702 4184 merito

96 4216 449 4274 serviendum
476 4218 570 4286 sit,
601 4217 1229 4290 requiramus.Quantos
1251 4218 1396 4274 enim
1427 4228 1701 4276 amatores

95 4309 216 4380 ejus
244 4310 407 4366 ruina
444 4307 626 4367 subito
643 4311 827 4383 gravis
854 4312 1150 4384 oppressit,
1184 4311 1366 4383 fragor
1395 4311 1532 4398 .cmli
1571 4326 1700 4383 per-

96 4408 286 4476 cussit,
317 4419 339 4448 ο
360 4407 568 4465 fulmen
597 4408 1155 4480 incendit,naufragia
1176 4409 1548 4480 perdiderunt,
1571 4410 1705 4466 texit

94 4500 289 4571 chaos,
339 4503 649 4576 Charybdis
680 4504 869 4572 ebibit,
887 4503 1102 4576 gladius
1123 4503 1418 4576 jugulavit!
1449 4512 1504 4560 et
1543 4504 1701 4559 istam

1800 3306 1947 3360 cere,
1977 3293 2203 3350 dicens:
2231 3297 2504 3365 Quoniam
2552 3303 2798 3372 proxima
2829 3307 3076 3365 sessione
3097 3324 3288 3369 omnes
3316 3313 3369 3370 di

1800 3387 2071 3443 scutiendi
2100 3397 2250 3458 sunt,
2271 3391 2397 3448 volo
2417 3401 2477 3448 ut
2495 3408 2618 3450 cum
2648 3396 2756 3452 illis
2776 3396 3129 3469 Christianis,
3148 3405 3240 3475 qui
3261 3408 3403 3476 apud

1801 3494 1892 3536 me
1912 3489 2061 3548 sunt,
2087 3495 2290 3554 praesto
2304 3486 2438 3553 sint,
2465 3502 2534 3543 ne
2552 3490 2733 3561 aliqua
2764 3489 2782 3530 ί
2811 3494 3171 3562 pra-rectoris:
3197 3499 3407 3556 discus-

1801 3574 1943 3630 sioni
1969 3575 2166 3632 deesse
2186 3579 2360 3648 possit
2391 3595 2648 3648 persona.

1874 3667 1964 3723 '50.
1994 3667 2165 3740 Igitur
2192 3685 2316 3726 cum
2334 3687 2526 3729 omnes
2547 3673 2614 3728 ad
2646 3675 2868 3732 domum
2893 3680 3248 3748 primiscrinii
3278 3699 3403 3755 per-

1802 3757 1946 3814 ducti
1967 3766 2200 3827 starent,
2225 3771 2540 3818 catenarum
2574 3767 2806 3822 nexibus
2829 3771 2996 3827 vincti
3025 3815 3038 3837 ,
3083 3773 3187 3830 hoc
3238 3779 3402 3835 modo

1801 3865 1899 3909 eos
1922 3851 2003 3907 vir
2021 3851 2118 3907 Dei
2140 3853 2495 3911 Sebastianus
2514 3857 2842 3930 alloquitur:
2869 3863 3109 3921 Crimina
3131 3865 3401 3926 diabolica

1800 3947 1846 4002 si
1883 3945 2080 4002 divinis
2109 3946 2406 4004 virtutibus
2435 3950 2679 4019 foedant,
2732 3962 2918 4009 reatus
2944 3966 3126 4013 vester
3161 3974 3190 4015 a
3222 3971 3401 4018 mortc

1804 4039 2138 4108 excluditur,
2171 4050 2226 4098 et
2255 4051 2280 4089 ὅ
2307 4057 2336 4097 a
2363 4043 2574 4112 gaudiis
2601 4043 2838 4117 fugitivis
2860 4058 3170 4106 revocatur.
3205 4053 3404 4125 Egerat

1802 4133 1950 4190 enim
1986 4150 2084 4206 per
2112 4149 2243 4192 suos
2273 4137 2542 4194 satellites
2563 4137 2736 4196 hostis
2766 4140 3021 4211 injustus,
3084 4153 3144 4200 ut
3191 4147 3404 4205 animos

1804 4227 2037 4284 militum
2067 4227 2272 4286 Christi
2303 4227 2331 4267 δ
2357 4231 2426 4286 ad
2462 4232 2723 4288 virtutum
2748 4234 2967 4292 culmen
2997 4248 3216 4296 erectos
3243 4257 3403 4299 ever-

1804 4331 1975 4390 teret,
2019 4333 2073 4380 et
2141 4324 2191 4379 in
2235 4325 2353 4397 ipso
2395 4326 2747 4396 perfectionis
2797 4328 3014 4402 fastigio
3068 4336 3302 4406 positos,
3334 4340 3400 4396 ad

1803 4431 2020 4474 caenum
2049 4426 2342 4474 conaretur
2365 4432 2615 4488 mergere
2647 4418 2968 4477 inferorum.
2999 4423 3115 4482 Hac
3135 4426 3203 4483 de
3232 4443 3397 4485 causa

1806 4510 2032 4567 incaluit
2051 4510 2265 4566 animus
2292 4508 2530 4567 hostium
2562 4510 2914 4570 dimicatione
2940 4529 3290 4589 provocatus,
3344 4533 3403 4577 ιιι

96 4595 283 4651 miseri
317 4610 444 4652 cum
476 4596 762 4654 doloribus
784 4597 1100 4653 amittentes
1129 4597 1317 4664 vitam,
1349 4596 1497 4652 illam
1545 4597 1696 4669 peni-
1726 4581 1782 4642 Β
1806 4619 1928 4670 vos,
1957 4616 2097 4674 quos
2119 4603 2231 4672 jam
2258 4604 2505 4660 lucratus
2533 4602 2713 4660 fuerat
2746 4605 3028 4678 inimicus,
3051 4611 3118 4667 de
3135 4613 3253 4682 ejus
3275 4630 3405 4684 cap-

96 4698 186 4746 tus
212 4691 465 4749 invenire
503 4710 608 4749 non
656 4695 923 4764 possunt!
967 4694 1050 4750 Ad
1099 4694 1244 4750 illam
1289 4696 1488 4752 etenim
1537 4696 1700 4751 vitam

97 4799 207 4840 non
237 4787 394 4842 ducit
415 4795 654 4855 tortura,
686 4788 780 4844 sed
823 4804 1012 4845 causa.
1073 4787 1192 4845 Uno
1219 4789 1455 4858 denique
1481 4788 1704 4846 eodem-

97 4895 204 4952 que
234 4897 522 4952 ptcnarutn
554 4899 756 4953 genere
784 4897 841 4940 et
890 4884 1269 4940 innocentibus
1295 4886 1448 4940 salus
1497 4895 1704 4941 :eterna

98 4975 419 5045 confertur,
455 4985 510 5034 et
531 4993 686 5050 pmna
720 4977 1162 5049 delinquentibus
1191 4979 1481 5050 irrogatur.

723 5068 953 5127 CAPUT
993 5070 1090 5126 IX.

187 5159 382 5218 σιειπὶ
426 5182 459 5216 a
481 5163 798 5220 Sebastiano
830 5181 935 5219 una
962 5179 1080 5219 cum
1111 5163 1330 5232 captivis
1357 5165 1610 5219 conversi.

169 5254 266 5312 29.
300 5255 472 5328 Igitur
497 5271 620 5312 cum
654 5256 772 5314 haec
799 5265 855 5313 et
882 5256 970 5313 his
1025 5256 1226 5312 similia
1270 5255 1481 5312 Marcus
1521 5271 1712 5328 prose-

99 5358 395 5418 queretur,
427 5361 712 5422 coeperunt
742 5365 934 5406 omnes
955 5351 1048 5422 qui
1083 5349 1313 5405 aderant
1360 5350 1470 5406 Deo
1508 5351 1712 5420 gratias

99 5452 292 5512 agere,
320 5451 487 5512 atque
504 5441 750 5498 universi
776 5441 972 5498 ﬂentes
1000 5439 1400 5513 pmnitudinem
1427 5440 1710 5510 gerebant,

177 5586 204 5614 α
247 5576 387 5650 Alii,
410 5578 489 5650 ad,
507 5579 760 5650 gaudium
789 5577 1037 5650 tendere;
1068 5575 1187 5645 alii,
1219 5575 1288 5628 ad
1337 5571 1573 5646 gladium
1603 5581 1717 5627 ten-

102 5647 269 5720 dere;
298 5648 491 5720 alii_ad
509 5647 732 5720 gradum
760 5649 987 5705 tendere.

179 5718 209 5759 b
239 5720 360 5794 Al.,
392 5717 551 5794 D_ucis
574 5722 785 5794 milites.
834 5792 860 5794 Η
1077 5793 1080 5794 ν
1213 5791 1222 5794 ,γ

185 5801 210 5831 ο
247 5791 613 5861 Al.,ﬂamma
635 5792 888 5846 incendiis
911 5793 1128 5848 voravit.
1208 5791 1225 5861 ξ

182 5861 211 5900 ά
239 5860 480 5932 Quidam
513 5862 755 5930 codices,
779 5866 1106 5935 martyrium.

540 5955 814 6016 ΡΑτκοι..
869 5954 1070 6016 XVII.

1806 4694 2019 4750 tivitate
2045 4694 2326 4763 tollentes,
2344 4703 2531 4750 vestro
2551 4711 2648 4752 vos
2673 4695 2918 4754 Creatori
2945 4701 3258 4761 reddamus.
3279 4706 3400 4761 Dia-

1807 4788 1965 4844 bolus
2001 4788 2144 4842 enim
2184 4803 2286 4843 nec
2318 4787 2575 4845 dominus
2610 4803 2816 4861 vester,
2864 4811 2964 4851 nec
3017 4808 3258 4868 creator,
3303 4817 3404 4858 nec

1775 4934 1778 4936 ν
1809 4890 1966 4952 pater
1987 4895 2110 4936 esse
2139 4880 2521 4950 dignoscitur:
2560 4883 2706 4940 Deus
2728 4897 2907 4944 autem
2941 4900 2994 4944 et
3028 4891 3187 4947 Pater
3211 4904 3265 4948 et
3298 4894 3405 4950 Do-

1810 4973 1988 5028 minus
2016 4982 2070 5028 et
2089 4971 2357 5028 Conditor
2378 4977 2784 5046 comprobatur.
2815 4979 2886 5035 Et
2919 4983 2962 5036 si
2990 4981 3134 5037 hunc
3165 4982 3407 5043 derelin-

1805 5076 2042 5141 quentes
2072 5067 2139 5122 ad
2167 5067 2318 5122 illum
2350 5067 2565 5133 ahiSIis,
2589 5072 2678 5140 qui
2708 5073 2760 5126 in
2793 5081 2999 5128 tantum
3026 5077 3194 5130 vestri
3231 5083 3402 5135 exsti-

1807 5163 1870 5218 tit
1893 5160 2166 5229 inimicus,
2194 5169 2251 5215 ut
2267 5175 2365 5218 vos
2395 5161 2460 5216 ad
2486 5176 2676 5231 poenas
2705 5173 2985 5232 perpetuae
3009 5167 3204 5223 mortis
3235 5170 3406 5228 addu-

1809 5264 1979 5324 ceret,
2009 5263 2064 5310 et
2092 5253 2161 5309 ad
2192 5253 2353 5309 istum
2382 5253 2640 5309 lethalem
2664 5254 2868 5310 faceret
2895 5255 3104 5313 exitum
3127 5258 3407 5333 devenire;

1807 5358 2013 5420 quanto
2045 5348 2220 5420 magis
2250 5347 2318 5404 ad
2344 5362 2470 5404 eum
2505 5347 2840 5404 redeundum
2867 5359 2986 5418 est,
3033 5354 3124 5424 qui
3188 5357 3407 5416 unicum

1814 5440 2015 5498 Filium
2040 5455 2198 5497 suum
2225 5440 2469 5512 passioni
2497 5449 2552 5497 et
2571 5441 2733 5496 morti
2767 5441 3009 5516 tradidit,
3037 5453 3098 5502 ut
3113 5462 3214 5506 nos
3233 5465 3263 5506 a
3291 5468 3418 5525 pas-

1898 5584 1920 5611 θ
1954 5572 2055 5630 Ms.
2082 5573 2234 5645 Rip..
2262 5571 2573 5645 redolentes.

1899 5645 1916 5684 τ
1953 5645 2067 5712 ΑΙ.,
2099 5641 2376 5727 praefecto;
2401 5641 2495 5724 al.,
2523 5643 2779 5725 praetori;
2825 5643 2922 5712 al.,
2970 5651 3122 5719 prter.
3150 5660 3411 5727 prtetorii,

1821 5717 1919 5782 aL,
1961 5713 2191 5785 praetorii
2213 5713 2554 5768 discussioni.

1895 5799 1921 5836 s
1949 5789 2064 5854 AL,
2092 5786 2159 5840 ad
2183 5785 2375 5855 gaudia
2401 5785 2588 5840 votiva.

1894 5856 1922 5897 h
1955 5859 2066 5927 AL,
2098 5875 2129 5911 a
2148 5857 2393 5912 virtutum
2418 5857 2642 5915 culmine
2661 5866 2818 5914 recte.

3030 5959 3108 6021 33
