4054 6328
603 227 742 286 1055
1636 219 1985 282 APPENDIX
2027 220 2119 280 AD
2158 249 2159 266 ι

2262 219 2390 280 Et“
2431 221 2489 283 S.
2535 223 2876 289 AMBROSII.
3711 235 3813 299 i080

596 341 842 397 sionibus
881 340 1105 394 aeternis
1128 379 1142 403 ,
1198 347 1254 394 et
1293 354 1322 393 a
1379 349 1555 392 morte
1595 349 1858 410 perpetua
1909 337 2202 394 liberaret?
2229 341 2284 402 Α
2309 343 2509 398 mundo
2538 344 2839 402 abscedens
2865 345 2933 402 ad
2960 353 3178 402 nostras
3204 352 3414 404 mentes
3443 348 3726 409 immortales
3747 371 3816 410 ac.

598 434 732 496 Cum
764 433 882 489 luet:
911 441 966 486 et
993 432 1077 490 Itis
1108 431 1307 488 similia
1358 445 1790 501 prosequeretur
1820 431 1880 488 S.
1915 430 2198 488 Sebastia-
2303 433 2485 502 cedat,
2514 443 2574 492 ut
2600 437 2694 507 qui
2726 437 2778 492 in
2836 439 2942 493 isto
2987 439 3192 494 saeculo
3244 438 3463 496 volutati
3493 443 3540 496 in
3587 444 3680 500 luto
3703 455 3815 502 lene-

595 539 721 592 nus,
739 533 1232 594 prostraveruntse
1258 537 1382 578 cum
1411 523 1667 593 lacrymis
1692 524 2022 591 universi,et
2046 522 2202 578 ﬂexis
2303 525 2524 582 brarmn
2553 544 2766 595 sumus,
2799 546 2939 599 aqua
2971 532 3422 588 sanctificationis
3446 535 3596 590 abluti
3620 552 3674 592 ac
3693 555 3812 594 mun-

595 617 828 690 genibus
864 625 1150 685 coeperunt
1200 615 1382 672 cordis
1429 616 1694 686 gemitum
1723 617 1982 682 reddere,
2035 627 2094 672 et
2140 630 2200 670 se
2301 619 2462 685 dati,
2520 629 2575 674 et
2629 608 2946 678 sinceritate
2998 623 3170 678 induti
3223 625 3435 682 alacres
3489 641 3734 698 pergarnus
3765 634 3814 690 ad

595 727 859 784 peccasse
884 721 940 766 et
967 710 1134 780 impie
1154 709 1336 782 egisse
1369 711 1704 779 poenitentiae
1737 711 1960 766 Vocibus
2013 709 2197 768 excla-
2300 708 2602 770 Christum.
2638 713 2767 774 Haec
2795 728 2848 771 et
2897 716 2983 772 his
3009 717 3210 774 similia
3257 731 3602 789 prosequente
3624 719 3672 777 S.
3693 720 3814 792 Poly-

589 819 765 860 mare.
799 803 1126 860 Fundebant
1157 818 1288 873 ergo
1316 818 1532 860 amaras
1561 803 1856 874 lacrymas,
1887 811 1942 858 et
1968 817 2029 856 se
2054 801 2197 857 velle
2299 817 2464 874 carpo
2508 807 2750 863 universi
2799 807 2974 878 gavisi
3035 818 3162 866 sunt
3193 853 3208 876 ,
3265 821 3322 866 et
3377 813 3710 884 unusquisque
3742 832 3815 874 no-

586 898 812 955 Christo
867 899 1136 968 credere,
1205 899 1478 954 unanimis
1537 899 1766 955 vocibus
1842 899 2192 956 resonabant.
2298 915 2620 960 mensuum
2663 901 2960 964 festinabat
2991 904 3305 976 priusquam
3355 906 3732 979 interrogaretur
3753 910 3815 966 ot.

592 992 747 1048 Tunc
779 992 838 1047 Β.
881 991 1238 1050 Sebastianus
1277 991 1434 1062 jubet
1455 1005 1554 1049 eos
1575 1007 1766 1050 omnes
1791 1007 1818 1046 a
1843 991 2076 1048 vinculis
2098 1007 2193 1048 ca-
2297 992 2462 1052 ferre.

591 1091 842 1140 tenarum
870 1083 1103 1141 exsolvi.
2935 1089 3166 1150 CAPUT
3206 1091 3300 1148 XI.

2333 1179 2596 1252 Baptizati
2623 1182 3000 1254 comitantem,
3035 1201 3242 1252 unaque
3280 1184 3533 1244 Claudius
3559 1205 3658 1244 cum
3680 1190 3788 1259 ﬁliis.

2365 1274 2455 1328 52.
2502 1272 2751 1342 Cumque
2782 1275 2900 1332 hzec
2928 1286 3241 1347 agerentur.
3275 1281 3427 1336 venit
3459 1279 3686 1336 Claudius
3710 1298 3818 1338 cout-

2293 1369 2683 1424 ntenlaricnsis
2713 1370 2780 1426 ad
2811 1369 3169 1440 primiscriuii
3201 1370 3496 1430 Nicosu'ali
3521 1374 3729 1441 domum,
3755 1377 3818 1432 ulti

2291 1460 2394 1516 ista
2438 1461 2775 1532 agebantur;
2824 1470 2879 1519 et
2930 1462 3066 1519 dicit
3138 1464 3472 1524 Nicostrate.
3521 1467 3819 1525 Vehementer

1239 1177 1469 1236 CAPUT
1509 1177 1578 1236 Χ.

728 1271 918 1327 Omnes
946 1289 979 1328 α
1004 1272 1306 1346 Polycarpo
1335 1274 1404 1328 ad
1426 1273 1738 1344 baptismum
1767 1273 2075 1342 prteparati.

635 1364 742 1422 51.
773 1365 903 1420 Post
947 1366 1064 1422 btec
1104 1365 1164 1423 S.
1196 1367 1555 1423 Sebastianus
1600 1367 1736 1422 abiit
1763 1367 1829 1422 ad
1878 1376 1903 1404 ιι
1933 1367 2191 1438 Polycar-

578 1473 708 1530 pum
747 1459 1155 1531 presbyterum,
1193 1460 1286 1516 ubi
1316 1471 1434 1516 erat
1464 1475 1628 1516 causa
1663 1459 2068 1529 persecutionis
2099 1474 2192 1512 oc-

577 1554 782 1619 cultus,
800 1563 854 1610 et
879 1553 1202 1610 narravitei
1234 1555 1419 1610 omnia
1445 1570 1565 1623 qua:
1587 1562 1740 1624 gesta
1785 1561 1934 1608 situt.
1981 1551 2189 1620 Quibus
2291 1554 2610 1623 przefectura
2670 1566 2945 1616 commota
2999 1569 3126 1626 est,
3171 1561 3317 1629 quod
3364 1577 3618 1632 personas
3656 1580 3820 1619 reortn

575 1649 784 1710 auditis
815 1649 873 1705 S.
902 1648 1246 1721 Polycarpus
1301 1649 1506 1719 gratias
1536 1649 1647 1718 egit
1679 1647 1808 1710 lteo,
1843 1656 1896 1700 et
1929 1662 2032 1700 una
2061 1660 2184 1698 cum
2287 1656 2396 1704 ture
2431 1648 2626 1706 domus
2677 1650 2945 1708 custodite
2987 1653 3127 1708 tradi
3177 1652 3414 1724 iussisti.
3464 1655 3569 1712 liae
3609 1656 3670 1711 de
3700 1670 3820 1710 causa

571 1755 641 1799 eo
663 1741 812 1798 venit
831 1740 900 1796 ad
921 1739 1146 1796 domum
1173 1739 1470 1796 Nicostrati
1493 1736 1872 1808 primiscrinii,
1903 1749 1954 1790 ct
1989 1737 2180 1792 videns
2217 1740 2262 1800 B
2291 1742 2404 1794 suis
2437 1751 2491 1798 te
2515 1741 2681 1810 jussit
2709 1743 3001 1814 prtefectus
3024 1747 3345 1816 aSpectibus
3375 1749 3696 1818 praesentari.
3725 1749 3824 1806 Vide

571 1838 764 1894 turbas
793 1835 1159 1903 credentium,
1207 1836 1453 1891 salutans
1498 1849 1594 1892 eos
1625 1849 1751 1890 cum
1783 1833 1932 1888 omni
1983 1831 2186 1902 gaudio
2287 1838 2444 1904 quasi
2469 1837 2672 1892 debeas
2719 1837 3087 1906 interrogatus
3128 1839 3257 1896 dare
3285 1856 3627 1910 responsum.
3653 1842 3822 1912 Ingres-

576 1932 719 1988 disit
750 1949 763 1985 :
792 1931 944 1987 Beati
970 1945 1162 1986 omnes
1185 1945 1302 1997 vos,
1340 1929 1432 1998 qui
1466 1927 1696 1984 audisﬁs
1742 1941 1935 1982 vocem
1967 1926 2184 1982 Domini
2287 1942 2383 1982 sus
2414 1929 2597 1998 itaque
2625 1927 2692 1984 ad
2724 1929 3043 1999 pra-feetqu
3091 1930 3435 1990 Nicostratus
3491 1950 3608 1990 cum
3635 1935 3824 1992 interra-

574 2026 754 2083 nostri
803 2024 933 2082 Jesu
983 2023 1189 2080 Christi
1231 2021 1473 2080 dicentis
1508 2040 1519 2075 :
1562 2020 1745 2076 Venite
1798 2021 1865 2076 ad
1895 2037 1975 2074 me
2005 2035 2184 2076 omnes
2284 2032 2442 2092 gntus
2473 2021 2690 2083 fuisset.
2721 2038 2821 2078 cur
2849 2037 2944 2080 eas
2975 2039 3262 2092 personas,
3294 2041 3434 2096 quas
3485 2027 3700 2084 carceris
3721 2027 3824 2080 clau-

571 2120 665 2192 qui
686 2119 938 2174 laboratis
965 2126 1014 2172 et
1043 2117 1240 2172 onerati
1269 2117 1417 2181 estis,
1457 2123 1508 2170 et
1533 2131 1630 2187 ego
1653 2130 1742 2168 eos
1763 2115 2079 2181 requiescere
2100 2113 2184 2182 [αα
2286 2123 2396 2169 stra
2429 2114 2766 2180 retinebant,
2797 2130 2912 2172 sua:
2943 2117 3180 2172 voluerit
3235 2119 3435 2176 domus
3469 2120 3738 2191 mancipari
3758 2135 3827 2174 ca-

568 2215 726 2270 siam.
781 2211 969 2268 Tollite
991 2215 1184 2286 jugum
1212 2227 1378 2264 meum
1409 2225 1572 2277 super
1601 2225 1710 2275 eos,
1743 2216 1791 2263 et
1833 2208 2018 2262 discite
2045 2224 2078 2262 tt
2101 2223 2183 2262 me
2284 2207 2498 2268 stodiai.
2529 2209 2820 2277 restiondit
2845 2229 2858 2264 :
2887 2210 3280 2281 Amplitudinis
3323 2224 3526 2272 vestra:
3547 2215 3687 2285 jussu
3716 2213 3825 2270 citri:

565 2308 690 2378 quia
733 2307 875 2362 mitis
919 2323 1055 2372 sunt,
1092 2315 1138 2358 et
1209 2302 1423 2358 humilis
1465 2302 1738 2366 corde;et
1787 2301 2054 2356 invenietis
2099 2316 2181 2356 re-
2279 2300 2488 2356 stianas
2540 2301 2686 2358 intra
2715 2301 2940 2362 domum
2989 2319 3168 2360 meam
3216 2306 3608 2366 custodiendas
3653 2305 3826 2374 suscepi

566 2401 738 2472 quiem
764 2391 1040 2454 animabus
1066 2397 1270 2453 vestris.
1299 2395 1494 2467 Iugum
1547 2395 1682 2450 enim
1712 2411 1877 2450 uicum
1904 2411 2060 2460 suave
2077 2405 2176 2462 est,
2281 2407 2567 2462 personas,
2593 2395 2790 2462 quibus
2846 2407 2897 2450 nt
2947 2407 3211 2454 Ierrorem
3255 2401 3534 2469 passionis
3555 2403 3822 2458 incuterent

565 2505 613 2551 et
643 2512 774 2550 onus
798 2510 970 2548 meum
993 2493 1104 2547 leve
1136 2489 1356 2562 (Matth.
1407 2505 1484 2557 xt,
1509 2488 1582 2545 98
1625 2487 1814 2559 ssqq.).
1855 2487 1962 2544 Vos
1991 2489 2178 2557 itaque
2279 2500 2501 2540 reorum
2536 2486 2660 2541 illos
2681 2485 2784 2542 feci
2810 2488 3005 2544 sociari
3037 2491 3310 2558 personis,
3343 2503 3397 2552 ut
3421 2492 3650 2562 jussioni
3677 2501 3828 2548 vestra

563 2591 767 2646 intres
798 2589 999 2653 nostri,
1033 2602 1173 2656 quos
1204 2584 1231 2624 ι’
1261 2583 1505 2640 nondum
1541 2583 1890 2651 baptismatis
1922 2581 2064 2636 unda
2095 2581 2177 2636 di-
2275 2589 2332 2634 et
2357 2580 2694 2648 pet-suasioni
2741 2590 2947 2640 nosti-te
2995 2583 3046 2638 si
3071 2599 3178 2642 non
3207 2599 3488 2644 consensu
3537 2602 3654 2655 suo,
3676 2585 3826 2644 saltata

561 2684 685 2750 luit,
717 2691 774 2738 et
817 2678 1198 2736 consecrando
1226 2678 1343 2733 Deo
1392 2675 1759 2746 omnipotenti
1810 2673 2175 2732 ebarissimos
2275 2673 2456 2728 alieno
2485 2673 2868 2742 experimento
2908 2679 3284 2745 consentiant,
3309 2689 3365 2734 et
3411 2690 3654 2742 metuant
3696 2677 3829 2734 netia

561 2776 708 2832 ﬁlios
739 2776 889 2840 fecit,
925 2789 1024 2844 pro
1059 2775 1168 2828 hoc
1211 2770 1358 2842 quod
1392 2786 1420 2824 a
1465 2769 1752 2839 preposito
1795 2778 1986 2824 sancto
2013 2782 2174 2822 tevo-
2275 2765 2426 2822 milis
2455 2780 2550 2820 eos
2577 2780 2735 2836 prona
2767 2767 3083 2826 concludat.
3117 2769 3519 2832 Libentissime
3549 2771 3697 2842 igitur
3739 2769 3829 2828 bare

559 2870 917 2927 carecouati
959 2866 1092 2922 estis
1119 2865 1472 2922 beatissimos
1526 2862 1737 2918 milites
1771 2859 2003 2927 Christi,
2033 2875 2172 2930 opus
2273 2858 2503 2918 audiens
2561 2861 2849 2930 praefectus
2897 2861 3105 2920 dimisit
3159 2880 3283 2919 eum
3327 2864 3529 2920 dicens
3560 2883 3572 2920 :
3600 2864 3829 2936 Magnete

562 2967 719 3022 vobis
777 2973 898 3019 erat
931 2959 1279 3032 paenitentia,
1317 2967 1377 3014 ut
1431 2971 1528 3026 per
1569 2957 1744 3025 ipsam
1773 2955 1840 3010 ad
1878 2954 2169 3025 indulgen-
2271 2966 2440 3006 censu
2472 2967 2503 3008 a
2533 2954 2853 3022 parentibus
2896 2970 3086 3018 eorum
3109 2958 3458 3022 remunerari
3489 2958 3694 3022 faciam,
3733 2971 3827 3012 cum

557 3061 688 3116 tiam
715 3056 1001 3112 veniretis.
1035 3052 1193 3108 Nunc
1219 3060 1405 3106 autem
1439 3050 1565 3118 quia
1597 3049 1662 3102 ad
1695 3057 1900 3104 tantam
1929 3047 2164 3116 gloriam
2271 3060 2372 3116 per
2403 3056 2454 3098 te
2486 3047 2593 3102 illis
2621 3047 3148 3114 lucrintincolutncs
3180 3051 3272 3106 lilii
3299 3054 3570 3108 restituti.

555 3153 886 3220 accessistis,
947 3157 1006 3204 ut
1061 3147 1227 3203 etiam
1281 3145 1347 3199 ad
1384 3144 1695 3216 passionem
1721 3159 1750 3196 a
1782 3157 1892 3213 qua
1914 3142 2168 3198 dolenter
2195 3133 2240 3196 C
2343 3142 2431 3196 55.
2463 3140 2773 3198 Revertens
2825 3144 3008 3214 itaque
3038 3145 3104 3200 ad
3135 3145 3356 3210 domum
3390 3162 3550 3204 suam
3597 3146 3829 3202 Momm.

557 3245 693 3302 alios
723 3257 988 3300 revocare
1009 3238 1285 3303 voluistis,
1338 3238 1404 3292 ad
1455 3237 1626 3306 ipsam
1679 3235 2009 3292 desideretis
2045 3250 2166 3306 gra-

555 3348 739 3394 tanter
765 3337 908 3393 velle
938 3347 1164 3390 currere
1190 3341 1243 3387 et
1275 3331 1509 3386 libenter
1531 3329 1814 3398 amplecti,
1839 3327 2034 3384 sciatis
2071 3343 2168 3384 vos

555 3442 610 3489 et
637 3431 703 3486 ad
733 3428 1128 3499 indulgentiam
1158 3425 1503 3496 pervenisse,
1532 3431 1586 3476 et
1613 3419 1679 3475 ad
1718 3421 1955 3491 palmam
2003 3418 2168 3476 attin-

557 3543 706 3600 gere.
758 3525 931 3581 Vetus
981 3521 1084 3576 hoc
1129 3528 1215 3574 est
1245 3515 1534 3572 artificium
1565 3513 1793 3568 Clitis-ti.
1823 3513 1955 3568 Nam
1990 3515 2165 3583 ipsum

557 3637 718 3696 quem
753 3635 848 3674 vas
875 3615 1170 3674 electionis
1195 3627 1310 3669 sua:
1353 3609 1610 3680 dignatus
1639 3616 1724 3662 est
1761 3616 1816 3662 et
1844 3606 2014 3662 voluit
2051 3621 2168 3668 nta-

555 3716 788 3786 gistrum
817 3711 1076 3782 gentibus
1105 3706 1261 3770 dare,
1289 3704 1381 3775 qui
1428 3716 1538 3756 non
1570 3701 1745 3758 solum
1779 3698 2019 3756 fidelium
2045 3697 2166 3754 ani-

556 3826 673 3866 mos
696 3826 723 3862 a
753 3807 973 3879 pictatis
1025 3799 1311 3874 proposito
1367 3795 1680 3861 revocabat,
1711 3794 1809 3848 sed
1841 3793 2005 3848 etiam
2061 3807 2161 3846 no-

553 3907 734 3962 lentes
762 3918 791 3957 a
820 3901 1040 3957 Christo
1067 3893 1356 3952 discedere
1386 3890 1663 3960 lapidibus
1691 3887 1960 3944 obruebat
1983 3885 2162 3952 ;ltunc

555 4001 714 4057 nobis
743 4000 862 4066 ipse
894 3993 1154 4049 Dominus
1177 3986 1486 4058 apostolum
1535 3981 1893 4048 coiidonavit,
1931 3979 2158 4038 tribuit-

556 4113 662 4168 que
692 4093 852 4150 nobis
881 4106 945 4144 ex
977 4087 1145 4142 Saulo
1172 4084 1426 4148 Paulum,
1451 4095 1521 4136 ex
1545 4086 1808 4149 .apostata
1862 4077 1987 4132 fecit
2025 4091 2160 4146 apo-

556 4189 782 4252 stolum,
801 4194 858 4240 et
878 4180 1032 4237 dedit
1058 4176 1318 4233 Ecclesia:
1346 4189 1462 4228 sua:
1494 4189 1559 4228 ex
1583 4182 1941 4241 persecutore
1969 4170 2161 4226 docto-

557 4297 696 4336 rem.
725 4280 946 4331 Amator
973 4269 1241 4343 passionis
1263 4267 1442 4322 factus
1490 4264 1670 4332 estis,
1695 4264 1789 4334 qui
1821 4264 2161 4334 persecutio-

559 4376 642 4430 nis
671 4379 866 4426 auctor
891 4365 1178 4423 exstiterat
1207 4379 1219 4414 :
1251 4369 1307 4416 et
1331 4360 1422 4429 qui
1465 4361 1518 4412 it.
1545 4357 1741 4412 alienis
1765 4356 2160 4414 afﬂictionibus

559 4469 708 4538 prius
735 4460 1141 4536 gratulabatur,
1169 4456 1227 4511 in
1273 4457 1390 4510 suis
1443 4451 1793 4523 postmodum
1821 4452 2154 4519 persecutio-

2269 3247 2354 3290 tus
2391 3236 2792 3304 primiscrinius
2819 3255 2944 3294 cum
2975 3237 3207 3306 Claudio
3233 3242 3834 3306 comnientariensiwe-

2265 3329 2346 3398 pit
2377 3328 2627 3386 universa
2659 3332 2887 3398 referre,
2912 3341 2969 3388 et
2991 3333 3234 3403 qualiter
3253 3333 3312 3390 S.
3331 3335 3829 3401 Sebastianus,cuta

2263 3428 2336 3482 sit
2361 3427 2572 3484 anticus
2608 3428 3026 3497 imperatorum,
3069 3429 3564 3492 ebriatianissimus
3587 3431 3677 3498 sit,
3705 3440 3752 3485 et
3789 3428 3831 3484 is

2263 3521 2575 3580 eruditione
2623 3521 2804 3580 divina
2867 3524 3144 3593 perfectus
3175 3567 3191 3592 ,
3235 3537 3294 3581 et
3347 3527 3592 3597 qualiter
3651 3526 3830 3586 animas

2263 3612 2696 3672 cbristianorum
2725 3632 2821 3672 sua
2851 3615 3240 3674 exhortatione
3271 3628 3613 3686 revocasset,
3643 3630 3692 3680 et
3715 3615 3831 3687 quod

2263 3706 2398 3761 satis
2421 3707 2616 3764 idonea
2641 3709 2854 3764 ratione
2879 3710 3163 3766 docuisset
3193 3709 3358 3766 istam
3392 3712 3564 3768 vitam
3589 3710 3830 3780 fugitivam

2259 3806 2318 3853 et
2346 3798 2728 3871 imaginariam
2783 3817 2930 3870 esse,
2973 3811 3034 3860 et
3083 3803 3165 3858 sic
3215 3803 3350 3862 dum
3409 3807 3592 3868 teneri
3621 3813 3831 3875 putatur.

2261 3891 2488 3947 auferri.
2540 3891 2806 3950 Narrabat
2859 3895 3049 3961 etiam,
3079 3895 3359 3967 quomodo
3385 3900 3620 3962 veniens
3641 3903 3831 3966 repente

2261 3983 2349 4038 lus
2381 3984 2450 4038 de
2501 3986 2646 4044 creto
2685 3987 3078 4056 perlustrasset
3119 4004 3268 4054 eum,
3317 3997 3375 4044 et
3421 3989 3705 4059 quomodo
3723 4002 3836 4042 uso-

2262 4091 2378 4130 rem
2425 4077 2568 4147 ejus,
2610 4093 2734 4150 qua:
2759 4095 2863 4150 per
2892 4094 2986 4136 sex
3037 4096 3214 4142 annos
3269 4092 3418 4146 muta
3469 4084 3685 4149 fuerat,
3733 4079 3834 4142 frti!

2261 4167 2434 4238 loqui.

2331 4262 2420 4316 54.
2449 4259 2588 4317 Cum
2617 4266 2737 4321 base
2769 4275 3048 4324 narrasset
3091 4267 3436 4328 Nicostratus
3455 4269 3710 4335 Claudio,
3733 4283 3834 4322 cor-

2259 4351 2370 4408 ruit
2395 4354 2460 4410 ad
2485 4357 2652 4424 pedes
2667 4357 2964 4414 Nicostrati
2991 4359 3525 4428 Claudius,diceus:
3556 4364 3634 4419 Ex
3665 4363 3834 4422 amissa

2259 4447 2494 4519 conjuge
2523 4449 2663 4506 duos
2713 4451 2860 4508 ﬁlios
2887 4453 3092 4522 habeo,
3137 4471 3206 4510 ex
3229 4456 3435 4526 quibus
3490 4472 3637 4514 unus
3668 4456 3835 4527 hydro-

555 4519 716 4617 3,5,“,
737 4519 1052 4613 imabamr.
1085 4519 1209 4622 Ipse
1239 4563 1373 4620 ergo
1395 4519 1487 4619 qui
1517 4557 1650 4601 tunc
1679 4546 1731 4600 in
1773 4546 2026 4621 apostolo
2053 4561 2155 4601 suo
2179 4519 2233 4580 ί)
2259 4541 2345 4608 pis
2372 4544 2568 4598 morbo
2589 4545 2864 4616 fatigatur,
2891 4547 3030 4602 alius
3059 4519 3297 4606 diversis
3318 4551 3652 4618 vulneribus
3669 4519 3838 4620 oppri-

551 4656 809 4709 virtutem
839 4653 1000 4705 istam
1050 4644 1321 4704 exercuit,
1375 4643 1493 4710 ipse
1513 4650 1569 4694 et
1601 4653 1746 4695 nunc
1767 4639 1839 4694 de
1865 4641 1988 4710 ipso
2018 4641 2155 4696 iure-

549 4763 736 4805 rorum
793 4742 1060 4808 conclavi,
1090 4748 1142 4794 et
1171 4754 1236 4791 cx
1269 4737 1401 4804 ipsis
1425 4729 1734 4788 draconum
1757 4735 2003 4788 faucibus
2031 4734 2153 4790 ani-

547 4856 760 4899 marum
809 4845 1122 4893 vestrarum
1181 4827 1557 4897 captivitatem
1617 4827 1842 4896 eripuit,
1887 4835 1946 4880 et
1995 4826 2155 4882 vobis

547 4951 696 4992 nunc
718 4951 744 4987 a
776 4926 1021 4986 tenebris
1052 4923 1118 4977 ad
1167 4922 1341 4976 lucem
1369 4918 1749 4974 remeantibus
1771 4927 1992 4974 internae
2021 4919 2147 4974 vita:

540 5032 734 5100 januas
783 5021 1059 5094 patefecit.
1117 5016 1259 5084 Quia
1287 5027 1416 5084 ergo
1474 5026 1669 5067 omnes
1719 5011 2018 5077 daemones,
2051 5012 2146 5082 qui

541 5131 672 5180 sunt
703 5118 1048 5174 tenebrarum
1099 5109 1220 5170 lilii,
1254 5106 1664 5168 contristantur,
1693 5105 1839 5159 unde
1861 5114 1922 5160 et
1951 5120 2144 5162 ontnes

539 5216 718 5274 sancti
749 5210 946 5282 angeli,
971 5206 1062 5278 qui
1091 5210 1224 5260 sunt
1259 5200 1360 5255 ﬁlii
1389 5198 1546 5258 lucis,
1577 5198 1955 5268 gratulantur;
1986 5213 2143 5254 acce-

2253 4637 2423 4690 ntitur
2448 4652 2463 4701 ;
2485 4653 2618 4706 rogo
2641 4647 2699 4691 ut
2717 4637 2915 4707 iubeas
2944 4653 3041 4694 eos
3076 4640 3309 4696 visitari.
3341 4640 3458 4696 Non
3488 4644 3640 4696 enim
3671 4641 3838 4706 dubito

2253 4729 2399 4799 quod
2433 4728 2547 4797 ille,
2571 4731 2660 4799 qui
2687 4731 2862 4800 potuit
2889 4729 3067 4788 facere
3089 4745 3144 4788 ut
3179 4743 3299 4803 post
3322 4748 3418 4790 ses
3447 4749 3631 4792 annos
3669 4735 3838 4806 loque-

2253 4831 2407 4878 retur
2435 4839 2576 4878 uxor
2624 4832 2735 4887 tua,
2771 4823 2953 4890 faciat,
2985 4825 3029 4880 si
3061 4825 3315 4894 voluerit,
3347 4835 3404 4880 ut
3431 4829 3498 4882 ad
3531 4828 3679 4882 filios
3705 4839 3838 4880 meos

2251 4917 2465 4972 sanitas
2495 4915 2708 4972 redeat.
2743 4916 2953 4972 Etbtrc
2999 4916 3189 4974 dicens
3240 4918 3516 4988 proripuit
3567 4934 3631 4975 se
3655 4919 3722 4974 ad
3758 4917 3839 4973 duo

2253 5024 2400 5063 mum
2433 4996 2608 5074 suam,
2635 5018 2691 5064 et
2717 5008 2851 5066 fecit
2883 5010 3024 5066 inter
3055 5025 3248 5066 manus
3292 5010 3488 5066 adduci
3543 5011 3688 5065 duos
3713 5010 3838 5063 ﬁlios

2251 5118 2399 5170 suos,
2409 5113 2462 5158 et
2483 5103 2838 5160 introducens
2854 5119 2948 5162 eos
2961 5107 3104 5160 intra
3127 5104 3374 5172 domum,
3389 5103 3478 5160 ubi
3493 5116 3666 5168 erant
3679 5101 3842 5161 sancti

2253 5196 2366 5259 Dei.
2401 5198 2634 5268 proiecit
2670 5214 2767 5256 eos
2793 5208 2920 5254 ante
2951 5199 3118 5267 pedes
3176 5215 3367 5258 eorum
3421 5199 3629 5260 dicens
3661 5197 3838 5254 :Nulla

537 5313 629 5367 dat
676 5306 1046 5374 unusquisque
1093 5309 1361 5360 vestrum,
1393 5303 1452 5348 et
1477 5292 1570 5348 det
1603 5307 1804 5348 nomen
1839 5307 2022 5362 suum,
2077 5301 2137 5350 ut
2237 5293 2456 5360 penitus
2487 5291 2784 5348 dubietatis
2807 5292 2960 5362 signa
2988 5294 3044 5348 in
3067 5293 3238 5348 corde
3260 5308 3384 5350 meo
3409 5301 3838 5358 remanserunt:

525 5405 797 5458 “mnu-“0
817 5398 906 5452 die
921 5390 1177 5464 usquead
1209 5401 1495 5457 vesperam
1521 5393 1876 5452 percurrente
1902 5384 2133 5454 jejunio,
2236 5387 2332 5446 sed
2363 5401 2434 5440 ex
2465 5394 2582 5440 toto
2611 5385 2779 5444 corde
2807 5384 3042 5444 credens
3073 5385 3216 5455 quod
3256 5385 3533 5452 Christus,
3557 5403 3728 5456 quem
3758 5399 3840 5458 cu—

528 5499 576 5550 l'e
613 5497 781 5549 tivum
806 5485 1145 5557 baptismatis
1174 5489 1579 5536 sacramentum
1604 5486 1972 5548 opportunum
1995 5487 2132 5533 tetn-
2236 5481 2372 5548 litis,
2410 5481 2525 5554 ipse
2553 5481 2624 5535 sit
2654 5495 2821 5536 verus
2851 5481 3014 5543 Deus.
3065 5480 3235 5535 detuli
3271 5481 3377 5535 ltuc
3422 5481 3582 5534 vobis
3628 5482 3742 5536 duo
3767 5479 3840 5533 in-

525 5605 624 5658 pos
671 5583 934 5640 inveniat.
983 5577 1199 5644 Justum
1245 5584 1334 5629 est
1374 5573 1555 5644 enim,
1605 5580 1660 5626 ut
1705 5569 1800 5632 lux
1833 5583 1860 5622 a
1905 5569 2123 5626 mortali
2231 5583 2506 5630 crementa
2535 5575 2930 5642 mea,credens
2961 5574 3102 5646 quod
3125 5585 3355 5646 possent
3377 5589 3477 5646 per
3494 5590 3606 5630 vos
3637 5592 3668 5627 ει
3703 5590 3840 5630 ιιιωι

586 5735 612 5761 a
657 5723 716 5778 S.
767 5713 1048 5788 Polycarpi
1098 5709 1401 5782 presbyteri
1451 5709 1650 5765 natalis
1683 5707 1862 5779 agitur
1899 5707 1971 5772 23
2027 5709 2134 5767 Fe-

517 5798 706 5854 bruar.

2272 5713 2347 5840 Th
2377 5713 2522 5839 Mtlrlti
2556 5713 2770 5770 codices
2802 5714 3032 5770 nondum
3065 5713 3309 5782 mittunt,
3342 5713 3522 5800 quasi)
3553 5716 3632 5771 ad
3663 5717 3840 5787 lapsos

2272 5803 2284 5840 l
2323 5799 2426 5840 ora
2456 5801 2528 5840 ιο.

2240 5799 2528 5857 διιοιιιιιιο.
