3950 6314
560 353 583 409 l
595 352 700 413 039

1561 343 1912 403 APPENDIX
1951 345 2044 404 AD
2081 345 2311 404 OPERA
2351 348 2407 404 S.
2450 347 2797 410 AMBROSII.

3665 345 3770 403 ’ΜΟ

612 470 708 524 At.
752 467 1044 522 Praefectus
1069 463 1243 521 dixit:
1270 462 1416 536 Ergo
1435 477 1541 518 non
1572 471 1701 518 sunt
1729 463 1805 518 dii
1846 479 1983 534 quos
2008 464 2141 520 coli-
2171 467 2217 529 Α
2248 467 2380 522 tur?
2428 466 2486 524 Si
2521 483 2650 536 ergo
2680 483 2787 522 non
2836 463 3242 536 navigantibus,
3289 461 3384 519 sed
3422 463 3773 536 imperantibts,

542 563 708 615 mus?
735 558 1142 630 Tranquillinus
1169 556 1342 612 dixit;
1378 556 1650 612 lntantum
1684 569 1791 612 non
1829 566 1956 611 sunt
1983 557 2059 614 dii
2086 564 2145 612 ut

537 653 751 724 legatur
799 652 854 707 in
887 651 1162 706 codicibus
1207 659 1233 686 ει
1264 648 1514 719 publicis,
1559 659 1616 704 et
1657 664 1821 720 quam
1865 650 2006 704 male
2036 649 2146 703 sint

539 745 676 812 nati,
709 750 764 798 et
803 757 965 814 quam
995 742 1210 812 iniquos
1251 751 1307 796 et
1347 740 1599 796 crudeles
1639 751 1695 796 et
1724 742 2024 796 sceleratos
2051 756 2145 811 pa-

538 847 722 892 rentes
745 835 1070 900 habuerim;
1093 843 1149 890 et
1168 848 1331 904 quam
1360 832 1545 904 inique
1562 843 1616 888 et
1635 833 1828 889 dolose
1853 843 1902 887 et
1927 832 2147 888 fraudu-

534 929 716 983 lenter
747 927 1017 993 vixerint;
1050 935 1106 984 et
1147 943 1308 996 quam
1357 926 1741 982 miserabiliter
1771 926 1970 981 mortui
2012 925 2144 981 sint.

535 1019 811 1089 Numquid
838 1027 1130 1090 antequam
1154 1017 1427 1074 Saturnus
1442 1016 1802 1074 Cretensibus
1823 1017 2147 1087 imperaret,

537 1123 596 1171 et
621 1115 859 1170 ﬁliorum
885 1129 1106 1170 suorum
1134 1128 1333 1170 carnes
1361 1113 1701 1181 comederet,
1738 1113 1878 1169 Deus
1909 1114 1962 1168 in
1992 1111 2148 1169 cmlis

538 1224 650 1263 non
683 1217 822 1273 erat,
853 1216 949 1263 aut
976 1206 1137 1263 Creta
1167 1206 1346 1262 insula
1395 1206 1630 1262 habebat
1681 1222 1891 1278 regem,
1926 1215 1982 1262 et
2020 1205 2148 1262 cmli

538 1299 708 1354 Deum
743 1313 853 1354 non
891 1298 1208 1354 habebant?
1255 1297 1424 1354 Valde
1453 1307 1602 1354 errat
1631 1299 1723 1369 qui
1777 1306 1926 1368 putat
1955 1297 2146 1354 Jovem

535 1391 706 1448 ﬁlium
736 1394 877 1462 ejus,
925 1392 1198 1463 imperare
1243 1390 1587 1459 fulminibus,
1637 1391 2060 1446 homuncionem
2093 1381 2148 1446 in

531 1499 644 1556 quo
671 1483 877 1540 malitia
904 1492 960 1540 et
986 1484 1158 1538 libido
1189 1484 1471 1554 regnabat.
1489 1483 1662 1552 Quem
1698 1500 1803 1538 non
1829 1490 2148 1553 persecutus

530 1588 642 1647 est,
673 1578 765 1649 qui
797 1577 935 1648 patri
967 1593 1074 1632 non
1109 1576 1394 1648 pepercit?
1440 1575 1548 1631 Aut
1577 1591 1739 1647 quam
1787 1577 2005 1631 sordem
2037 1590 2147 1630 non

533 1672 803 1741 exercuit,
853 1673 944 1742 qui
985 1686 1142 1728 suam
1173 1686 1491 1742 germanam
1539 1671 1751 1741 accepit
1783 1670 2050 1725 uxorem?
2087 1667 2149 1724 In

529 1764 678 1833 foro,
712 1764 765 1820 in
816 1763 1032 1834 plateis,
1079 1764 1136 1819 in
1187 1763 1463 1830 domibus,
1509 1771 1675 1834 atque
1720 1761 1776 1817 in
1824 1765 1975 1818 onini
2027 1761 2150 1818 loco

2247 558 2500 615 homines
2528 560 2670 631 quod
2703 567 3051 614 annonanlur
3095 555 3395 622 ascribunt,
3437 567 3623 628 quanto
3646 560 3774 629 magis

2247 652 2349 706 soli
2379 651 2493 706 Deo
2516 651 2735 724 agenda:
2757 660 2884 706 sunt
2904 650 3115 721 gratim,
3142 649 3294 718 cujus
3322 657 3452 704 nutu
3481 660 3532 704 et
3572 649 3672 705 bare
3690 666 3776 705 om-

2247 744 2404 799 nibus
2429 745 2619 800 usibus
2646 745 2845 800 nostris
2876 743 3141 800 elementa
3170 741 3497 809 deserviunt,
3526 750 3576 798 et.
3600 743 3668 798 sol
3693 745 3777 813 ipse

2246 837 2490 908 quotidie
2519 847 2679 894 teme
2708 838 2956 908 marique
2983 837 3189 908 pariter
3218 843 3273 891 et
3299 835 3564 891 clauditur
3608 837 3656 891 iu
3698 836 3778 892 line

2248 929 2378 998 diei,
2411 940 2466 988 et
2488 931 2542 986 in
2572 930 2682 988 diei
2711 931 2908 986 iterum
2939 930 3290 986 renovatione
3316 928 3585 999 aperitur?

2842 1019 3076 1079 CAPUT
3113 1018 3252 1076 Xlll.

2556 1115 2712 1170 Verbi
2742 1116 3033 1170 incarnatio
3060 1113 3255 1169 Gentili
3283 1115 3530 1186 exposita.

2320 1209 2411 1265 44.
2456 1209 2757 1266 Prmfectus
2783 1209 2919 1265 dixit
2957 1228 2969 1263 :
3014 1207 3075 1264 Si
3113 1223 3246 1280 ergo
3285 1223 3426 1264 unus
3454 1217 3507 1264 et
3546 1208 3781 1265 invisibile

2249 1312 2336 1360 est
2359 1318 2519 1374 quem
2551 1303 2762 1369 colitis,
2787 1301 3071 1358 Christum
3097 1347 3110 1368 ,
3145 1316 3307 1372 quem
3354 1300 3526 1356 Judaei
3553 1302 3785 1358 cruciﬁxe-

2250 1404 2398 1463 runt,
2447 1412 2555 1452 non
2595 1395 2811 1451 colitis?
2855 1389 3260 1466 Tranquillinus
3300 1393 3439 1449 dixit
3476 1411 3490 1447 :
3533 1404 3668 1450 recte
3703 1395 3786 1450 hac

2252 1487 2594 1560 inquireres,
2645 1490 2692 1544 si
2721 1487 2952 1545 credere
2992 1486 3322 1544 destinares.
3368 1487 3655 1544 lncredulis
3679 1491 3786 1545 enim

2251 1597 2412 1636 omne
2454 1581 2596 1652 quod
2638 1581 2830 1636 nolunt
2868 1596 3066 1636 vanum
3106 1579 3345 1636 videtur.
3385 1580 3565 1637 Semel
3603 1583 3722 1638 enim
3748 1583 3787 1638 in

2251 1688 2500 1745 praeceps
2521 1674 2773 1729 voluntas
2804 1673 3116 1728 mortalium
3145 1671 3164 1711 τ
3179 1673 3486 1739 declinans,
3510 1690 3660 1730 omne
3681 1676 3786 1744 quod

2251 1766 2525 1835 vituperat
2551 1767 2854 1837 vituperari
2901 1765 3208 1832 desiderat;
3255 1775 3313 1822 et
3355 1767 3470 1822 vult
3506 1776 3565 1822 ut
3591 1767 3789 1824 laudetur

533 1858 780 1930 quotidie
825 1858 1076 1930 legimus,
1123 1857 1251 1928 quia
1299 1856 1678 1913 sordidissima
1725 1855 1871 1912 Juno
1901 1855 2044 1926 quod
2092 1863 2148 1910 et
2176 1863 2224 1925 Β
2251 1859 2321 1914 ab
2367 1858 2625 1914 omnibus
2673 1874 2835 1914 omne
2886 1859 3033 1930 quod
3075 1859 3282 1915 laudat.
3329 1859 3440 1918 Sed
3481 1862 3684 1932 sapiens
3719 1877 3789 1932 pro

532 1967 696 2008 soror
719 1960 776 2008 et
799 1953 1006 2022 conjux
1030 1952 1193 2008 tuerit
1221 1951 1484 2024 gloriatur
1509 1969 1525 2005 ε
1557 1960 1613 2006 et
1641 1952 1780 2022 rapti
1811 1949 2146 2022 Ganymedis

537 2043 717 2102 honor
747 2045 1092 2117 turpissimus
1137 2054 1305 2116 atque
1351 2043 1752 2100 incestissimus
1797 2043 1868 2099 ab
1916 2043 2070 2114 ipsis,
2115 2058 2146 2098 a

530 2142 730 2214 quibus
760 2140 909 2197 lovis
953 2140 1172 2206 colitur,
1216 2155 1322 2196 non
1368 2149 1620 2210 negatur.
1654 2136 1776 2193 Non
1805 2153 1936 2208 ergo
1967 2152 2145 2204 erras,

533 2237 620 2293 vir
667 2235 1085 2301 sublitnissime,
1109 2235 1202 2306 qui
1262 2234 1400 2290 tales
1449 2233 1609 2300 colis,
1662 2233 1856 2304 quales
1885 2231 2148 2287 Romana:

528 2331 726 2404 jubent
754 2330 902 2403 leges
953 2347 1050 2400 pro
1092 2328 1178 2384 sui
1210 2329 1338 2384 tacti
1371 2327 1630 2399 qualitate
1660 2326 1932 2394 damnari,
1966 2335 2022 2382 et
2061 2340 2149 2382 re-

535 2426 671 2482 licto
714 2425 826 2481 Deo
866 2425 1248 2494 omnipotente
1296 2421 1389 2493 qui
1437 2421 1490 2476 in
1521 2419 1674 2477 ctelis
1720 2429 1934 2493 regnat,
1980 2417 2146 2490 lapidi

531 2518 695 2586 dicis,
729 2519 873 2575 Deus
903 2531 1058 2574 meus
1087 2532 1146 2572 es
1170 2524 1228 2571 tu
1259 2533 1272 2570 :
1297 2524 1355 2572 et
1382 2514 1529 2586 ligno
1554 2513 1732 2569 dicis:
1768 2513 1982 2583 Adjuva
2014 2509 2147 2567 me?

605 2613 696 2669 42.
741 2610 1040 2668 Praefectus
1061 2610 1230 2666 dixit:
1262 2609 1345 2665 Ex
1365 2624 1474 2680 quo
1496 2607 1742 2680 cmpistis
1760 2606 2148 2679 blasphemare

529 2705 686 2772 deos,
717 2712 774 2760 et
795 2720 828 2760 a
852 2705 1066 2760 cultura
1096 2718 1285 2760 eorum
1335 2701 1616 2768 recedere,
1649 2716 1717 2757 ex
1749 2715 1817 2757 eo
1855 2698 1882 2738 ι)
1915 2700 2146 2755 diversis

529 2797 782 2853 cladibus
821 2795 1104 2852 Romanus
1148 2794 1300 2850 orbis
1344 2791 1693 2864 opprimitur.
1737 2791 2149 2863 Tranquillinus

529 2890 818 2963 respondit
847 2908 864 2948 :
896 2890 1011 2947 Non
1042 2898 1126 2946 est
1154 2904 1366 2946 verum.
1399 2887 1532 2942 Nam
1571 2888 1617 2942 si
1660 2902 1950 2944 recenseas
1982 2887 2147 2942 deca-

532 2989 633 3045 das
662 2990 806 3062 stylo
837 2999 859 3027 ο
911 2985 1049 3042 Livii
1077 2985 1337 3058 digestas,
1390 2983 1502 3039 illic
1547 2983 1791 3040 invenies
1832 2983 1956 3040 Jovi
1989 2982 2147 3038 thura

533 3092 824 3154 ponentes,
857 3093 966 3135 una
982 3078 1069 3135 die
1087 3079 1278 3150 viginti
1295 3078 1398 3133 tria
1423 3077 1594 3132 millia
1623 3075 1851 3133 Romani
1873 3076 2147 3134 exercitus

529 3177 762 3247 juvenes
808 3174 1096 3230 cecidisse.
1150 3172 1258 3229 Sed
1301 3183 1357 3227 et
1401 3171 1541 3227 illud
1574 3188 1686 3226 non
1731 3187 1790 3227 es
1831 3172 2146 3239 immemor,

2248 1953 2445 2008 merito
2475 1966 2578 2008 suo
2599 1952 2928 2023 cuicumque
2956 1953 3058 2018 rei,
3084 1960 3176 2008 aut
3205 1953 3651 2023 vituperationem
3675 1970 3787 2009 suam

2249 2046 2568 2116 impendere
2610 2057 2634 2094 8
2659 2047 2856 2102 nititur
2886 2055 2980 2102 aut
3029 2045 3265 2102 laudem.
3300 2046 3600 2104 Praefecms
3638 2048 3748 2104 dixit
3777 2067 3787 2101 :

2247 2139 2364 2211 Ego
2397 2149 2449 2195 te
2477 2139 2550 2196 de
2579 2138 2800 2196 Christo
2822 2150 3006 2197 vestro
3028 2143 3329 2213 interrogo.
3364 2143 3421 2198 Si
3454 2144 3596 2199 enim
3625 2160 3647 2197 a
3674 2145 3790 2199 vobis

2248 2231 2354 2288 hoc
2379 2232 2583 2288 colitur
2624 2233 2771 2304 quod
2799 2233 2916 2288 istis
2949 2235 3124 2290 oculis
3159 2250 3269 2290 non
3302 2235 3539 2305 videtur,
3563 2236 3789 2293 Christum

2247 2342 2356 2382 non
2398 2326 2579 2384 colitis
2608 2329 2700 2398 qui
2732 2337 2789 2383 et
2817 2329 2970 2384 visus
3009 2336 3116 2395 est,
3160 2339 3216 2384 et
3241 2328 3483 2395 auditus,
3516 2341 3572 2386 et
3607 2331 3791 2386 interro-

2246 2431 2431 2490 gatus,
2465 2428 2520 2476 et
2559 2419 2747 2476 omnia
2776 2435 2900 2492 qua:
2931 2419 3182 2477 humana:
3224 2422 3508 2494 fragilitati
3528 2433 3790 2494 competunt

2246 2511 2302 2567 iu
2332 2513 2452 2583 ejus
2497 2513 2755 2583 leguntur
2804 2513 3060 2584 passione
3097 2514 3410 2586 completa?
3440 2514 3794 2588 Tranquilliuus

2248 2606 2388 2662 dixit
2431 2624 2446 2662 :
2487 2607 2626 2662 Audi
2677 2607 3092 2664 similitudinem
3136 2618 3191 2665 et
3231 2609 3474 2681 intellige
3515 2611 3793 2666 veritatem:

2246 2699 2413 2756 Verbi
2464 2701 2637 2771 gratia
2667 2742 2682 2766 ,
2727 2701 2773 2755 si
2825 2699 2988 2757 hodie
3026 2701 3289 2758 annulum
3349 2713 3500 2758 tuum
3550 2703 3791 2760 habentem

2245 2807 2515 2862 gemmam
2564 2794 2861 2862 pretiosam
2912 2793 3098 2850 videas
3148 2795 3202 2850 in
3235 2795 3459 2864 cloaca,
3487 2806 3581 2852 aut
3610 2798 3656 2852 in
3693 2809 3794 2854 Ster-

2248 2883 2477 2954 quilinio
2509 2883 2874 2951 volutantem,
2911 2894 2968 2940 et
3010 2884 3076 2941 ad
3121 2885 3266 2942 hunc
3307 2886 3610 2943 eruendum
3654 2889 3796 2945 mittas

2249 2991 2442 3032 servos
2475 2985 2630 3043 tuos;
2656 2976 2732 3032 illi
2761 2987 2942 3034 autem
2973 2994 3073 3034 nec
3098 2979 3250 3035 illum
3279 2982 3561 3052 potuerint
3589 2982 3793 3050 liberare,

2248 3069 2344 3125 sed
2366 3078 2424 3125 et
2452 3071 2666 3141 seipsos
2692 3071 2744 3126 in
2771 3071 2956 3142 aliquo
2983 3071 3114 3128 dum
3140 3073 3292 3129 illum
3314 3082 3586 3129 conantur
3605 3076 3794 3145 eripere,

2251 3161 2586 3232 polluerint;
2623 3172 2812 3232 postea
2839 3179 2972 3220 vero
3000 3174 3057 3220 tu
3089 3165 3237 3236 ipse,
3267 3165 3559 3237 deponens
3585 3166 3672 3222 has
3695 3167 3798 3223 seri-

535 3267 680 3338 quod
709 3265 1058 3323 Senonenses
1085 3263 1226 3321 Galli
1272 3264 1439 3320 etiam
1469 3261 1802 3334 Capitolium
1833 3261 1861 3301 ἀ
1905 3279 2142 3336 occupa-
2167 3249 2214 3316 C
2244 3267 2338 3309 cas
2365 3268 2501 3324 quas
2532 3254 2755 3309 indutus
2783 3269 2844 3312 es
2869 3264 3073 3324 vestes,
3110 3257 3305 3314 induas
3341 3268 3396 3313 te
3426 3260 3669 3315 servilem
3695 3259 3797 3314 tuui-

531 3369 732 3418 verunt
761 3369 816 3416 et
846 3361 1065 3414 omnem
1113 3359 1415 3413 Romanam
1462 3372 1686 3412 manum
1725 3357 1842 3412 suis
1889 3357 2144 3412 ludibriis

535 3455 917 3527 subjugarunt.
941 3454 1194 3510 Diversas
1216 3451 1410 3518 fames,
1435 3460 1490 3507 et
1509 3451 1908 3508 inenarrabiles
1936 3460 2142 3521 pestes,

535 3547 783 3605 diversas
811 3547 1176 3620 captivitates,
1229 3545 1477 3602 diversas
1527 3544 1824 3601 eﬁ‘usiones
1867 3544 2146 3615 sanguinis

480 3627 492 3635 ’
535 3646 814 3700 Romanus
844 3628 996 3699 orbis
1026 3657 1219 3714 passus
1244 3651 1349 3709 est,
1375 3651 1669 3711 antequam
1698 3657 1870 3698 unum
1899 3642 2148 3697 colerent

536 3738 791 3793 homines
821 3737 1009 3794 Deum.
1035 3736 1192 3792 Nune
1211 3750 1344 3791 vero
1370 3751 1436 3790 ex
1459 3751 1568 3806 quo
1592 3736 1886 3791 invisibilis
1905 3745 1960 3791 et
1982 3751 2145 3791 verus

539 3829 687 3884 Deus
715 3829 881 3899 cmpit
907 3844 938 3884 a
966 3827 1325 3886 credentibus
1351 3825 1481 3894 coli,
1517 3835 1542 3864 ε
1569 3835 1723 3881 aucta
1755 3841 1888 3896 pace
1910 3825 2148 3881 exsultat

540 3921 848 3977 Romanum
876 3922 1183 3992 imperium.
1225 3919 1334 3978 Sed
1359 3919 1504 3991 quod
1539 3918 1693 3990 pejus
1719 3927 1822 3985 est,
1856 3917 2022 3986 Deus,
2053 3918 2146 3987 qui

539 4014 645 4070 hoc
697 4021 937 4084 praestat,
987 4029 1096 4069 non
1145 4013 1528 4084 cognoscitur;
1574 4009 1670 4067 sed
1715 4017 1980 4065 creatura:
2026 4009 2145 4079 ejus

537 4107 847 4175 ascribitur,
879 4104 1142 4176 quidquid
1173 4121 1204 4160 a
1233 4103 1494 4161 Creatore
1523 4113 1835 4175 przestatur.

612 4195 704 4251 45.
744 4195 1047 4251 Praefectus
1074 4195 1208 4252 dixit
1235 4214 1246 4249 :
1279 4195 1338 4251 Si
1367 4195 1460 4252 ille
1481 4195 1746 4252 colendus
1771 4203 1883 4262 est,
1914 4195 2006 4266 qui
2039 4194 2144 4250 hu-

540 4288 720 4344 manis
775 4287 1080 4343 commodis
1127 4288 1331 4358 aliquid
1380 4296 1626 4357 praestat,
1673 4288 1858 4344 nullus
1907 4286 2012 4342 nisi
2060 4288 2144 4342 sol

545 4381 839 4439 habebitur
868 4382 1025 4452 deus,
1066 4383 1157 4454 qui
1202 4391 1423 4452 aspectu
1451 4398 1550 4438 suo
1593 4391 1756 4438 terrae
1799 4383 2011 4440 viscera
2051 4399 2145 4440 ve-

539 4484 710 4546 getat,
741 4483 800 4530 ut
822 4475 1030 4531 semina
1060 4483 1311 4546 suscepta
1356 4475 1643 4547 parturiat,
1674 4483 1730 4531 et
1770 4477 2023 4547 genuina:
2053 4490 2143 4532 so-

2244 3361 2364 3403 cam
2394 3355 2450 3403 et
2478 3347 2820 3404 descendens
2849 3347 2904 3404 in
2932 3350 3175 3405 cloacam
3205 3352 3395 3406 mittas
3427 3367 3616 3406 manus
3641 3361 3740 3406 tuas
3759 3351 3796 3406 in

2243 3440 2606 3510 stercoribus,
2640 3448 2697 3496 et
2719 3443 2983 3498 annulum
3011 3458 3240 3500 aureum
3267 3446 3434 3500 simul
3469 3445 3574 3501 tuis
3600 3446 3797 3502 manibus

2246 3545 2613 3604 repraesentes
2643 3545 2700 3589 et
2726 3551 3016 3608 gemmam,
3046 3552 3158 3608 prae
3187 3538 3390 3609 gaudio
3418 3555 3614 3597 omnes
3637 3543 3799 3597 amicos

2246 3635 2370 3681 tuos
2414 3627 2611 3683 invitas
2637 3627 2706 3683 ad
2736 3631 2932 3700 epulas
2967 3638 3022 3686 et
3049 3631 3254 3688 laetaris
3285 3647 3459 3702 super
3501 3635 3738 3690 annulum
3760 3643 3798 3689 et

2243 3733 2535 3790 gemmam,
2567 3721 2713 3792 quod
2743 3723 2854 3778 sint
2882 3722 2951 3778 de
2979 3724 3163 3779 nimiis
3193 3727 3548 3795 squalorihus
3589 3729 3793 3784 liberata.

2246 3813 2545 3870 Praefectus
2591 3815 2730 3872 dixit
2775 3833 2787 3870 :
2837 3817 2985 3872 Hanc
3029 3818 3463 3887 propositionem
3493 3820 3562 3876 ad
3591 3825 3727 3891 cujus
3747 3820 3799 3875 si-

2245 3905 2608 3963 militudinem
2657 3908 2931 3965 attulisti?
2978 3908 3393 3980 Tranquillinus
3422 3911 3799 3983 responditzt't

2244 4001 2592 4058 ostenderem
2625 4002 2721 4058 tibi
2749 4018 2918 4059 unum
2949 4003 3284 4077 invisibilem
3310 4005 3486 4062 Deum
3516 4024 3613 4064 nos
3638 4009 3798 4066 colas.

2243 4093 2544 4152 Praefectus
2591 4097 2731 4152 dixit
2762 4115 2775 4152 :
2809 4097 2881 4154 Et
2926 4098 3072 4168 quod
3121 4109 3208 4154 est
3235 4101 3470 4155 aurum?
3497 4111 3591 4157 aut
3615 4119 3722 4172 qua:
3742 4111 3800 4157 est

2242 4206 2479 4262 gemma,
2511 4208 2633 4264 quae
2665 4194 2722 4248 in
2759 4193 3110 4263 sterquilinio
3137 4194 3538 4253 volutabatur?
3563 4197 3801 4270 Tranquil-

2242 4284 2389 4341 linus
2430 4287 2713 4358 respondit
2762 4305 2776 4342 :
2826 4286 3066 4351 Aurum.
3112 4303 3316 4359 corpus
3363 4288 3668 4347 humanum
3709 4298 3798 4350 est.

2242 4393 2456 4450 gemma
2486 4395 2621 4436 vero
2647 4380 2832 4436 anima
2860 4390 2968 4446 est,
2992 4395 3116 4452 quae
3148 4383 3200 4437 in
3224 4382 3344 4452 ipso
3368 4398 3608 4454 corpore
3636 4383 3799 4439 inclusa

2242 4478 2346 4525 est.
2377 4469 2593 4542 Corpus
2622 4486 2753 4528 vero
2782 4474 2839 4529 et
2866 4473 3047 4527 anima
3079 4489 3246 4529 unum
3277 4473 3560 4531 hominem
3600 4477 3802 4540 iaciunt,

539 4568 684 4625 bolis
741 4583 907 4641 grana
959 4570 1011 4625 in
1075 4571 1259 4627 culmo
1315 4569 1588 4636 restituat,
1645 4579 1811 4642 atque
1868 4568 2140 4627 universis
2176 4640 2191 4642 _
2243 4564 2520 4636 quomodo
2565 4582 2757 4623 aurum
2807 4578 2865 4624 et
2908 4583 3125 4638 gemma
3168 4585 3339 4625 unum
3369 4572 3638 4628 annulum
3669 4572 3804 4628 iacere

541 4661 732 4717 salutis
753 4640 962 4717 nostrae
991 4662 1341 4732 utilitatibus,
1383 4670 1440 4719 et
1469 4662 1648 4718 lumen
1683 4640 1739 4718 et
1783 4663 2140 4718 restauratio-
2171 4640 2217 4700 ί)
2243 4657 2694 4728 comprobantur.
2746 4659 2855 4716 Sed
2898 4663 3252 4732 quantumvis
3298 4663 3579 4734 pretiosus
3633 4665 3721 4720 tibi
3755 4664 3805 4719 sit

542 4772 670 4813 nem
744 4755 950 4825 pariter
1013 4756 1214 4813 tribuat
1272 4765 1330 4814 et
1395 4757 1660 4829 vigorem.
1731 4755 2138 4828 Tranquillinus

538 4849 862 4921 respondit:
902 4849 972 4904 Et
1013 4849 1066 4906 in
1110 4847 1214 4905 hoc
1252 4863 1418 4905 error
1465 4858 1551 4905 est
1595 4848 1860 4905 inﬁnitus.
1911 4849 2044 4905 Nam
2088 4849 2137 4906 si

538 4940 700 4997 hodie
754 4958 852 5012 per
899 4957 1121 4998 servum
1169 4956 1328 4996 suum
1376 4942 1644 5014 quispiam
1689 4943 1979 4999 clientibus
2025 4943 2139 4998 suis

536 5035 738 5090 tribuat
754 5035 898 5106 quod
923 5045 1166 5104 rogatur,
1183 5033 1390 5089 inﬁnita
1411 5034 1648 5089 stultitia
1665 5044 1768 5101 est,
1794 5035 1839 5089 si
1856 5035 2136 5106 neglectus

530 5127 626 5184 ille
653 5129 744 5200 qui
773 5128 1046 5198 praestitit,
1078 5143 1268 5184 servus
1299 5143 1398 5197 per
1428 5142 1590 5198 quem
1629 5126 1942 5197 praestiterit
1969 5128 2143 5184 hono-

532 5229 704 5278 retur.
741 5221 812 5276 Et
834 5230 896 5276 ut
921 5221 1156 5293 aliquam
1203 5219 1364 5291 hujus
1395 5219 1524 5274 dicti
1556 5219 2016 5290 comparationem
2045 5235 2140 5277 ex-

535 5317 756 5376 hibeam
783 5336 798 5385 ;
828 5319 1087 5390 numquid
1117 5335 1240 5374 cum
1265 5332 1438 5374 naves
1466 5317 1729 5372 Romanis
1757 5317 2014 5374 alimenta
2042 5317 2138 5373 de-

536 5411 740 5482 ferunt,
772 5413 998 5468 navibus
1046 5413 1388 5484 potiusquam
1420 5411 1639 5484 regibus
1666 5409 1856 5482 gratiae
1891 5411 2136 5468 referun-

608 5552 637 5582 η
933 5547 946 5558 .

604 5613 633 5654 δ
675 5544 1308 5672 ﬁgitzemtrn‘Christianos
1325 5616 1593 5674 ealumnia
1617 5631 1648 5672 a
1681 5614 1846 5670 variis
1868 5615 1973 5670 PP.
2002 5631 2134 5672 cuna

525 5685 722 5754 lutata,
757 5689 1056 5754 praesertim
1087 5687 1254 5745 Paulo
1283 5687 1476 5744 Orosio
1515 5699 1568 5742 et
1606 5689 1664 5743 S.
1696 5687 2020 5756 Augustino.

524 5757 758 5885 ΠιθηΑι.
789 5755 928 5826 libri,
961 5759 1238 5815 mendose.
1288 5762 1560 5830 Scriptum
1591 5759 1645 5815 in
1674 5755 1994 5830 quibusdam
2019 5768 2139 5816 erat

575 5846 687 5885 int.

595 5871 740 5956 amita
769 5903 900 5956 mss.
939 5913 1150 5956 amnes.
1199 5900 1507 5971 Legendum
1582 5903 1784 5974 potius,
1851 5919 2139 5976 oppmgna-

2244 4752 2502 4816 annulus,
2535 4753 2696 4826 longe
2724 4754 2861 4810 satis
2899 4756 3064 4811 homo
3093 4758 3397 4828 pretiosior
3427 4769 3517 4816 est
3538 4761 3804 4830 centuplum

2244 4852 2300 4899 et
2326 4844 2528 4900 charus
2560 4844 2806 4903 Christo.
2839 4847 2920 4903 Tu
2948 4848 3147 4906 misisti
3178 4865 3375 4907 servos
3407 4860 3558 4921 tuos,
3591 4863 3649 4910 ut
3672 4868 3807 4908 annu-

2241 4938 2358 4994 lum
2405 4941 2474 4997 de
2518 4940 2774 4998 sordibus
2818 4943 3136 5014 eriperent,
3186 4955 3242 5001 et
3287 4946 3441 5002 nulla
3481 4949 3805 5004 rationeeum

2243 5047 2437 5089 eruere
2485 5045 2800 5106 potuerunt.
2849 5035 2997 5091 Misit
3023 5045 3080 5092 et
3111 5037 3416 5108 prophetas
3445 5055 3579 5096 suos
3609 5040 3738 5095 Deus
3758 5037 3808 5092 de

2241 5129 2382 5185 cmlo
2411 5129 2641 5198 loquens
2668 5129 2735 5185 ad
2766 5144 2884 5197 eos,
2916 5140 2974 5185 ut
3004 5128 3301 5186 humanum
3333 5147 3513 5204 genus
3541 5149 3572 5189 a
3595 5131 3808 5189 sordibus

2239 5221 2402 5293 hujus
2452 5224 2639 5280 mundi
2689 5222 2718 5260 h
2745 5224 2985 5295 eriperet
3019 5241 3034 5280 :
3064 5233 3122 5281 et
3167 5226 3319 5281 nulla
3373 5228 3597 5284 ratione
3623 5226 3806 5284 omnino

2240 5318 2345 5373 hoc
2391 5316 2578 5374 facere
2627 5319 2713 5374 vel
2743 5319 3000 5376 instantia
3050 5328 3376 5391 potuerunt.
3423 5321 3510 5378 Tu
3550 5316 3810 5393 deposuisti

2238 5424 2434 5466 aureas
2461 5419 2667 5479 vestes,
2703 5421 2758 5467 et
2788 5412 2974 5468 servili
3006 5411 3336 5470 indumento
3361 5414 3591 5473 indutus
3618 5417 3811 5472 descen-

2232 5556 2448 5629 verum:
2479 5562 2606 5604 nam
2639 5547 2766 5606 inde
2798 5549 2968 5622 pretio
2995 5548 3238 5621 deducti,
3266 5567 3400 5608 mox
3433 5561 3491 5611 et
3523 5552 3658 5626 pulsi
3679 5568 3709 5608 a
3732 5550 3808 5607 Ca-

2236 5619 2409 5674 milio.

2311 5699 2334 5727 ε
2369 5690 2458 5744 Al.
2480 5692 2609 5747 alta.

2316 5759 2338 5798 ί
2367 5762 2455 5816 Al.
2479 5763 2650 5828 lapsa.

2318 5843 2342 5906 tl
2497 5834 2801 5906 expendere.

2318 5901 2347 5942 ιι
2375 5904 2462 5960 Al.
2489 5901 2764 5979 eriperent.
