3950 6314
117 308 254 368 1041

1177 307 1359 366 ACTA
1405 306 1464 367 S.
1503 305 1912 367 SEBASTIANI
1952 309 2329 369 MARTYRIS.

3265 313 3409 370 1049.

113 424 246 482 disti
274 425 330 481 in
361 426 634 492 cloacam,
668 435 722 482 ct
749 441 939 482 manus
973 435 1094 482 tuas
1122 425 1318 498 misisti
1349 426 1402 481 in
1429 426 1708 493 sordibus,
1739 427 1788 487 A
1818 436 2078 496 possunt,
2110 436 2166 484 et
2194 427 2402 486 inferre
2431 429 2620 501 iniqua
2650 429 2919 502 supplicia
2957 447 2972 498 ;
3003 445 3302 501 numquam
3335 442 3419 489 ta-

117 529 177 576 ut
207 521 472 576 annulum
501 520 570 576 de
598 519 849 575 sordibus
882 519 1141 576 liberares
1178 536 1192 575 :
1218 518 1388 575 Exuit
1425 529 1482 576 et
1510 534 1571 577 se
1602 536 1715 575 ma-

116 610 290 683 iestas
317 611 628 670 Divinitatis
653 628 765 668 suae
788 612 1101 685 splendore,
1129 628 1236 668 non
1269 622 1448 669 tamen
1477 628 1716 682 superna

119 703 472 774 relinquens;
522 714 578 761 et
627 704 807 761 induit
833 720 893 761 se
938 705 1124 762 servili
1156 706 1326 762 nostri
1359 706 1606 776 corporis
1636 709 1718 762 in-

120 796 423 867 dumento,
475 807 531 854 et
581 797 690 854 huc
735 799 788 853 in
839 799 1084 855 cloacam
1134 799 1296 869 hujus
1340 800 1527 856 mundi
1576 800 1718 857 caelo

120 888 486 958 descendens,
509 891 657 946 misit
685 905 875 946 manus
895 905 1026 946 suas
1054 893 1106 947 in
1132 892 1384 947 sordibus
1405 893 1714 963 passionum
1781 901 1796 905 “

123 992 470 1048 nostrarum;
519 993 576 1038 et
607 985 914 1053 passionem
934 1028 949 1052 ,
981 999 1104 1056 qua:
1154 985 1366 1039 meritis
1399 988 1600 1040 nostris
1626 985 1721 1042 de-

121 1075 377 1143 bebatur,
405 1077 458 1131 in
483 1077 780 1148 semetipso
806 1078 1130 1148 suscipiens,
1155 1078 1345 1148 gloria:
1371 1093 1470 1134 nos
1493 1095 1717 1136 suorum

121 1169 363 1226 reddidit
416 1171 732 1243 digitorum.
791 1171 925 1228 Nam
986 1174 1077 1244 qui
1131 1189 1229 1244 per
1276 1173 1716 1232 incredulitatem

122 1263 517 1320 volutabamur
540 1265 594 1320 in
619 1265 972 1337 squalor-ibus
997 1266 1208 1337 mundi,
1234 1283 1332 1339 per
1355 1269 1515 1325 [idem
1549 1271 1720 1328 abluti

120 1371 152 1411 a
199 1358 490 1424 sordibus,
535 1359 737 1414 divinis
777 1373 967 1416 sumus
1015 1362 1298 1430 manibus,
1347 1372 1405 1417 ut
1449 1363 1542 1419 ille
1591 1373 1720 1422 tuus

119 1451 392 1519 annulus,
427 1453 686 1517 restituti.
719 1452 987 1524 Numquid
1023 1455 1167 1510 servi
1199 1456 1306 1522 tui,
1338 1457 1428 1527 qui
1461 1466 1513 1513 te
1557 1474 1722 1530 nega-

122 1556 327 1603 verunt
371 1546 657 1602 dominum
704 1562 900 1616 suum,
947 1547 1076 1604 dum
1127 1558 1178 1605 te
1215 1550 1268 1605 in
1308 1549 1500 1606 habitu
1536 1551 1720 1608 servili

127 1642 495 1711 respicerent,
529 1657 635 1695 non
659 1649 956 1711 potuerunt
985 1650 1044 1696 ut
1071 1641 1309 1699 rebelles
1331 1642 1538 1699 occidi?
1565 1643 1640 1699 Ita
1665 1655 1720 1701 et

122 1733 220 1805 qui
253 1743 452 1805 negant
489 1733 767 1790 Christum
811 1735 1098 1791 Dominum
1129 1753 1286 1791 suttm
1325 1752 1421 1807 pro
1444 1737 1545 1792 hoc
1576 1739 1720 1810 quod

1817 535 1942 576 men
1974 521 2042 578 de
2084 522 2251 578 corde
2280 532 2469 580 nostro
2513 524 2616 580 hoc
2663 525 2883 581 auferre
2922 535 3217 597 poterunt,
3268 529 3414 600 quod

1818 615 2106 672 Dominum
2135 615 2327 673 Jesum
2354 616 2632 674 Christum
2683 627 2739 675 et
2765 628 3075 676 creatorem
3123 634 3250 677 esse
3293 635 3418 678 cre-

1815 709 2028 778 dimus,
2072 721 2126 766 ct
2155 711 2561 782 redemptorem
2609 722 2858 770 nostrum
2892 729 2959 772 ac
2986 723 3413 772 restauratorem

1817 819 1940 860 esse
1968 804 2295 874 gaudemus.
2328 805 2465 861 Tum
2512 806 2804 878 praefectus
2828 808 2996 879 jussit
3034 824 3157 865 eum
3185 809 3356 880 recipi
3384 825 3415 865 a

1816 897 2258 968 Commentariis,
2283 899 2478 956 dicens
2505 920 2517 954 :
2540 901 2798 958 Proxima
2827 915 2880 960 te
2899 903 3121 960 audiam
3146 903 3416 961 sessione.

2407 991 2636 1051 CAPUT
2669 994 2809 1051 XIV.

1995 1085 2324 1141 Chromatius
2354 1084 2511 1142 Urbis
2553 1088 2830 1160 prwfectus
2857 1089 3226 1145 catechizatur.

1890 1181 1980 1236 47.
2014 1181 2144 1236 Post
2171 1181 2287 1237 luet:
2308 1182 2477 1236 mittit
2505 1189 2560 1236 et
2587 1180 2788 1237 adduci
2818 1198 2943 1238 eum
2973 1184 3039 1238 ad
3069 1199 3130 1241 se
3159 1184 3417 1254 prtecepit

1819 1288 1920 1346 per
1948 1283 2166 1330 noctem
2197 1273 2442 1340 occulte,
2466 1282 2520 1328 et
2548 1273 2788 1330 oll'crens
2823 1274 2874 1330 ei
2903 1275 3172 1331 inﬁnitum
3207 1276 3423 1347 pondus

1819 1366 1937 1421 auri
1971 1365 2187 1422 dicebat
2229 1385 2244 1422 :
2276 1365 2518 1423 OSIende
2547 1367 2678 1422 mihi
2721 1367 3187 1423 medicamentum
3216 1383 3284 1424 ex
3313 1384 3423 1440 quo

1820 1459 2157 1528 recuperasti
2212 1458 2470 1514 salutem.
2498 1457 2597 1514 Cui
2647 1457 3060 1528 Tranquillinus
3097 1459 3175 1514 ait
3212 1477 3224 1513 :
3269 1458 3424 1516 Scias

1819 1552 2082 1624 grandem
2105 1551 2238 1607 iram
2263 1561 2315 1607 et
2343 1550 2582 1607 furorem
2606 1550 2702 1606 Dei
2731 1565 2990 1620 passuros
3015 1565 3160 1616 esse,
3186 1551 3276 1622 qui
3300 1565 3425 1622 gra-

1822 1646 1952 1698 tiam
1978 1643 2097 1714 ejus
2113 1643 2197 1697 vel
2219 1641 2638 1698 venundandam
2660 1641 2977 1697 existimant
2997 1641 3082 1697 vel
3106 1641 3418 1698 eruendam.

1824 1737 1982 1794 Unde
2010 1739 2055 1792 si
2085 1738 2165 1793 vis
2191 1753 2218 1790 a
2249 1736 2545 1809 podagrico
2571 1735 2764 1792 dolore
2787 1735 3032 1803 liberari,
3053 1735 3219 1793 crede
3240 1735 3429 1792 Chris-

123 1826 483 1894 semetipsum
518 1841 548 1881 a
579 1826 864 1897 majestate
884 1827 1204 1895 exinanivit,
1233 1838 1287 1884 et
1311 1828 1542 1884 formam
1571 1831 1721 1886 servi
1752 1815 1800 1877 Β
1826 1838 1939 1885 tum
1955 1829 2152 1885 Filium
2169 1829 2717 1897 Dei,etliberaberis,
2734 1841 2789 1885 et
2805 1828 3125 1886 sicuthodie
3139 1844 3228 1886 me
3246 1829 3423 1898 vides,

122 1918 405 1988 suscepit,
443 1919 756 1977 nullatenus
801 1931 1057 1992 poterunt
1103 1922 1296 1978 aeterni
1345 1923 1487 1994 ignis
1535 1939 1725 1995 poenas

122 2016 382 2072 evadere.
413 2015 540 2072 Ideo
568 2017 805 2088 denique
849 2017 1008 2074 nobis
1037 2017 1129 2089 qui
1165 2018 1220 2073 in
1251 2033 1374 2074 eum
1405 2019 1682 2076 credimus
1704 2062 1719 2087 ,

124 2109 322 2165 :etcrni
369 2109 537 2166 fontis
587 2109 731 2165 unda
779 2110 1066 2178 subvenit,
1109 2118 1168 2165 ut
1213 2119 1450 2167 aeternus
1488 2111 1628 2183 ignis
1655 2111 1726 2168 ab

125 2213 336 2261 :eterno
385 2203 534 2261 fonte
583 2205 870 2271 vincatur,
919 2215 975 2261 et
1033 2203 1328 2262 inﬁdelitas
1379 2221 1409 2260 a
1459 2205 1726 2264 ﬁdelitate

124 2307 442 2369 superetur.

203 2393 295 2449 45.
342 2391 640 2447 Praefectus
665 2392 799 2447 dixit
828 2411 840 2447 :
879 2391 948 2448 Ut
977 2391 1154 2457 video,
1187 2407 1294 2446 non
1325 2401 1386 2447 ut
1419 2392 1560 2446 filios
1605 2400 1726 2447 tuos

132 2484 205 2540 ab
253 2483 355 2539 hac
403 2483 709 2540 intentione
745 2483 968 2539 tolleres
1004 2483 1324 2554 poposcisse
1353 2483 1610 2555 probaris
1640 2484 1727 2538 in-

128 2575 349 2643 ducias,
375 2577 471 2632 sed
502 2586 561 2632 ut
583 2577 681 2632 has
703 2577 877 2633 aniles
896 2577 1106 2632 fabulas
1125 2577 1192 2632 ad
1218 2588 1403 2633 nostra
1436 2577 1727 2634 tribunalia

135 2678 160 2706 ³¹
198 2670 496 2726 meditatus
526 2670 775 2751 aﬂ’erres.
808 2669 1224 2740 Tranquillinus
1250 2670 1388 2725 dixit
1419 2688 1434 2725 :
1466 2670 1581 2726 Non
1614 2686 1730 2726 me-

129 2763 378 2820 ditantur
405 2763 661 2835 discipuli
688 2763 894 2820 Christi
923 2765 1052 2835 quid
1087 2765 1140 2819 in
1168 2774 1464 2835 conspectu
1487 2764 1729 2834 judicum

129 2867 559 2930 prosequantur.
585 2858 678 2913 Sic
706 2857 851 2913 enim
886 2857 1215 2928 praamonuit
1241 2857 1432 2914 dicens
1456 2876 1468 2912 :
1500 2858 1731 2926 Quando

135 2949 499 3022 potestatibus
545 2950 707 3021 hujus
751 2950 940 3005 mundi
989 2965 1086 3006 vos
1128 2965 1294 3006 causa
1335 2951 1441 3006 mei
1494 2951 1732 3006 nominis

136 3043 392 3109 tradent,
443 3042 616 3098 nolite
660 3041 903 3114 cogitare
945 3044 1222 3114 quomodo
1257 3054 1350 3098 aut
1379 3043 1506 3114 quid
1538 3043 1733 3115 loqua-

133 3137 294 3204 mini,
320 3136 540 3193 dabitur
568 3136 712 3192 enim
739 3136 899 3192 vobis
926 3135 1188 3192 divinitus
1223 3137 1277 3192 in
1310 3137 1396 3192 illa
1429 3138 1559 3192 hora
1601 3137 1729 3208 quid

134 3228 462 3300 loquamini.
496 3229 612 3284 Non
657 3229 802 3285 enim
833 3244 930 3285 vos
962 3229 1093 3284 estis
1132 3232 1221 3300 qui
1270 3230 1592 3300 loquimini,
1618 3204 1731 3286 sed
1759 3204 1806 3268 (ἶ

139 3323 383 3394 Spiritus
414 3323 547 3392 Dei,
577 3325 667 3395 qui
700 3324 940 3393 loquitur
970 3324 1023 3378 in
1055 3323 1209 3379 vobis
1237 3323 1475 3393 (Matth.
1512 3341 1567 3390 x,
1601 3324 1728 3398 19).

135 3417 257 3475 Νοη
287 3433 417 3491 ergo
447 3417 763 3474 meditando
779 3433 898 3490 ego,
924 3417 1020 3474 sed
1050 3417 1328 3473 credendo
1358 3417 1542 3474 inveni
1566 3416 1736 3474 Crea-

140 3520 318 3567 torem
353 3526 532 3566 tneum
555 3553 571 3577 ,
607 3520 663 3566 et
690 3511 780 3581 qui
831 3526 980 3566 eram
1011 3509 1303 3582 podagrico
1333 3517 1389 3565 et
1418 3510 1736 3582 chiragrico

136 3605 335 3662 dolore
375 3615 688 3660 contractus
722 3613 776 3660 et
804 3604 832 3643 δ
873 3614 1184 3675 quassatus,
1217 3604 1399 3659 statim
1429 3615 1490 3658 ut
1518 3603 1736 3659 Christo

138 3696 376 3761 credidi,
399 3711 462 3752 ac
486 3697 530 3751 si
555 3697 814 3767 parvulus
835 3695 1076 3750 omnium
1099 3696 1466 3752 membrorum
1493 3711 1735 3752 meorum

138 3791 326 3860 recepi
355 3791 669 3846 sanitatem.
691 3787 921 3868 Constat
945 3804 1076 3859 ergo
1100 3789 1242 3860 apud
1266 3791 1506 3845 animum
1532 3805 1734 3861 meum,

141 3885 322 3956 ipsum
355 3900 441 3940 me
470 3899 689 3941 creasse
718 3884 812 3956 qui
844 3899 932 3939 me
960 3898 1229 3940 renovare
1263 3884 1516 3954 dignatus
1545 3892 1650 3948 est,
1683 3893 1741 3939 et

141 3978 287 4034 sicut
346 3975 498 4033 dedit
560 3977 1017 4033 restaurationem
1077 3978 1333 4046 corpori,
1388 3977 1463 4032 ita
1521 3992 1740 4048 quoque

141 4071 341 4126 animae
388 4079 512 4140 post
561 4071 719 4126 istam
752 4071 917 4124 vitam
970 4070 1100 4124 dare
1139 4069 1422 4140 promisit,
1467 4070 1514 4125 si
1559 4080 1738 4126 tamen

143 4181 255 4221 non
295 4164 491 4220 dubius
523 4180 625 4220 nec
653 4164 879 4219 timidus
924 4163 1204 4218 hominum
1247 4163 1549 4220 terroribus
1595 4163 1742 4220 fran-

141 4273 273 4330 gar;
326 4257 422 4314 sed
472 4259 523 4312 in
573 4256 692 4328 ejus
743 4258 981 4312 nominis
1031 4257 1378 4314 confessione
1439 4258 1741 4327 perduraus

143 4350 312 4407 ﬁdem
369 4351 673 4422 integram,
726 4345 886 4422 quam
939 4365 1028 4406 me
1083 4351 1229 4407 Deus
1276 4351 1406 4407 iecit
1457 4351 1739 4421 invenire,

145 4457 487 4500 conservem.

221 4536 314 4592 46.
347 4535 640 4593 Praefectus
666 4536 1086 4609 dixitzlgnoras,
1115 4537 1518 4609 Tranquilline,
1543 4548 1742 4610 quanta

149 4630 637 4686 invictissimorum
703 4631 1008 4703 principum
1077 4645 1208 4702 erga
1262 4629 1608 4686 Chrisuianos
1663 4631 1744 4685 ira

149 4724 440 4791 desazviat,
491 4733 547 4780 et
593 4723 714 4780 ideo
757 4723 914 4794 quasi
952 4737 1180 4778 securus
1222 4722 1364 4794 quod
1401 4722 1497 4777 tibi
1529 4722 1746 4779 videtur

149 4821 274 4876 sine
309 4821 505 4876 timore
537 4821 910 4890 prosequeris.
942 4817 1356 4888 Tranquillinus
1387 4818 1525 4873 dixit
1555 4835 1568 4871 :
1593 4815 1744 4872 Stul-

155 4924 246 4970 tus
273 4915 438 4970 timor
456 4924 538 4969 est
558 4955 571 4977 .
600 4929 711 4984 quo
743 4913 866 4981 plus
897 4913 1120 4968 timetur
1149 4914 1380 4967 humana
1413 4912 1742 4984 indignatio,

151 5022 321 5078 quam
369 5007 575 5062 divina.
626 5005 902 5075 Numquid
944 5006 989 5060 si
1018 5005 1071 5060 in
1105 5005 1286 5060 medio
1316 5020 1512 5060 canum
1547 5005 1751 5060 latran-

151 5102 291 5157 tium
322 5103 657 5167 venerimus,
704 5110 761 5157 et
798 5115 936 5157 vano
981 5098 1167 5157 furore
1205 5115 1306 5155 nos
1334 5099 1606 5172 coeperint
1639 5101 1755 5157 suis

152 5197 434 5254 morsibus
462 5206 777 5260 attrectare,
805 5202 1036 5266 possunt
1059 5195 1218 5251 nobis
1246 5194 1318 5250 de
1347 5197 1534 5250 animo
1565 5196 1759 5252 tollere

155 5290 264 5347 hoc
293 5290 437 5362 quod
471 5305 574 5346 nos
611 5289 862 5345 homines
901 5301 1092 5344 sumus
1145 5298 1169 5328 ο
1193 5287 1584 5357 rationabiles,
1632 5305 1756 5345 cum

154 5382 269 5437 sint
315 5381 394 5436 illi
438 5395 605 5436 canes
627 5426 641 5451 ,
672 5389 728 5436 et
773 5377 1202 5444 irrationabiles,
1231 5385 1288 5434 et
1317 5378 1532 5434 insani?
1559 5379 1635 5435 lta
1665 5382 1756 5452 qui

158 5473 322 5531 nobis
363 5481 514 5530 recte
544 5471 900 5530 credentibus
930 5471 1266 5539 irascuntur,
1301 5471 1498 5528 savire
1537 5475 1754 5545 quidem

238 5683 265 5712 ⁸
297 5672 382 5728 Al.
414 5669 712 5726 meditatas.

239 5744 268 5784 δ
296 5743 385 5800 Al.
415 5759 654 5808 quam“.

243 5829 264 5854 ε
298 5816 551 5884 Quidam,
585 5810 886 5868 rationales.

243 5885 268 5924 δ
311 5881 634 5958 mactem,
673 5894 756 5941 est
786 5884 840 5938 in
869 5881 1118 5955 condylis
1156 5885 1272 5942 sive
1301 5886 1550 5943 articulis
1579 5888 1772 5949 digito-

1771 4582 1824 4643 D

1826 1923 1900 1978 ita
1931 1925 2116 1978 salvus
2154 1923 2285 1978 eris.
2325 1921 2532 1993 Nempe
2573 1923 2665 1978 vix
2713 1922 2966 1977 manibus
3011 1920 3298 1978 deferebar
3322 1963 3338 1989 ,
3371 1930 3430 1977 et

1825 2015 2078 2072 undecim
2098 2029 2271 2070 annos
2289 2031 2389 2086 per
2400 2030 2595 2071 omnes
2610 2016 2894 2085 juncturas
2908 2029 3202 2069 nervorum
3223 2016 3274 2068 in
3301 2027 3428 2068 cor-

1827 2125 1962 2182 pore
1990 2124 2114 2165 meo
2130 2109 2385 2165 dolorum
2419 2108 2576 2166 nodis
2599 2108 2877 2175 astrictus,
2903 2108 3000 2164 vix
3022 2110 3104 2164 ori
3129 2125 3252 2163 meo
3270 2109 3429 2179 panis

1826 2203 2020 2259 alienis
2031 2202 2283 2258 manibus
2304 2203 2624 2259 tradebatur
2649 2221 2663 2261 :
2690 2203 2838 2259 illico
2859 2211 2918 2256 ut
2938 2203 3220 2259 Christum
3235 2216 3428 2257 verum

1828 2297 1999 2352 Deum
2029 2311 2153 2352 esse
2196 2295 2434 2363 credidi,
2469 2297 2664 2352 salutis
2693 2312 2828 2352 meae
2874 2296 3072 2368 gaudia
3120 2295 3338 2366 recepi,
3372 2305 3430 2352 et

1829 2406 1950 2448 sum
1980 2389 2294 2456 incolumis,
2318 2389 2452 2460 quia
2488 2404 2676 2445 verum
2702 2388 2874 2445 Deum
2896 2389 3229 2446 salvatorem
3245 2403 3425 2444 meum

1828 2465 2045 2555 agnovi.

1901 2575 1992 2631 43.
2045 2574 2199 2631 Tunc
2231 2576 2524 2645 prterectus
2559 2573 2770 2629 dimisit
2809 2589 2933 2630 eum
2974 2573 3166 2630 dicens
3195 2591 3210 2629 :
3239 2571 3432 2631 Adduc

1829 2667 1899 2724 ad
1918 2684 2004 2722 me
2019 2668 2112 2738 qui
2143 2677 2196 2723 te
2221 2666 2596 2722 Christianum
2627 2665 2778 2735 fecit,
2807 2677 2867 2723 ut
2893 2668 2938 2722 si
2962 2666 3092 2722 mihi
3116 2668 3438 2738 promiserit

1831 2763 2147 2829 sanitatem,
2166 2762 2372 2833 possim
2397 2772 2449 2818 et
2471 2778 2572 2835 ego
2587 2761 2706 2820 ﬁeri
2729 2762 3101 2820 Christianus.
3127 2763 3322 2820 Statim
3341 2779 3440 2820 au-

1833 2869 1940 2916 tem
1970 2857 2378 2930 Tranquillinus
2416 2857 2641 2914 veniens
2694 2858 2762 2914 ad
2795 2860 2852 2916 S.
2887 2858 3247 2932 Polycarpum
3280 2875 3438 2930 pres-

1832 2955 2086 3027 byterum
2116 2951 2357 3008 narravit
2383 2951 2436 3008 ei
2462 2952 2643 3006 omnia
2672 2967 2792 3022 qua:
2821 2961 2976 3022 gesta
2999 2953 3081 3006 vel
3103 2951 3248 3006 dicta
3265 2962 3438 3019 sunt;

1832 3059 1887 3105 et
1917 3047 2122 3103 ducens
2144 3061 2268 3101 eum
2305 3044 2445 3098 intra
2475 3043 2700 3097 domum
2733 3043 2947 3098 occulte
2971 3084 2986 3108 ,
3019 3040 3270 3112 praefecti
3303 3058 3431 3097 eum

1836 3139 2146 3211 aspectibus
2200 3134 2578 3208 praesentavit.
2618 3135 2721 3190 Cui
2768 3135 3059 3204 prmfectus
3101 3135 3177 3189 ait
3217 3151 3230 3190 :
3281 3134 3438 3192 Licet

1835 3234 2019 3307 gravis
2066 3231 2473 3288 animadversio
2518 3227 2823 3300 principum
2854 3227 3184 3284 Christianis
3237 3227 3437 3286 infesta

1837 3330 1942 3394 sit,
1978 3337 2155 3382 tamen
2205 3341 2303 3394 spe
2334 3322 2721 3393 recuperandae
2761 3321 2950 3378 salutis
2997 3321 3224 3378 ati‘eram
3271 3321 3432 3378 vobis

1837 3419 2101 3492 quidquid
2139 3418 2271 3473 illud
2303 3427 2388 3474 est
2415 3431 2590 3487 usque
2619 3415 2685 3470 ad
2717 3414 3003 3470 dimidium
3035 3414 3305 3471 bonorum
3339 3429 3438 3485 pa-

1839 3515 2085 3571 trimonii
2118 3513 2247 3579 mei,
2279 3513 2324 3567 si
2355 3511 2424 3567 ab
2450 3511 2551 3566 hac
2593 3510 2904 3566 nodositate
2932 3507 2958 3545 ά
2990 3509 3438 3584 condylomatum

1841 3608 1948 3662 mei
1981 3607 2183 3661 iuerint
2213 3605 2456 3660 membra
2488 3605 2735 3672 corporis
2774 3601 3036 3658 resoluta.
3068 3601 3221 3658 Tunc
3247 3603 3306 3658 S.
3337 3600 3444 3656 Po-

1842 3700 2101 3773 lycarpus
2128 3697 2422 3754 subridens
2463 3697 2538 3752 ait
2569 3717 2583 3752 :
2639 3697 2842 3752 Potens
2872 3705 2958 3752 est
2986 3695 3252 3751 Dominus
3275 3693 3442 3752 Jesus

1841 3791 2095 3848 Christus
2124 3800 2186 3847 ut
2213 3789 2534 3862 ignorantiae
2563 3799 2669 3844 tuae
2713 3798 2737 3826 ο
2765 3789 2962 3859 januas
2999 3787 3234 3857 aperiat,
3259 3799 3317 3842 et
3346 3802 3442 3843 os-

1843 3886 2033 3943 tendat
2079 3885 2172 3940 tibi
2207 3884 2351 3957 quod
2398 3885 2512 3954 ipse
2554 3885 2628 3938 sit
2667 3883 2917 3954 corporis
2949 3881 3026 3936 tui
3073 3889 3443 3938 restaurator.

1841 3980 1980 4037 Nam
2012 3979 2300 4048 pecuniam
2333 3977 2452 4032 sive
2483 3978 2577 4047 qui
2609 3973 2850 4030 aﬁ‘erunt
2875 4015 2888 4040 ,
2920 3973 3037 4028 sive
3063 3973 3154 4043 qui
3201 3971 3443 4029 oblatam

1843 4073 2126 4144 accipiunt
2149 4116 2164 4142 ,
2200 4089 2307 4128 non
2341 4072 2519 4127 solum
2569 4069 2778 4125 nullam
2811 4067 3130 4123 dolentibus
3157 4065 3450 4123 conferunt

1843 4169 2194 4236 medicinam,
2218 4167 2316 4223 sed
2347 4166 2511 4223 etiam
2539 4166 2641 4236 ipsi
2667 4163 2774 4220 sibi
2805 4161 3168 4218 insanabilem
3193 4160 3450 4218 morbum

1843 4273 2152 4320 assumunt.
2192 4261 2338 4317 Dicit
2382 4261 2434 4317 ei
2463 4259 2756 4332 praefectus
2795 4257 2936 4314 :Dic
2982 4272 3114 4329 ergo
3145 4255 3277 4312 mihi
3311 4255 3446 4328 quid

1844 4356 2065 4420 faciam,
2089 4364 2153 4412 ut
2175 4357 2436 4426 consequi
2466 4356 2678 4411 valeam
2708 4352 2852 4426 quod
2881 4367 3066 4424 spero.
3094 4351 3235 4408 Dicit
3269 4352 3318 4408 ei
3342 4351 3450 4409 Po-

1845 4449 2099 4523 lycarpus
2130 4467 2145 4504 :
2172 4448 2229 4504 Si
2258 4447 2562 4504 credideris
2591 4463 2656 4502 ex
2679 4454 2795 4501 toto
2823 4445 2990 4502 corde
3021 4454 3138 4511 tuo,
3167 4446 3308 4500 sicut
3329 4460 3452 4501 cre-

1848 4543 1988 4598 didit
2015 4542 2451 4612 Tranquillinus,
2482 4541 2668 4596 salvus
2693 4539 2823 4595 eris.
2856 4537 2998 4594 Dicit
3028 4539 3077 4593 ei
3117 4538 3411 4609 praefectus
3437 4556 3452 4594 :

1850 4633 1968 4702 Quo
1992 4633 2188 4689 ordine
2213 4633 2441 4688 credere
2461 4631 2689 4687 debeam
2711 4630 2964 4687 intimato
2985 4631 3008 4686 ‘l
3028 4629 3183 4688 Tunc
3202 4630 3264 4687 S.
3291 4631 3455 4703 Poly-

1851 4740 2056 4796 carpus
2091 4725 2456 4780 catechizavit
2495 4738 2655 4788 eum,
2687 4733 2742 4779 et
2787 4722 2988 4779 indixit
3027 4724 3078 4780 ei
3124 4732 3181 4778 ut
3213 4737 3310 4792 per
3355 4722 3458 4776 tri-

1852 4818 2017 4874 duum
2038 4819 2328 4889 jejunaret.
2353 4817 2422 4872 Et
2454 4831 2764 4873 convocans
2787 4817 2855 4872 ad
2887 4831 2946 4872 se
2973 4816 3032 4873 S.
3072 4815 3454 4872 Sebastianum

1857 4911 2033 4967 tribus
2065 4911 2264 4966 diebus
2294 4920 2349 4967 et
2377 4911 2551 4967 tribus
2602 4910 2858 4966 noctibus
2886 4909 3158 4981 jejunavit
3184 4921 3309 4962 cum
3341 4921 3409 4962 eo
3439 4923 3457 4962 :

1855 5015 2052 5063 etcum
2077 5007 2338 5078 lacrymis
2353 5007 2562 5077 pariter
2578 5006 2832 5073 orabant,
2846 5017 2909 5061 ut
2923 5005 3084 5060 [idem
3111 5002 3356 5058 nominis
3379 5003 3464 5058 sui

1859 5102 1912 5158 in
1940 5101 2172 5158 salutem
2200 5101 2435 5158 volentis
2462 5100 2690 5157 credere
2720 5099 2985 5155 Dominus
3011 5094 3341 5152 declararet.

2467 5189 2698 5249 CAPUT
2730 5190 2853 5246 XV.

2259 5285 2549 5341 Chromatii
2579 5287 2843 5355 confracta
2886 5280 3062 5334 Idola.

1932 5382 2030 5439 49.
2064 5379 2232 5453 Igitur
2260 5395 2384 5437 cum
2414 5380 2534 5436 dies
2563 5379 2747 5443 tertia,
2777 5391 2898 5447 quae
2925 5373 3226 5431 constituta
3255 5371 3468 5441 fuerat,

1867 5478 2206 5546 advenisset,
2239 5476 2308 5532 ad
2338 5475 2560 5532 domum
2592 5471 2914 5527 sustinentis
2943 5467 3193 5541 prterecti
3241 5468 3474 5525 veniunt

1866 5694 1988 5736 rum
2021 5677 2204 5746 tuber,
2233 5677 2353 5734 sive
2383 5673 2737 5732 inﬂammatio
2762 5691 2778 5730 :
2809 5672 2940 5734 Mss.
2971 5675 3249 5734 habebant
3271 5673 3469 5730 condo-

1865 5751 2150 5823 logmatum
2178 5767 2197 5817 ;
2226 5747 2449 5820 quidam
2481 5747 2696 5803 doloris.

1928 5832 1950 5859 ε·
1975 5824 2054 5879 Al.
2098 5821 2312 5877 Valvas.
2647 5818 2656 5824 ’
