3950 6314
477 283 616 342 1043

1477 281 1826 338 ΔΡΡΕΝΜΧ
1867 281 1960 340 ΑΒ
1997 283 2234 342 OPBBA
2273 285 2332 342 8.
2375 285 2720 346 Αιιιιιιοιιιι.

3625 287 3740 348 tim

471 402 680 473 pariter
713 407 1092 472 properantes.
1124 397 1226 466 Qui
1269 397 1499 470 ingrcssi
1529 398 1794 454 dixerunt
1825 417 1838 454 :
1871 397 1982 454 Pas
2017 401 2080 456 ιι-
2103 415 2152 475 Α
2185 401 2352 458 luisti.
2383 401 2496 458 Nisi
2521 411 2655 474 ergo
2687 405 2786 458 nos
2817 418 2842 456 ιι
2877 402 3046 458 corde
3081 411 3176 457 tuo
3199 403 3524 468 excluserit,
3551 415 3600 460 et
3625 407 3740 460 itas-

470 495 560 550 dei
595 505 723 548 tum.
761 495 833 550 At
862 493 954 550 ille
1007 487 1328 548 resaiutavit
1369 507 1466 548 eos
1515 493 1966 560 officiosissime;
2022 503 2084 551 et

473 589 730 644 hortatur
757 603 856 644 eos
884 585 1074 644 sedere
1095 587 1252 658 juxta
1285 601 1368 654 se,
1395 596 1448 642 ct
1471 587 1614 642 dixit
1643 605 1654 642 :
1687 587 1764 642 Es
1787 603 1886 644 oro
1910 588 2084 644 TI'IIP

475 685 690 756 quillini
736 685 879 742 ratio
907 699 1127 754 egressa
1169 684 1454 740 oculorum
1497 699 1742 742 meorum
1775 687 2082 744 assertione

475 778 810 834 declaratur.
843 777 1016 832 Video
1045 777 1192 832 enim
1225 777 1370 832 hunc
1401 779 1754 834 sanissimum
1785 795 1948 850 quem
1980 797 2080 850 pn-

474 869 694 938 dagrico
723 879 774 923 et
804 869 1114 940 chiragrico
1147 869 1387 924 videram
1419 871 1612 926 dolore
1642 883 2004 928 contractura.
2035 875 2078 930 Α

478 947 588 1032 quo
609 977 780 1032 genus
807 961 1196 1018 medicamenti
1225 963 1372 1018 unde
1401 963 1598 1020 fuisset
1619 965 1862 1020 salvatus
1895 966 2078 1036 inqui-

479 1068 645 1120 rens,
675 1053 782 1108 tale
831 1053 900 1108 ab
940 1069 1005 1108 eo
1062 1054 1244 1124 recepi
1293 1069 1622 1120 τεειιοιιειιιιι
1673 1074 1684 1110 :
1729 1057 1862 1110 Dum
1919 1059 2082 1112 fidem

480 1163 656 1203 meam
691 1147 741 1200 in
777 1147 944 1202 idolis
969 1163 1258 1216 ponerem,
1291 1147 1488 1204 dclnlis
1508 1157 1566 1202 et
1597 1147 1758 1204 nimia
1789 1165 1907 1204 sum
1933 1147 2084 1204 infir-

480 1243 671 1296 mitate
697 1251 1012 1296 contractus
1033 1257 1048 1296 :
1071 1247 1126 1294 at
1145 1239 1234 1294 ubi
1255 1257 1422 1295 unum
1449 1241 1618 1294 Deum
1644 1240 1696 1294 in
1728 1241 1888 1296 caelis
1917 1242 2086 1298 didici

479 1334 801 1390 ostensione
840 1333 1286 1398 Christianorum
1315 1375 1328 1398 ,
1353 1333 1620 1405 abnegavi
1661 1337 1918 1392 universa
1963 1353 2088 1408 quas

484 1432 612 1488 sine
641 1446 808 1487 causa
841 1431 1124 1488 colueram
1145 1471 1162 1498 ,
1192 1441 1248 1486 et
1281 1431 1480 1486 tradidi
1519 1439 1544 1468 α
1575 1430 1740 1487 fidem
1779 1433 1942 1488 animi
1977 1434 2086 1490 mei

480 1525 730 1582 Christo.
765 1524 883 1580 Mox
927 1533 1111 1579 autem
1167 1533 1228 1579 ιιι
1269 1539 1438 1579 unum
1471 1533 1526 1579 et
1575 1541 1766 1580 verum
1815 1525 1988 1580 Deum
2033 1529 2090 1582 in

480 1621 638 1678 caelis
667 1636 904 1690 regnare
935 1621 1226 1676 confessus
1269 1635 1417 1686 satu,
1451 1619 1638 1674 statim
1671 1621 1892 1686 oumis,
1922 1636 2088 1692 quam

483 1728 582 1784 per
625 1711 876 1766 undecim
923 1727 1103 1767 annos
1143 1713 1438 1768 amiseram
1464 1751 1478 1778 ,
1521 1712 1586 1767 ad
1615 1729 1702 1768 me
1737 1729 1964 1770 reversa
2005 1723 2092 1770 est

2181 495 2340 564 gines
2391 505 2580 550 eorum
2635 496 3006 568 confregerit,
3037 507 3096 552 et
3125 499 3449 566 cognoveris
3499 511 3656 554 ιιιιιιιι
3698 511 3742 556 et

2185 602 2374 642 verum
2405 587 2599 653 Deum,
2633 590 2796 642 vitam
2827 599 2883 644 et
2921 589 3160 644 salutem
3196 589 3450 644 invenire
3477 603 3580 644 non
3615 601 3740 660 pote-'-

2183 681 2280 736 ris.
2311 681 2658 736 Chromatius
2707 681 2890 738 ditiit:
2941 681 3132 738 Indica
3177 691 3309 753 ergo
3365 682 3492 737 mihi
3543 683 3658 754 quis
3687 687 3744 740 sit

2183 789 2328 828 unus
2355 781 2410 828 et
2450 789 2618 829 verus
2653 775 2820 830 Deus.
2851 775 2912 832 ὃ.
2961 775 3330 832 Sebastianus
3365 776 3632 845 respondit
3661 795 3672 830 :
3697 777 3742 834 Si

2183 881 2398 922 servum
2427 875 2580 922 tuum
2609 867 2676 922 ad
2711 867 3072 922 hauriendam
3113 871 3316 939 aquam
3371 868 3576 923 miseris
3600 909 3616 934 ν
3637 869 3744 926 durs

2183 961 2248 1016 ad
2299 961 2506 1016 fontem
2547 961 2758 1016 venerit
2785 1006 2800 1031 ,
2833 962 3028 1032 aspicit
3075 961 3232 1031 prius
3275 976 3344 1016 ne
3373 963 3558 1017 sordes
3583 963 3746 1032 aliqu

2186 1055 2332 1110 intus
2363 1056 2566 1111 lateant
2611 1057 2662 1109 in
2701 1055 2892 1126 Ingens
2919 1095 2936 1120 ,
2963 1065 3020 1110 et
3049 1071 3162 1110 non
3185 1063 3274 1109 est
3307 1069 3468 1110 ausus
3497 1071 3678 1124 aquam
3703 1057 3746 1111 il

2187 1163 2280 1202 vas
2305 1149 2548 1214 mittere,
2577 1147 2680 1203 nisi
2709 1149 3030 1203 mundatum
3060 1163 3092 1201 a
3129 1147 3394 1202 sordibus
3421 1147 3644 1213 viderit;
3669 1159 3746 1204 nos

2187 1241 2284 1296 tibi
2312 1241 2586 1311 quomodo
2637 1243 2940 1309 poterimus
2987 1240 3208 1296 tradere
3239 1241 3448 1296 fontem
3493 1243 3744 1311 veritatis,

2189 1334 2292 1388 nisi
2327 1333 2475 1402 prius
2505 1343 2558 1390 te
2588 1335 2658 1388 ab
2687 1334 2944 1388 omnibus
2975 1333 3248 1388 idolorum
3275 1334 3524 1389 sordibus
3543 1339 3598 1389 et
3621 1349 3750 1404 quas

2191 1429 2394 1484 lor-ibus
2425 1427 2626 1484 feceris
2673 1431 2908 1484 alienum
2939 1429 2962 1482 ‘l
2989 1428 3348 1484 Chrommius
3369 1429 3502 1484 dixit
3535 1449 3546 1483 :
3583 1429 3642 1483 Et
3667 1443 3750 1500 quo

2190 1521 2382 1576 ordine
2417 1521 2629 1576 alienus
2659 1522 2802 1576 ellit-i
2837 1533 3026 1592 potero
3055 1523 3128 1576 ab
3157 1521 3245 1577 bis
3285 1523 3306 1576 i
3337 1522 3395 1579 S.
3428 1521 3750 1582 Sebastiani!

2191 1613 2328 1669 dixit
2359 1632 2370 1666 :
2405 1615 2476 1668 Da
2507 1616 2668 1670 nobis
2697 1625 3018 1686 potestatem
3063 1625 3122 1671 ut
3149 1616 3340 1672 οιιιιιὶιι
3367 1615 3510 1671 idola
3537 1661 3552 1686 ,
3581 1633 3688 1688 quae
3709 1619 3752 1674 is

2193 1715 2360 1772 domo
2385 1725 2471 1770 tua
2497 1717 2894 1784 invenerimus,
2919 1717 3130 1786 lapidea
3157 1717 3586 1787 confringamus,
3611 1719 3752 1787 ligna

483 1807 1008 1874 sanitas,otomnisa
1029 1821 1112 1862 me
1127 1806 2078 1877 estprotinusinﬁrmitssseparata.
2115 1805 2162 1871 Β
2191 1809 2568 1876 incendamus,
2593 1823 2760 1866 aurea
2791 1819 2846 1866 et
2874 1819 3136 1880 argentea
3165 1809 3250 1866 vel
3287 1823 3430 1866 terea
3459 1809 3754 1879 conuentus,

487 1903 613 1957 Haec.
639 1903 822 1957 audivi
855 1903 1102 1964 auribus.
1135 1902 1364 1972 probavi
1391 1901 1570 1958 oculis
1591 1943 1605 1968 ,
1637 1899 1804 1958 corde
1833 1901 2042 1956 credidi
2069 1913 2086 1967 ε

485 2002 746 2064 superest
783 1993 1014 2064 utquod
1055 1993 1266 2050 fecistis
1315 1993 1704 2065 Tranquiilino
1723 2003 1779 2050 et
1819 1993 1950 2048 mihi
2003 1991 2086 2049 fa-

485 2088 666 2153 ciatis,
701 2095 760 2142 ut
789 2089 996 2156 pthSiln
1032 2087 1138 2142 mei
1181 2086 1438 2157 corporis
1489 2087 1744 2156 recipere
1773 2088 2087 2140 sanitatem.

555 2181 645 2238 50.
691 2182 1034 2254 Polycarpns
1077 2182 1370 2252 presbyter
1399 2179 1589 2236 dixit:
1631 2179 1688 2236 Si
1734 2187 2092 2234 transeuntes

488 2276 712 2332 dolores
741 2275 928 2329 anima
957 2275 1196 2328 hominis
1222 2289 1332 2328 non
1359 2273 1580 2340 sutiert,
1611 2272 1740 2344 quid
1765 2272 1834 2328 de
1857 2271 1968 2327 illis
1994 2271 2094 2326 do-

489 2368 698 2424 toribus
744 2377 930 2422 actura
977 2376 1100 2434 est,
1133 2369 1338 2436 quibus
1371 2365 1556 2422 nullus
1603 2379 1860 2434 unquam
1904 2365 2094 2420 evenit

489 2464 634 2528 finis,
673 2464 820 2518 nulla
853 2463 1012 2518 datur
1061 2463 1288 2516 omnino
1336 2461 1618 2516 successio
1645 2461 1666 2512 ‘!
1697 2459 1832 2514 Nam
1875 2459 1964 2514 isti
1991 2449 2090 2514 do-

484 2557 634 2610 loros
669 2555 886 2610 illorum
921 2555 1178 2610 dolorum
1211 2555 1508 2623 imaginem
1551 2561 1804 2622 portant,
1837 2559 1890 2606 et
1917 2563 2092 2620 quan-

487 2661 600 2704 tum
631 2649 800 2704 distat
830 2650 974 2706 inter
1005 2651 1182 2719 ignem
1213 2649 1396 2702 vivum
1426 2655 1482 2702 et
1505 2645 1774 2716 picturam
1805 2645 1946 2715 ejus,
1971 2653 2092 2698 tan-

493 2755 602 2798 tum
645 2743 818 2798 distat
845 2745 984 2798 inter
1013 2742 1240 2798 dolores
1273 2753 1414 2810 quos
1445 2753 1588 2794 nune
1621 2739 1826 2808 patitur
1857 2751 2088 2806 corpus,

484 2847 544 2894 ct
573 2837 698 2890 illos
720 2851 860 2907 quos
889 2837 1070 2890 anima
1103 2850 1336 2906 passura
1357 2843 1462 2900 est,
1489 2833 1532 2888 si
1557 2835 1744 2905 ignara
1763 2831 1790 2870 ι’
1813 2831 2094 2888 Creatoris

490 2933 578 2986 sui
611 2931 900 3000 prtesentis
925 2931 1055 2984 vitm
1091 2931 1402 3000 impleverit
1427 2943 1646 2984 Inunns.
1687 2929 1802 2999 Age
1831 2943 1964 2998 ergo
1995 2943 2094 2981 nua

490 3023 698 3078 hiscum
721 3024 871 3092 prius
901 3023 971 3077 de
1003 3021 1290 3076 doloribus
1317 3021 1450 3087 illis,
1473 3031 1530 3076 et
1559 3029 1680 3074 esto
1710 3021 1779 3074 de
1811 3019 1900 3074 illa
1931 3033 2092 3088 poena

490 3115 797 3178 sollicitus,
823 3133 944 3176 qua:
978 3115 1146 3168 habet
1185 3116 1366 3182 ignem
1415 3129 1636 3182 semper
1677 3114 1962 3168 ardentem
1989 3151 2004 3180 ,
2037 3121 2094 3170 et

493 3229 508 3254 ι
525 3225 731 3264 ermetu
757 3224 976 3276 semper
1001 3209 1280 3263 edentem.

562 3303 652 3359 δι.
679 3303 836 3358 Tune
857 3303 1212 3358 Chromatius
1235 3305 1386 3356 urbis
1411 3303 1600 3356 Bootae
1625 3301 1940 3372 prmi‘ectus,
1965 3317 2090 3358 cum

494 3399 658 3452 unico
689 3397 802 3452 filio
833 3413 936 3452 suo
957 3398 1230 3464 Ttlturtio,
1257 3399 1412 3453 dedit
1443 3413 1642 3452 nmnen
1675 3411 1836 3454 suum
1859 3399 2089 3456 dicens:

493 3492 548 3546 in
583 3491 690 3546 hoc
711 3491 782 3547 de
813 3491 922 3546 ﬁdo
952 3501 1072 3546 mea
1099 3501 1286 3546 certos
1313 3507 1408 3548 vos
1435 3507 1562 3550 esse
1587 3495 1838 3548 convenit
1859 3525 1876 3560 ,
1901 3495 1956 3548 in
1985 3507 2089 3564 qua

493 3585 660 3638 etiam
685 3584 858 3639 lilium
881 3597 1062 3640 meum
1085 3583 1462 3642 Christianum
1492 3585 1610 3641 ﬁeri
1633 3599 1844 3642 mecum
1867 3597 2090 3657 exopto.

493 3680 550 3734 Si
585 3679 944 3736 Sebastianus
981 3681 1116 3735 dixit
1163 3699 1176 3735 :
1217 3679 1356 3738 Vide
1397 3693 1466 3736 ne
1507 3681 1622 3737 solt!
1675 3683 2094 3752 recuperations

489 3774 568 3828 tui
599 3773 852 3842 corporis
895 3773 1094 3828 ductus
1119 3781 1174 3828 te
1201 3770 1582 3830 Christianum
1613 3773 1730 3829 lieii
1761 3788 1968 3843 speres,
1991 3775 2091 3830 sed

493 3867 663 3937 magis
695 3883 792 3935 spe
827 3867 948 3920 vita:
982 3877 1208 3922 teternte
1245 3867 1411 3922 iacias
1443 3875 1688 3923 mentem
1722 3877 1866 3922 tuum
1899 3877 2092 3939 puram

492 3960 560 4014 ad
601 3959 902 4015 videndam
945 3961 1216 4015 rationem
1263 3961 1542 4016 Veritatis.
1585 3959 1700 4014 Nisi
1745 3961 1888 4016 enim
1929 3976 2096 4031 agito-

489 4053 638 4106 veris
669 4053 760 4122 qni
784 4055 858 4108 sit
883 4051 1116 4108 Creator
1145 4062 1268 4108 tuus
1292 4089 1307 4116 ,
1333 4069 1444 4108 non
1476 4053 1678 4122 poteris
1713 4053 1960 4109 invenire
2001 4071 2088 4110 sa-

493 4143 664 4200 lutem
688 4161 848 4215 quam
880 4147 1104 4216 quaeris.
1136 4144 1494 4204 Chromatius
1521 4148 1684 4204 dixit:
1719 4148 1864 4218 Ergo
1890 4157 1946 4203 et
1973 4163 2097 4206 rus-

492 4238 632 4293 ticos
677 4247 732 4293 et
761 4239 1202 4309 simplicissimos
1244 4239 1494 4296 homines
1535 4257 1642 4298 non
1685 4241 1934 4298 videmus
1971 4257 2095 4300 esse

497 4328 872 4398 Christianos,
900 4331 978 4387 ita
1027 4339 1089 4386 ut
1131 4333 1275 4386 inter
1327 4333 1472 4388 inille
1511 4333 1662 4389 viros
1718 4335 1806 4390 vis
1847 4335 2096 4392 invenias

495 4437 666 4477 unum
685 4425 776 4494 qui
805 4423 980 4496 possit
1007 4425 1090 4479 vel
1118 4439 1438 4486 sermonum
1465 4426 1812 4498 disciplinam
1838 4427 2090 4498 adipisci.

495 4517 772 4589 Numquid
797 4519 848 4574 hi
882 4519 1162 4576 omnesad
1195 4521 1356 4576 istam
1379 4523 1794 4592 inquisitionem
1823 4524 2094 4597 attingere

2195 1909 2250 1958 et
2289 1905 2462 1970 pretia
2507 1917 2698 1958 eorum
2743 1903 3032 1974 egentibus
3085 1903 3410 1959 dividamus.
3449 1901 3756 1960 Cltromatia

2193 1996 2366 2052 dixit:
2401 1995 2462 2054 Et
2495 2011 2618 2050 cum
2645 1995 2765 2052 haec
2795 1997 3060 2064 feceritis,
3079 1996 3216 2052 mihi
3245 1995 3374 2068 quid
3403 1997 3606 2052 fructus
3630 2011 3755 2053 aces-

2193 2089 2328 2146 det?
2349 2091 2406 2145 ει.
2433 2089 2788 2146 Sebastianus
2817 2091 2956 2145 dixit
2983 2107 2998 2145 :
3023 2088 3286 2145 Omnium
3307 2087 3334 2127 ἀ
3359 2099 3640 2146 nervorum
3663 2103 3758 2146 tne-

2193 2195 2338 2248 rutrt',
2361 2191 2590 2252 quarum
2623 2181 2926 2237 nodositatc
2945 2183 3373 2254 constringe-ris,
3399 2181 3576 2236 statim
3599 2197 3756 2238 celse-

2193 2277 2378 2346 queris
2419 2277 2710 2330 sanitatem
2739 2291 2753 2340 ;
2789 2285 2844 2329 et
2874 2275 3026 2346 quasi
3056 2279 3150 2346 qui
3186 2293 3480 2346 numquam
3529 2277 3754 2344 doluerit,

2196 2369 2268 2422 ita
2299 2367 2528 2438 pedibus
2561 2367 2666 2423 tuis
2693 2383 2918 2423 currere
2943 2369 3204 2438 incipies,
3231 2379 3288 2424 et
3315 2381 3606 2439 agnttscere
3637 2370 3752 2438 quod

2197 2462 2446 2518 inimicos
2495 2471 2602 2516 tute
2639 2462 2830 2518 salutis
2876 2471 2900 2500 ε
2943 2461 3080 2518 deos
3143 2462 3406 2518 dilexeris
3443 2475 3458 2526 ;
3493 2471 3632 2517 tuum
3653 2477 3756 2518 tera

2197 2565 2482 2626 parentem
2510 2553 2654 2610 hunc
2685 2565 2832 2622 esse,
2863 2555 2956 2626 qui
2989 2563 3040 2610 te
3069 2556 3258 2609 statim
3299 2565 3354 2610 ut
3385 2556 3500 2626 ejus
3541 2557 3754 2610 notitiam

2194 2659 2356 2720 atque
2381 2649 2646 2704 culturam
2679 2649 2974 2712 inveneris,
3011 2655 3286 2703 reslaurat
3315 2655 3368 2703 et
3401 2649 3588 2703 salvat.

2268 2745 2356 2800 55.
2383 2741 2730 2798 Chromatius
2759 2742 2896 2797 dixit
2921 2761 2934 2796 :
2959 2741 3136 2797 Nolite
3179 2741 3538 2811 vosmetipsos
3557 2743 3618 2794 ad
3641 2743 3756 2798 itane

2197 2838 2446 2906 iniuriam
2484 2838 2762 2906 deponere
2795 2853 2808 2889 :
2837 2837 2934 2890 sed
2980 2835 3161 2890 servis
3193 2836 3330 2888 meis
3371 2835 3692 2904 praecipiam;
3717 2845 3758 2888 et

2195 2933 2298 3002 ipsi
2327 2931 2580 2987 universa
2609 2929 2972 3002 coufringent.
3001 2929 3058 2986 8.
3083 2929 3440 2985 Sebastianus
3465 2927 3602 2984 dixit
3629 2947 3644 2981 :
3675 2929 3758 2982 ih-

2195 3027 2270 3083 bii
2299 3035 2356 3082 et
2387 3027 2560 3081 titnidi
2589 3038 2646 3081 et
2672 3025 2919 3080 infideles
2961 3027 3006 3078 si
3037 3040 3102 3078 ea
3133 3025 3526 3094 ουιιιτρεετιιιι,
3555 3024 3758 3078 inveniet
3835 3004 3842 3014 ’

2194 3119 2443 3176 dial-olus
2507 3127 2602 3189 per
2669 3131 3070 3190 quamcumque
3141 3119 3530 3188 negligentiam
3597 3129 3758 3172 cura!

2121 3209 2165 3273 C
2199 3213 2544 3267 occasionem
2603 3211 2830 3266 lat-detuli
2864 3225 2994 3276 eos,
3021 3223 3074 3267 et
3105 3213 3288 3266 statim
3319 3221 3372 3264 ut
3421 3207 3536 3264 ιιι-ει
3567 3210 3758 3274 iuerint,

2195 3305 2382 3362 dicent
2409 3306 2688 3370 intidel-s,
2713 3317 3004 3380 propterea.
3033 3321 3128 3360 eos
3159 3309 3321 3361 laesos
3339 3319 3462 3362 esse
3489 3307 3610 3377 quia
3643 3303 3760 3361 idsi:

2197 3397 2606 3468 confregcrunt.
2633 3399 2746 3454 Nisi
2778 3400 2924 3454 enim
2951 3401 3182 3456 loricam
3209 3399 3418 3456 habens
3439 3411 3544 3454 non
3563 3401 3762 3466 eripitur

2197 3491 2395 3546 ictibus
2441 3493 2784 3560 sagittrum.
2839 3491 3004 3547 Galea
3055 3498 3202 3548 enim
3247 3501 3305 3548 et
3350 3503 3506 3547 scuto
3539 3507 3590 3548 et
3629 3493 3762 3547 basta

2197 3585 2364 3638 utitur
2397 3583 2554 3638 docta
2587 3597 2778 3638 manus
2807 3585 2856 3638 in
2890 3583 3098 3655 prndio,
3141 3594 3202 3638 ut
3245 3598 3312 3640 es
3369 3585 3656 3639 mummine
3695 3599 3764 3637 ar-

2197 3693 2408 3734 morum
2431 3690 2482 3731 et
2501 3679 2704 3746 impetu
2731 3677 2960 3734 feriendi
2979 3691 3218 3733 assumat
3243 3679 3548 3744 andaclim,
3565 3681 3612 3732 et
3637 3687 3762 3746 terga

2197 3788 2306 3828 non
2335 3781 2528 3829 vertat.
2563 3771 2824 3828 Similiter
2853 3781 2910 3828 et
2955 3775 3152 3828 milites
3187 3773 3278 3829 Dei
3300 3809 3316 3839 ,
3359 3783 3452 3844 qut
3485 3783 3634 3828 scuto
3661 3771 3764 3824 seu

2199 3869 2534 3934 muniuntur,
2567 3877 2615 3923 et
2661 3868 2826 3924 lorica
2859 3867 3112 3938 tegminis
3155 3867 3364 3922 Christi
3417 3875 3764 3937 proteguntur,

2197 3961 2464 4016 habentes
2505 3961 2716 4032 galeam
2761 3959 2886 4016 ﬁdei
2931 3969 2988 4016 et
3035 3959 3254 4024 salutis,
3305 3960 3444 4031 ipsis
3494 3963 3578 4014 est
3615 3969 3768 4012 tatu

2199 4054 2336 4109 inire
2363 4064 2667 4110 certamen.
2699 4053 2950 4125 Pugnant
2993 4052 3138 4109 enim
3187 4053 3460 4107 acerrime
3498 4061 3554 4106 et
3581 4051 3768 4106 fortiter

2197 4150 2445 4216 vincunt,
2485 4149 2608 4220 quia
2641 4159 2832 4204 contra
2863 4147 3198 4202 iuvisibilem
3233 4147 3448 4201 hostem
3481 4145 3568 4199 die
3595 4152 3766 4198 nocts-

2195 4260 2302 4314 que
2327 4242 2732 4313 inl‘atigabiliter
2786 4241 3138 4312 praeliantur;
3181 4249 3239 4294 et
3277 4249 3407 4302 sunt
3439 4240 3566 4294 tecti
3593 4239 3644 4292 in
3671 4247 3768 4292 out-

2197 4337 2360 4390 nihus
2415 4333 2718 4397 membris.
2773 4333 2878 4388 fide
2928 4333 3106 4404 potius
3151 4333 3350 4386 armati
3411 4343 3576 4403 quam
3625 4331 3764 4385 terra.

2195 4428 2542 4484 Chromatius
2590 4429 2726 4483 dixit
2783 4446 2796 4484 :
2851 4428 2974 4482 Fiat
3037 4428 3290 4482 voluntas
3341 4427 3436 4481 Dei
3479 4437 3539 4482 et
3585 4437 3766 4480 vesm.

2199 4522 2350 4576 Tunc
2387 4522 2446 4578 S.
2485 4520 2814 4592 Polycarpus
2865 4521 3172 4592 presbyter,
3235 4533 3296 4576 et
3319 4519 3380 4574 Β.
3435 4517 3768 4576 Sebastianus

497 4623 790 4685 potuerunt
811 4617 940 4672 dum
959 4617 1152 4678 tierent
1173 4619 1512 4676 Christiani?
1531 4619 1586 4676 S.
1609 4619 1963 4678 Sebastianus
1985 4619 2088 4675 ait:
2121 4609 2168 4672 D
2199 4615 2590 4686 prazcingentes
2632 4627 2692 4668 se
2737 4621 3061 4680 oraverunt;
3093 4619 3152 4667 ut
3177 4623 3301 4682 post
3345 4613 3648 4668 orationem
3675 4621 3770 4662 sn-

496 4709 610 4764 Hoc
645 4724 974 4779 responsum
1005 4725 1154 4769 ttlttm
1197 4723 1402 4770 nostrae
1433 4714 1604 4783 partis
1635 4717 1658 4753 ο
1691 4713 1874 4769 firmat
1911 4729 2091 4770 assere

491 4805 718 4862 tionem.
750 4805 882 4862 Nam
911 4807 981 4863 ab
1012 4809 1228 4880 origine
1245 4808 1435 4865 mundi
1455 4809 1578 4865 cum
1603 4809 1856 4865 ruricolis
1878 4818 1936 4866 et
1967 4823 2092 4880 pas-

489 4900 700 4956 toribus
721 4903 904 4957 ovium
935 4902 1074 4959 Deus
1097 4903 1286 4960 habuit
1327 4905 1592 4960 rationem
1613 4945 1628 4970 ,
1652 4912 1708 4960 et
1735 4903 1885 4974 juxta
1923 4905 2088 4960 {litem

489 4996 675 5050 mundi
693 4999 918 5054 venien
933 5005 1040 5054 non
1053 4999 1624 5070 elegitgrammaticos
1636 5009 1692 5056 et
1705 5007 1972 5066 oratores,
1991 4999 2089 5056 sed

490 5089 786 5156 piscatores
803 5099 858 5144 et
871 5089 1235 5160 οἱιιιιιιὶεεειεη
1253 5089 1386 5160 ipsis
1407 5091 1632 5146 tradidit
1645 5093 1892 5148 notitiam
1909 5103 2084 5148 suam.

561 5179 650 5235 52.
677 5181 1018 5238 Chromatius
1049 5181 1188 5238 disil
1211 5200 1224 5237 :
1249 5181 1358 5238 Cttr
1381 5189 1512 5254 ergo
1537 5199 1623 5239 me
1651 5183 1789 5238 dicis
1811 5183 1960 5253 prius
1991 5183 2088 5239 de-

487 5271 618 5328 bere
659 5285 960 5345 agnoscere
1001 5279 1124 5348 quis
1161 5277 1238 5333 sit
1280 5279 1500 5334 maior
1545 5283 1700 5332 meus
1725 5319 1740 5344 ,
1771 5293 1930 5348 quem
1983 5277 2088 5333 nisi

486 5366 804 5433 agnoverim
835 5369 1070 5425 Salutem
1093 5370 1348 5426 invenire
1368 5385 1482 5424 non
1503 5367 1710 5440 possim
1733 5367 1757 5422 ‘i
1785 5367 1846 5426 ὃ.
1885 5368 2086 5444 δευθετ

483 5457 664 5514 tianus
695 5460 870 5516 dixit:
902 5463 1038 5531 Quia
1073 5465 1276 5520 multos
1305 5463 1471 5530 deos;
1497 5471 1556 5520 et
1578 5463 1782 5519 multas
1816 5463 1950 5520 deas
1985 5479 2081 5518 co-

562 5715 694 5797 ΡᾹΙ.
713 5721 954 5797 Apimam
981 5744 1146 5784 meam
1175 5746 1238 5784 ea:
1255 5731 1360 5797 ﬁdo
1385 5729 1610 5786 Christo.

559 5794 586 5833 ι)
617 5798 698 5870 At.
730 5794 985 5870 Creatoris
1021 5799 1104 5852 sui
1123 5794 1366 5870 spreuerit
1393 5819 1601 5856 munus.

564 5874 586 5904 ο
615 5865 700 5920 Ai.
732 5863 981 5935 Afﬁrmat.

2199 4709 2344 4780 ptius
2371 4719 2532 4780 quam
2577 4706 2810 4764 ducenta
2855 4706 3122 4762 idolorum
3175 4707 3333 4777 signa
3364 4707 3766 4775 confringendis,

2199 4809 2488 4873 eruperunt
2517 4801 2724 4872 grtias
2751 4815 2912 4872 agere
2938 4801 3050 4855 Deo
3074 4814 3198 4854 suo.

2785 4892 3014 4952 CAPUT
3052 4893 3196 4948 XVI.

2199 4990 2568 5048 lnstrumentis
2596 4991 2896 5062 astrologia:
2925 4987 3230 5060 judiciariar
3273 4989 3550 5059 confracti;
3575 4993 3768 5041 sanetur

2807 5085 3164 5140 Chromatius.

2269 5181 2356 5238 5t.
2385 5180 2512 5236 Post
2545 5179 2660 5236 haec
2686 5187 3034 5236 accesserunt
3055 5177 3125 5232 ad
3145 5177 3522 5233 Chromatium
3548 5175 3764 5230 dicentes

2195 5275 2245 5331 ei
2287 5293 2302 5328 :
2335 5273 2813 5346 Cantringentibus
2843 5273 3004 5328 nobis
3033 5271 3178 5327 idola
3211 5281 3268 5326 tu
3313 5271 3548 5327 debuisti
3581 5269 3762 5324 sanita-

2197 5377 2304 5425 tcm
2329 5367 2596 5438 recipere,
2630 5369 2730 5423 nisi
2777 5367 2918 5423 forte
2961 5367 3144 5438 aliqua
3203 5367 3300 5423 tibi
3333 5369 3390 5423 in
3419 5365 3596 5421 animo
3633 5363 3760 5434 signa

2195 5461 2531 5520 infidelitatis
2587 5462 3057 5533 deretinqunntur.
3123 5455 3238 5516 Hoc
3297 5461 3446 5517 enttn
3487 5457 3624 5530 apud
3681 5463 3760 5510 uss

2261 5733 2288 5774 ἀ
2309 5736 2398 5794 Al.
2420 5737 2787 5793 membrorum.

2265 5817 2288 5846 ⁶
2319 5806 2406 5864 ΑΙ.
2433 5809 2677 5864 colendos
2695 5807 2926 5863 duxeris.
