  <div class='ocr_page' id='page_1' title='image "/cluster/home/n/w/nwhite01/storage/ocr_20150623/17/hvd.32044015471329/528.png"; bbox 0 0 3950 6314; ppageno 0'>
   <div class='ocr_carea' id='block_1_1' title="bbox 126 339 268 398">
    <p class='ocr_par' dir='ltr' id='par_1_1' title="bbox 126 339 268 398">
     <span class='ocr_line' id='line_1_1' title="bbox 126 339 268 398; baseline -0.014 0"><span class='ocrx_word' id='word_1_1' title='bbox 126 339 268 398; x_wconf 68' lang='grc'><strong>1045</strong></span> 
     </span>
    </p>
   </div>
   <div class='ocr_carea' id='block_1_2' title="bbox 1201 332 2345 398">
    <p class='ocr_par' dir='ltr' id='par_1_2' title="bbox 1201 332 2345 398">
     <span class='ocr_line' id='line_1_2' title="bbox 1201 332 2345 398; baseline 0.005 -6"><span class='ocrx_word' id='word_1_2' title='bbox 1201 334 1387 393; x_wconf 73' lang='lat' dir='ltr'><strong>ACTA</strong></span> <span class='ocrx_word' id='word_1_3' title='bbox 1425 335 1484 394; x_wconf 71' lang='lat'><strong>5.</strong></span> <span class='ocrx_word' id='word_1_4' title='bbox 1525 332 1933 398; x_wconf 71' lang='lat' dir='ltr'><strong>SEBAS’I’IANI</strong></span> <span class='ocrx_word' id='word_1_5' title='bbox 1963 334 2345 398; x_wconf 72' lang='lat' dir='ltr'><strong>MARTYRIS.</strong></span> 
     </span>
    </p>
   </div>
   <div class='ocr_carea' id='block_1_3' title="bbox 3285 341 3429 402">
    <p class='ocr_par' dir='ltr' id='par_1_3' title="bbox 3285 341 3429 402">
     <span class='ocr_line' id='line_1_3' title="bbox 3285 341 3429 402; baseline 0.021 -2"><span class='ocrx_word' id='word_1_6' title='bbox 3285 341 3429 402; x_wconf 70' lang='grc'><strong>1046</strong></span> 
     </span>
    </p>
   </div>
   <div class='ocr_carea' id='block_1_4' title="bbox 120 451 3427 527">
    <p class='ocr_par' dir='ltr' id='par_1_4' title="bbox 120 451 3427 527">
     <span class='ocr_line' id='line_1_4' title="bbox 120 451 3427 527; baseline 0 -15"><span class='ocrx_word' id='word_1_7' title='bbox 120 466 336 513; x_wconf 87' lang='lat' dir='ltr'><strong>certum</strong></span> <span class='ocrx_word' id='word_1_8' title='bbox 387 455 655 527; x_wconf 71' lang='lat' dir='ltr'><strong>gerimus,</strong></span> <span class='ocrx_word' id='word_1_9' title='bbox 717 451 858 524; x_wconf 91' lang='lat' dir='ltr'><strong>quod</strong></span> <span class='ocrx_word' id='word_1_10' title='bbox 908 461 1000 507; x_wconf 82' lang='lat' dir='ltr'><strong>aut</strong></span> <span class='ocrx_word' id='word_1_11' title='bbox 1025 461 1105 508; x_wconf 89' lang='lat' dir='ltr'><strong>est</strong></span> <span class='ocrx_word' id='word_1_12' title='bbox 1139 451 1363 522; x_wconf 87' lang='lat' dir='ltr'><strong>aliquid,</strong></span> <span class='ocrx_word' id='word_1_13' title='bbox 1408 451 1553 521; x_wconf 87' lang='lat' dir='ltr'><strong>quod</strong></span> <span class='ocrx_word' id='word_1_14' title='bbox 1585 466 1719 505; x_wconf 54' lang='lat' dir='ltr'><strong>non.</strong></span> <span class='ocrx_word' id='word_1_15' title='bbox 1751 454 1795 513; x_wconf 81' lang='grc' dir='ltr'>Λ</span> <span class='ocrx_word' id='word_1_16' title='bbox 1825 459 1880 506; x_wconf 89' lang='lat' dir='ltr'><strong>et</strong></span> <span class='ocrx_word' id='word_1_17' title='bbox 1907 451 2160 520; x_wconf 88' lang='lat' dir='ltr'><strong>probare.</strong></span> <span class='ocrx_word' id='word_1_18' title='bbox 2188 455 2300 524; x_wconf 71' lang='lat' dir='ltr'><strong>Age</strong></span> <span class='ocrx_word' id='word_1_19' title='bbox 2327 468 2493 519; x_wconf 85' lang='lat' dir='ltr'><strong>nunc,</strong></span> <span class='ocrx_word' id='word_1_20' title='bbox 2523 454 2798 526; x_wconf 76' lang='lat' dir='ltr'><strong>interroga</strong></span> <span class='ocrx_word' id='word_1_21' title='bbox 2821 455 3052 511; x_wconf 86' lang='lat' dir='ltr'><strong>alterum</strong></span> <span class='ocrx_word' id='word_1_22' title='bbox 3076 456 3427 514; x_wconf 85' lang='lat' dir='ltr'><strong>mathemati-</strong></span> 
     </span>
    </p>
   </div>
   <div class='ocr_carea' id='block_1_5' title="bbox 120 547 1725 618">
    <p class='ocr_par' dir='ltr' id='par_1_5' title="bbox 120 547 1725 618">
     <span class='ocr_line' id='line_1_5' title="bbox 120 547 1725 618; baseline -0.003 -11"><span class='ocrx_word' id='word_1_23' title='bbox 120 552 250 607; x_wconf 90' lang='lat' dir='ltr'><strong>dum</strong></span> <span class='ocrx_word' id='word_1_24' title='bbox 273 559 364 606; x_wconf 83' lang='lat' dir='ltr'><strong>est</strong></span> <span class='ocrx_word' id='word_1_25' title='bbox 392 551 644 614; x_wconf 79' lang='lat' dir='ltr'><strong>fraetum;</strong></span> <span class='ocrx_word' id='word_1_26' title='bbox 695 559 786 604; x_wconf 90' lang='lat' dir='ltr'><strong>aut</strong></span> <span class='ocrx_word' id='word_1_27' title='bbox 813 550 858 604; x_wconf 87' lang='lat' dir='ltr'><strong>si</strong></span> <span class='ocrx_word' id='word_1_28' title='bbox 891 551 1070 603; x_wconf 85' lang='lat' dir='ltr'><strong>omnia</strong></span> <span class='ocrx_word' id='word_1_29' title='bbox 1119 547 1288 603; x_wconf 78' lang='lat' dir='ltr'><strong>fracta</strong></span> <span class='ocrx_word' id='word_1_30' title='bbox 1331 557 1478 613; x_wconf 89' lang='lat' dir='ltr'><strong>sunt,</strong></span> <span class='ocrx_word' id='word_1_31' title='bbox 1508 548 1637 618; x_wconf 88' lang='lat' dir='ltr'><strong>quid</strong></span> <span class='ocrx_word' id='word_1_32' title='bbox 1671 548 1725 602; x_wconf 90' lang='lat' dir='ltr'><strong>in</strong></span> 
     </span>
    </p>
   </div>
   <div class='ocr_carea' id='block_1_6' title="bbox 119 638 1723 714">
    <p class='ocr_par' dir='ltr' id='par_1_6' title="bbox 119 638 1723 714">
     <span class='ocr_line' id='line_1_6' title="bbox 119 638 1723 714; baseline -0.001 -17"><span class='ocrx_word' id='word_1_33' title='bbox 119 644 306 698; x_wconf 87' lang='lat' dir='ltr'><strong>animo</strong></span> <span class='ocrx_word' id='word_1_34' title='bbox 327 655 487 714; x_wconf 77' lang='lat' dir='ltr'><strong>geras</strong></span> <span class='ocrx_word' id='word_1_35' title='bbox 524 643 679 699; x_wconf 78' lang='lat' dir='ltr'><strong>nobis</strong></span> <span class='ocrx_word' id='word_1_36' title='bbox 711 642 1020 696; x_wconf 87' lang='lat' dir='ltr'><strong>evidentius</strong></span> <span class='ocrx_word' id='word_1_37' title='bbox 1067 639 1371 694; x_wconf 79' lang='lat' dir='ltr'><strong>manifesta.</strong></span> <span class='ocrx_word' id='word_1_38' title='bbox 1405 638 1557 693; x_wconf 91' lang='lat' dir='ltr'><strong>Tunc</strong></span> <span class='ocrx_word' id='word_1_39' title='bbox 1585 640 1676 695; x_wconf 86' lang='lat' dir='ltr'><strong>ille</strong></span> <span class='ocrx_word' id='word_1_40' title='bbox 1708 655 1723 694; x_wconf 90' lang='lat'><strong>:</strong></span> 
     </span>
    </p>
   </div>
   <div class='ocr_carea' id='block_1_7' title="bbox 123 733 1727 804">
    <p class='ocr_par' dir='ltr' id='par_1_7' title="bbox 123 733 1727 804">
     <span class='ocr_line' id='line_1_7' title="bbox 123 733 1727 804; baseline -0.002 -14"><span class='ocrx_word' id='word_1_41' title='bbox 123 737 338 802; x_wconf 88' lang='lat' dir='ltr'><strong>Ilabeo,</strong></span> <span class='ocrx_word' id='word_1_42' title='bbox 375 737 569 804; x_wconf 82' lang='lat' dir='ltr'><strong>inquit,</strong></span> <span class='ocrx_word' id='word_1_43' title='bbox 596 735 904 790; x_wconf 84' lang='lat' dir='ltr'><strong>cubicolum</strong></span> <span class='ocrx_word' id='word_1_44' title='bbox 936 733 1316 801; x_wconf 84' lang='lat' dir='ltr'><strong>holovitreum,</strong></span> <span class='ocrx_word' id='word_1_45' title='bbox 1344 735 1394 786; x_wconf 91' lang='lat' dir='ltr'><strong>in</strong></span> <span class='ocrx_word' id='word_1_46' title='bbox 1419 749 1525 803; x_wconf 90' lang='lat' dir='ltr'><strong>quo</strong></span> <span class='ocrx_word' id='word_1_47' title='bbox 1548 733 1727 788; x_wconf 85' lang='lat' dir='ltr'><strong>omnis</strong></span> 
     </span>
    </p>
   </div>
   <div class='ocr_carea' id='block_1_8' title="bbox 117 826 1726 899">
    <p class='ocr_par' dir='ltr' id='par_1_8' title="bbox 117 826 1726 899">
     <span class='ocr_line' id='line_1_8' title="bbox 117 826 1726 899; baseline -0.001 -16"><span class='ocrx_word' id='word_1_48' title='bbox 117 827 410 899; x_wconf 76' lang='lat' dir='ltr'><strong>disciplina</strong></span> <span class='ocrx_word' id='word_1_49' title='bbox 435 829 714 882; x_wconf 75' lang='lat' dir='ltr'><strong>Stellarum</strong></span> <span class='ocrx_word' id='word_1_50' title='bbox 738 843 801 882; x_wconf 89' lang='lat' dir='ltr'><strong>ac</strong></span> <span class='ocrx_word' id='word_1_51' title='bbox 823 827 1084 882; x_wconf 86' lang='lat' dir='ltr'><strong>mathesis</strong></span> <span class='ocrx_word' id='word_1_52' title='bbox 1111 835 1136 862; x_wconf 77' lang='grc' dir='ltr'>ι</span> <span class='ocrx_word' id='word_1_53' title='bbox 1167 826 1484 881; x_wconf 66' lang='lat' dir='ltr'><strong>mechanica</strong></span> <span class='ocrx_word' id='word_1_54' title='bbox 1509 833 1592 880; x_wconf 89' lang='lat' dir='ltr'><strong>est</strong></span> <span class='ocrx_word' id='word_1_55' title='bbox 1610 835 1726 881; x_wconf 89' lang='lat' dir='ltr'><strong>arte</strong></span> 
     </span>
    </p>
   </div>
   <div class='ocr_carea' id='block_1_9' title="bbox 119 919 1726 991">
    <p class='ocr_par' dir='ltr' id='par_1_9' title="bbox 119 919 1726 991">
     <span class='ocr_line' id='line_1_9' title="bbox 119 919 1726 991; baseline -0.002 -13"><span class='ocrx_word' id='word_1_56' title='bbox 119 929 458 987; x_wconf 81' lang='lat' dir='ltr'><strong>constructa,</strong></span> <span class='ocrx_word' id='word_1_57' title='bbox 492 922 545 975; x_wconf 90' lang='lat' dir='ltr'><strong>in</strong></span> <span class='ocrx_word' id='word_1_58' title='bbox 582 920 734 991; x_wconf 83' lang='lat' dir='ltr'><strong>cujus</strong></span> <span class='ocrx_word' id='word_1_59' title='bbox 767 921 966 976; x_wconf 84' lang='lat' dir='ltr'><strong>fabrica</strong></span> <span class='ocrx_word' id='word_1_60' title='bbox 996 930 1149 990; x_wconf 87' lang='lat' dir='ltr'><strong>pater</strong></span> <span class='ocrx_word' id='word_1_61' title='bbox 1195 935 1346 974; x_wconf 89' lang='lat' dir='ltr'><strong>meus</strong></span> <span class='ocrx_word' id='word_1_62' title='bbox 1398 919 1726 988; x_wconf 77' lang='lat' dir='ltr'><strong>Tarquinius</strong></span> 
     </span>
    </p>
   </div>
   <div class='ocr_carea' id='block_1_10' title="bbox 120 1011 1726 1086">
    <p class='ocr_par' dir='ltr' id='par_1_10' title="bbox 120 1011 1726 1086">
     <span class='ocr_line' id='line_1_10' title="bbox 120 1011 1726 1086; baseline -0.002 -15"><span class='ocrx_word' id='word_1_63' title='bbox 120 1016 366 1086; x_wconf 81' lang='lat' dir='ltr'><strong>amplius</strong></span> <span class='ocrx_word' id='word_1_64' title='bbox 391 1028 552 1085; x_wconf 86' lang='lat' dir='ltr'><strong>quam</strong></span> <span class='ocrx_word' id='word_1_65' title='bbox 577 1015 807 1069; x_wconf 90' lang='lat' dir='ltr'><strong>ducenta</strong></span> <span class='ocrx_word' id='word_1_66' title='bbox 831 1012 860 1053; x_wconf 75' lang='grc' dir='ltr'>δ</span> <span class='ocrx_word' id='word_1_67' title='bbox 891 1013 1072 1084; x_wconf 88' lang='lat' dir='ltr'><strong>pondo</strong></span> <span class='ocrx_word' id='word_1_68' title='bbox 1115 1015 1230 1066; x_wconf 88' lang='lat' dir='ltr'><strong>auri</strong></span> <span class='ocrx_word' id='word_1_69' title='bbox 1263 1011 1605 1083; x_wconf 77' lang='lat' dir='ltr'><strong>dignoscitur</strong></span> <span class='ocrx_word' id='word_1_70' title='bbox 1631 1027 1726 1068; x_wconf 79' lang='lat' dir='ltr'><strong>ex-</strong></span> 
     </span>
    </p>
   </div>
   <div class='ocr_carea' id='block_1_11' title="bbox 121 1104 1724 1178">
    <p class='ocr_par' dir='ltr' id='par_1_11' title="bbox 121 1104 1724 1178">
     <span class='ocr_line' id='line_1_11' title="bbox 121 1104 1724 1178; baseline -0.002 -15"><span class='ocrx_word' id='word_1_71' title='bbox 121 1107 524 1178; x_wconf 80' lang='lat' dir='ltr'><strong>pendisse.Cui</strong></span> <span class='ocrx_word' id='word_1_72' title='bbox 569 1106 626 1163; x_wconf 86' lang='lat' dir='ltr'><strong>S.</strong></span> <span class='ocrx_word' id='word_1_73' title='bbox 672 1107 1032 1163; x_wconf 87' lang='lat' dir='ltr'><strong>Sebastianus</strong></span> <span class='ocrx_word' id='word_1_74' title='bbox 1062 1105 1221 1160; x_wconf 79' lang='lat' dir='ltr'><strong>dixit:</strong></span> <span class='ocrx_word' id='word_1_75' title='bbox 1269 1106 1324 1160; x_wconf 86' lang='lat' dir='ltr'><strong>Si</strong></span> <span class='ocrx_word' id='word_1_76' title='bbox 1368 1105 1469 1159; x_wconf 89' lang='lat' dir='ltr'><strong>hoc</strong></span> <span class='ocrx_word' id='word_1_77' title='bbox 1499 1113 1553 1158; x_wconf 91' lang='lat' dir='ltr'><strong>tu</strong></span> <span class='ocrx_word' id='word_1_78' title='bbox 1588 1104 1724 1161; x_wconf 90' lang='lat' dir='ltr'><strong>inte-</strong></span> 
     </span>
    </p>
   </div>
   <div class='ocr_carea' id='block_1_12' title="bbox 113 1197 1724 1271">
    <p class='ocr_par' dir='ltr' id='par_1_12' title="bbox 113 1197 1724 1271">
     <span class='ocr_line' id='line_1_12' title="bbox 113 1197 1724 1271; baseline 0.001 -20"><span class='ocrx_word' id='word_1_79' title='bbox 113 1213 279 1271; x_wconf 67' lang='lat' dir='ltr'><strong>grum</strong></span> <span class='ocrx_word' id='word_1_80' title='bbox 310 1200 512 1253; x_wconf 81' lang='lat' dir='ltr'><strong>habere</strong></span> <span class='ocrx_word' id='word_1_81' title='bbox 537 1198 797 1266; x_wconf 78' lang='lat' dir='ltr'><strong>volueris,</strong></span> <span class='ocrx_word' id='word_1_82' title='bbox 834 1208 886 1253; x_wconf 90' lang='lat' dir='ltr'><strong>te</strong></span> <span class='ocrx_word' id='word_1_83' title='bbox 915 1200 1095 1268; x_wconf 88' lang='lat' dir='ltr'><strong>ipsum</strong></span> <span class='ocrx_word' id='word_1_84' title='bbox 1127 1197 1349 1268; x_wconf 68' lang='lat' dir='ltr'><strong>i&#39;uangis.</strong></span> <span class='ocrx_word' id='word_1_85' title='bbox 1382 1197 1724 1252; x_wconf 64' lang='lat' dir='ltr'><strong>hliromatius</strong></span> 
     </span>
    </p>
   </div>
   <div class='ocr_carea' id='block_1_13' title="bbox 104 1291 1724 1361">
    <p class='ocr_par' dir='ltr' id='par_1_13' title="bbox 104 1291 1724 1361">
     <span class='ocr_line' id='line_1_13' title="bbox 104 1291 1724 1361; baseline -0.001 -13"><span class='ocrx_word' id='word_1_86' title='bbox 104 1293 255 1348; x_wconf 76' lang='lat' dir='ltr'><strong>dixit</strong></span> <span class='ocrx_word' id='word_1_87' title='bbox 288 1309 300 1345; x_wconf 92' lang='lat'><strong>:</strong></span> <span class='ocrx_word' id='word_1_88' title='bbox 336 1292 479 1360; x_wconf 83' lang='lat' dir='ltr'><strong>Quid</strong></span> <span class='ocrx_word' id='word_1_89' title='bbox 509 1293 656 1346; x_wconf 75' lang='grc' dir='ltr'>θιιιιιι</span> <span class='ocrx_word' id='word_1_90' title='bbox 681 1291 703 1344; x_wconf 72' lang='grc' dir='ltr'><em>ἳ</em></span> <span class='ocrx_word' id='word_1_91' title='bbox 733 1291 988 1346; x_wconf 83' lang='lat' dir='ltr'><strong>Matbesis</strong></span> <span class='ocrx_word' id='word_1_92' title='bbox 1020 1302 1112 1346; x_wconf 87' lang='lat' dir='ltr'><strong>aut</strong></span> <span class='ocrx_word' id='word_1_93' title='bbox 1145 1302 1167 1330; x_wconf 71' lang='grc' dir='ltr'><strong>ε</strong></span> <span class='ocrx_word' id='word_1_94' title='bbox 1201 1292 1509 1361; x_wconf 86' lang='lat' dir='ltr'><strong>ephemeris</strong></span> <span class='ocrx_word' id='word_1_95' title='bbox 1541 1291 1724 1361; x_wconf 89' lang='lat' dir='ltr'><strong>aliquo</strong></span> 
     </span>
    </p>
   </div>
   <div class='ocr_carea' id='block_1_14' title="bbox 116 1385 1722 1451">
    <p class='ocr_par' dir='ltr' id='par_1_14' title="bbox 116 1385 1722 1451">
     <span class='ocr_line' id='line_1_14' title="bbox 116 1385 1722 1451; baseline -0.001 -9"><span class='ocrx_word' id='word_1_96' title='bbox 116 1385 518 1442; x_wconf 80' lang='lat' dir='ltr'><strong>sacriﬁciorum</strong></span> <span class='ocrx_word' id='word_1_97' title='bbox 541 1399 640 1439; x_wconf 84' lang='lat' dir='ltr'><strong>usu</strong></span> <span class='ocrx_word' id='word_1_98' title='bbox 663 1386 937 1451; x_wconf 88' lang='lat' dir='ltr'><strong>coluntur,</strong></span> <span class='ocrx_word' id='word_1_99' title='bbox 965 1399 1086 1440; x_wconf 89' lang='lat' dir='ltr'><strong>cum</strong></span> <span class='ocrx_word' id='word_1_100' title='bbox 1115 1395 1317 1439; x_wconf 87' lang='lat' dir='ltr'><strong>tantum</strong></span> <span class='ocrx_word' id='word_1_101' title='bbox 1347 1385 1427 1438; x_wconf 89' lang='lat' dir='ltr'><strong>eis</strong></span> <span class='ocrx_word' id='word_1_102' title='bbox 1456 1386 1722 1440; x_wconf 84' lang='lat' dir='ltr'><strong>mensium</strong></span> 
     </span>
    </p>
   </div>
   <div class='ocr_carea' id='block_1_15' title="bbox 117 1476 1720 1550">
    <p class='ocr_par' dir='ltr' id='par_1_15' title="bbox 117 1476 1720 1550">
     <span class='ocr_line' id='line_1_15' title="bbox 117 1476 1720 1550; baseline -0.002 -14"><span class='ocrx_word' id='word_1_103' title='bbox 117 1493 172 1536; x_wconf 87' lang='lat' dir='ltr'><strong>et</strong></span> <span class='ocrx_word' id='word_1_104' title='bbox 199 1493 475 1535; x_wconf 87' lang='lat' dir='ltr'><strong>annorum</strong></span> <span class='ocrx_word' id='word_1_105' title='bbox 529 1495 724 1535; x_wconf 83' lang='lat' dir='ltr'><strong>cursus</strong></span> <span class='ocrx_word' id='word_1_106' title='bbox 779 1476 988 1534; x_wconf 79' lang='lat' dir='ltr'><strong>certod</strong></span> <span class='ocrx_word' id='word_1_107' title='bbox 1021 1493 1249 1534; x_wconf 91' lang='lat' dir='ltr'><strong>numero</strong></span> <span class='ocrx_word' id='word_1_108' title='bbox 1301 1493 1398 1550; x_wconf 88' lang='lat' dir='ltr'><strong>per</strong></span> <span class='ocrx_word' id='word_1_109' title='bbox 1467 1479 1720 1533; x_wconf 83' lang='lat' dir='ltr'><strong>horarum</strong></span> 
     </span>
    </p>
   </div>
   <div class='ocr_carea' id='block_1_16' title="bbox 117 1572 1722 1644">
    <p class='ocr_par' dir='ltr' id='par_1_16' title="bbox 117 1572 1722 1644">
     <span class='ocr_line' id='line_1_16' title="bbox 117 1572 1722 1644; baseline -0.001 -16"><span class='ocrx_word' id='word_1_110' title='bbox 117 1574 296 1644; x_wconf 86' lang='lat' dir='ltr'><strong>spatia</strong></span> <span class='ocrx_word' id='word_1_111' title='bbox 329 1573 773 1644; x_wconf 74' lang='lat' dir='ltr'><strong>distinguuntur?</strong></span> <span class='ocrx_word' id='word_1_112' title='bbox 811 1581 868 1627; x_wconf 85' lang='lat' dir='ltr'><strong>et</strong></span> <span class='ocrx_word' id='word_1_113' title='bbox 920 1573 1121 1627; x_wconf 90' lang='lat' dir='ltr'><strong>lunaris</strong></span> <span class='ocrx_word' id='word_1_114' title='bbox 1139 1573 1287 1642; x_wconf 76' lang='lat' dir='ltr'><strong>globi</strong></span> <span class='ocrx_word' id='word_1_115' title='bbox 1324 1572 1603 1640; x_wconf 86' lang='lat' dir='ltr'><strong>plenitudo</strong></span> <span class='ocrx_word' id='word_1_116' title='bbox 1636 1572 1722 1627; x_wconf 87' lang='lat' dir='ltr'><strong>vel</strong></span> 
     </span>
    </p>
   </div>
   <div class='ocr_carea' id='block_1_17' title="bbox 107 1665 1723 1736">
    <p class='ocr_par' dir='ltr' id='par_1_17' title="bbox 107 1665 1723 1736">
     <span class='ocr_line' id='line_1_17' title="bbox 107 1665 1723 1736; baseline 0 -16"><span class='ocrx_word' id='word_1_117' title='bbox 107 1666 432 1731; x_wconf 79' lang='lat' dir='ltr'><strong>diminutio,</strong></span> <span class='ocrx_word' id='word_1_118' title='bbox 464 1667 762 1736; x_wconf 74' lang='lat' dir='ltr'><strong>digitorum</strong></span> <span class='ocrx_word' id='word_1_119' title='bbox 822 1676 1004 1733; x_wconf 82' lang='lat' dir='ltr'><strong>niotu,</strong></span> <span class='ocrx_word' id='word_1_120' title='bbox 1041 1666 1268 1720; x_wconf 79' lang='lat' dir='ltr'><strong>rationis</strong></span> <span class='ocrx_word' id='word_1_121' title='bbox 1299 1665 1634 1736; x_wconf 79' lang='lat' dir='ltr'><strong>magisterio,</strong></span> <span class='ocrx_word' id='word_1_122' title='bbox 1665 1673 1723 1720; x_wconf 78' lang='lat' dir='ltr'><strong>et</strong></span> 
     </span>
    </p>
   </div>
   <div class='ocr_carea' id='block_1_18' title="bbox 117 1759 1718 1831">
    <p class='ocr_par' dir='ltr' id='par_1_18' title="bbox 117 1759 1718 1831">
     <span class='ocr_line' id='line_1_18' title="bbox 117 1759 1718 1831; baseline 0.001 -18"><span class='ocrx_word' id='word_1_123' title='bbox 117 1759 313 1813; x_wconf 85' lang='lat' dir='ltr'><strong>calculi</strong></span> <span class='ocrx_word' id='word_1_124' title='bbox 365 1761 775 1828; x_wconf 87' lang='lat' dir='ltr'><strong>computatione</strong></span> <span class='ocrx_word' id='word_1_125' title='bbox 837 1760 1201 1829; x_wconf 69' lang='lat' dir='ltr'><strong>praevidetur‘t</strong></span> <span class='ocrx_word' id='word_1_126' title='bbox 1268 1759 1326 1816; x_wconf 90' lang='lat' dir='ltr'><strong>S.</strong></span> <span class='ocrx_word' id='word_1_127' title='bbox 1387 1759 1718 1831; x_wconf 80' lang='lat' dir='ltr'><strong>Polycarpus</strong></span> 
     </span>
    </p>
   </div>
   <div class='ocr_carea' id='block_1_19' title="bbox 1827 547 3429 621">
    <p class='ocr_par' dir='ltr' id='par_1_19' title="bbox 1827 547 3429 621">
     <span class='ocr_line' id='line_1_19' title="bbox 1827 547 3429 621; baseline 0.004 -22"><span class='ocrx_word' id='word_1_128' title='bbox 1827 557 1972 607; x_wconf 89' lang='lat' dir='ltr'><strong>cum,</strong></span> <span class='ocrx_word' id='word_1_129' title='bbox 2007 547 2093 599; x_wconf 91' lang='lat' dir='ltr'><strong>cui</strong></span> <span class='ocrx_word' id='word_1_130' title='bbox 2120 549 2265 616; x_wconf 83' lang='lat' dir='ltr'><strong>ipsas</strong></span> <span class='ocrx_word' id='word_1_131' title='bbox 2295 547 2460 603; x_wconf 82' lang='lat' dir='ltr'><strong>horas</strong></span> <span class='ocrx_word' id='word_1_132' title='bbox 2489 548 2778 620; x_wconf 88' lang='lat' dir='ltr'><strong>ipsumque</strong></span> <span class='ocrx_word' id='word_1_133' title='bbox 2809 558 3025 621; x_wconf 84' lang='lat' dir='ltr'><strong>tempus</strong></span> <span class='ocrx_word' id='word_1_134' title='bbox 3052 550 3105 604; x_wconf 90' lang='lat' dir='ltr'><strong>in</strong></span> <span class='ocrx_word' id='word_1_135' title='bbox 3138 551 3296 606; x_wconf 86' lang='lat' dir='ltr'><strong>bonis</strong></span> <span class='ocrx_word' id='word_1_136' title='bbox 3327 551 3429 606; x_wconf 85' lang='lat' dir='ltr'><strong>tibi</strong></span> 
     </span>
    </p>
   </div>
   <div class='ocr_carea' id='block_1_20' title="bbox 1827 640 3491 723">
    <p class='ocr_par' dir='ltr' id='par_1_20' title="bbox 1827 640 3491 723">
     <span class='ocr_line' id='line_1_20' title="bbox 1827 640 3491 723; baseline 0.003 -29"><span class='ocrx_word' id='word_1_137' title='bbox 1827 640 2160 694; x_wconf 77' lang='lat' dir='ltr'><strong>exuberasse</strong></span> <span class='ocrx_word' id='word_1_138' title='bbox 2185 641 2401 696; x_wconf 82' lang='lat' dir='ltr'><strong>casibus</strong></span> <span class='ocrx_word' id='word_1_139' title='bbox 2430 642 2604 708; x_wconf 82' lang='lat' dir='ltr'><strong>dicas,</strong></span> <span class='ocrx_word' id='word_1_140' title='bbox 2637 643 2782 697; x_wconf 92' lang='lat' dir='ltr'><strong>illico</strong></span> <span class='ocrx_word' id='word_1_141' title='bbox 2804 643 3016 699; x_wconf 78' lang='lat' dir='ltr'><strong>videbis</strong></span> <span class='ocrx_word' id='word_1_142' title='bbox 3061 655 3184 698; x_wconf 89' lang='lat' dir='ltr'><strong>eum</strong></span> <span class='ocrx_word' id='word_1_143' title='bbox 3213 644 3308 699; x_wconf 84' lang='lat' dir='ltr'><strong>tibi</strong></span> <span class='ocrx_word' id='word_1_144' title='bbox 3333 658 3426 699; x_wconf 75' lang='lat' dir='ltr'><strong>re-</strong></span> <span class='ocrx_word' id='word_1_145' title='bbox 3469 707 3491 723; x_wconf 31' lang='grc' dir='ltr'><strong><em>η</em></strong></span> 
     </span>
    </p>
   </div>
   <div class='ocr_carea' id='block_1_21' title="bbox 1827 729 3418 808">
    <p class='ocr_par' dir='ltr' id='par_1_21' title="bbox 1827 729 3418 808">
     <span class='ocr_line' id='line_1_21' title="bbox 1827 729 3418 808; baseline 0.004 -23"><span class='ocrx_word' id='word_1_146' title='bbox 1827 729 2106 786; x_wconf 85' lang='lat' dir='ltr'><strong>tionabilia</strong></span> <span class='ocrx_word' id='word_1_147' title='bbox 2119 734 2857 805; x_wconf 78' lang='lat' dir='ltr'><strong>schematalniinitaail‘erre,</strong></span> <span class='ocrx_word' id='word_1_148' title='bbox 2899 738 3099 806; x_wconf 83' lang='lat' dir='ltr'><strong>quibus</strong></span> <span class='ocrx_word' id='word_1_149' title='bbox 3131 737 3418 808; x_wconf 79' lang='lat' dir='ltr'><strong>approbet,</strong></span> 
     </span>
    </p>
   </div>
   <div class='ocr_carea' id='block_1_22' title="bbox 1827 824 3428 895">
    <p class='ocr_par' dir='ltr' id='par_1_22' title="bbox 1827 824 3428 895">
     <span class='ocr_line' id='line_1_22' title="bbox 1827 824 3428 895; baseline 0.005 -17"><span class='ocrx_word' id='word_1_150' title='bbox 1827 825 1948 892; x_wconf 83' lang='lat' dir='ltr'><strong>quia</strong></span> <span class='ocrx_word' id='word_1_151' title='bbox 1979 825 2028 878; x_wconf 87' lang='lat' dir='ltr'><strong>in</strong></span> <span class='ocrx_word' id='word_1_152' title='bbox 2063 824 2192 893; x_wconf 80' lang='lat' dir='ltr'><strong>ipsis</strong></span> <span class='ocrx_word' id='word_1_153' title='bbox 2217 825 2310 879; x_wconf 86' lang='lat' dir='ltr'><strong>tibi</strong></span> <span class='ocrx_word' id='word_1_154' title='bbox 2335 827 2674 895; x_wconf 72' lang='lat' dir='ltr'><strong>temporibus</strong></span> <span class='ocrx_word' id='word_1_155' title='bbox 2705 829 2922 884; x_wconf 81' lang='lat' dir='ltr'><strong>evenire</strong></span> <span class='ocrx_word' id='word_1_156' title='bbox 2945 828 3236 884; x_wconf 81' lang='lat' dir='ltr'><strong>debuerint</strong></span> <span class='ocrx_word' id='word_1_157' title='bbox 3262 830 3428 886; x_wconf 89' lang='lat' dir='ltr'><strong>bona.</strong></span> 
     </span>
    </p>
   </div>
   <div class='ocr_carea' id='block_1_23' title="bbox 1824 911 3482 992">
    <p class='ocr_par' dir='ltr' id='par_1_23' title="bbox 1824 911 3482 992">
     <span class='ocr_line' id='line_1_23' title="bbox 1824 911 3482 992; baseline 0.005 -20"><span class='ocrx_word' id='word_1_158' title='bbox 1824 917 2104 972; x_wconf 89' lang='lat' dir='ltr'><strong>Circulum</strong></span> <span class='ocrx_word' id='word_1_159' title='bbox 2137 920 2338 973; x_wconf 86' lang='lat' dir='ltr'><strong>etenim</strong></span> <span class='ocrx_word' id='word_1_160' title='bbox 2383 928 2531 974; x_wconf 88' lang='lat' dir='ltr'><strong>tenet</strong></span> <span class='ocrx_word' id='word_1_161' title='bbox 2558 934 2624 974; x_wconf 82' lang='lat' dir='ltr'><strong>ex</strong></span> <span class='ocrx_word' id='word_1_162' title='bbox 2650 922 2798 976; x_wconf 88' lang='lat' dir='ltr'><strong>omni</strong></span> <span class='ocrx_word' id='word_1_163' title='bbox 2830 930 2985 992; x_wconf 88' lang='lat' dir='ltr'><strong>parte</strong></span> <span class='ocrx_word' id='word_1_164' title='bbox 3011 923 3303 978; x_wconf 89' lang='lat' dir='ltr'><strong>collectum</strong></span> <span class='ocrx_word' id='word_1_165' title='bbox 3325 965 3340 990; x_wconf 93' lang='lat'><strong>,</strong></span> <span class='ocrx_word' id='word_1_166' title='bbox 3373 924 3429 981; x_wconf 92' lang='lat' dir='ltr'><strong>in</strong></span> <span class='ocrx_word' id='word_1_167' title='bbox 3479 911 3482 913; x_wconf 22' lang='grc' dir='ltr'>λ</span> 
     </span>
    </p>
   </div>
   <div class='ocr_carea' id='block_1_24' title="bbox 1825 997 3466 1087">
    <p class='ocr_par' dir='ltr' id='par_1_24' title="bbox 1825 997 3466 1087">
     <span class='ocr_line' id='line_1_24' title="bbox 1825 997 3466 1087; baseline 0.005 -24"><span class='ocrx_word' id='word_1_168' title='bbox 1825 1026 1933 1081; x_wconf 86' lang='lat' dir='ltr'><strong>quo</strong></span> <span class='ocrx_word' id='word_1_169' title='bbox 1963 1011 2212 1066; x_wconf 84' lang='lat' dir='ltr'><strong>diversas</strong></span> <span class='ocrx_word' id='word_1_170' title='bbox 2243 1021 2298 1065; x_wconf 90' lang='lat' dir='ltr'><strong>et</strong></span> <span class='ocrx_word' id='word_1_171' title='bbox 2324 1015 2504 1067; x_wconf 86' lang='lat' dir='ltr'><strong>varias</strong></span> <span class='ocrx_word' id='word_1_172' title='bbox 2527 1028 2716 1068; x_wconf 78' lang='lat' dir='ltr'><strong>causas</strong></span> <span class='ocrx_word' id='word_1_173' title='bbox 2733 1016 2948 1084; x_wconf 86' lang='lat' dir='ltr'><strong>accipit,</strong></span> <span class='ocrx_word' id='word_1_174' title='bbox 2975 1024 3032 1072; x_wconf 88' lang='lat' dir='ltr'><strong>et</strong></span> <span class='ocrx_word' id='word_1_175' title='bbox 3055 1015 3252 1087; x_wconf 88' lang='lat' dir='ltr'><strong>quibus</strong></span> <span class='ocrx_word' id='word_1_176' title='bbox 3270 1027 3429 1073; x_wconf 84' lang='lat' dir='ltr'><strong>occa-</strong></span> <span class='ocrx_word' id='word_1_177' title='bbox 3460 997 3466 1002; x_wconf 45' lang='grc'><strong>’</strong></span> 
     </span>
    </p>
   </div>
   <div class='ocr_carea' id='block_1_25' title="bbox 1825 1104 2931 1175">
    <p class='ocr_par' dir='ltr' id='par_1_25' title="bbox 1825 1104 2931 1175">
     <span class='ocr_line' id='line_1_25' title="bbox 1825 1104 2931 1175; baseline 0.003 -16"><span class='ocrx_word' id='word_1_178' title='bbox 1825 1104 2034 1159; x_wconf 88' lang='lat' dir='ltr'><strong>sionem</strong></span> <span class='ocrx_word' id='word_1_179' title='bbox 2060 1104 2240 1172; x_wconf 65' lang='lat' dir='ltr'><strong>capiat</strong></span> <span class='ocrx_word' id='word_1_180' title='bbox 2261 1104 2476 1159; x_wconf 88' lang='lat' dir='ltr'><strong>dicendi</strong></span> <span class='ocrx_word' id='word_1_181' title='bbox 2509 1105 2652 1175; x_wconf 90' lang='lat' dir='ltr'><strong>quod</strong></span> <span class='ocrx_word' id='word_1_182' title='bbox 2681 1107 2931 1162; x_wconf 86' lang='lat' dir='ltr'><strong>voluerit.</strong></span> 
     </span>
    </p>
   </div>
   <div class='ocr_carea' id='block_1_26' title="bbox 1895 1197 3429 1274">
    <p class='ocr_par' dir='ltr' id='par_1_26' title="bbox 1895 1197 3429 1274">
     <span class='ocr_line' id='line_1_26' title="bbox 1895 1197 3429 1274; baseline 0.005 -23"><span class='ocrx_word' id='word_1_183' title='bbox 1895 1197 1983 1253; x_wconf 79' lang='grc'><strong>56.</strong></span> <span class='ocrx_word' id='word_1_184' title='bbox 2016 1198 2152 1253; x_wconf 80' lang='lat' dir='ltr'><strong>Nam</strong></span> <span class='ocrx_word' id='word_1_185' title='bbox 2201 1199 2378 1253; x_wconf 78' lang='lat' dir='ltr'><strong>futura</strong></span> <span class='ocrx_word' id='word_1_186' title='bbox 2424 1197 2551 1254; x_wconf 89' lang='lat' dir='ltr'><strong>dum</strong></span> <span class='ocrx_word' id='word_1_187' title='bbox 2583 1200 2801 1269; x_wconf 79' lang='lat' dir='ltr'><strong>penitus</strong></span> <span class='ocrx_word' id='word_1_188' title='bbox 2835 1203 3132 1269; x_wconf 63' lang='lat' dir='ltr'><strong>praevidere</strong></span> <span class='ocrx_word' id='word_1_189' title='bbox 3162 1219 3270 1259; x_wconf 92' lang='lat' dir='ltr'><strong>non</strong></span> <span class='ocrx_word' id='word_1_190' title='bbox 3299 1217 3429 1274; x_wconf 89' lang='lat' dir='ltr'><strong>pos-</strong></span> 
     </span>
    </p>
   </div>
   <div class='ocr_carea' id='block_1_27' title="bbox 1823 1291 3429 1359">
    <p class='ocr_par' dir='ltr' id='par_1_27' title="bbox 1823 1291 3429 1359">
     <span class='ocr_line' id='line_1_27' title="bbox 1823 1291 3429 1359; baseline 0.006 -13"><span class='ocrx_word' id='word_1_191' title='bbox 1823 1302 1971 1358; x_wconf 86' lang='lat' dir='ltr'><strong>sunt,</strong></span> <span class='ocrx_word' id='word_1_192' title='bbox 1999 1292 2398 1348; x_wconf 89' lang='lat' dir='ltr'><strong>climacterics</strong></span> <span class='ocrx_word' id='word_1_193' title='bbox 2437 1291 2646 1359; x_wconf 85' lang='lat' dir='ltr'><strong>dicunt,</strong></span> <span class='ocrx_word' id='word_1_194' title='bbox 2678 1293 2729 1347; x_wconf 90' lang='lat' dir='ltr'><strong>id</strong></span> <span class='ocrx_word' id='word_1_195' title='bbox 2757 1305 2840 1349; x_wconf 89' lang='lat' dir='ltr'><strong>est</strong></span> <span class='ocrx_word' id='word_1_196' title='bbox 2871 1306 3076 1351; x_wconf 66' lang='lat' dir='ltr'><strong>natura:</strong></span> <span class='ocrx_word' id='word_1_197' title='bbox 3108 1299 3188 1353; x_wconf 84' lang='lat' dir='ltr'><strong>rei</strong></span> <span class='ocrx_word' id='word_1_198' title='bbox 3221 1300 3429 1355; x_wconf 80' lang='lat' dir='ltr'><strong>incerta</strong></span> 
     </span>
    </p>
   </div>
   <div class='ocr_carea' id='block_1_28' title="bbox 1825 1387 3431 1461">
    <p class='ocr_par' dir='ltr' id='par_1_28' title="bbox 1825 1387 3431 1461">
     <span class='ocr_line' id='line_1_28' title="bbox 1825 1387 3431 1461; baseline 0.003 -18"><span class='ocrx_word' id='word_1_199' title='bbox 1825 1387 2090 1458; x_wconf 71' lang='lat' dir='ltr'><strong>probigia.</strong></span> <span class='ocrx_word' id='word_1_200' title='bbox 2137 1387 2269 1453; x_wconf 84' lang='lat' dir='ltr'><strong>Nam</strong></span> <span class='ocrx_word' id='word_1_201' title='bbox 2301 1387 2536 1443; x_wconf 80' lang='lat' dir='ltr'><strong>diversis</strong></span> <span class='ocrx_word' id='word_1_202' title='bbox 2579 1389 2914 1459; x_wconf 82' lang='lat' dir='ltr'><strong>temporibus</strong></span> <span class='ocrx_word' id='word_1_203' title='bbox 2941 1392 3050 1461; x_wconf 83' lang='lat' dir='ltr'><strong>nati</strong></span> <span class='ocrx_word' id='word_1_204' title='bbox 3077 1405 3185 1447; x_wconf 91' lang='lat' dir='ltr'><strong>uno</strong></span> <span class='ocrx_word' id='word_1_205' title='bbox 3215 1394 3431 1448; x_wconf 79' lang='lat' dir='ltr'><strong>naufra-</strong></span> 
     </span>
    </p>
   </div>
   <div class='ocr_carea' id='block_1_29' title="bbox 1823 1479 3431 1552">
    <p class='ocr_par' dir='ltr' id='par_1_29' title="bbox 1823 1479 3431 1552">
     <span class='ocr_line' id='line_1_29' title="bbox 1823 1479 3431 1552; baseline 0.004 -18"><span class='ocrx_word' id='word_1_206' title='bbox 1823 1481 1912 1549; x_wconf 75' lang='lat' dir='ltr'><strong>gio</strong></span> <span class='ocrx_word' id='word_1_207' title='bbox 1958 1481 2266 1550; x_wconf 88' lang='lat' dir='ltr'><strong>perierunt,</strong></span> <span class='ocrx_word' id='word_1_208' title='bbox 2313 1489 2366 1535; x_wconf 92' lang='lat' dir='ltr'><strong>et</strong></span> <span class='ocrx_word' id='word_1_209' title='bbox 2393 1495 2497 1534; x_wconf 90' lang='lat' dir='ltr'><strong>una</strong></span> <span class='ocrx_word' id='word_1_210' title='bbox 2545 1481 2676 1534; x_wconf 88' lang='lat' dir='ltr'><strong>hora</strong></span> <span class='ocrx_word' id='word_1_211' title='bbox 2704 1479 2813 1535; x_wconf 88' lang='lat' dir='ltr'><strong>diei</strong></span> <span class='ocrx_word' id='word_1_212' title='bbox 2864 1482 2953 1538; x_wconf 86' lang='lat' dir='ltr'><strong>vel</strong></span> <span class='ocrx_word' id='word_1_213' title='bbox 3007 1485 3182 1539; x_wconf 91' lang='lat' dir='ltr'><strong>noctis</strong></span> <span class='ocrx_word' id='word_1_214' title='bbox 3230 1486 3431 1552; x_wconf 79' lang='lat' dir='ltr'><strong>exorti,</strong></span> 
     </span>
    </p>
   </div>
   <div class='ocr_carea' id='block_1_30' title="bbox 1821 1573 3432 1643">
    <p class='ocr_par' dir='ltr' id='par_1_30' title="bbox 1821 1573 3432 1643">
     <span class='ocr_line' id='line_1_30' title="bbox 1821 1573 3432 1643; baseline 0.004 -16"><span class='ocrx_word' id='word_1_215' title='bbox 1821 1575 1960 1628; x_wconf 84' lang='lat' dir='ltr'><strong>alter</strong></span> <span class='ocrx_word' id='word_1_216' title='bbox 1995 1573 2062 1627; x_wconf 91' lang='lat' dir='ltr'><strong>ad</strong></span> <span class='ocrx_word' id='word_1_217' title='bbox 2102 1573 2505 1630; x_wconf 78' lang='lat' dir='ltr'><strong>mendicitatem</strong></span> <span class='ocrx_word' id='word_1_218' title='bbox 2545 1573 2856 1643; x_wconf 88' lang='lat' dir='ltr'><strong>deponitur,</strong></span> <span class='ocrx_word' id='word_1_219' title='bbox 2908 1576 3152 1631; x_wconf 79' lang='lat' dir='ltr'><strong>ascendit</strong></span> <span class='ocrx_word' id='word_1_220' title='bbox 3195 1577 3335 1633; x_wconf 89' lang='lat' dir='ltr'><strong>alter</strong></span> <span class='ocrx_word' id='word_1_221' title='bbox 3362 1578 3432 1634; x_wconf 87' lang='lat' dir='ltr'><strong>ad</strong></span> 
     </span>
    </p>
   </div>
   <div class='ocr_carea' id='block_1_31' title="bbox 1822 1667 3430 1737">
    <p class='ocr_par' dir='ltr' id='par_1_31' title="bbox 1822 1667 3430 1737">
     <span class='ocr_line' id='line_1_31' title="bbox 1822 1667 3430 1737; baseline 0.002 -15"><span class='ocrx_word' id='word_1_222' title='bbox 1822 1677 2048 1736; x_wconf 80' lang='lat' dir='ltr'><strong>regnum</strong></span> <span class='ocrx_word' id='word_1_223' title='bbox 2089 1684 2102 1720; x_wconf 89' lang='lat'><strong>:</strong></span> <span class='ocrx_word' id='word_1_224' title='bbox 2143 1677 2202 1723; x_wconf 92' lang='lat' dir='ltr'><strong>et</strong></span> <span class='ocrx_word' id='word_1_225' title='bbox 2233 1667 2283 1722; x_wconf 92' lang='lat' dir='ltr'><strong>iu</strong></span> <span class='ocrx_word' id='word_1_226' title='bbox 2319 1680 2430 1722; x_wconf 89' lang='lat' dir='ltr'><strong>uno</strong></span> <span class='ocrx_word' id='word_1_227' title='bbox 2452 1668 2646 1737; x_wconf 74' lang='lat' dir='ltr'><strong>przelio</strong></span> <span class='ocrx_word' id='word_1_228' title='bbox 2676 1667 3091 1724; x_wconf 87' lang='lat' dir='ltr'><strong>innumerabilis</strong></span> <span class='ocrx_word' id='word_1_229' title='bbox 3135 1669 3430 1726; x_wconf 86' lang='lat' dir='ltr'><strong>multitudo</strong></span> 
     </span>
    </p>
   </div>
   <div class='ocr_carea' id='block_1_32' title="bbox 1823 1761 3430 1832">
    <p class='ocr_par' dir='ltr' id='par_1_32' title="bbox 1823 1761 3430 1832">
     <span class='ocr_line' id='line_1_32' title="bbox 1823 1761 3430 1832; baseline 0.002 -17"><span class='ocrx_word' id='word_1_230' title='bbox 1823 1762 2206 1830; x_wconf 82' lang='lat' dir='ltr'><strong>prosternitur,</strong></span> <span class='ocrx_word' id='word_1_231' title='bbox 2258 1771 2316 1817; x_wconf 92' lang='lat' dir='ltr'><strong>et</strong></span> <span class='ocrx_word' id='word_1_232' title='bbox 2359 1776 2466 1817; x_wconf 91' lang='lat' dir='ltr'><strong>uno</strong></span> <span class='ocrx_word' id='word_1_233' title='bbox 2491 1761 2599 1826; x_wconf 91' lang='lat' dir='ltr'><strong>die,</strong></span> <span class='ocrx_word' id='word_1_234' title='bbox 2629 1762 2738 1816; x_wconf 90' lang='lat' dir='ltr'><strong>imo</strong></span> <span class='ocrx_word' id='word_1_235' title='bbox 2783 1776 2891 1817; x_wconf 90' lang='lat' dir='ltr'><strong>uno</strong></span> <span class='ocrx_word' id='word_1_236' title='bbox 2926 1761 2941 1799; x_wconf 72' lang='grc' dir='ltr'><strong>ί</strong></span> <span class='ocrx_word' id='word_1_237' title='bbox 2980 1772 3203 1832; x_wconf 90' lang='lat' dir='ltr'><strong>puncto,</strong></span> <span class='ocrx_word' id='word_1_238' title='bbox 3239 1764 3291 1817; x_wconf 92' lang='lat' dir='ltr'><strong>in</strong></span> <span class='ocrx_word' id='word_1_239' title='bbox 3323 1778 3430 1819; x_wconf 81' lang='lat' dir='ltr'><strong>una</strong></span> 
     </span>
    </p>
   </div>
   <div class='ocr_carea' id='block_1_33' title="bbox 119 1850 3434 1925">
    <p class='ocr_par' dir='ltr' id='par_1_33' title="bbox 119 1850 3434 1925">
     <span class='ocr_line' id='line_1_33' title="bbox 119 1850 3434 1925; baseline 0.002 -21"><span class='ocrx_word' id='word_1_240' title='bbox 119 1853 412 1922; x_wconf 83' lang='lat' dir='ltr'><strong>presbyter</strong></span> <span class='ocrx_word' id='word_1_241' title='bbox 438 1850 574 1906; x_wconf 80' lang='lat' dir='ltr'><strong>dixit</strong></span> <span class='ocrx_word' id='word_1_242' title='bbox 627 1868 638 1904; x_wconf 93' lang='lat'>:</span> <span class='ocrx_word' id='word_1_243' title='bbox 667 1851 783 1906; x_wconf 89' lang='lat' dir='ltr'><strong>illic</strong></span> <span class='ocrx_word' id='word_1_244' title='bbox 814 1851 964 1923; x_wconf 72' lang='lat' dir='ltr'><strong>signa</strong></span> <span class='ocrx_word' id='word_1_245' title='bbox 998 1853 1198 1906; x_wconf 85' lang='lat' dir='ltr'><strong>Leonis</strong></span> <span class='ocrx_word' id='word_1_246' title='bbox 1224 1860 1280 1907; x_wconf 91' lang='lat' dir='ltr'><strong>et</strong></span> <span class='ocrx_word' id='word_1_247' title='bbox 1304 1851 1638 1920; x_wconf 81' lang='lat' dir='ltr'><strong>Capricnt‘nii</strong></span> <span class='ocrx_word' id='word_1_248' title='bbox 1666 1861 1721 1908; x_wconf 88' lang='lat' dir='ltr'><strong>et</strong></span> <span class='ocrx_word' id='word_1_249' title='bbox 1748 1863 1797 1925; x_wconf 82' lang='grc' dir='ltr'><strong>Β</strong></span> <span class='ocrx_word' id='word_1_250' title='bbox 1822 1853 2006 1920; x_wconf 89' lang='lat' dir='ltr'><strong>domo,</strong></span> <span class='ocrx_word' id='word_1_251' title='bbox 2039 1854 2161 1908; x_wconf 62' lang='lat' dir='ltr'><strong>dum</strong></span> <span class='ocrx_word' id='word_1_252' title='bbox 2205 1852 2445 1921; x_wconf 68' lang='lat' dir='ltr'><strong>feminae,</strong></span> <span class='ocrx_word' id='word_1_253' title='bbox 2483 1853 2829 1924; x_wconf 76' lang='lat' dir='ltr'><strong>pudicissima</strong></span> <span class='ocrx_word' id='word_1_254' title='bbox 2867 1856 3064 1924; x_wconf 86' lang='lat' dir='ltr'><strong>altera,</strong></span> <span class='ocrx_word' id='word_1_255' title='bbox 3111 1856 3284 1911; x_wconf 76' lang='lat' dir='ltr'><strong>altera</strong></span> <span class='ocrx_word' id='word_1_256' title='bbox 3311 1855 3434 1912; x_wconf 78' lang='lat' dir='ltr'><strong>eiii-</strong></span> 
     </span>
    </p>
   </div>
   <div class='ocr_carea' id='block_1_34' title="bbox 117 1945 1722 2016">
    <p class='ocr_par' dir='ltr' id='par_1_34' title="bbox 117 1945 1722 2016">
     <span class='ocr_line' id='line_1_34' title="bbox 117 1945 1722 2016; baseline 0.001 -15"><span class='ocrx_word' id='word_1_257' title='bbox 117 1945 418 2016; x_wconf 81' lang='lat' dir='ltr'><strong>Sagittarii,</strong></span> <span class='ocrx_word' id='word_1_258' title='bbox 444 1956 498 2000; x_wconf 90' lang='lat' dir='ltr'><strong>et</strong></span> <span class='ocrx_word' id='word_1_259' title='bbox 519 1945 861 2016; x_wconf 84' lang='lat' dir='ltr'><strong>Scorpionis,</strong></span> <span class='ocrx_word' id='word_1_260' title='bbox 895 1955 943 2000; x_wconf 89' lang='lat' dir='ltr'><strong>et</strong></span> <span class='ocrx_word' id='word_1_261' title='bbox 969 1945 1132 2001; x_wconf 79' lang='lat' dir='ltr'><strong>Tauri</strong></span> <span class='ocrx_word' id='word_1_262' title='bbox 1154 1956 1299 2012; x_wconf 88' lang='lat' dir='ltr'><strong>sunt,</strong></span> <span class='ocrx_word' id='word_1_263' title='bbox 1323 1946 1432 2000; x_wconf 91' lang='lat' dir='ltr'><strong>illic</strong></span> <span class='ocrx_word' id='word_1_264' title='bbox 1459 1947 1510 1999; x_wconf 90' lang='lat' dir='ltr'><strong>in</strong></span> <span class='ocrx_word' id='word_1_265' title='bbox 1537 1947 1722 2002; x_wconf 76' lang='lat' dir='ltr'><strong>Ariete</strong></span> 
     </span>
    </p>
   </div>
   <div class='ocr_carea' id='block_1_35' title="bbox 117 2037 1722 2106">
    <p class='ocr_par' dir='ltr' id='par_1_35' title="bbox 117 2037 1722 2106">
     <span class='ocr_line' id='line_1_35' title="bbox 117 2037 1722 2106; baseline 0 -13"><span class='ocrx_word' id='word_1_266' title='bbox 117 2039 265 2106; x_wconf 89' lang='lat' dir='ltr'><strong>luna,</strong></span> <span class='ocrx_word' id='word_1_267' title='bbox 291 2039 345 2094; x_wconf 92' lang='lat' dir='ltr'><strong>in</strong></span> <span class='ocrx_word' id='word_1_268' title='bbox 368 2039 580 2094; x_wconf 88' lang='lat' dir='ltr'><strong>Cancro</strong></span> <span class='ocrx_word' id='word_1_269' title='bbox 608 2038 762 2104; x_wconf 84' lang='lat' dir='ltr'><strong>hora;</strong></span> <span class='ocrx_word' id='word_1_270' title='bbox 797 2038 848 2092; x_wconf 93' lang='lat' dir='ltr'><strong>in</strong></span> <span class='ocrx_word' id='word_1_271' title='bbox 872 2038 1006 2093; x_wconf 82' lang='lat' dir='ltr'><strong>Jove</strong></span> <span class='ocrx_word' id='word_1_272' title='bbox 1035 2038 1214 2105; x_wconf 88' lang='lat' dir='ltr'><strong>stella,</strong></span> <span class='ocrx_word' id='word_1_273' title='bbox 1247 2039 1297 2091; x_wconf 91' lang='lat' dir='ltr'><strong>in</strong></span> <span class='ocrx_word' id='word_1_274' title='bbox 1319 2037 1587 2093; x_wconf 85' lang='lat' dir='ltr'><strong>Mercurio</strong></span> <span class='ocrx_word' id='word_1_275' title='bbox 1611 2045 1722 2093; x_wconf 89' lang='lat' dir='ltr'><strong>tro-</strong></span> 
     </span>
    </p>
   </div>
   <div class='ocr_carea' id='block_1_36' title="bbox 119 2129 1718 2202">
    <p class='ocr_par' dir='ltr' id='par_1_36' title="bbox 119 2129 1718 2202">
     <span class='ocr_line' id='line_1_36' title="bbox 119 2129 1718 2202; baseline 0 -17"><span class='ocrx_word' id='word_1_276' title='bbox 119 2133 258 2202; x_wconf 89' lang='lat' dir='ltr'><strong>pica,</strong></span> <span class='ocrx_word' id='word_1_277' title='bbox 287 2131 341 2185; x_wconf 93' lang='lat' dir='ltr'><strong>in</strong></span> <span class='ocrx_word' id='word_1_278' title='bbox 375 2129 587 2186; x_wconf 80' lang='lat' dir='ltr'><strong>Venere</strong></span> <span class='ocrx_word' id='word_1_279' title='bbox 610 2132 776 2197; x_wconf 78' lang='lat' dir='ltr'><strong>Mars,</strong></span> <span class='ocrx_word' id='word_1_280' title='bbox 812 2141 867 2186; x_wconf 90' lang='lat' dir='ltr'><strong>et</strong></span> <span class='ocrx_word' id='word_1_281' title='bbox 889 2132 943 2186; x_wconf 92' lang='lat' dir='ltr'><strong>in</strong></span> <span class='ocrx_word' id='word_1_282' title='bbox 967 2131 1217 2186; x_wconf 88' lang='lat' dir='ltr'><strong>omnibus</strong></span> <span class='ocrx_word' id='word_1_283' title='bbox 1250 2132 1369 2186; x_wconf 85' lang='lat' dir='ltr'><strong>istis</strong></span> <span class='ocrx_word' id='word_1_284' title='bbox 1402 2140 1718 2186; x_wconf 86' lang='lat' dir='ltr'><strong>monstruo-</strong></span> 
     </span>
    </p>
   </div>
   <div class='ocr_carea' id='block_1_37' title="bbox 117 2223 1719 2294">
    <p class='ocr_par' dir='ltr' id='par_1_37' title="bbox 117 2223 1719 2294">
     <span class='ocr_line' id='line_1_37' title="bbox 117 2223 1719 2294; baseline -0.001 -14"><span class='ocrx_word' id='word_1_285' title='bbox 117 2227 189 2280; x_wconf 91' lang='lat' dir='ltr'><strong>sis</strong></span> <span class='ocrx_word' id='word_1_286' title='bbox 222 2226 571 2280; x_wconf 61' lang='lat' dir='ltr'><strong>dmmonibus</strong></span> <span class='ocrx_word' id='word_1_287' title='bbox 614 2240 704 2279; x_wconf 88' lang='lat' dir='ltr'><strong>ars</strong></span> <span class='ocrx_word' id='word_1_288' title='bbox 749 2225 858 2278; x_wconf 87' lang='lat' dir='ltr'><strong>Deo</strong></span> <span class='ocrx_word' id='word_1_289' title='bbox 914 2224 1134 2280; x_wconf 86' lang='lat' dir='ltr'><strong>inimica</strong></span> <span class='ocrx_word' id='word_1_290' title='bbox 1191 2225 1560 2294; x_wconf 83' lang='lat' dir='ltr'><strong>cognoscitur.</strong></span> <span class='ocrx_word' id='word_1_291' title='bbox 1612 2223 1719 2278; x_wconf 81' lang='lat' dir='ltr'><strong>Ista</strong></span> 
     </span>
    </p>
   </div>
   <div class='ocr_carea' id='block_1_38' title="bbox 115 2315 1722 2385">
    <p class='ocr_par' dir='ltr' id='par_1_38' title="bbox 115 2315 1722 2385">
     <span class='ocr_line' id='line_1_38' title="bbox 115 2315 1722 2385; baseline 0 -14"><span class='ocrx_word' id='word_1_292' title='bbox 115 2317 412 2372; x_wconf 85' lang='lat' dir='ltr'><strong>Christiani</strong></span> <span class='ocrx_word' id='word_1_293' title='bbox 443 2321 514 2371; x_wconf 80' lang='lat' dir='ltr'><strong>ita</strong></span> <span class='ocrx_word' id='word_1_294' title='bbox 549 2332 676 2372; x_wconf 82' lang='lat' dir='ltr'><strong>rocu</strong></span> <span class='ocrx_word' id='word_1_295' title='bbox 709 2327 825 2383; x_wconf 88' lang='lat' dir='ltr'><strong>ant,</strong></span> <span class='ocrx_word' id='word_1_296' title='bbox 876 2327 935 2371; x_wconf 91' lang='lat' dir='ltr'><strong>ut</strong></span> <span class='ocrx_word' id='word_1_297' title='bbox 983 2333 1090 2371; x_wconf 91' lang='lat' dir='ltr'><strong>non</strong></span> <span class='ocrx_word' id='word_1_298' title='bbox 1139 2316 1313 2370; x_wconf 86' lang='lat' dir='ltr'><strong>solum</strong></span> <span class='ocrx_word' id='word_1_299' title='bbox 1349 2316 1449 2385; x_wconf 87' lang='lat' dir='ltr'><strong>ipi</strong></span> <span class='ocrx_word' id='word_1_300' title='bbox 1485 2333 1589 2369; x_wconf 88' lang='lat' dir='ltr'><strong>non</strong></span> <span class='ocrx_word' id='word_1_301' title='bbox 1623 2315 1722 2371; x_wconf 84' lang='lat' dir='ltr'><strong>Ita-</strong></span> 
     </span>
    </p>
   </div>
   <div class='ocr_carea' id='block_1_39' title="bbox 116 2410 1721 2477">
    <p class='ocr_par' dir='ltr' id='par_1_39' title="bbox 116 2410 1721 2477">
     <span class='ocr_line' id='line_1_39' title="bbox 116 2410 1721 2477; baseline -0.001 -10"><span class='ocrx_word' id='word_1_302' title='bbox 116 2412 313 2477; x_wconf 85' lang='lat' dir='ltr'><strong>beant,</strong></span> <span class='ocrx_word' id='word_1_303' title='bbox 345 2427 453 2466; x_wconf 91' lang='lat' dir='ltr'><strong>non</strong></span> <span class='ocrx_word' id='word_1_304' title='bbox 483 2413 686 2477; x_wconf 89' lang='lat' dir='ltr'><strong>coint,</strong></span> <span class='ocrx_word' id='word_1_305' title='bbox 730 2427 836 2465; x_wconf 90' lang='lat' dir='ltr'><strong>non</strong></span> <span class='ocrx_word' id='word_1_306' title='bbox 863 2410 1109 2476; x_wconf 81' lang='lat' dir='ltr'><strong>credant,</strong></span> <span class='ocrx_word' id='word_1_307' title='bbox 1175 2425 1280 2464; x_wconf 89' lang='lat' dir='ltr'><strong>non</strong></span> <span class='ocrx_word' id='word_1_308' title='bbox 1315 2415 1574 2474; x_wconf 83' lang='lat' dir='ltr'><strong>teneant;</strong></span> <span class='ocrx_word' id='word_1_309' title='bbox 1628 2424 1721 2465; x_wconf 73' lang='lat' dir='ltr'><strong>ve-</strong></span> 
     </span>
    </p>
   </div>
   <div class='ocr_carea' id='block_1_40' title="bbox 119 2503 1719 2581">
    <p class='ocr_par' dir='ltr' id='par_1_40' title="bbox 119 2503 1719 2581">
     <span class='ocr_line' id='line_1_40' title="bbox 119 2503 1719 2581; baseline -0.001 -21"><span class='ocrx_word' id='word_1_310' title='bbox 119 2522 233 2581; x_wconf 77' lang='lat' dir='ltr'><strong>rum</strong></span> <span class='ocrx_word' id='word_1_311' title='bbox 247 2508 417 2562; x_wconf 84' lang='lat' dir='ltr'><strong>etiam</strong></span> <span class='ocrx_word' id='word_1_312' title='bbox 437 2521 536 2560; x_wconf 90' lang='lat' dir='ltr'><strong>nec</strong></span> <span class='ocrx_word' id='word_1_313' title='bbox 561 2505 777 2561; x_wconf 79' lang='lat' dir='ltr'><strong>animos</strong></span> <span class='ocrx_word' id='word_1_314' title='bbox 799 2506 924 2560; x_wconf 91' lang='lat' dir='ltr'><strong>illos</strong></span> <span class='ocrx_word' id='word_1_315' title='bbox 951 2504 1219 2568; x_wconf 87' lang='lat' dir='ltr'><strong>habeant,</strong></span> <span class='ocrx_word' id='word_1_316' title='bbox 1234 2504 1322 2575; x_wconf 88' lang='lat' dir='ltr'><strong>qui</strong></span> <span class='ocrx_word' id='word_1_317' title='bbox 1344 2503 1719 2574; x_wconf 78' lang='lat' dir='ltr'><strong>hujuscemodi</strong></span> 
     </span>
    </p>
   </div>
   <div class='ocr_carea' id='block_1_41' title="bbox 117 2598 1718 2671">
    <p class='ocr_par' dir='ltr' id='par_1_41' title="bbox 117 2598 1718 2671">
     <span class='ocr_line' id='line_1_41' title="bbox 117 2598 1718 2671; baseline 0.001 -17"><span class='ocrx_word' id='word_1_318' title='bbox 117 2600 271 2671; x_wconf 82' lang='lat' dir='ltr'><strong>nugis</strong></span> <span class='ocrx_word' id='word_1_319' title='bbox 303 2615 463 2656; x_wconf 71' lang='lat' dir='ltr'><strong>seu</strong></span> <span class='ocrx_word' id='word_1_320' title='bbox 492 2611 759 2670; x_wconf 87' lang='lat' dir='ltr'><strong>occupant</strong></span> <span class='ocrx_word' id='word_1_321' title='bbox 790 2598 1020 2670; x_wconf 85' lang='lat' dir='ltr'><strong>pectus?</strong></span> <span class='ocrx_word' id='word_1_322' title='bbox 1047 2599 1237 2654; x_wconf 84' lang='lat' dir='ltr'><strong>Omnia</strong></span> <span class='ocrx_word' id='word_1_323' title='bbox 1274 2600 1420 2653; x_wconf 90' lang='lat' dir='ltr'><strong>enim</strong></span> <span class='ocrx_word' id='word_1_324' title='bbox 1451 2599 1551 2653; x_wconf 86' lang='lat' dir='ltr'><strong>ista</strong></span> <span class='ocrx_word' id='word_1_325' title='bbox 1582 2598 1718 2656; x_wconf 71' lang='lat' dir='ltr'><strong>falsa</strong></span> 
     </span>
    </p>
   </div>
   <div class='ocr_carea' id='block_1_42' title="bbox 117 2691 1718 2765">
    <p class='ocr_par' dir='ltr' id='par_1_42' title="bbox 117 2691 1718 2765">
     <span class='ocr_line' id='line_1_42' title="bbox 117 2691 1718 2765; baseline 0 -18"><span class='ocrx_word' id='word_1_326' title='bbox 117 2693 565 2765; x_wconf 84' lang='lat' dir='ltr'><strong>deceptionisque</strong></span> <span class='ocrx_word' id='word_1_327' title='bbox 605 2693 849 2748; x_wconf 85' lang='lat' dir='ltr'><strong>ministra</strong></span> <span class='ocrx_word' id='word_1_328' title='bbox 885 2701 1011 2746; x_wconf 92' lang='lat' dir='ltr'><strong>sunt</strong></span> <span class='ocrx_word' id='word_1_329' title='bbox 1042 2709 1056 2746; x_wconf 89' lang='lat'><strong>:</strong></span> <span class='ocrx_word' id='word_1_330' title='bbox 1098 2691 1402 2746; x_wconf 88' lang='lat' dir='ltr'><strong>similitudo</strong></span> <span class='ocrx_word' id='word_1_331' title='bbox 1433 2691 1487 2746; x_wconf 93' lang='lat' dir='ltr'><strong>in</strong></span> <span class='ocrx_word' id='word_1_332' title='bbox 1516 2692 1596 2746; x_wconf 90' lang='lat' dir='ltr'><strong>eis</strong></span> <span class='ocrx_word' id='word_1_333' title='bbox 1623 2707 1718 2748; x_wconf 82' lang='lat' dir='ltr'><strong>ve-</strong></span> 
     </span>
    </p>
   </div>
   <div class='ocr_carea' id='block_1_43' title="bbox 118 2785 978 2855">
    <p class='ocr_par' dir='ltr' id='par_1_43' title="bbox 118 2785 978 2855">
     <span class='ocr_line' id='line_1_43' title="bbox 118 2785 978 2855; baseline -0.005 -14"><span class='ocrx_word' id='word_1_334' title='bbox 118 2786 288 2841; x_wconf 83' lang='lat' dir='ltr'><strong>ritatis</strong></span> <span class='ocrx_word' id='word_1_335' title='bbox 320 2796 436 2855; x_wconf 86' lang='lat' dir='ltr'><strong>est,</strong></span> <span class='ocrx_word' id='word_1_336' title='bbox 472 2802 578 2841; x_wconf 93' lang='lat' dir='ltr'><strong>non</strong></span> <span class='ocrx_word' id='word_1_337' title='bbox 608 2785 726 2855; x_wconf 85' lang='lat' dir='ltr'><strong>ipsa</strong></span> <span class='ocrx_word' id='word_1_338' title='bbox 758 2785 978 2841; x_wconf 73' lang='lat' dir='ltr'><strong>veritas.</strong></span> 
     </span>
    </p>
   </div>
   <div class='ocr_carea' id='block_1_44' title="bbox 185 2877 1715 2946">
    <p class='ocr_par' dir='ltr' id='par_1_44' title="bbox 185 2877 1715 2946">
     <span class='ocr_line' id='line_1_44' title="bbox 185 2877 1715 2946; baseline -0.001 -13"><span class='ocrx_word' id='word_1_339' title='bbox 185 2879 277 2935; x_wconf 79' lang='lat'><strong>55.</strong></span> <span class='ocrx_word' id='word_1_340' title='bbox 315 2878 456 2934; x_wconf 84' lang='lat' dir='ltr'><strong>Dicit</strong></span> <span class='ocrx_word' id='word_1_341' title='bbox 483 2881 534 2935; x_wconf 89' lang='lat' dir='ltr'><strong>ei</strong></span> <span class='ocrx_word' id='word_1_342' title='bbox 581 2878 928 2935; x_wconf 86' lang='lat' dir='ltr'><strong>Chromatius</strong></span> <span class='ocrx_word' id='word_1_343' title='bbox 959 2896 973 2932; x_wconf 83' lang='lat'><strong>:</strong></span> <span class='ocrx_word' id='word_1_344' title='bbox 1025 2877 1212 2945; x_wconf 84' lang='lat' dir='ltr'><strong>Quid?</strong></span> <span class='ocrx_word' id='word_1_345' title='bbox 1269 2877 1412 2946; x_wconf 89' lang='lat' dir='ltr'><strong>qttod</strong></span> <span class='ocrx_word' id='word_1_346' title='bbox 1448 2893 1715 2932; x_wconf 88' lang='lat' dir='ltr'><strong>nonnum-</strong></span> 
     </span>
    </p>
   </div>
   <div class='ocr_carea' id='block_1_45' title="bbox 117 2971 1717 3044">
    <p class='ocr_par' dir='ltr' id='par_1_45' title="bbox 117 2971 1717 3044">
     <span class='ocr_line' id='line_1_45' title="bbox 117 2971 1717 3044; baseline 0.001 -18"><span class='ocrx_word' id='word_1_347' title='bbox 117 2988 274 3044; x_wconf 91' lang='lat' dir='ltr'><strong>quam</strong></span> <span class='ocrx_word' id='word_1_348' title='bbox 319 2973 498 3028; x_wconf 81' lang='lat' dir='ltr'><strong>futura</strong></span> <span class='ocrx_word' id='word_1_349' title='bbox 527 2975 914 3043; x_wconf 68' lang='lat' dir='ltr'><strong>prmnuntiant‘i</strong></span> <span class='ocrx_word' id='word_1_350' title='bbox 936 2972 999 3028; x_wconf 90' lang='lat' dir='ltr'><strong>S.</strong></span> <span class='ocrx_word' id='word_1_351' title='bbox 1031 2972 1384 3028; x_wconf 82' lang='lat' dir='ltr'><strong>Sebastianus</strong></span> <span class='ocrx_word' id='word_1_352' title='bbox 1411 2971 1548 3026; x_wconf 80' lang='lat' dir='ltr'><strong>dixit</strong></span> <span class='ocrx_word' id='word_1_353' title='bbox 1573 2988 1585 3024; x_wconf 88' lang='lat'><strong>:</strong></span> <span class='ocrx_word' id='word_1_354' title='bbox 1610 2971 1717 3027; x_wconf 81' lang='lat' dir='ltr'><strong>ista</strong></span> 
     </span>
    </p>
   </div>
   <div class='ocr_carea' id='block_1_46' title="bbox 119 3064 1715 3130">
    <p class='ocr_par' dir='ltr' id='par_1_46' title="bbox 119 3064 1715 3130">
     <span class='ocr_line' id='line_1_46' title="bbox 119 3064 1715 3130; baseline -0.001 -7"><span class='ocrx_word' id='word_1_355' title='bbox 119 3069 298 3123; x_wconf 87' lang='lat' dir='ltr'><strong>omnia</strong></span> <span class='ocrx_word' id='word_1_356' title='bbox 341 3068 639 3124; x_wconf 84' lang='lat' dir='ltr'><strong>vanissima</strong></span> <span class='ocrx_word' id='word_1_357' title='bbox 683 3083 806 3124; x_wconf 88' lang='lat' dir='ltr'><strong>esse</strong></span> <span class='ocrx_word' id='word_1_358' title='bbox 837 3076 892 3123; x_wconf 89' lang='lat' dir='ltr'><strong>et</strong></span> <span class='ocrx_word' id='word_1_359' title='bbox 931 3067 1247 3130; x_wconf 83' lang='lat' dir='ltr'><strong>falsissima,</strong></span> <span class='ocrx_word' id='word_1_360' title='bbox 1287 3064 1510 3121; x_wconf 84' lang='lat' dir='ltr'><strong>Christo</strong></span> <span class='ocrx_word' id='word_1_361' title='bbox 1557 3081 1715 3121; x_wconf 86' lang='lat' dir='ltr'><strong>reve-</strong></span> 
     </span>
    </p>
   </div>
   <div class='ocr_carea' id='block_1_47' title="bbox 119 3159 1715 3233">
    <p class='ocr_par' dir='ltr' id='par_1_47' title="bbox 119 3159 1715 3233">
     <span class='ocr_line' id='line_1_47' title="bbox 119 3159 1715 3233; baseline -0.001 -17"><span class='ocrx_word' id='word_1_362' title='bbox 119 3163 287 3229; x_wconf 85' lang='lat' dir='ltr'><strong>iante,</strong></span> <span class='ocrx_word' id='word_1_363' title='bbox 320 3162 707 3233; x_wconf 76' lang='lat' dir='ltr'><strong>cognovimus;</strong></span> <span class='ocrx_word' id='word_1_364' title='bbox 759 3175 880 3232; x_wconf 66' lang='lat' dir='ltr'><strong>quas</strong></span> <span class='ocrx_word' id='word_1_365' title='bbox 911 3161 1008 3216; x_wconf 91' lang='lat' dir='ltr'><strong>tibi</strong></span> <span class='ocrx_word' id='word_1_366' title='bbox 1047 3175 1188 3215; x_wconf 89' lang='lat' dir='ltr'><strong>nunc</strong></span> <span class='ocrx_word' id='word_1_367' title='bbox 1211 3159 1556 3215; x_wconf 83' lang='lat' dir='ltr'><strong>maniiestius</strong></span> <span class='ocrx_word' id='word_1_368' title='bbox 1585 3174 1715 3229; x_wconf 84' lang='lat' dir='ltr'><strong>ape-</strong></span> 
     </span>
    </p>
   </div>
   <div class='ocr_carea' id='block_1_48' title="bbox 1823 1945 3430 2018">
    <p class='ocr_par' dir='ltr' id='par_1_48' title="bbox 1823 1945 3430 2018">
     <span class='ocr_line' id='line_1_48' title="bbox 1823 1945 3430 2018; baseline 0.002 -17"><span class='ocrx_word' id='word_1_369' title='bbox 1823 1946 1962 2001; x_wconf 89' lang='lat' dir='ltr'><strong>citur</strong></span> <span class='ocrx_word' id='word_1_370' title='bbox 1990 1946 2259 2017; x_wconf 83' lang='lat' dir='ltr'><strong>impudica</strong></span> <span class='ocrx_word' id='word_1_371' title='bbox 2301 1963 2313 2000; x_wconf 89' lang='lat'><strong>:</strong></span> <span class='ocrx_word' id='word_1_372' title='bbox 2344 1945 2625 2018; x_wconf 87' lang='lat' dir='ltr'><strong>utriusque</strong></span> <span class='ocrx_word' id='word_1_373' title='bbox 2667 1947 2839 2002; x_wconf 64' lang='lat' dir='ltr'><strong>stella</strong></span> <span class='ocrx_word' id='word_1_374' title='bbox 2867 1947 2910 2002; x_wconf 92' lang='lat' dir='ltr'><strong>si</strong></span> <span class='ocrx_word' id='word_1_375' title='bbox 2942 1949 3197 2003; x_wconf 89' lang='lat' dir='ltr'><strong>meritum</strong></span> <span class='ocrx_word' id='word_1_376' title='bbox 3228 1955 3430 2004; x_wconf 82' lang='lat' dir='ltr'><strong>contu-</strong></span> 
     </span>
    </p>
   </div>
   <div class='ocr_carea' id='block_1_49' title="bbox 1824 2037 3430 2109">
    <p class='ocr_par' dir='ltr' id='par_1_49' title="bbox 1824 2037 3430 2109">
     <span class='ocr_line' id='line_1_49' title="bbox 1824 2037 3430 2109; baseline 0.002 -16"><span class='ocrx_word' id='word_1_377' title='bbox 1824 2039 2024 2105; x_wconf 86' lang='lat' dir='ltr'><strong>lerint,</strong></span> <span class='ocrx_word' id='word_1_378' title='bbox 2076 2055 2176 2095; x_wconf 88' lang='lat' dir='ltr'><strong>nec</strong></span> <span class='ocrx_word' id='word_1_379' title='bbox 2218 2037 2477 2095; x_wconf 75' lang='lat' dir='ltr'><strong>meretrix</strong></span> <span class='ocrx_word' id='word_1_380' title='bbox 2537 2038 2892 2109; x_wconf 81' lang='lat' dir='ltr'><strong>vituperanda</strong></span> <span class='ocrx_word' id='word_1_381' title='bbox 2937 2050 3052 2105; x_wconf 88' lang='lat' dir='ltr'><strong>est,</strong></span> <span class='ocrx_word' id='word_1_382' title='bbox 3110 2053 3213 2097; x_wconf 85' lang='lat' dir='ltr'><strong>nec</strong></span> <span class='ocrx_word' id='word_1_383' title='bbox 3277 2049 3430 2097; x_wconf 86' lang='lat' dir='ltr'><strong>casta</strong></span> 
     </span>
    </p>
   </div>
   <div class='ocr_carea' id='block_1_50' title="bbox 1824 2134 3427 2204">
    <p class='ocr_par' dir='ltr' id='par_1_50' title="bbox 1824 2134 3427 2204">
     <span class='ocr_line' id='line_1_50' title="bbox 1824 2134 3427 2204; baseline 0.002 -16"><span class='ocrx_word' id='word_1_384' title='bbox 1824 2134 2112 2189; x_wconf 77' lang='lat' dir='ltr'><strong>laudanda.</strong></span> <span class='ocrx_word' id='word_1_385' title='bbox 2141 2134 2307 2190; x_wconf 88' lang='lat' dir='ltr'><strong>Certe</strong></span> <span class='ocrx_word' id='word_1_386' title='bbox 2336 2134 2509 2202; x_wconf 77' lang='lat' dir='ltr'><strong>legum</strong></span> <span class='ocrx_word' id='word_1_387' title='bbox 2541 2134 2742 2189; x_wconf 85' lang='lat' dir='ltr'><strong>latores</strong></span> <span class='ocrx_word' id='word_1_388' title='bbox 2773 2142 2828 2189; x_wconf 91' lang='lat' dir='ltr'><strong>et</strong></span> <span class='ocrx_word' id='word_1_389' title='bbox 2851 2135 3124 2204; x_wconf 85' lang='lat' dir='ltr'><strong>principes</strong></span> <span class='ocrx_word' id='word_1_390' title='bbox 3149 2147 3304 2190; x_wconf 81' lang='lat' dir='ltr'><strong>sacra</strong></span> <span class='ocrx_word' id='word_1_391' title='bbox 3328 2148 3427 2192; x_wconf 80' lang='lat' dir='ltr'><strong>sua</strong></span> 
     </span>
    </p>
   </div>
   <div class='ocr_carea' id='block_1_51' title="bbox 1823 2224 3428 2296">
    <p class='ocr_par' dir='ltr' id='par_1_51' title="bbox 1823 2224 3428 2296">
     <span class='ocr_line' id='line_1_51' title="bbox 1823 2224 3428 2296; baseline 0.002 -15"><span class='ocrx_word' id='word_1_392' title='bbox 1823 2227 2172 2296; x_wconf 70' lang='lat' dir='ltr'><strong>prievaricata</strong></span> <span class='ocrx_word' id='word_1_393' title='bbox 2209 2226 2454 2296; x_wconf 87' lang='lat' dir='ltr'><strong>puniunt,</strong></span> <span class='ocrx_word' id='word_1_394' title='bbox 2481 2235 2535 2280; x_wconf 88' lang='lat' dir='ltr'><strong>et</strong></span> <span class='ocrx_word' id='word_1_395' title='bbox 2563 2226 2685 2281; x_wconf 86' lang='lat' dir='ltr'><strong>ideo</strong></span> <span class='ocrx_word' id='word_1_396' title='bbox 2706 2224 2902 2292; x_wconf 82' lang='lat' dir='ltr'><strong>forum,</strong></span> <span class='ocrx_word' id='word_1_397' title='bbox 2930 2225 3055 2281; x_wconf 89' lang='lat' dir='ltr'><strong>ideo</strong></span> <span class='ocrx_word' id='word_1_398' title='bbox 3080 2226 3272 2296; x_wconf 80' lang='lat' dir='ltr'><strong>judex,</strong></span> <span class='ocrx_word' id='word_1_399' title='bbox 3302 2227 3428 2284; x_wconf 88' lang='lat' dir='ltr'><strong>ideo</strong></span> 
     </span>
    </p>
   </div>
   <div class='ocr_carea' id='block_1_52' title="bbox 1816 2319 3426 2390">
    <p class='ocr_par' dir='ltr' id='par_1_52' title="bbox 1816 2319 3426 2390">
     <span class='ocr_line' id='line_1_52' title="bbox 1816 2319 3426 2390; baseline 0.001 -16"><span class='ocrx_word' id='word_1_400' title='bbox 1816 2320 1962 2390; x_wconf 86' lang='lat' dir='ltr'><strong>jura,</strong></span> <span class='ocrx_word' id='word_1_401' title='bbox 1995 2329 2052 2374; x_wconf 89' lang='lat' dir='ltr'><strong>ut</strong></span> <span class='ocrx_word' id='word_1_402' title='bbox 2072 2320 2205 2389; x_wconf 76' lang='lat' dir='ltr'><strong>iusti</strong></span> <span class='ocrx_word' id='word_1_403' title='bbox 2254 2319 2547 2374; x_wconf 83' lang='lat' dir='ltr'><strong>laudentur</strong></span> <span class='ocrx_word' id='word_1_404' title='bbox 2573 2328 2744 2384; x_wconf 88' lang='lat' dir='ltr'><strong>recte,</strong></span> <span class='ocrx_word' id='word_1_405' title='bbox 2789 2327 2842 2374; x_wconf 93' lang='lat' dir='ltr'><strong>et</strong></span> <span class='ocrx_word' id='word_1_406' title='bbox 2871 2319 3053 2388; x_wconf 87' lang='lat' dir='ltr'><strong>injusti</strong></span> <span class='ocrx_word' id='word_1_407' title='bbox 3103 2321 3302 2376; x_wconf 85' lang='lat' dir='ltr'><strong>merito</strong></span> <span class='ocrx_word' id='word_1_408' title='bbox 3327 2335 3426 2390; x_wconf 91' lang='lat' dir='ltr'><strong>pu-</strong></span> 
     </span>
    </p>
   </div>
   <div class='ocr_carea' id='block_1_53' title="bbox 1824 2413 3428 2483">
    <p class='ocr_par' dir='ltr' id='par_1_53' title="bbox 1824 2413 3428 2483">
     <span class='ocr_line' id='line_1_53' title="bbox 1824 2413 3428 2483; baseline 0 -13"><span class='ocrx_word' id='word_1_409' title='bbox 1824 2417 2062 2470; x_wconf 87' lang='lat' dir='ltr'><strong>niantur.</strong></span> <span class='ocrx_word' id='word_1_410' title='bbox 2097 2417 2161 2470; x_wconf 87' lang='lat' dir='ltr'><strong>Et</strong></span> <span class='ocrx_word' id='word_1_411' title='bbox 2190 2415 2294 2469; x_wconf 91' lang='lat' dir='ltr'><strong>hoc</strong></span> <span class='ocrx_word' id='word_1_412' title='bbox 2324 2415 2451 2468; x_wconf 90' lang='lat' dir='ltr'><strong>nolo</strong></span> <span class='ocrx_word' id='word_1_413' title='bbox 2483 2425 2540 2468; x_wconf 94' lang='lat' dir='ltr'><strong>ut</strong></span> <span class='ocrx_word' id='word_1_414' title='bbox 2567 2415 2801 2469; x_wconf 67' lang='lat' dir='ltr'><strong>OliOsllm</strong></span> <span class='ocrx_word' id='word_1_415' title='bbox 2835 2413 3146 2481; x_wconf 83' lang='lat' dir='ltr'><strong>existimes,</strong></span> <span class='ocrx_word' id='word_1_416' title='bbox 3200 2413 3342 2483; x_wconf 84' lang='lat' dir='ltr'><strong>quod</strong></span> <span class='ocrx_word' id='word_1_417' title='bbox 3375 2421 3428 2470; x_wconf 88' lang='lat' dir='ltr'><strong>te</strong></span> 
     </span>
    </p>
   </div>
   <div class='ocr_carea' id='block_1_54' title="bbox 1821 2506 3428 2580">
    <p class='ocr_par' dir='ltr' id='par_1_54' title="bbox 1821 2506 3428 2580">
     <span class='ocr_line' id='line_1_54' title="bbox 1821 2506 3428 2580; baseline 0.002 -20"><span class='ocrx_word' id='word_1_418' title='bbox 1821 2508 1995 2578; x_wconf 88' lang='lat' dir='ltr'><strong>ipsum</strong></span> <span class='ocrx_word' id='word_1_419' title='bbox 2027 2508 2264 2562; x_wconf 91' lang='lat' dir='ltr'><strong>nondum</strong></span> <span class='ocrx_word' id='word_1_420' title='bbox 2297 2509 2562 2564; x_wconf 87' lang='lat' dir='ltr'><strong>salvatum</strong></span> <span class='ocrx_word' id='word_1_421' title='bbox 2595 2507 2852 2562; x_wconf 86' lang='lat' dir='ltr'><strong>attendis.</strong></span> <span class='ocrx_word' id='word_1_422' title='bbox 2886 2506 3020 2562; x_wconf 86' lang='lat' dir='ltr'><strong>Nam</strong></span> <span class='ocrx_word' id='word_1_423' title='bbox 3054 2508 3098 2562; x_wconf 88' lang='lat' dir='ltr'><strong>si</strong></span> <span class='ocrx_word' id='word_1_424' title='bbox 3119 2523 3182 2562; x_wconf 85' lang='lat' dir='ltr'><strong>ex</strong></span> <span class='ocrx_word' id='word_1_425' title='bbox 3215 2508 3428 2580; x_wconf 77' lang='lat' dir='ltr'><strong>integro</strong></span> 
     </span>
    </p>
   </div>
   <div class='ocr_carea' id='block_1_55' title="bbox 1821 2599 3422 2671">
    <p class='ocr_par' dir='ltr' id='par_1_55' title="bbox 1821 2599 3422 2671">
     <span class='ocr_line' id='line_1_55' title="bbox 1821 2599 3422 2671; baseline 0.001 -17"><span class='ocrx_word' id='word_1_426' title='bbox 1821 2619 1848 2654; x_wconf 90' lang='lat' dir='ltr'><strong>a</strong></span> <span class='ocrx_word' id='word_1_427' title='bbox 1880 2610 1933 2657; x_wconf 90' lang='lat' dir='ltr'><strong>te</strong></span> <span class='ocrx_word' id='word_1_428' title='bbox 1962 2601 2161 2655; x_wconf 89' lang='lat' dir='ltr'><strong>inimici</strong></span> <span class='ocrx_word' id='word_1_429' title='bbox 2223 2601 2438 2669; x_wconf 74' lang='lat' dir='ltr'><strong>generis</strong></span> <span class='ocrx_word' id='word_1_430' title='bbox 2494 2599 2712 2654; x_wconf 85' lang='lat' dir='ltr'><strong>humani</strong></span> <span class='ocrx_word' id='word_1_431' title='bbox 2743 2600 3103 2656; x_wconf 73' lang='lat' dir='ltr'><strong>creremonias</strong></span> <span class='ocrx_word' id='word_1_432' title='bbox 3129 2599 3422 2671; x_wconf 83' lang='lat' dir='ltr'><strong>abjiceres,</strong></span> 
     </span>
    </p>
   </div>
   <div class='ocr_carea' id='block_1_56' title="bbox 1821 2692 3030 2765">
    <p class='ocr_par' dir='ltr' id='par_1_56' title="bbox 1821 2692 3030 2765">
     <span class='ocr_line' id='line_1_56' title="bbox 1821 2692 3030 2765; baseline -0.002 -15"><span class='ocrx_word' id='word_1_433' title='bbox 1821 2696 1874 2750; x_wconf 91' lang='lat' dir='ltr'><strong>in</strong></span> <span class='ocrx_word' id='word_1_434' title='bbox 1901 2695 2186 2765; x_wconf 88' lang='lat' dir='ltr'><strong>temetipso</strong></span> <span class='ocrx_word' id='word_1_435' title='bbox 2218 2693 2362 2764; x_wconf 88' lang='lat' dir='ltr'><strong>quod</strong></span> <span class='ocrx_word' id='word_1_436' title='bbox 2398 2708 2582 2748; x_wconf 78' lang='lat' dir='ltr'><strong>verum</strong></span> <span class='ocrx_word' id='word_1_437' title='bbox 2612 2701 2694 2748; x_wconf 89' lang='lat' dir='ltr'><strong>est</strong></span> <span class='ocrx_word' id='word_1_438' title='bbox 2721 2692 3030 2748; x_wconf 88' lang='lat' dir='ltr'><strong>didicisses.</strong></span> 
     </span>
    </p>
   </div>
   <div class='ocr_carea' id='block_1_57' title="bbox 1893 2781 3430 2844">
    <p class='ocr_par' dir='ltr' id='par_1_57' title="bbox 1893 2781 3430 2844">
     <span class='ocr_line' id='line_1_57' title="bbox 1893 2781 3430 2844; baseline 0.002 -3"><span class='ocrx_word' id='word_1_439' title='bbox 1893 2786 1981 2843; x_wconf 82' lang='lat'><strong>57.</strong></span> <span class='ocrx_word' id='word_1_440' title='bbox 2022 2785 2265 2841; x_wconf 80' lang='lat' dir='ltr'><strong>Audiens</strong></span> <span class='ocrx_word' id='word_1_441' title='bbox 2323 2785 2438 2840; x_wconf 65' lang='lat' dir='ltr'><strong>hcce</strong></span> <span class='ocrx_word' id='word_1_442' title='bbox 2493 2781 2844 2840; x_wconf 86' lang='lat' dir='ltr'><strong>Chromatius</strong></span> <span class='ocrx_word' id='word_1_443' title='bbox 2887 2784 3024 2840; x_wconf 76' lang='lat' dir='ltr'><strong>dixit</strong></span> <span class='ocrx_word' id='word_1_444' title='bbox 3069 2801 3083 2840; x_wconf 91' lang='lat'><strong>:</strong></span> <span class='ocrx_word' id='word_1_445' title='bbox 3133 2783 3430 2844; x_wconf 82' lang='lat' dir='ltr'><strong>Verusille</strong></span> 
     </span>
    </p>
   </div>
   <div class='ocr_carea' id='block_1_58' title="bbox 1823 2873 3424 2950">
    <p class='ocr_par' dir='ltr' id='par_1_58' title="bbox 1823 2873 3424 2950">
     <span class='ocr_line' id='line_1_58' title="bbox 1823 2873 3424 2950; baseline 0.001 -17"><span class='ocrx_word' id='word_1_446' title='bbox 1823 2879 1962 2935; x_wconf 82' lang='lat' dir='ltr'><strong>Dens</strong></span> <span class='ocrx_word' id='word_1_447' title='bbox 1992 2890 2111 2942; x_wconf 88' lang='lat' dir='ltr'><strong>est,</strong></span> <span class='ocrx_word' id='word_1_448' title='bbox 2143 2879 2234 2950; x_wconf 91' lang='lat' dir='ltr'><strong>qui</strong></span> <span class='ocrx_word' id='word_1_449' title='bbox 2267 2891 2365 2934; x_wconf 83' lang='lat' dir='ltr'><strong>vos</strong></span> <span class='ocrx_word' id='word_1_450' title='bbox 2399 2877 2535 2934; x_wconf 83' lang='lat' dir='ltr'><strong>tales</strong></span> <span class='ocrx_word' id='word_1_451' title='bbox 2587 2873 2850 2947; x_wconf 86' lang='lat' dir='ltr'><strong>probatur</strong></span> <span class='ocrx_word' id='word_1_452' title='bbox 2895 2875 3098 2934; x_wconf 85' lang='lat' dir='ltr'><strong>habere</strong></span> <span class='ocrx_word' id='word_1_453' title='bbox 3155 2879 3424 2935; x_wconf 88' lang='lat' dir='ltr'><strong>cultores.</strong></span> 
     </span>
    </p>
   </div>
   <div class='ocr_carea' id='block_1_59' title="bbox 1820 2965 3430 3036">
    <p class='ocr_par' dir='ltr' id='par_1_59' title="bbox 1820 2965 3430 3036">
     <span class='ocr_line' id='line_1_59' title="bbox 1820 2965 3430 3036; baseline -0.001 -7"><span class='ocrx_word' id='word_1_454' title='bbox 1820 2973 1951 3029; x_wconf 85' lang='lat' dir='ltr'><strong>Nam</strong></span> <span class='ocrx_word' id='word_1_455' title='bbox 1973 2971 2150 3027; x_wconf 80' lang='lat' dir='ltr'><strong>omnis</strong></span> <span class='ocrx_word' id='word_1_456' title='bbox 2177 2986 2359 3027; x_wconf 89' lang='lat' dir='ltr'><strong>sermo</strong></span> <span class='ocrx_word' id='word_1_457' title='bbox 2399 2977 2582 3026; x_wconf 83' lang='lat' dir='ltr'><strong>vester</strong></span> <span class='ocrx_word' id='word_1_458' title='bbox 2613 2974 2682 3024; x_wconf 85' lang='lat' dir='ltr'><strong>ita</strong></span> <span class='ocrx_word' id='word_1_459' title='bbox 2724 2969 3026 3025; x_wconf 76' lang='lat' dir='ltr'><strong>rationibus</strong></span> <span class='ocrx_word' id='word_1_460' title='bbox 3060 2965 3252 3036; x_wconf 78' lang='lat' dir='ltr'><strong>afﬂuit;</strong></span> <span class='ocrx_word' id='word_1_461' title='bbox 3286 2983 3341 3025; x_wconf 92' lang='grc' dir='ltr'><strong>ιιι</strong></span> <span class='ocrx_word' id='word_1_462' title='bbox 3372 2980 3430 3028; x_wconf 84' lang='lat' dir='ltr'><strong>et</strong></span> 
     </span>
    </p>
   </div>
   <div class='ocr_carea' id='block_1_60' title="bbox 1823 3055 3426 3138">
    <p class='ocr_par' dir='ltr' id='par_1_60' title="bbox 1823 3055 3426 3138">
     <span class='ocr_line' id='line_1_60' title="bbox 1823 3055 3426 3138; baseline 0.001 -17"><span class='ocrx_word' id='word_1_463' title='bbox 1823 3067 2083 3138; x_wconf 84' lang='lat' dir='ltr'><strong>pecudum</strong></span> <span class='ocrx_word' id='word_1_464' title='bbox 2116 3063 2180 3120; x_wconf 91' lang='lat' dir='ltr'><strong>ad</strong></span> <span class='ocrx_word' id='word_1_465' title='bbox 2215 3066 2484 3120; x_wconf 87' lang='lat' dir='ltr'><strong>rationem</strong></span> <span class='ocrx_word' id='word_1_466' title='bbox 2513 3078 2698 3118; x_wconf 83' lang='lat' dir='ltr'><strong>veram</strong></span> <span class='ocrx_word' id='word_1_467' title='bbox 2731 3072 2944 3118; x_wconf 88' lang='lat' dir='ltr'><strong>mentes</strong></span> <span class='ocrx_word' id='word_1_468' title='bbox 2992 3061 3234 3120; x_wconf 86' lang='lat' dir='ltr'><strong>inclinet.</strong></span> <span class='ocrx_word' id='word_1_469' title='bbox 3270 3055 3426 3122; x_wconf 79' lang='lat' dir='ltr'><strong>Unde</strong></span> 
     </span>
    </p>
   </div>
   <div class='ocr_carea' id='block_1_61' title="bbox 1819 3151 3427 3227">
    <p class='ocr_par' dir='ltr' id='par_1_61' title="bbox 1819 3151 3427 3227">
     <span class='ocr_line' id='line_1_61' title="bbox 1819 3151 3427 3227; baseline -0.002 -14"><span class='ocrx_word' id='word_1_470' title='bbox 1819 3160 1980 3214; x_wconf 89' lang='lat' dir='ltr'><strong>etiam</strong></span> <span class='ocrx_word' id='word_1_471' title='bbox 2014 3157 2117 3212; x_wconf 91' lang='lat' dir='ltr'><strong>hoc</strong></span> <span class='ocrx_word' id='word_1_472' title='bbox 2147 3153 2320 3227; x_wconf 83' lang='lat' dir='ltr'><strong>ipsum</strong></span> <span class='ocrx_word' id='word_1_473' title='bbox 2349 3152 2491 3224; x_wconf 90' lang='lat' dir='ltr'><strong>quod</strong></span> <span class='ocrx_word' id='word_1_474' title='bbox 2524 3154 2589 3208; x_wconf 88' lang='lat' dir='ltr'><strong>ad</strong></span> <span class='ocrx_word' id='word_1_475' title='bbox 2624 3161 2874 3207; x_wconf 88' lang='lat' dir='ltr'><strong>ornatum</strong></span> <span class='ocrx_word' id='word_1_476' title='bbox 2897 3151 3094 3207; x_wconf 90' lang='lat' dir='ltr'><strong>domus</strong></span> <span class='ocrx_word' id='word_1_477' title='bbox 3127 3154 3279 3207; x_wconf 86' lang='lat' dir='ltr'><strong>visus</strong></span> <span class='ocrx_word' id='word_1_478' title='bbox 3306 3165 3427 3210; x_wconf 83' lang='lat' dir='ltr'><strong>sum</strong></span> 
     </span>
    </p>
   </div>
   <div class='ocr_carea' id='block_1_62' title="bbox 117 3244 3428 3326">
    <p class='ocr_par' dir='ltr' id='par_1_62' title="bbox 117 3244 3428 3326">
     <span class='ocr_line' id='line_1_62' title="bbox 117 3244 3428 3326; baseline -0.002 -18"><span class='ocrx_word' id='word_1_479' title='bbox 117 3256 344 3309; x_wconf 83' lang='lat' dir='ltr'><strong>riemus‘.</strong></span> <span class='ocrx_word' id='word_1_480' title='bbox 379 3255 617 3326; x_wconf 65' lang='lat' dir='ltr'><strong>Prmeipe</strong></span> <span class='ocrx_word' id='word_1_481' title='bbox 647 3254 806 3309; x_wconf 88' lang='lat' dir='ltr'><strong>hodie</strong></span> <span class='ocrx_word' id='word_1_482' title='bbox 832 3255 897 3308; x_wconf 84' lang='lat' dir='ltr'><strong>ad</strong></span> <span class='ocrx_word' id='word_1_483' title='bbox 929 3263 982 3309; x_wconf 88' lang='lat' dir='ltr'><strong>te</strong></span> <span class='ocrx_word' id='word_1_484' title='bbox 1015 3252 1274 3308; x_wconf 84' lang='lat' dir='ltr'><strong>mathesis</strong></span> <span class='ocrx_word' id='word_1_485' title='bbox 1314 3253 1502 3309; x_wconf 65' lang='lat' dir='ltr'><strong>venire</strong></span> <span class='ocrx_word' id='word_1_486' title='bbox 1531 3253 1719 3309; x_wconf 80' lang='lat' dir='ltr'><strong>docto-</strong></span> <span class='ocrx_word' id='word_1_487' title='bbox 1747 3261 1791 3326; x_wconf 70' lang='grc' dir='ltr'><strong>ρ</strong></span> <span class='ocrx_word' id='word_1_488' title='bbox 1824 3251 2131 3320; x_wconf 76' lang='lat' dir='ltr'><strong>excepisse,</strong></span> <span class='ocrx_word' id='word_1_489' title='bbox 2168 3263 2234 3303; x_wconf 91' lang='lat' dir='ltr'><strong>ne</strong></span> <span class='ocrx_word' id='word_1_490' title='bbox 2265 3245 2522 3318; x_wconf 90' lang='lat' dir='ltr'><strong>impediat</strong></span> <span class='ocrx_word' id='word_1_491' title='bbox 2549 3245 2711 3300; x_wconf 88' lang='lat' dir='ltr'><strong>saluti</strong></span> <span class='ocrx_word' id='word_1_492' title='bbox 2745 3257 2879 3300; x_wconf 70' lang='lat' dir='ltr'><strong>mea:</strong></span> <span class='ocrx_word' id='word_1_493' title='bbox 2907 3246 3024 3313; x_wconf 86' lang='lat' dir='ltr'><strong>ejus</strong></span> <span class='ocrx_word' id='word_1_494' title='bbox 3054 3244 3428 3312; x_wconf 83' lang='lat' dir='ltr'><strong>incolumitas,</strong></span> 
     </span>
    </p>
   </div>
   <div class='ocr_carea' id='block_1_63' title="bbox 117 3345 1718 3416">
    <p class='ocr_par' dir='ltr' id='par_1_63' title="bbox 117 3345 1718 3416">
     <span class='ocr_line' id='line_1_63' title="bbox 117 3345 1718 3416; baseline 0.001 -16"><span class='ocrx_word' id='word_1_495' title='bbox 117 3362 251 3410; x_wconf 84' lang='lat' dir='ltr'><strong>rem,</strong></span> <span class='ocrx_word' id='word_1_496' title='bbox 276 3346 369 3402; x_wconf 89' lang='lat' dir='ltr'><strong>cui</strong></span> <span class='ocrx_word' id='word_1_497' title='bbox 400 3346 572 3412; x_wconf 85' lang='lat' dir='ltr'><strong>dicas,</strong></span> <span class='ocrx_word' id='word_1_498' title='bbox 604 3346 697 3401; x_wconf 90' lang='lat' dir='ltr'><strong>illo</strong></span> <span class='ocrx_word' id='word_1_499' title='bbox 730 3355 974 3416; x_wconf 88' lang='lat' dir='ltr'><strong>tempore</strong></span> <span class='ocrx_word' id='word_1_500' title='bbox 1007 3355 1058 3401; x_wconf 91' lang='lat' dir='ltr'><strong>te</strong></span> <span class='ocrx_word' id='word_1_501' title='bbox 1095 3347 1302 3416; x_wconf 86' lang='lat' dir='ltr'><strong>asperis</strong></span> <span class='ocrx_word' id='word_1_502' title='bbox 1329 3347 1544 3400; x_wconf 85' lang='lat' dir='ltr'><strong>casibus</strong></span> <span class='ocrx_word' id='word_1_503' title='bbox 1568 3345 1718 3401; x_wconf 83' lang='lat' dir='ltr'><strong>labo-</strong></span> 
     </span>
    </p>
   </div>
   <div class='ocr_carea' id='block_1_64' title="bbox 118 3437 1720 3508">
    <p class='ocr_par' dir='ltr' id='par_1_64' title="bbox 118 3437 1720 3508">
     <span class='ocr_line' id='line_1_64' title="bbox 118 3437 1720 3508; baseline 0 -14"><span class='ocrx_word' id='word_1_504' title='bbox 118 3454 286 3507; x_wconf 88' lang='lat' dir='ltr'><strong>rasse,</strong></span> <span class='ocrx_word' id='word_1_505' title='bbox 316 3450 374 3495; x_wconf 86' lang='lat' dir='ltr'><strong>et</strong></span> <span class='ocrx_word' id='word_1_506' title='bbox 428 3440 644 3508; x_wconf 90' lang='lat' dir='ltr'><strong>inquire</strong></span> <span class='ocrx_word' id='word_1_507' title='bbox 681 3455 778 3507; x_wconf 83' lang='lat' dir='ltr'><strong>per</strong></span> <span class='ocrx_word' id='word_1_508' title='bbox 831 3453 963 3508; x_wconf 80' lang='lat' dir='ltr'><strong>quas</strong></span> <span class='ocrx_word' id='word_1_509' title='bbox 1001 3439 1190 3494; x_wconf 84' lang='lat' dir='ltr'><strong>stellas</strong></span> <span class='ocrx_word' id='word_1_510' title='bbox 1214 3439 1314 3492; x_wconf 90' lang='lat' dir='ltr'><strong>hoc</strong></span> <span class='ocrx_word' id='word_1_511' title='bbox 1345 3437 1438 3493; x_wconf 89' lang='lat' dir='ltr'><strong>tibi</strong></span> <span class='ocrx_word' id='word_1_512' title='bbox 1471 3439 1720 3494; x_wconf 72' lang='lat' dir='ltr'><strong>evenerit</strong></span> 
     </span>
    </p>
   </div>
   <div class='ocr_carea' id='block_1_65' title="bbox 118 3532 1716 3605">
    <p class='ocr_par' dir='ltr' id='par_1_65' title="bbox 118 3532 1716 3605">
     <span class='ocr_line' id='line_1_65' title="bbox 118 3532 1716 3605; baseline 0.001 -17"><span class='ocrx_word' id='word_1_513' title='bbox 118 3535 275 3600; x_wconf 82' lang='lat' dir='ltr'><strong>mali;</strong></span> <span class='ocrx_word' id='word_1_514' title='bbox 310 3547 578 3605; x_wconf 83' lang='lat' dir='ltr'><strong>responsa</strong></span> <span class='ocrx_word' id='word_1_515' title='bbox 607 3534 725 3603; x_wconf 89' lang='lat' dir='ltr'><strong>ejus</strong></span> <span class='ocrx_word' id='word_1_516' title='bbox 747 3541 912 3588; x_wconf 89' lang='lat' dir='ltr'><strong>erunt</strong></span> <span class='ocrx_word' id='word_1_517' title='bbox 943 3534 1127 3603; x_wconf 90' lang='lat' dir='ltr'><strong>procul</strong></span> <span class='ocrx_word' id='word_1_518' title='bbox 1168 3532 1336 3588; x_wconf 91' lang='lat' dir='ltr'><strong>dubio</strong></span> <span class='ocrx_word' id='word_1_519' title='bbox 1369 3532 1514 3598; x_wconf 83' lang='lat' dir='ltr'><strong>talia,</strong></span> <span class='ocrx_word' id='word_1_520' title='bbox 1570 3532 1716 3604; x_wconf 87' lang='lat' dir='ltr'><strong>quod</strong></span> 
     </span>
    </p>
   </div>
   <div class='ocr_carea' id='block_1_66' title="bbox 120 3628 1719 3698">
    <p class='ocr_par' dir='ltr' id='par_1_66' title="bbox 120 3628 1719 3698">
     <span class='ocr_line' id='line_1_66' title="bbox 120 3628 1719 3698; baseline 0.002 -19"><span class='ocrx_word' id='word_1_521' title='bbox 120 3636 329 3695; x_wconf 83' lang='lat' dir='ltr'><strong>tempus</strong></span> <span class='ocrx_word' id='word_1_522' title='bbox 363 3628 516 3681; x_wconf 86' lang='lat' dir='ltr'><strong>tuum</strong></span> <span class='ocrx_word' id='word_1_523' title='bbox 547 3641 573 3679; x_wconf 90' lang='lat' dir='ltr'><strong>a</strong></span> <span class='ocrx_word' id='word_1_524' title='bbox 609 3628 879 3681; x_wconf 79' lang='lat' dir='ltr'><strong>malitiose</strong></span> <span class='ocrx_word' id='word_1_525' title='bbox 909 3628 1078 3683; x_wconf 81' lang='lat' dir='ltr'><strong>Marte</strong></span> <span class='ocrx_word' id='word_1_526' title='bbox 1133 3637 1448 3698; x_wconf 84' lang='lat' dir='ltr'><strong>susceptum</strong></span> <span class='ocrx_word' id='word_1_527' title='bbox 1484 3637 1590 3694; x_wconf 71' lang='grc' dir='ltr'>εει,</span> <span class='ocrx_word' id='word_1_528' title='bbox 1624 3636 1719 3682; x_wconf 82' lang='lat' dir='ltr'><strong>aut</strong></span> 
     </span>
    </p>
   </div>
   <div class='ocr_carea' id='block_1_67' title="bbox 118 3720 1713 3792">
    <p class='ocr_par' dir='ltr' id='par_1_67' title="bbox 118 3720 1713 3792">
     <span class='ocr_line' id='line_1_67' title="bbox 118 3720 1713 3792; baseline -0.001 -15"><span class='ocrx_word' id='word_1_529' title='bbox 118 3720 390 3777; x_wconf 87' lang='lat' dir='ltr'><strong>Saturnus</strong></span> <span class='ocrx_word' id='word_1_530' title='bbox 429 3732 453 3760; x_wconf 70' lang='grc' dir='ltr'><strong>ε</strong></span> <span class='ocrx_word' id='word_1_531' title='bbox 483 3724 882 3792; x_wconf 79' lang='lat' dir='ltr'><strong>apocatasticus</strong></span> <span class='ocrx_word' id='word_1_532' title='bbox 923 3721 1023 3777; x_wconf 80' lang='lat' dir='ltr'><strong>fuit</strong></span> <span class='ocrx_word' id='word_1_533' title='bbox 1051 3767 1063 3790; x_wconf 93' lang='lat'><strong>,</strong></span> <span class='ocrx_word' id='word_1_534' title='bbox 1109 3731 1199 3775; x_wconf 87' lang='lat' dir='ltr'><strong>aut</strong></span> <span class='ocrx_word' id='word_1_535' title='bbox 1249 3735 1425 3775; x_wconf 85' lang='lat' dir='ltr'><strong>annus</strong></span> <span class='ocrx_word' id='word_1_536' title='bbox 1472 3731 1597 3776; x_wconf 87' lang='lat' dir='ltr'><strong>tuus</strong></span> <span class='ocrx_word' id='word_1_537' title='bbox 1646 3735 1713 3776; x_wconf 86' lang='lat' dir='ltr'><strong>ex</strong></span> 
     </span>
    </p>
   </div>
   <div class='ocr_carea' id='block_1_68' title="bbox 117 3813 1712 3887">
    <p class='ocr_par' dir='ltr' id='par_1_68' title="bbox 117 3813 1712 3887">
     <span class='ocr_line' id='line_1_68' title="bbox 117 3813 1712 3887; baseline -0.003 -16"><span class='ocrx_word' id='word_1_538' title='bbox 117 3817 384 3871; x_wconf 88' lang='lat' dir='ltr'><strong>diametro</strong></span> <span class='ocrx_word' id='word_1_539' title='bbox 433 3825 715 3887; x_wconf 70' lang='lat' dir='ltr'><strong>susceptus</strong></span> <span class='ocrx_word' id='word_1_540' title='bbox 763 3824 866 3883; x_wconf 86' lang='lat' dir='ltr'><strong>est,</strong></span> <span class='ocrx_word' id='word_1_541' title='bbox 928 3825 1020 3869; x_wconf 89' lang='lat' dir='ltr'><strong>aut</strong></span> <span class='ocrx_word' id='word_1_542' title='bbox 1051 3813 1452 3870; x_wconf 72' lang='lat' dir='ltr'><strong>rclimacterica</strong></span> <span class='ocrx_word' id='word_1_543' title='bbox 1514 3814 1608 3868; x_wconf 89' lang='lat' dir='ltr'><strong>tibi</strong></span> <span class='ocrx_word' id='word_1_544' title='bbox 1662 3815 1712 3868; x_wconf 87' lang='lat' dir='ltr'><strong>in</strong></span> 
     </span>
    </p>
   </div>
   <div class='ocr_carea' id='block_1_69' title="bbox 117 3907 1719 3981">
    <p class='ocr_par' dir='ltr' id='par_1_69' title="bbox 117 3907 1719 3981">
     <span class='ocr_line' id='line_1_69' title="bbox 117 3907 1719 3981; baseline -0.002 -18"><span class='ocrx_word' id='word_1_545' title='bbox 117 3919 302 3964; x_wconf 86' lang='lat' dir='ltr'><strong>centro</strong></span> <span class='ocrx_word' id='word_1_546' title='bbox 335 3919 461 3963; x_wconf 91' lang='lat' dir='ltr'><strong>sunt</strong></span> <span class='ocrx_word' id='word_1_547' title='bbox 483 3919 627 3976; x_wconf 89' lang='lat' dir='ltr'><strong>nata,</strong></span> <span class='ocrx_word' id='word_1_548' title='bbox 661 3917 756 3964; x_wconf 90' lang='lat' dir='ltr'><strong>aut</strong></span> <span class='ocrx_word' id='word_1_549' title='bbox 779 3919 802 3954; x_wconf 67' lang='lat' dir='ltr'><strong>vi</strong></span> <span class='ocrx_word' id='word_1_550' title='bbox 835 3908 1094 3981; x_wconf 84' lang='lat' dir='ltr'><strong>syndetus</strong></span> <span class='ocrx_word' id='word_1_551' title='bbox 1135 3907 1236 3962; x_wconf 85' lang='lat' dir='ltr'><strong>i&#39;nit</strong></span> <span class='ocrx_word' id='word_1_552' title='bbox 1272 3922 1392 3962; x_wconf 91' lang='lat' dir='ltr'><strong>cum</strong></span> <span class='ocrx_word' id='word_1_553' title='bbox 1429 3907 1592 3976; x_wconf 82' lang='lat' dir='ltr'><strong>malo,</strong></span> <span class='ocrx_word' id='word_1_554' title='bbox 1624 3915 1719 3961; x_wconf 90' lang='lat' dir='ltr'><strong>aut</strong></span> 
     </span>
    </p>
   </div>
   <div class='ocr_carea' id='block_1_70' title="bbox 118 4001 1720 4072">
    <p class='ocr_par' dir='ltr' id='par_1_70' title="bbox 118 4001 1720 4072">
     <span class='ocr_line' id='line_1_70' title="bbox 118 4001 1720 4072; baseline 0 -18"><span class='ocrx_word' id='word_1_555' title='bbox 118 4003 428 4072; x_wconf 79' lang='lat' dir='ltr'><strong>invisibilis,</strong></span> <span class='ocrx_word' id='word_1_556' title='bbox 462 4016 554 4058; x_wconf 89' lang='lat' dir='ltr'><strong>aut</strong></span> <span class='ocrx_word' id='word_1_557' title='bbox 585 4005 635 4058; x_wconf 91' lang='lat' dir='ltr'><strong>in</strong></span> <span class='ocrx_word' id='word_1_558' title='bbox 668 4001 694 4040; x_wconf 67' lang='grc' dir='ltr'><strong>ιι</strong></span> <span class='ocrx_word' id='word_1_559' title='bbox 723 4003 1022 4069; x_wconf 89' lang='lat' dir='ltr'><strong>schemate,</strong></span> <span class='ocrx_word' id='word_1_560' title='bbox 1047 4015 1138 4056; x_wconf 84' lang='lat' dir='ltr'><strong>aut</strong></span> <span class='ocrx_word' id='word_1_561' title='bbox 1168 4001 1460 4056; x_wconf 84' lang='lat' dir='ltr'><strong>immobilis</strong></span> <span class='ocrx_word' id='word_1_562' title='bbox 1488 4002 1632 4055; x_wconf 86' lang='lat' dir='ltr'><strong>circa</strong></span> <span class='ocrx_word' id='word_1_563' title='bbox 1665 4009 1720 4054; x_wconf 92' lang='lat' dir='ltr'><strong>te</strong></span> 
     </span>
    </p>
   </div>
   <div class='ocr_carea' id='block_1_71' title="bbox 116 4095 1716 4153">
    <p class='ocr_par' dir='ltr' id='par_1_71' title="bbox 116 4095 1716 4153">
     <span class='ocr_line' id='line_1_71' title="bbox 116 4095 1716 4153; baseline -0.001 -2"><span class='ocrx_word' id='word_1_564' title='bbox 116 4097 323 4152; x_wconf 83' lang='lat' dir='ltr'><strong>exstitit</strong></span> <span class='ocrx_word' id='word_1_565' title='bbox 344 4111 540 4153; x_wconf 90' lang='lat' dir='ltr'><strong>cursus</strong></span> <span class='ocrx_word' id='word_1_566' title='bbox 568 4097 618 4153; x_wconf 93' lang='lat' dir='ltr'><strong>in</strong></span> <span class='ocrx_word' id='word_1_567' title='bbox 637 4097 829 4152; x_wconf 73' lang='lat' dir='ltr'><strong>stellis.</strong></span> <span class='ocrx_word' id='word_1_568' title='bbox 860 4097 985 4152; x_wconf 64' lang='lat' dir='ltr'><strong>Hinc</strong></span> <span class='ocrx_word' id='word_1_569' title='bbox 1008 4105 1062 4152; x_wconf 87' lang='lat' dir='ltr'><strong>et</strong></span> <span class='ocrx_word' id='word_1_570' title='bbox 1089 4097 1174 4150; x_wconf 89' lang='lat' dir='ltr'><strong>bis</strong></span> <span class='ocrx_word' id='word_1_571' title='bbox 1203 4096 1400 4152; x_wconf 78' lang='lat' dir='ltr'><strong>similia</strong></span> <span class='ocrx_word' id='word_1_572' title='bbox 1419 4110 1541 4150; x_wconf 90' lang='lat' dir='ltr'><strong>cum</strong></span> <span class='ocrx_word' id='word_1_573' title='bbox 1561 4095 1716 4150; x_wconf 87' lang='lat' dir='ltr'><strong>dixe-</strong></span> 
     </span>
    </p>
   </div>
   <div class='ocr_carea' id='block_1_72' title="bbox 118 4187 1718 4262">
    <p class='ocr_par' dir='ltr' id='par_1_72' title="bbox 118 4187 1718 4262">
     <span class='ocr_line' id='line_1_72' title="bbox 118 4187 1718 4262; baseline 0.001 -19"><span class='ocrx_word' id='word_1_574' title='bbox 118 4189 206 4256; x_wconf 90' lang='lat' dir='ltr'><strong>rit,</strong></span> <span class='ocrx_word' id='word_1_575' title='bbox 238 4190 463 4246; x_wconf 83' lang='lat' dir='ltr'><strong>rationis</strong></span> <span class='ocrx_word' id='word_1_576' title='bbox 505 4191 599 4245; x_wconf 90' lang='lat' dir='ltr'><strong>tibi</strong></span> <span class='ocrx_word' id='word_1_577' title='bbox 644 4191 936 4246; x_wconf 85' lang='lat' dir='ltr'><strong>verisimile</strong></span> <span class='ocrx_word' id='word_1_578' title='bbox 981 4191 1257 4262; x_wconf 79' lang='lat' dir='ltr'><strong>assignare</strong></span> <span class='ocrx_word' id='word_1_579' title='bbox 1298 4190 1486 4244; x_wconf 88' lang='lat' dir='ltr'><strong>nititur</strong></span> <span class='ocrx_word' id='word_1_580' title='bbox 1518 4187 1718 4260; x_wconf 86' lang='lat' dir='ltr'><strong>aliquid</strong></span> 
     </span>
    </p>
   </div>
   <div class='ocr_carea' id='block_1_73' title="bbox 191 4390 1388 4451">
    <p class='ocr_par' dir='ltr' id='par_1_73' title="bbox 191 4390 1388 4451">
     <span class='ocr_line' id='line_1_73' title="bbox 191 4390 1388 4451; baseline -0.004 0"><span class='ocrx_word' id='word_1_581' title='bbox 191 4403 213 4431; x_wconf 72' lang='grc'><strong>³</strong></span> <span class='ocrx_word' id='word_1_582' title='bbox 245 4395 333 4451; x_wconf 86' lang='lat' dir='ltr'><strong>Al.</strong></span> <span class='ocrx_word' id='word_1_583' title='bbox 361 4391 653 4448; x_wconf 70' lang='lat' dir='ltr'><strong>mechanico</strong></span> <span class='ocrx_word' id='word_1_584' title='bbox 684 4401 821 4446; x_wconf 79' lang='lat' dir='ltr'><strong>stare</strong></span> <span class='ocrx_word' id='word_1_585' title='bbox 846 4390 1045 4446; x_wconf 81' lang='lat' dir='ltr'><strong>videtur</strong></span> <span class='ocrx_word' id='word_1_586' title='bbox 1074 4401 1388 4447; x_wconf 78' lang='lat' dir='ltr'><strong>constructo.</strong></span> 
     </span>
    </p>
   </div>
   <div class='ocr_carea' id='block_1_74' title="bbox 190 4463 740 4532">
    <p class='ocr_par' dir='ltr' id='par_1_74' title="bbox 190 4463 740 4532">
     <span class='ocr_line' id='line_1_74' title="bbox 190 4463 740 4532; baseline -0.005 -12"><span class='ocrx_word' id='word_1_587' title='bbox 190 4465 216 4506; x_wconf 68' lang='grc'><strong>1⁵</strong></span> <span class='ocrx_word' id='word_1_588' title='bbox 241 4463 342 4520; x_wconf 83' lang='lat' dir='ltr'><strong>Ms.</strong></span> <span class='ocrx_word' id='word_1_589' title='bbox 370 4465 492 4532; x_wconf 78' lang='lat' dir='ltr'><strong>Bip.</strong></span> <span class='ocrx_word' id='word_1_590' title='bbox 529 4465 740 4519; x_wconf 84' lang='lat' dir='ltr'><strong>talenta.</strong></span> 
     </span>
    </p>
   </div>
   <div class='ocr_carea' id='block_1_75' title="bbox 195 4535 1717 4611">
    <p class='ocr_par' dir='ltr' id='par_1_75' title="bbox 195 4535 1717 4611">
     <span class='ocr_line' id='line_1_75' title="bbox 195 4535 1717 4611; baseline -0.001 -19"><span class='ocrx_word' id='word_1_591' title='bbox 195 4550 216 4578; x_wconf 76' lang='grc' dir='ltr'><strong>ο</strong></span> <span class='ocrx_word' id='word_1_592' title='bbox 246 4539 513 4611; x_wconf 53' lang='lat' dir='ltr'><strong>romph-</strong></span> <span class='ocrx_word' id='word_1_593' title='bbox 541 4535 754 4611; x_wconf 85' lang='lat' dir='ltr'><strong>proprie</strong></span> <span class='ocrx_word' id='word_1_594' title='bbox 773 4535 1000 4589; x_wconf 79' lang='lat' dir='ltr'><strong>diarium</strong></span> <span class='ocrx_word' id='word_1_595' title='bbox 1023 4545 1127 4599; x_wconf 80' lang='lat' dir='ltr'><strong>est,</strong></span> <span class='ocrx_word' id='word_1_596' title='bbox 1177 4537 1292 4590; x_wconf 68' lang='lat' dir='ltr'><strong>sive</strong></span> <span class='ocrx_word' id='word_1_597' title='bbox 1319 4551 1404 4591; x_wconf 87' lang='lat' dir='ltr'><strong>res</strong></span> <span class='ocrx_word' id='word_1_598' title='bbox 1443 4537 1717 4590; x_wconf 85' lang='lat' dir='ltr'><strong>actiones-</strong></span> 
     </span>
    </p>
   </div>
   <div class='ocr_carea' id='block_1_76' title="bbox 122 4609 826 4681">
    <p class='ocr_par' dir='ltr' id='par_1_76' title="bbox 122 4609 826 4681">
     <span class='ocr_line' id='line_1_76' title="bbox 122 4609 826 4681; baseline -0.004 -17"><span class='ocrx_word' id='word_1_599' title='bbox 122 4627 224 4681; x_wconf 73' lang='lat' dir='ltr'><strong>que</strong></span> <span class='ocrx_word' id='word_1_600' title='bbox 249 4609 346 4674; x_wconf 78' lang='lat' dir='ltr'><strong>per</strong></span> <span class='ocrx_word' id='word_1_601' title='bbox 373 4609 491 4681; x_wconf 75' lang='lat' dir='ltr'><strong>dies</strong></span> <span class='ocrx_word' id='word_1_602' title='bbox 517 4609 826 4681; x_wconf 13' lang='lat' dir='ltr'><strong>descrilritau.</strong></span> 
     </span>
    </p>
   </div>
   <div class='ocr_carea' id='block_1_77' title="bbox 193 4679 1500 4754">
    <p class='ocr_par' dir='ltr' id='par_1_77' title="bbox 193 4679 1500 4754">
     <span class='ocr_line' id='line_1_77' title="bbox 193 4679 1500 4754; baseline -0.004 -19"><span class='ocrx_word' id='word_1_603' title='bbox 193 4679 218 4720; x_wconf 75' lang='grc' dir='ltr'>ά</span> <span class='ocrx_word' id='word_1_604' title='bbox 247 4681 353 4754; x_wconf 71' lang='lat' dir='ltr'><strong>_Ms.</strong></span> <span class='ocrx_word' id='word_1_605' title='bbox 379 4679 810 4754; x_wconf 21' lang='lat' dir='ltr'><strong>Rohdeponderc</strong></span> <span class='ocrx_word' id='word_1_606' title='bbox 833 4689 1109 4754; x_wconf 55' lang='lat' dir='ltr'><strong>E’ilStfmuf</strong></span> <span class='ocrx_word' id='word_1_607' title='bbox 1131 4688 1177 4731; x_wconf 90' lang='lat' dir='ltr'><strong>et</strong></span> <span class='ocrx_word' id='word_1_608' title='bbox 1207 4679 1500 4754; x_wconf 68' lang='lat' dir='ltr'><strong>tendantur.</strong></span> 
     </span>
    </p>
   </div>
   <div class='ocr_carea' id='block_1_78' title="bbox 195 4747 1720 4822">
    <p class='ocr_par' dir='ltr' id='par_1_78' title="bbox 195 4747 1720 4822">
     <span class='ocr_line' id='line_1_78' title="bbox 195 4747 1720 4822; baseline -0.005 -16"><span class='ocrx_word' id='word_1_609' title='bbox 195 4763 218 4791; x_wconf 71' lang='grc' dir='ltr'><strong><em>ο</em></strong></span> <span class='ocrx_word' id='word_1_610' title='bbox 247 4751 326 4808; x_wconf 82' lang='lat' dir='ltr'><strong>Ita</strong></span> <span class='ocrx_word' id='word_1_611' title='bbox 358 4767 490 4806; x_wconf 88' lang='lat' dir='ltr'><strong>mss.</strong></span> <span class='ocrx_word' id='word_1_612' title='bbox 525 4747 790 4822; x_wconf 72' lang='lat' dir='ltr'><strong>pleriQue.</strong></span> <span class='ocrx_word' id='word_1_613' title='bbox 834 4747 1066 4817; x_wconf 81' lang='lat' dir='ltr'><strong>Tempus</strong></span> <span class='ocrx_word' id='word_1_614' title='bbox 1113 4767 1209 4819; x_wconf 87' lang='lat' dir='ltr'><strong>quo</strong></span> <span class='ocrx_word' id='word_1_615' title='bbox 1243 4747 1319 4802; x_wconf 82' lang='lat' dir='ltr'><strong>sol</strong></span> <span class='ocrx_word' id='word_1_616' title='bbox 1345 4750 1576 4821; x_wconf 83' lang='lat' dir='ltr'><strong>(aliusve</strong></span> <span class='ocrx_word' id='word_1_617' title='bbox 1607 4748 1720 4816; x_wconf 87' lang='lat' dir='ltr'><strong>pla-</strong></span> 
     </span>
    </p>
   </div>
   <div class='ocr_carea' id='block_1_79' title="bbox 126 4822 1722 4896">
    <p class='ocr_par' dir='ltr' id='par_1_79' title="bbox 126 4822 1722 4896">
     <span class='ocr_line' id='line_1_79' title="bbox 126 4822 1722 4896; baseline -0.005 -16"><span class='ocrx_word' id='word_1_618' title='bbox 126 4828 274 4896; x_wconf 77' lang='lat' dir='ltr'><strong>netu)</strong></span> <span class='ocrx_word' id='word_1_619' title='bbox 298 4826 353 4878; x_wconf 79' lang='lat' dir='ltr'><strong>in</strong></span> <span class='ocrx_word' id='word_1_620' title='bbox 380 4831 613 4878; x_wconf 77' lang='lat' dir='ltr'><strong>eamdem</strong></span> <span class='ocrx_word' id='word_1_621' title='bbox 644 4833 840 4893; x_wconf 82' lang='lat' dir='ltr'><strong>partem</strong></span> <span class='ocrx_word' id='word_1_622' title='bbox 870 4822 1108 4896; x_wconf 72' lang='lat' dir='ltr'><strong>signiferi</strong></span> <span class='ocrx_word' id='word_1_623' title='bbox 1137 4837 1225 4889; x_wconf 76' lang='lat' dir='ltr'><strong>per</strong></span> <span class='ocrx_word' id='word_1_624' title='bbox 1244 4827 1452 4874; x_wconf 81' lang='lat' dir='ltr'><strong>eosdem</strong></span> <span class='ocrx_word' id='word_1_625' title='bbox 1478 4832 1722 4896; x_wconf 76' lang='lat' dir='ltr'><strong>numeros</strong></span> 
     </span>
    </p>
   </div>
   <div class='ocr_carea' id='block_1_80' title="bbox 1824 3339 3431 3415">
    <p class='ocr_par' dir='ltr' id='par_1_80' title="bbox 1824 3339 3431 3415">
     <span class='ocr_line' id='line_1_80' title="bbox 1824 3339 3431 3415; baseline -0.002 -16"><span class='ocrx_word' id='word_1_626' title='bbox 1824 3341 2140 3415; x_wconf 83' lang='lat' dir='ltr'><strong>dissipetur.</strong></span> <span class='ocrx_word' id='word_1_627' title='bbox 2175 3339 2354 3397; x_wconf 90' lang='lat' dir='ltr'><strong>Credo</strong></span> <span class='ocrx_word' id='word_1_628' title='bbox 2395 3339 2537 3396; x_wconf 87' lang='lat' dir='ltr'><strong>enim</strong></span> <span class='ocrx_word' id='word_1_629' title='bbox 2558 3383 2573 3408; x_wconf 93' lang='lat'><strong>,</strong></span> <span class='ocrx_word' id='word_1_630' title='bbox 2605 3349 2659 3394; x_wconf 91' lang='lat' dir='ltr'><strong>et</strong></span> <span class='ocrx_word' id='word_1_631' title='bbox 2686 3339 2803 3396; x_wconf 82' lang='lat' dir='ltr'><strong>h:ec</strong></span> <span class='ocrx_word' id='word_1_632' title='bbox 2834 3339 2970 3394; x_wconf 85' lang='lat' dir='ltr'><strong>iides</strong></span> <span class='ocrx_word' id='word_1_633' title='bbox 2999 3353 3120 3395; x_wconf 89' lang='lat' dir='ltr'><strong>mea</strong></span> <span class='ocrx_word' id='word_1_634' title='bbox 3152 3347 3254 3409; x_wconf 89' lang='lat' dir='ltr'><strong>est,</strong></span> <span class='ocrx_word' id='word_1_635' title='bbox 3286 3340 3431 3409; x_wconf 86' lang='lat' dir='ltr'><strong>quod</strong></span> 
     </span>
    </p>
   </div>
   <div class='ocr_carea' id='block_1_81' title="bbox 1826 3429 3430 3501">
    <p class='ocr_par' dir='ltr' id='par_1_81' title="bbox 1826 3429 3430 3501">
     <span class='ocr_line' id='line_1_81' title="bbox 1826 3429 3430 3501; baseline -0.002 -10"><span class='ocrx_word' id='word_1_636' title='bbox 1826 3437 1910 3491; x_wconf 89' lang='lat' dir='ltr'><strong>bis</strong></span> <span class='ocrx_word' id='word_1_637' title='bbox 1943 3433 2201 3492; x_wconf 85' lang='lat' dir='ltr'><strong>omnibus</strong></span> <span class='ocrx_word' id='word_1_638' title='bbox 2232 3447 2352 3501; x_wconf 70' lang='lat' dir='ltr'><strong>quae</strong></span> <span class='ocrx_word' id='word_1_639' title='bbox 2396 3429 2929 3487; x_wconf 86' lang='lat' dir='ltr'><strong>Cbristiauitatislex</strong></span> <span class='ocrx_word' id='word_1_640' title='bbox 2979 3429 3326 3486; x_wconf 84' lang='lat' dir='ltr'><strong>abominatur</strong></span> <span class='ocrx_word' id='word_1_641' title='bbox 3370 3440 3430 3487; x_wconf 91' lang='lat' dir='ltr'><strong>et</strong></span> 
     </span>
    </p>
   </div>
   <div class='ocr_carea' id='block_1_82' title="bbox 1819 3525 3428 3600">
    <p class='ocr_par' dir='ltr' id='par_1_82' title="bbox 1819 3525 3428 3600">
     <span class='ocr_line' id='line_1_82' title="bbox 1819 3525 3428 3600; baseline -0.004 -16"><span class='ocrx_word' id='word_1_642' title='bbox 1819 3527 2090 3600; x_wconf 85' lang='lat' dir='ltr'><strong>prohibet,</strong></span> <span class='ocrx_word' id='word_1_643' title='bbox 2124 3527 2166 3580; x_wconf 87' lang='lat' dir='ltr'><strong>si</strong></span> <span class='ocrx_word' id='word_1_644' title='bbox 2196 3541 2223 3578; x_wconf 90' lang='lat' dir='ltr'><strong>a</strong></span> <span class='ocrx_word' id='word_1_645' title='bbox 2252 3535 2339 3579; x_wconf 89' lang='lat' dir='ltr'><strong>me</strong></span> <span class='ocrx_word' id='word_1_646' title='bbox 2366 3537 2430 3580; x_wconf 86' lang='lat' dir='ltr'><strong>ex</strong></span> <span class='ocrx_word' id='word_1_647' title='bbox 2462 3525 2677 3593; x_wconf 75' lang='lat' dir='ltr'><strong>integro</strong></span> <span class='ocrx_word' id='word_1_648' title='bbox 2709 3531 3060 3592; x_wconf 85' lang='lat' dir='ltr'><strong>separavero,</strong></span> <span class='ocrx_word' id='word_1_649' title='bbox 3093 3529 3146 3576; x_wconf 86' lang='lat' dir='ltr'><strong>et</strong></span> <span class='ocrx_word' id='word_1_650' title='bbox 3185 3531 3428 3593; x_wconf 76' lang='lat' dir='ltr'><strong>pra-sett-</strong></span> 
     </span>
    </p>
   </div>
   <div class='ocr_carea' id='block_1_83' title="bbox 1819 3613 3079 3685">
    <p class='ocr_par' dir='ltr' id='par_1_83' title="bbox 1819 3613 3079 3685">
     <span class='ocr_line' id='line_1_83' title="bbox 1819 3613 3079 3685; baseline -0.007 -8"><span class='ocrx_word' id='word_1_651' title='bbox 1819 3630 1927 3677; x_wconf 87' lang='lat' dir='ltr'><strong>tem</strong></span> <span class='ocrx_word' id='word_1_652' title='bbox 1954 3633 2165 3674; x_wconf 86' lang='lat' dir='ltr'><strong>merear</strong></span> <span class='ocrx_word' id='word_1_653' title='bbox 2191 3617 2418 3672; x_wconf 89' lang='lat' dir='ltr'><strong>salutem</strong></span> <span class='ocrx_word' id='word_1_654' title='bbox 2448 3613 2708 3685; x_wconf 68' lang='lat' dir='ltr'><strong>conSequi</strong></span> <span class='ocrx_word' id='word_1_655' title='bbox 2739 3622 2793 3669; x_wconf 91' lang='lat' dir='ltr'><strong>et</strong></span> <span class='ocrx_word' id='word_1_656' title='bbox 2821 3613 3079 3668; x_wconf 73' lang='lat' dir='ltr'><strong>futuram.</strong></span> 
     </span>
    </p>
   </div>
   <div class='ocr_carea' id='block_1_84' title="bbox 1891 3703 3426 3777">
    <p class='ocr_par' dir='ltr' id='par_1_84' title="bbox 1891 3703 3426 3777">
     <span class='ocr_line' id='line_1_84' title="bbox 1891 3703 3426 3777; baseline -0.007 -7"><span class='ocrx_word' id='word_1_657' title='bbox 1891 3711 1979 3770; x_wconf 70' lang='lat'><strong>58.</strong></span> <span class='ocrx_word' id='word_1_658' title='bbox 2011 3709 2254 3768; x_wconf 78' lang='lat' dir='ltr'><strong>Audiens</strong></span> <span class='ocrx_word' id='word_1_659' title='bbox 2282 3711 2397 3764; x_wconf 76' lang='lat' dir='ltr'><strong>iure</strong></span> <span class='ocrx_word' id='word_1_660' title='bbox 2429 3707 2571 3762; x_wconf 83' lang='lat' dir='ltr'><strong>tilius&#39;</strong></span> <span class='ocrx_word' id='word_1_661' title='bbox 2601 3705 2717 3777; x_wconf 83' lang='lat' dir='ltr'><strong>ejus</strong></span> <span class='ocrx_word' id='word_1_662' title='bbox 2752 3705 3031 3761; x_wconf 83' lang='lat' dir='ltr'><strong>Tiburtius</strong></span> <span class='ocrx_word' id='word_1_663' title='bbox 3059 3704 3198 3760; x_wconf 82' lang='lat' dir='ltr'><strong>dixit</strong></span> <span class='ocrx_word' id='word_1_664' title='bbox 3224 3718 3238 3760; x_wconf 83' lang='lat'><strong>:</strong></span> <span class='ocrx_word' id='word_1_665' title='bbox 3268 3703 3426 3760; x_wconf 74' lang='lat' dir='ltr'><strong>Nulla</strong></span> 
     </span>
    </p>
   </div>
   <div class='ocr_carea' id='block_1_85' title="bbox 1823 3797 3429 3877">
    <p class='ocr_par' dir='ltr' id='par_1_85' title="bbox 1823 3797 3429 3877">
     <span class='ocr_line' id='line_1_85' title="bbox 1823 3797 3429 3877; baseline -0.003 -19"><span class='ocrx_word' id='word_1_666' title='bbox 1823 3808 1996 3877; x_wconf 84' lang='lat' dir='ltr'><strong>patiar</strong></span> <span class='ocrx_word' id='word_1_667' title='bbox 2027 3805 2240 3859; x_wconf 86' lang='lat' dir='ltr'><strong>ratione</strong></span> <span class='ocrx_word' id='word_1_668' title='bbox 2283 3804 2383 3857; x_wconf 88' lang='lat' dir='ltr'><strong>hoc</strong></span> <span class='ocrx_word' id='word_1_669' title='bbox 2413 3815 2553 3872; x_wconf 89' lang='lat' dir='ltr'><strong>opus</strong></span> <span class='ocrx_word' id='word_1_670' title='bbox 2594 3800 2894 3870; x_wconf 86' lang='lat' dir='ltr'><strong>pretiosum</strong></span> <span class='ocrx_word' id='word_1_671' title='bbox 2925 3803 2980 3852; x_wconf 85' lang='lat' dir='ltr'><strong>et</strong></span> <span class='ocrx_word' id='word_1_672' title='bbox 3009 3797 3344 3866; x_wconf 61' lang='lat' dir='ltr'><strong>praecipuum</strong></span> <span class='ocrx_word' id='word_1_673' title='bbox 3367 3803 3429 3855; x_wconf 74' lang='lat' dir='ltr'><strong>et</strong></span> 
     </span>
    </p>
   </div>
   <div class='ocr_carea' id='block_1_86' title="bbox 1820 3889 3425 3966">
    <p class='ocr_par' dir='ltr' id='par_1_86' title="bbox 1820 3889 3425 3966">
     <span class='ocr_line' id='line_1_86' title="bbox 1820 3889 3425 3966; baseline -0.005 -12"><span class='ocrx_word' id='word_1_674' title='bbox 1820 3895 2245 3966; x_wconf 64' lang='lat' dir='ltr'><strong>incomparabile</strong></span> <span class='ocrx_word' id='word_1_675' title='bbox 2288 3893 2470 3965; x_wconf 76' lang='lat' dir='ltr'><strong>dejici.</strong></span> <span class='ocrx_word' id='word_1_676' title='bbox 2518 3893 2624 3948; x_wconf 86' lang='lat' dir='ltr'><strong>Sed</strong></span> <span class='ocrx_word' id='word_1_677' title='bbox 2659 3908 2725 3948; x_wconf 87' lang='lat' dir='ltr'><strong>ne</strong></span> <span class='ocrx_word' id='word_1_678' title='bbox 2756 3899 2998 3961; x_wconf 51' lang='lat' dir='ltr'><strong>paterna</strong></span> <span class='ocrx_word' id='word_1_679' title='bbox 3028 3889 3192 3945; x_wconf 68' lang='lat' dir='ltr'><strong>saluti</strong></span> <span class='ocrx_word' id='word_1_680' title='bbox 3234 3889 3425 3946; x_wconf 63' lang='lat' dir='ltr'><strong>videar</strong></span> 
     </span>
    </p>
   </div>
   <div class='ocr_carea' id='block_1_87' title="bbox 1821 3984 3424 4051">
    <p class='ocr_par' dir='ltr' id='par_1_87' title="bbox 1821 3984 3424 4051">
     <span class='ocr_line' id='line_1_87' title="bbox 1821 3984 3424 4051; baseline -0.006 -4"><span class='ocrx_word' id='word_1_681' title='bbox 1821 3994 2005 4051; x_wconf 85' lang='lat' dir='ltr'><strong>venire</strong></span> <span class='ocrx_word' id='word_1_682' title='bbox 2035 3990 2362 4050; x_wconf 85' lang='lat' dir='ltr'><strong>contrarius.</strong></span> <span class='ocrx_word' id='word_1_683' title='bbox 2395 3987 2710 4045; x_wconf 78' lang='lat' dir='ltr'><strong>deierantur</strong></span> <span class='ocrx_word' id='word_1_684' title='bbox 2741 3986 2848 4041; x_wconf 92' lang='lat' dir='ltr'><strong>duo</strong></span> <span class='ocrx_word' id='word_1_685' title='bbox 2891 3984 3089 4038; x_wconf 72' lang='lat' dir='ltr'><strong>clibani</strong></span> <span class='ocrx_word' id='word_1_686' title='bbox 3121 3993 3177 4039; x_wconf 91' lang='lat' dir='ltr'><strong>et</strong></span> <span class='ocrx_word' id='word_1_687' title='bbox 3207 3984 3424 4038; x_wconf 83' lang='lat' dir='ltr'><strong>accensi</strong></span> 
     </span>
    </p>
   </div>
   <div class='ocr_carea' id='block_1_88' title="bbox 1823 4075 3425 4154">
    <p class='ocr_par' dir='ltr' id='par_1_88' title="bbox 1823 4075 3425 4154">
     <span class='ocr_line' id='line_1_88' title="bbox 1823 4075 3425 4154; baseline -0.009 -11"><span class='ocrx_word' id='word_1_688' title='bbox 1823 4097 1946 4143; x_wconf 86' lang='lat' dir='ltr'><strong>ante</strong></span> <span class='ocrx_word' id='word_1_689' title='bbox 1972 4087 2193 4154; x_wconf 80' lang='lat' dir='ltr'><strong>ianuam</strong></span> <span class='ocrx_word' id='word_1_690' title='bbox 2220 4079 2452 4137; x_wconf 76' lang='lat' dir='ltr'><strong>cubiCuli</strong></span> <span class='ocrx_word' id='word_1_691' title='bbox 2497 4083 2898 4150; x_wconf 77' lang='lat' dir='ltr'><strong>praeparentur,</strong></span> <span class='ocrx_word' id='word_1_692' title='bbox 2941 4081 3002 4130; x_wconf 85' lang='lat' dir='ltr'><strong>ut</strong></span> <span class='ocrx_word' id='word_1_693' title='bbox 3047 4075 3173 4130; x_wconf 86' lang='lat' dir='ltr'><strong>dum</strong></span> <span class='ocrx_word' id='word_1_694' title='bbox 3203 4075 3425 4130; x_wconf 50' lang='lat' dir='ltr'><strong>desinis-</strong></span> 
     </span>
    </p>
   </div>
   <div class='ocr_carea' id='block_1_89' title="bbox 1824 4167 3424 4246">
    <p class='ocr_par' dir='ltr' id='par_1_89' title="bbox 1824 4167 3424 4246">
     <span class='ocr_line' id='line_1_89' title="bbox 1824 4167 3424 4246; baseline -0.011 -9"><span class='ocrx_word' id='word_1_695' title='bbox 1824 4191 1966 4238; x_wconf 87' lang='lat' dir='ltr'><strong>ctum</strong></span> <span class='ocrx_word' id='word_1_696' title='bbox 1997 4182 2064 4236; x_wconf 90' lang='lat' dir='ltr'><strong>ab</strong></span> <span class='ocrx_word' id='word_1_697' title='bbox 2096 4179 2177 4234; x_wconf 90' lang='lat' dir='ltr'><strong>eis</strong></span> <span class='ocrx_word' id='word_1_698' title='bbox 2196 4175 2378 4244; x_wconf 84' lang='lat' dir='ltr'><strong>fuerit,</strong></span> <span class='ocrx_word' id='word_1_699' title='bbox 2411 4181 2465 4230; x_wconf 88' lang='lat' dir='ltr'><strong>et</strong></span> <span class='ocrx_word' id='word_1_700' title='bbox 2496 4183 2650 4246; x_wconf 84' lang='lat' dir='ltr'><strong>pater</strong></span> <span class='ocrx_word' id='word_1_701' title='bbox 2697 4183 2850 4227; x_wconf 86' lang='lat' dir='ltr'><strong>meus</strong></span> <span class='ocrx_word' id='word_1_702' title='bbox 2899 4176 3004 4224; x_wconf 85' lang='lat' dir='ltr'><strong>non</strong></span> <span class='ocrx_word' id='word_1_703' title='bbox 3035 4167 3308 4238; x_wconf 82' lang='lat' dir='ltr'><strong>receperit</strong></span> <span class='ocrx_word' id='word_1_704' title='bbox 3336 4171 3424 4221; x_wconf 69' lang='grc' dir='ltr'><strong>εει</strong></span> 
     </span>
    </p>
   </div>
   <div class='ocr_carea' id='block_1_90' title="bbox 1829 4374 3431 4452">
    <p class='ocr_par' dir='ltr' id='par_1_90' title="bbox 1829 4374 3431 4452">
     <span class='ocr_line' id='line_1_90' title="bbox 1829 4374 3431 4452; baseline -0.006 -12"><span class='ocrx_word' id='word_1_705' title='bbox 1829 4397 2095 4452; x_wconf 84' lang='lat' dir='ltr'><strong>nascatur,</strong></span> <span class='ocrx_word' id='word_1_706' title='bbox 2120 4379 2335 4438; x_wconf 77' lang='lat' dir='ltr'><strong>scansili</strong></span> <span class='ocrx_word' id='word_1_707' title='bbox 2358 4395 2616 4434; x_wconf 83' lang='lat' dir='ltr'><strong>annorum</strong></span> <span class='ocrx_word' id='word_1_708' title='bbox 2645 4375 2755 4448; x_wconf 82' lang='lat' dir='ltr'><strong>lege</strong></span> <span class='ocrx_word' id='word_1_709' title='bbox 2776 4377 3010 4452; x_wconf 81' lang='lat' dir='ltr'><strong>occidua,</strong></span> <span class='ocrx_word' id='word_1_710' title='bbox 3037 4391 3192 4445; x_wconf 85' lang='lat' dir='ltr'><strong>quam</strong></span> <span class='ocrx_word' id='word_1_711' title='bbox 3217 4374 3431 4430; x_wconf 78' lang='lat' dir='ltr'><strong>climac-</strong></span> 
     </span>
    </p>
   </div>
   <div class='ocr_carea' id='block_1_91' title="bbox 1829 4450 3430 4527">
    <p class='ocr_par' dir='ltr' id='par_1_91' title="bbox 1829 4450 3430 4527">
     <span class='ocr_line' id='line_1_91' title="bbox 1829 4450 3430 4527; baseline -0.007 -14"><span class='ocrx_word' id='word_1_712' title='bbox 1829 4471 1966 4514; x_wconf 74' lang='lat' dir='ltr'><strong>teras</strong></span> <span class='ocrx_word' id='word_1_713' title='bbox 2016 4450 2306 4527; x_wconf 77' lang='lat' dir='ltr'><strong>appellant,</strong></span> <span class='ocrx_word' id='word_1_714' title='bbox 2356 4468 2459 4506; x_wconf 86' lang='lat' dir='ltr'><strong>non</strong></span> <span class='ocrx_word' id='word_1_715' title='bbox 2495 4452 2707 4527; x_wconf 67' lang='lat' dir='ltr'><strong>[ereita</strong></span> <span class='ocrx_word' id='word_1_716' title='bbox 2731 4450 2914 4527; x_wconf 71' lang='lat' dir='ltr'><strong>genitis</strong></span> <span class='ocrx_word' id='word_1_717' title='bbox 2945 4464 3026 4503; x_wconf 88' lang='lat' dir='ltr'><strong>Ltv</strong></span> <span class='ocrx_word' id='word_1_718' title='bbox 3056 4455 3430 4527; x_wconf 51' lang='lat' dir='ltr'><strong>nuntiarentse-</strong></span> 
     </span>
    </p>
   </div>
   <div class='ocr_carea' id='block_1_92' title="bbox 1829 4518 3426 4594">
    <p class='ocr_par' dir='ltr' id='par_1_92' title="bbox 1829 4518 3426 4594">
     <span class='ocr_line' id='line_1_92' title="bbox 1829 4518 3426 4594; baseline -0.009 -9"><span class='ocrx_word' id='word_1_719' title='bbox 1829 4518 2100 4585; x_wconf 47' lang='lat' dir='ltr'><strong>dentibus:</strong></span> <span class='ocrx_word' id='word_1_720' title='bbox 2123 4518 2359 4580; x_wconf 74' lang='lat' dir='ltr'><strong>Primum</strong></span> <span class='ocrx_word' id='word_1_721' title='bbox 2381 4518 2507 4594; x_wconf 84' lang='lat' dir='ltr'><strong>ergo</strong></span> <span class='ocrx_word' id='word_1_722' title='bbox 2522 4524 2653 4577; x_wconf 86' lang='lat' dir='ltr'><strong>artis</strong></span> <span class='ocrx_word' id='word_1_723' title='bbox 2673 4518 2852 4594; x_wconf 68' lang='lat' dir='ltr'><strong>ipsius</strong></span> <span class='ocrx_word' id='word_1_724' title='bbox 2868 4521 3212 4594; x_wconf 72' lang='lat' dir='ltr'><strong>inconstantia</strong></span> <span class='ocrx_word' id='word_1_725' title='bbox 3241 4518 3426 4572; x_wconf 72' lang='lat' dir='ltr'><strong>decia-</strong></span> 
     </span>
    </p>
   </div>
   <div class='ocr_carea' id='block_1_93' title="bbox 1829 4591 3426 4669">
    <p class='ocr_par' dir='ltr' id='par_1_93' title="bbox 1829 4591 3426 4669">
     <span class='ocr_line' id='line_1_93' title="bbox 1829 4591 3426 4669; baseline -0.006 -13"><span class='ocrx_word' id='word_1_726' title='bbox 1829 4613 1930 4666; x_wconf 87' lang='lat' dir='ltr'><strong>rat,</strong></span> <span class='ocrx_word' id='word_1_727' title='bbox 1980 4616 2133 4669; x_wconf 86' lang='lat' dir='ltr'><strong>quam</strong></span> <span class='ocrx_word' id='word_1_728' title='bbox 2160 4601 2354 4669; x_wconf 78' lang='lat' dir='ltr'><strong>incerta</strong></span> <span class='ocrx_word' id='word_1_729' title='bbox 2415 4591 2496 4669; x_wconf 73' lang='lat' dir='ltr'><strong>res</strong></span> <span class='ocrx_word' id='word_1_730' title='bbox 2545 4595 2633 4646; x_wconf 87' lang='lat' dir='ltr'><strong>sit.</strong></span> <span class='ocrx_word' id='word_1_731' title='bbox 2683 4591 2948 4669; x_wconf 79' lang='lat' dir='ltr'><strong>Accedunt</strong></span> <span class='ocrx_word' id='word_1_732' title='bbox 2992 4593 3339 4669; x_wconf 71' lang='lat' dir='ltr'><strong>experimento.</strong></span> <span class='ocrx_word' id='word_1_733' title='bbox 3378 4600 3426 4646; x_wconf 82' lang='lat' dir='ltr'><strong>et</strong></span> 
     </span>
    </p>
   </div>
   <div class='ocr_carea' id='block_1_94' title="bbox 1827 4661 3458 4742">
    <p class='ocr_par' dir='ltr' id='par_1_94' title="bbox 1827 4661 3458 4742">
     <span class='ocr_line' id='line_1_94' title="bbox 1827 4661 3458 4742; baseline -0.008 -15"><span class='ocrx_word' id='word_1_734' title='bbox 1827 4661 2060 4742; x_wconf 73' lang='lat' dir='ltr'><strong>exempla</strong></span> <span class='ocrx_word' id='word_1_735' title='bbox 2091 4666 2655 4742; x_wconf 49' lang='lat' dir='ltr'><strong>recentissimifensns,</strong></span> <span class='ocrx_word' id='word_1_736' title='bbox 2689 4681 2837 4742; x_wconf 76' lang='lat' dir='ltr'><strong>quem</strong></span> <span class='ocrx_word' id='word_1_737' title='bbox 2867 4665 3016 4742; x_wconf 59' lang='lat' dir='ltr'><strong>intra</strong></span> <span class='ocrx_word' id='word_1_738' title='bbox 3029 4661 3426 4735; x_wconf 67' lang='lat' dir='ltr'><strong>quadriennium</strong></span> <span class='ocrx_word' id='word_1_739' title='bbox 3456 4726 3458 4728; x_wconf 19' lang='grc' dir='ltr'><strong><em>τ</em></strong></span> 
     </span>
    </p>
   </div>
   <div class='ocr_carea' id='block_1_95' title="bbox 1827 4734 3427 4812">
    <p class='ocr_par' dir='ltr' id='par_1_95' title="bbox 1827 4734 3427 4812">
     <span class='ocr_line' id='line_1_95' title="bbox 1827 4734 3427 4812; baseline -0.008 -16"><span class='ocrx_word' id='word_1_740' title='bbox 1827 4734 2161 4812; x_wconf 70' lang='lat' dir='ltr'><strong>imperatores</strong></span> <span class='ocrx_word' id='word_1_741' title='bbox 2183 4753 2398 4812; x_wconf 53' lang='lat' dir='ltr'><strong>cresans</strong></span> <span class='ocrx_word' id='word_1_742' title='bbox 2432 4734 2756 4812; x_wconf 73' lang='lat' dir='ltr'><strong>Vespasiani.</strong></span> <span class='ocrx_word' id='word_1_743' title='bbox 2785 4745 2931 4812; x_wconf 79' lang='lat' dir='ltr'><strong>pater</strong></span> <span class='ocrx_word' id='word_1_744' title='bbox 2959 4737 3218 4812; x_wconf 57' lang='lat' dir='ltr'><strong>filiusque,</strong></span> <span class='ocrx_word' id='word_1_745' title='bbox 3252 4741 3427 4812; x_wconf 71' lang='lat' dir='ltr'><strong>censo-</strong></span> 
     </span>
    </p>
   </div>
   <div class='ocr_carea' id='block_1_96' title="bbox 1829 4803 3426 4886">
    <p class='ocr_par' dir='ltr' id='par_1_96' title="bbox 1829 4803 3426 4886">
     <span class='ocr_line' id='line_1_96' title="bbox 1829 4803 3426 4886; baseline -0.008 -19"><span class='ocrx_word' id='word_1_746' title='bbox 1829 4803 1911 4869; x_wconf 65' lang='lat' dir='ltr'><strong>res</strong></span> <span class='ocrx_word' id='word_1_747' title='bbox 1937 4823 2166 4886; x_wconf 72' lang='lat' dir='ltr'><strong>egerunt.</strong></span> <span class='ocrx_word' id='word_1_748' title='bbox 2199 4810 2266 4863; x_wconf 86' lang='lat' dir='ltr'><strong>Et</strong></span> <span class='ocrx_word' id='word_1_749' title='bbox 2290 4806 2612 4886; x_wconf 74' lang='lat' dir='ltr'><strong>quibusdam</strong></span> <span class='ocrx_word' id='word_1_750' title='bbox 2635 4807 2939 4886; x_wconf 74' lang='lat' dir='ltr'><strong>interiectis</strong></span> <span class='ocrx_word' id='word_1_751' title='bbox 2965 4803 3253 4886; x_wconf 54' lang='lat' dir='ltr'><strong>gettipiis,</strong></span> <span class='ocrx_word' id='word_1_752' title='bbox 3285 4803 3426 4886; x_wconf 73' lang='lat' dir='ltr'><strong>sub-</strong></span> 
     </span>
    </p>
   </div>
   <div class='ocr_carea' id='block_1_97' title="bbox 124 4874 3426 4965">
    <p class='ocr_par' dir='ltr' id='par_1_97' title="bbox 124 4874 3426 4965">
     <span class='ocr_line' id='line_1_97' title="bbox 124 4874 3426 4965; baseline -0.007 -15"><span class='ocrx_word' id='word_1_753' title='bbox 303 4874 858 4965; x_wconf 46' lang='lat' dir='ltr'><strong>scissim</strong></span> <span class='ocrx_word' id='word_1_754' title='bbox 875 4874 1726 4965; x_wconf 12' lang='lat' dir='ltr'><strong>ipiiincipin&#39;mcmpei°at,lit1ronatrit-</strong></span> <span class='ocrx_word' id='word_1_755' title='bbox 1753 4877 1801 4935; x_wconf 78' lang='grc' dir='ltr'><strong>Ι)</strong></span> <span class='ocrx_word' id='word_1_756' title='bbox 1829 4886 1906 4940; x_wconf 89' lang='lat' dir='ltr'><strong>dit</strong></span> <span class='ocrx_word' id='word_1_757' title='bbox 1947 4874 2119 4938; x_wconf 48' lang='lat' dir='ltr'><strong>:vAtia</strong></span> <span class='ocrx_word' id='word_1_758' title='bbox 2158 4874 2490 4965; x_wconf 60' lang='lat' dir='ltr'><strong>tuot&#39;ltilitotis</strong></span> <span class='ocrx_word' id='word_1_759' title='bbox 2529 4874 2876 4965; x_wconf 47' lang='lat' dir='ltr'><strong>ineptistnntia</strong></span> <span class='ocrx_word' id='word_1_760' title='bbox 2960 4877 3223 4965; x_wconf 31' lang='lat' dir='ltr'><strong>H‘ontcr-us‘</strong></span> <span class='ocrx_word' id='word_1_761' title='bbox 3239 4874 3426 4965; x_wconf 46' lang='lat' dir='ltr'><strong>eadem</strong></span> 
     </span>
    </p>
   </div>
   <div class='ocr_carea' id='block_1_98' title="bbox 127 4961 1717 5026">
    <p class='ocr_par' dir='ltr' id='par_1_98' title="bbox 127 4961 1717 5026">
     <span class='ocr_line' id='line_1_98' title="bbox 127 4961 1717 5026; baseline -0.008 0"><span class='ocrx_word' id='word_1_762' title='bbox 127 4961 316 5026; x_wconf 63' lang='grc' dir='ltr'>στασιιι</span> <span class='ocrx_word' id='word_1_763' title='bbox 349 4961 528 5021; x_wconf 78' lang='lat' dir='ltr'><strong>vocant</strong></span> <span class='ocrx_word' id='word_1_764' title='bbox 575 4967 795 5020; x_wconf 82' lang='lat' dir='ltr'><strong>studiosi</strong></span> <span class='ocrx_word' id='word_1_765' title='bbox 827 4982 995 5018; x_wconf 83' lang='lat' dir='ltr'><strong>rerum</strong></span> <span class='ocrx_word' id='word_1_766' title='bbox 1039 4961 1336 5018; x_wconf 72' lang='lat' dir='ltr'><strong>caelestium.</strong></span> <span class='ocrx_word' id='word_1_767' title='bbox 1391 4961 1717 5015; x_wconf 65' lang='lat' dir='ltr'><strong>Columella.</strong></span> 
     </span>
    </p>
   </div>
   <div class='ocr_carea' id='block_1_99' title="bbox 126 5033 1719 5108">
    <p class='ocr_par' dir='ltr' id='par_1_99' title="bbox 126 5033 1719 5108">
     <span class='ocr_line' id='line_1_99' title="bbox 126 5033 1719 5108; baseline -0.004 -14"><span class='ocrx_word' id='word_1_768' title='bbox 126 5040 312 5094; x_wconf 76' lang='lat' dir='ltr'><strong>Potest</strong></span> <span class='ocrx_word' id='word_1_769' title='bbox 343 5055 470 5108; x_wconf 80' lang='lat' dir='ltr'><strong>ergo</strong></span> <span class='ocrx_word' id='word_1_770' title='bbox 494 5047 548 5092; x_wconf 89' lang='lat' dir='ltr'><strong>et</strong></span> <span class='ocrx_word' id='word_1_771' title='bbox 575 5039 844 5092; x_wconf 86' lang='lat' dir='ltr'><strong>revolutio</strong></span> <span class='ocrx_word' id='word_1_772' title='bbox 871 5036 1091 5090; x_wconf 86' lang='lat' dir='ltr'><strong>Saturni</strong></span> <span class='ocrx_word' id='word_1_773' title='bbox 1123 5036 1350 5104; x_wconf 76' lang='lat' dir='ltr'><strong>planetzc</strong></span> <span class='ocrx_word' id='word_1_774' title='bbox 1382 5034 1444 5086; x_wconf 86' lang='lat' dir='ltr'><strong>ad</strong></span> <span class='ocrx_word' id='word_1_775' title='bbox 1489 5033 1719 5102; x_wconf 84' lang='lat' dir='ltr'><strong>primum</strong></span> 
     </span>
    </p>
   </div>
   <div class='ocr_carea' id='block_1_100' title="bbox 127 5109 1719 5179">
    <p class='ocr_par' dir='ltr' id='par_1_100' title="bbox 127 5109 1719 5179">
     <span class='ocr_line' id='line_1_100' title="bbox 127 5109 1719 5179; baseline -0.003 -16"><span class='ocrx_word' id='word_1_776' title='bbox 127 5113 287 5165; x_wconf 86' lang='lat' dir='ltr'><strong>situm</strong></span> <span class='ocrx_word' id='word_1_777' title='bbox 313 5109 561 5179; x_wconf 84' lang='lat' dir='ltr'><strong>intelligi,</strong></span> <span class='ocrx_word' id='word_1_778' title='bbox 586 5113 679 5163; x_wconf 80' lang='lat' dir='ltr'><strong>aut</strong></span> <span class='ocrx_word' id='word_1_779' title='bbox 706 5109 940 5162; x_wconf 88' lang='lat' dir='ltr'><strong>turbatio</strong></span> <span class='ocrx_word' id='word_1_780' title='bbox 972 5121 1151 5160; x_wconf 87' lang='lat' dir='ltr'><strong>rerum</strong></span> <span class='ocrx_word' id='word_1_781' title='bbox 1177 5115 1229 5159; x_wconf 91' lang='lat' dir='ltr'><strong>et</strong></span> <span class='ocrx_word' id='word_1_782' title='bbox 1256 5109 1577 5179; x_wconf 54' lang='lat' dir='ltr'><strong>sacrae-rain;</strong></span> <span class='ocrx_word' id='word_1_783' title='bbox 1604 5119 1719 5179; x_wconf 69' lang='lat' dir='ltr'><strong>nia-</strong></span> 
     </span>
    </p>
   </div>
   <div class='ocr_carea' id='block_1_101' title="bbox 127 5175 1724 5254">
    <p class='ocr_par' dir='ltr' id='par_1_101' title="bbox 127 5175 1724 5254">
     <span class='ocr_line' id='line_1_101' title="bbox 127 5175 1724 5254; baseline -0.003 -19"><span class='ocrx_word' id='word_1_784' title='bbox 127 5184 272 5254; x_wconf 76' lang='lat' dir='ltr'><strong>iigno</strong></span> <span class='ocrx_word' id='word_1_785' title='bbox 319 5182 440 5250; x_wconf 75' lang='lat' dir='ltr'><strong>ejus</strong></span> <span class='ocrx_word' id='word_1_786' title='bbox 491 5175 678 5254; x_wconf 61' lang='lat' dir='ltr'><strong>sidere</strong></span> <span class='ocrx_word' id='word_1_787' title='bbox 732 5181 1021 5254; x_wconf 82' lang='lat' dir='ltr'><strong>concitata.</strong></span> <span class='ocrx_word' id='word_1_788' title='bbox 1079 5183 1328 5254; x_wconf 22' lang='lat' dir='ltr'><strong>AtAtnss.</strong></span> <span class='ocrx_word' id='word_1_789' title='bbox 1381 5176 1502 5239; x_wconf 82' lang='lat' dir='ltr'><strong>Rip.</strong></span> <span class='ocrx_word' id='word_1_790' title='bbox 1559 5175 1724 5254; x_wconf 80' lang='lat' dir='ltr'><strong>habet</strong></span> 
     </span>
    </p>
   </div>
   <div class='ocr_carea' id='block_1_102' title="bbox 127 5248 1720 5320">
    <p class='ocr_par' dir='ltr' id='par_1_102' title="bbox 127 5248 1720 5320">
     <span class='ocr_line' id='line_1_102' title="bbox 127 5248 1720 5320; baseline -0.004 -11"><span class='ocrx_word' id='word_1_791' title='bbox 127 5248 468 5319; x_wconf 64' lang='lat' dir='ltr'><strong>apocasticus.</strong></span> <span class='ocrx_word' id='word_1_792' title='bbox 489 5251 752 5307; x_wconf 73' lang='lat' dir='ltr'><strong>Brectbus</strong></span> <span class='ocrx_word' id='word_1_793' title='bbox 784 5252 1125 5319; x_wconf 73' lang='lat' dir='ltr'><strong>apostolicus,</strong></span> <span class='ocrx_word' id='word_1_794' title='bbox 1155 5248 1209 5302; x_wconf 87' lang='lat' dir='ltr'><strong>id</strong></span> <span class='ocrx_word' id='word_1_795' title='bbox 1230 5257 1324 5313; x_wconf 79' lang='lat' dir='ltr'><strong>est,</strong></span> <span class='ocrx_word' id='word_1_796' title='bbox 1343 5248 1677 5320; x_wconf 82' lang='lat' dir='ltr'><strong>retrogradus</strong></span> <span class='ocrx_word' id='word_1_797' title='bbox 1701 5265 1720 5302; x_wconf 89' lang='lat'><em>:</em></span> 
     </span>
    </p>
   </div>
   <div class='ocr_carea' id='block_1_103' title="bbox 129 5322 1096 5394">
    <p class='ocr_par' dir='ltr' id='par_1_103' title="bbox 129 5322 1096 5394">
     <span class='ocr_line' id='line_1_103' title="bbox 129 5322 1096 5394; baseline -0.004 -16"><span class='ocrx_word' id='word_1_798' title='bbox 129 5337 219 5381; x_wconf 89' lang='lat' dir='ltr'><strong>aut</strong></span> <span class='ocrx_word' id='word_1_799' title='bbox 251 5325 444 5394; x_wconf 81' lang='lat' dir='ltr'><strong>potius,</strong></span> <span class='ocrx_word' id='word_1_800' title='bbox 476 5325 785 5389; x_wconf 84' lang='lat' dir='ltr'><strong>contrarius,</strong></span> <span class='ocrx_word' id='word_1_801' title='bbox 808 5322 1096 5394; x_wconf 78' lang='lat' dir='ltr'><strong>maleﬁcus.</strong></span> 
     </span>
    </p>
   </div>
   <div class='ocr_carea' id='block_1_104' title="bbox 205 5391 1722 5473">
    <p class='ocr_par' dir='ltr' id='par_1_104' title="bbox 205 5391 1722 5473">
     <span class='ocr_line' id='line_1_104' title="bbox 205 5391 1722 5473; baseline -0.004 -21"><span class='ocrx_word' id='word_1_802' title='bbox 205 5391 609 5473; x_wconf 57' lang='grc' dir='ltr'><strong>ίξὶλιμακτῆρες</strong></span> <span class='ocrx_word' id='word_1_803' title='bbox 665 5395 916 5473; x_wconf 69' lang='lat' dir='ltr'><strong>dicuntur</strong></span> <span class='ocrx_word' id='word_1_804' title='bbox 955 5393 1080 5473; x_wconf 81' lang='lat' dir='ltr'><strong>anni</strong></span> <span class='ocrx_word' id='word_1_805' title='bbox 1133 5391 1434 5473; x_wconf 66' lang='lat' dir='ltr'><strong>scansiles,</strong></span> <span class='ocrx_word' id='word_1_806' title='bbox 1465 5406 1493 5443; x_wconf 87' lang='lat' dir='ltr'><strong>a</strong></span> <span class='ocrx_word' id='word_1_807' title='bbox 1521 5391 1722 5472; x_wconf 72' lang='grc' dir='ltr'><strong>κλίμαξ,</strong></span> 
     </span>
    </p>
   </div>
   <div class='ocr_carea' id='block_1_105' title="bbox 129 5463 1725 5535">
    <p class='ocr_par' dir='ltr' id='par_1_105' title="bbox 129 5463 1725 5535">
     <span class='ocr_line' id='line_1_105' title="bbox 129 5463 1725 5535; baseline -0.003 -13"><span class='ocrx_word' id='word_1_808' title='bbox 129 5468 272 5535; x_wconf 88' lang='lat' dir='ltr'><strong>quod</strong></span> <span class='ocrx_word' id='word_1_809' title='bbox 307 5463 390 5522; x_wconf 74' lang='lat' dir='ltr'><strong>est</strong></span> <span class='ocrx_word' id='word_1_810' title='bbox 421 5463 634 5534; x_wconf 65' lang='lat' dir='ltr'><strong>gradus.</strong></span> <span class='ocrx_word' id='word_1_811' title='bbox 665 5463 996 5520; x_wconf 79' lang='lat' dir='ltr'><strong>Vauissimas</strong></span> <span class='ocrx_word' id='word_1_812' title='bbox 1024 5463 1578 5535; x_wconf 65' lang='lat' dir='ltr'><strong>ist:uscbsct&#39;\&#39;aliti_tit-s</strong></span> <span class='ocrx_word' id='word_1_813' title='bbox 1601 5466 1725 5535; x_wconf 72' lang='lat' dir='ltr'><strong>ipse</strong></span> 
     </span>
    </p>
   </div>
   <div class='ocr_carea' id='block_1_106' title="bbox 132 5525 1727 5607">
    <p class='ocr_par' dir='ltr' id='par_1_106' title="bbox 132 5525 1727 5607">
     <span class='ocr_line' id='line_1_106' title="bbox 132 5525 1727 5607; baseline -0.004 -13"><span class='ocrx_word' id='word_1_814' title='bbox 132 5525 338 5594; x_wconf 67' lang='lat' dir='ltr'><strong>i’linius</strong></span> <span class='ocrx_word' id='word_1_815' title='bbox 368 5525 507 5593; x_wconf 77' lang='lat' dir='ltr'><strong>ridet</strong></span> <span class='ocrx_word' id='word_1_816' title='bbox 545 5537 637 5592; x_wconf 90' lang='lat' dir='ltr'><strong>lib.</strong></span> <span class='ocrx_word' id='word_1_817' title='bbox 698 5552 793 5600; x_wconf 77' lang='lat' dir='ltr'><strong>vn,</strong></span> <span class='ocrx_word' id='word_1_818' title='bbox 842 5551 960 5607; x_wconf 86' lang='lat' dir='ltr'><strong>cap.</strong></span> <span class='ocrx_word' id='word_1_819' title='bbox 1021 5535 1134 5592; x_wconf 72' lang='lat' dir='ltr'><strong>i9:</strong></span> <span class='ocrx_word' id='word_1_820' title='bbox 1175 5535 1374 5607; x_wconf 77' lang='lat' dir='ltr'><strong>Rursus</strong></span> <span class='ocrx_word' id='word_1_821' title='bbox 1427 5525 1727 5607; x_wconf 68' lang='lat' dir='ltr'><strong>AEscuiapii</strong></span> 
     </span>
    </p>
   </div>
   <div class='ocr_carea' id='block_1_107' title="bbox 132 5605 1722 5678">
    <p class='ocr_par' dir='ltr' id='par_1_107' title="bbox 132 5605 1722 5678">
     <span class='ocr_line' id='line_1_107' title="bbox 132 5605 1722 5678; baseline -0.004 -14"><span class='ocrx_word' id='word_1_822' title='bbox 132 5619 291 5674; x_wconf 84' lang='lat' dir='ltr'><strong>secta,</strong></span> <span class='ocrx_word' id='word_1_823' title='bbox 320 5610 512 5678; x_wconf 74' lang='lat' dir='ltr'><strong>inquit,</strong></span> <span class='ocrx_word' id='word_1_824' title='bbox 534 5623 646 5677; x_wconf 72' lang='lat' dir='ltr'><strong>quae</strong></span> <span class='ocrx_word' id='word_1_825' title='bbox 666 5617 798 5663; x_wconf 83' lang='lat' dir='ltr'><strong>stato</strong></span> <span class='ocrx_word' id='word_1_826' title='bbox 820 5605 936 5662; x_wconf 67' lang='lat' dir='ltr'><strong>vita:</strong></span> <span class='ocrx_word' id='word_1_827' title='bbox 961 5609 1130 5677; x_wconf 79' lang='lat' dir='ltr'><strong>spatia</strong></span> <span class='ocrx_word' id='word_1_828' title='bbox 1152 5627 1182 5661; x_wconf 83' lang='grc' dir='ltr'>τι</span> <span class='ocrx_word' id='word_1_829' title='bbox 1210 5606 1370 5660; x_wconf 75' lang='lat' dir='ltr'><strong>stellis</strong></span> <span class='ocrx_word' id='word_1_830' title='bbox 1390 5606 1553 5678; x_wconf 78' lang='lat' dir='ltr'><strong>accipi</strong></span> <span class='ocrx_word' id='word_1_831' title='bbox 1577 5605 1722 5671; x_wconf 83' lang='lat' dir='ltr'><strong>dicit,</strong></span> 
     </span>
    </p>
   </div>
   <div class='ocr_carea' id='block_1_108' title="bbox 137 5677 1726 5749">
    <p class='ocr_par' dir='ltr' id='par_1_108' title="bbox 137 5677 1726 5749">
     <span class='ocr_line' id='line_1_108' title="bbox 137 5677 1726 5749; baseline -0.003 -15"><span class='ocrx_word' id='word_1_832' title='bbox 137 5681 227 5734; x_wconf 80' lang='lat' dir='ltr'><strong>sed</strong></span> <span class='ocrx_word' id='word_1_833' title='bbox 257 5677 502 5749; x_wconf 82' lang='lat' dir='ltr'><strong>quantum</strong></span> <span class='ocrx_word' id='word_1_834' title='bbox 527 5680 806 5747; x_wconf 83' lang='lat' dir='ltr'><strong>plurimum</strong></span> <span class='ocrx_word' id='word_1_835' title='bbox 824 5679 1035 5743; x_wconf 84' lang='lat' dir='ltr'><strong>tribuat,</strong></span> <span class='ocrx_word' id='word_1_836' title='bbox 1061 5681 1305 5734; x_wconf 73' lang='lat' dir='ltr'><strong>incertum</strong></span> <span class='ocrx_word' id='word_1_837' title='bbox 1329 5688 1425 5731; x_wconf 85' lang='lat' dir='ltr'><strong>est.</strong></span> <span class='ocrx_word' id='word_1_838' title='bbox 1465 5677 1604 5749; x_wconf 77' lang='lat' dir='ltr'><strong>Rara</strong></span> <span class='ocrx_word' id='word_1_839' title='bbox 1630 5693 1726 5730; x_wconf 85' lang='lat' dir='ltr'><strong>au—</strong></span> 
     </span>
    </p>
   </div>
   <div class='ocr_carea' id='block_1_109' title="bbox 136 5748 1716 5823">
    <p class='ocr_par' dir='ltr' id='par_1_109' title="bbox 136 5748 1716 5823">
     <span class='ocr_line' id='line_1_109' title="bbox 136 5748 1716 5823; baseline -0.003 -18"><span class='ocrx_word' id='word_1_840' title='bbox 136 5761 238 5805; x_wconf 73' lang='lat' dir='ltr'><strong>tem</strong></span> <span class='ocrx_word' id='word_1_841' title='bbox 259 5748 366 5806; x_wconf 83' lang='lat' dir='ltr'><strong>esse</strong></span> <span class='ocrx_word' id='word_1_842' title='bbox 384 5749 574 5823; x_wconf 79' lang='lat' dir='ltr'><strong>dicunt</strong></span> <span class='ocrx_word' id='word_1_843' title='bbox 602 5750 844 5823; x_wconf 5' lang='lat' dir='ltr'><strong>longiora,</strong></span> <span class='ocrx_word' id='word_1_844' title='bbox 866 5763 1119 5823; x_wconf 86' lang='lat' dir='ltr'><strong>tempora,</strong></span> <span class='ocrx_word' id='word_1_845' title='bbox 1149 5748 1565 5819; x_wconf 85' lang='lat' dir='ltr'><strong>quandoquidem</strong></span> <span class='ocrx_word' id='word_1_846' title='bbox 1608 5763 1716 5800; x_wconf 86' lang='lat' dir='ltr'><strong>mo-</strong></span> 
     </span>
    </p>
   </div>
   <div class='ocr_carea' id='block_1_110' title="bbox 140 5822 1718 5894">
    <p class='ocr_par' dir='ltr' id='par_1_110' title="bbox 140 5822 1718 5894">
     <span class='ocr_line' id='line_1_110' title="bbox 140 5822 1718 5894; baseline -0.004 -17"><span class='ocrx_word' id='word_1_847' title='bbox 140 5824 320 5877; x_wconf 79' lang='lat' dir='ltr'><strong>mentis</strong></span> <span class='ocrx_word' id='word_1_848' title='bbox 371 5822 617 5876; x_wconf 82' lang='lat' dir='ltr'><strong>horarum</strong></span> <span class='ocrx_word' id='word_1_849' title='bbox 659 5822 946 5894; x_wconf 82' lang='lat' dir='ltr'><strong>insignibus</strong></span> <span class='ocrx_word' id='word_1_850' title='bbox 970 5822 1111 5878; x_wconf 77' lang='lat' dir='ltr'><strong>Iunce</strong></span> <span class='ocrx_word' id='word_1_851' title='bbox 1133 5824 1394 5894; x_wconf 71' lang='lat' dir='ltr'><strong>dierunive</strong></span> <span class='ocrx_word' id='word_1_852' title='bbox 1421 5827 1613 5887; x_wconf 78' lang='lat' dir='ltr'><strong>septem</strong></span> <span class='ocrx_word' id='word_1_853' title='bbox 1638 5827 1718 5894; x_wconf 76' lang='lat' dir='ltr'><strong>at-</strong></span> 
     </span>
    </p>
   </div>
   <div class='ocr_carea' id='block_1_111' title="bbox 142 5890 1718 5964">
    <p class='ocr_par' dir='ltr' id='par_1_111' title="bbox 142 5890 1718 5964">
     <span class='ocr_line' id='line_1_111' title="bbox 142 5890 1718 5964; baseline -0.003 -16"><span class='ocrx_word' id='word_1_854' title='bbox 142 5911 238 5964; x_wconf 86' lang='lat' dir='ltr'><strong>que</strong></span> <span class='ocrx_word' id='word_1_855' title='bbox 265 5909 442 5948; x_wconf 84' lang='lat' dir='ltr'><strong>novem</strong></span> <span class='ocrx_word' id='word_1_856' title='bbox 471 5897 608 5964; x_wconf 73' lang='lat' dir='ltr'><strong>(qua:</strong></span> <span class='ocrx_word' id='word_1_857' title='bbox 635 5890 782 5949; x_wconf 71' lang='lat' dir='ltr'><strong>nocte</strong></span> <span class='ocrx_word' id='word_1_858' title='bbox 808 5910 868 5949; x_wconf 88' lang='lat' dir='ltr'><strong>ac</strong></span> <span class='ocrx_word' id='word_1_859' title='bbox 894 5894 976 5948; x_wconf 88' lang='lat' dir='ltr'><strong>die</strong></span> <span class='ocrx_word' id='word_1_860' title='bbox 999 5890 1347 5960; x_wconf 79' lang='lat' dir='ltr'><strong>observantur)</strong></span> <span class='ocrx_word' id='word_1_861' title='bbox 1377 5890 1555 5962; x_wconf 83' lang='lat' dir='ltr'><strong>ingens</strong></span> <span class='ocrx_word' id='word_1_862' title='bbox 1571 5890 1718 5943; x_wconf 74' lang='lat' dir='ltr'><strong>turba</strong></span> 
     </span>
    </p>
   </div>
   <div class='ocr_carea' id='block_1_112' title="bbox 1830 4941 3426 5020">
    <p class='ocr_par' dir='ltr' id='par_1_112' title="bbox 1830 4941 3426 5020">
     <span class='ocr_line' id='line_1_112' title="bbox 1830 4941 3426 5020; baseline -0.008 -9"><span class='ocrx_word' id='word_1_863' title='bbox 1830 4968 1974 5011; x_wconf 84' lang='lat' dir='ltr'><strong>nocte</strong></span> <span class='ocrx_word' id='word_1_864' title='bbox 2001 4965 2150 5008; x_wconf 83' lang='lat' dir='ltr'><strong>natos</strong></span> <span class='ocrx_word' id='word_1_865' title='bbox 2185 4951 2455 5005; x_wconf 42' lang='lat' dir='ltr'><strong>Hectizrent</strong></span> <span class='ocrx_word' id='word_1_866' title='bbox 2483 4961 2541 5020; x_wconf 72' lang='lat' dir='ltr'><strong>et</strong></span> <span class='ocrx_word' id='word_1_867' title='bbox 2585 4947 2967 5020; x_wconf 76' lang='lat' dir='ltr'><strong>Polydamanta</strong></span> <span class='ocrx_word' id='word_1_868' title='bbox 3004 4945 3312 5020; x_wconf 68' lang='lat' dir='ltr'><strong>tradit,_tam</strong></span> <span class='ocrx_word' id='word_1_869' title='bbox 3343 4941 3426 5020; x_wconf 60' lang='lat' dir='ltr'><strong>di:</strong></span> 
     </span>
    </p>
   </div>
   <div class='ocr_carea' id='block_1_113' title="bbox 1828 5014 3426 5086">
    <p class='ocr_par' dir='ltr' id='par_1_113' title="bbox 1828 5014 3426 5086">
     <span class='ocr_line' id='line_1_113' title="bbox 1828 5014 3426 5086; baseline -0.008 -4"><span class='ocrx_word' id='word_1_870' title='bbox 1828 5043 1984 5082; x_wconf 69' lang='lat' dir='ltr'><strong>uersis</strong></span> <span class='ocrx_word' id='word_1_871' title='bbox 2012 5027 2160 5079; x_wconf 59' lang='lat' dir='ltr'><strong>sortis</strong></span> <span class='ocrx_word' id='word_1_872' title='bbox 2184 5025 2333 5076; x_wconf 63' lang='lat' dir='ltr'><strong>vii-os.</strong></span> <span class='ocrx_word' id='word_1_873' title='bbox 2369 5021 2428 5076; x_wconf 88' lang='lat' dir='ltr'><strong>C.</strong></span> <span class='ocrx_word' id='word_1_874' title='bbox 2471 5017 2662 5086; x_wconf 78' lang='lat' dir='ltr'><strong>Mario,</strong></span> <span class='ocrx_word' id='word_1_875' title='bbox 2690 5014 2791 5075; x_wconf 63' lang='lat' dir='ltr'><strong>Cn.</strong></span> <span class='ocrx_word' id='word_1_876' title='bbox 2827 5017 3061 5074; x_wconf 81' lang='lat' dir='ltr'><strong>Carbone</strong></span> <span class='ocrx_word' id='word_1_877' title='bbox 3100 5032 3157 5071; x_wconf 89' lang='lat' dir='ltr'><strong>ill</strong></span> <span class='ocrx_word' id='word_1_878' title='bbox 3183 5014 3327 5070; x_wconf 81' lang='lat' dir='ltr'><strong>Cass.</strong></span> <span class='ocrx_word' id='word_1_879' title='bbox 3356 5017 3426 5069; x_wconf 72' lang='lat' dir='ltr'><strong>ad</strong></span> 
     </span>
    </p>
   </div>
   <div class='ocr_carea' id='block_1_114' title="bbox 1831 5086 3424 5166">
    <p class='ocr_par' dir='ltr' id='par_1_114' title="bbox 1831 5086 3424 5166">
     <span class='ocr_line' id='line_1_114' title="bbox 1831 5086 3424 5166; baseline -0.008 -13"><span class='ocrx_word' id='word_1_880' title='bbox 1831 5103 2067 5166; x_wconf 84' lang='lat' dir='ltr'><strong>quintum</strong></span> <span class='ocrx_word' id='word_1_881' title='bbox 2117 5094 2344 5150; x_wconf 74' lang='lat' dir='ltr'><strong>Kalend.</strong></span> <span class='ocrx_word' id='word_1_882' title='bbox 2399 5093 2610 5154; x_wconf 79' lang='lat' dir='ltr'><strong>Junius.</strong></span> <span class='ocrx_word' id='word_1_883' title='bbox 2659 5092 2734 5147; x_wconf 75' lang='grc' dir='ltr'><strong>Μ.</strong></span> <span class='ocrx_word' id='word_1_884' title='bbox 2785 5091 3028 5147; x_wconf 69' lang='lat' dir='ltr'><strong>Grecitius</strong></span> <span class='ocrx_word' id='word_1_885' title='bbox 3079 5088 3249 5158; x_wconf 66' lang='lat' dir='ltr'><strong>Rupis</strong></span> <span class='ocrx_word' id='word_1_886' title='bbox 3280 5086 3424 5166; x_wconf 68' lang='lat' dir='ltr'><strong>etC.</strong></span> 
     </span>
    </p>
   </div>
   <div class='ocr_carea' id='block_1_115' title="bbox 1831 5158 3426 5237">
    <p class='ocr_par' dir='ltr' id='par_1_115' title="bbox 1831 5158 3426 5237">
     <span class='ocr_line' id='line_1_115' title="bbox 1831 5158 3426 5237; baseline -0.009 -13"><span class='ocrx_word' id='word_1_887' title='bbox 1831 5158 2064 5225; x_wconf 76' lang='lat' dir='ltr'><strong>Licinius</strong></span> <span class='ocrx_word' id='word_1_888' title='bbox 2105 5167 2296 5223; x_wconf 82' lang='lat' dir='ltr'><strong>Calvus</strong></span> <span class='ocrx_word' id='word_1_889' title='bbox 2317 5167 2496 5221; x_wconf 76' lang='lat' dir='ltr'><strong>eodeni</strong></span> <span class='ocrx_word' id='word_1_890' title='bbox 2515 5166 2598 5218; x_wconf 79' lang='lat' dir='ltr'><strong>dic</strong></span> <span class='ocrx_word' id='word_1_891' title='bbox 2617 5165 2782 5237; x_wconf 65' lang='lat' dir='ltr'><strong>geniti</strong></span> <span class='ocrx_word' id='word_1_892' title='bbox 2798 5172 2950 5237; x_wconf 66' lang='lat' dir='ltr'><strong>sunt,</strong></span> <span class='ocrx_word' id='word_1_893' title='bbox 2965 5169 3195 5237; x_wconf 70' lang='lat' dir='ltr'><strong>oratores</strong></span> <span class='ocrx_word' id='word_1_894' title='bbox 3217 5158 3426 5237; x_wconf 73' lang='lat' dir='ltr'><strong>quidem</strong></span> 
     </span>
    </p>
   </div>
   <div class='ocr_carea' id='block_1_116' title="bbox 1830 5227 3427 5310">
    <p class='ocr_par' dir='ltr' id='par_1_116' title="bbox 1830 5227 3427 5310">
     <span class='ocr_line' id='line_1_116' title="bbox 1830 5227 3427 5310; baseline -0.008 -13"><span class='ocrx_word' id='word_1_895' title='bbox 1830 5244 2000 5305; x_wconf 88' lang='lat' dir='ltr'><strong>ambo,</strong></span> <span class='ocrx_word' id='word_1_896' title='bbox 2033 5242 2120 5295; x_wconf 81' lang='lat' dir='ltr'><strong>sed</strong></span> <span class='ocrx_word' id='word_1_897' title='bbox 2147 5253 2252 5292; x_wconf 87' lang='lat' dir='ltr'><strong>tam</strong></span> <span class='ocrx_word' id='word_1_898' title='bbox 2275 5239 2471 5310; x_wconf 79' lang='lat' dir='ltr'><strong>dispari</strong></span> <span class='ocrx_word' id='word_1_899' title='bbox 2495 5227 2697 5310; x_wconf 68' lang='lat' dir='ltr'><strong>creuiu.</strong></span> <span class='ocrx_word' id='word_1_900' title='bbox 2738 5227 2852 5310; x_wconf 66' lang='lat' dir='ltr'><strong>Hoc</strong></span> <span class='ocrx_word' id='word_1_901' title='bbox 2884 5231 3252 5310; x_wconf 66' lang='lat' dir='ltr'><strong>etiantiisdem</strong></span> <span class='ocrx_word' id='word_1_902' title='bbox 3281 5228 3427 5284; x_wconf 84' lang='lat' dir='ltr'><strong>horis</strong></span> 
     </span>
    </p>
   </div>
   <div class='ocr_carea' id='block_1_117' title="bbox 1830 5303 3431 5374">
    <p class='ocr_par' dir='ltr' id='par_1_117' title="bbox 1830 5303 3431 5374">
     <span class='ocr_line' id='line_1_117' title="bbox 1830 5303 3431 5374; baseline -0.007 -6"><span class='ocrx_word' id='word_1_903' title='bbox 1830 5303 2153 5370; x_wconf 84' lang='lat' dir='ltr'><strong>nascentibus</strong></span> <span class='ocrx_word' id='word_1_904' title='bbox 2187 5313 2241 5364; x_wconf 81' lang='lat' dir='ltr'><strong>in</strong></span> <span class='ocrx_word' id='word_1_905' title='bbox 2273 5303 2379 5365; x_wconf 82' lang='lat' dir='ltr'><strong>toto</strong></span> <span class='ocrx_word' id='word_1_906' title='bbox 2418 5308 2610 5361; x_wconf 83' lang='lat' dir='ltr'><strong>mundo</strong></span> <span class='ocrx_word' id='word_1_907' title='bbox 2639 5307 2866 5374; x_wconf 86' lang='lat' dir='ltr'><strong>quotidie</strong></span> <span class='ocrx_word' id='word_1_908' title='bbox 2901 5303 3084 5365; x_wconf 79' lang='lat' dir='ltr'><strong>evenit,</strong></span> <span class='ocrx_word' id='word_1_909' title='bbox 3133 5303 3431 5372; x_wconf 80' lang='lat' dir='ltr'><strong>pariterque</strong></span> 
     </span>
    </p>
   </div>
   <div class='ocr_carea' id='block_1_118' title="bbox 1833 5376 3041 5454">
    <p class='ocr_par' dir='ltr' id='par_1_118' title="bbox 1833 5376 3041 5454">
     <span class='ocr_line' id='line_1_118' title="bbox 1833 5376 3041 5454; baseline -0.012 -14"><span class='ocrx_word' id='word_1_910' title='bbox 1833 5388 2030 5454; x_wconf 78' lang='lat' dir='ltr'><strong>domini</strong></span> <span class='ocrx_word' id='word_1_911' title='bbox 2054 5401 2112 5437; x_wconf 84' lang='lat' dir='ltr'><strong>ac</strong></span> <span class='ocrx_word' id='word_1_912' title='bbox 2133 5384 2261 5437; x_wconf 84' lang='lat' dir='ltr'><strong>servi</strong></span> <span class='ocrx_word' id='word_1_913' title='bbox 2283 5383 2583 5454; x_wconf 79' lang='lat' dir='ltr'><strong>gignuntur,</strong></span> <span class='ocrx_word' id='word_1_914' title='bbox 2609 5393 2750 5454; x_wconf 65' lang='lat' dir='ltr'><strong>reges</strong></span> <span class='ocrx_word' id='word_1_915' title='bbox 2778 5385 2823 5428; x_wconf 88' lang='lat' dir='ltr'><strong>et</strong></span> <span class='ocrx_word' id='word_1_916' title='bbox 2846 5376 3041 5454; x_wconf 79' lang='lat' dir='ltr'><strong>inopes.</strong></span> 
     </span>
    </p>
   </div>
   <div class='ocr_carea' id='block_1_119' title="bbox 1905 5441 3428 5521">
    <p class='ocr_par' dir='ltr' id='par_1_119' title="bbox 1905 5441 3428 5521">
     <span class='ocr_line' id='line_1_119' title="bbox 1905 5441 3428 5521; baseline -0.01 -9"><span class='ocrx_word' id='word_1_917' title='bbox 1905 5465 1928 5505; x_wconf 72' lang='grc' dir='ltr'><strong>ε</strong></span> <span class='ocrx_word' id='word_1_918' title='bbox 1960 5447 2224 5512; x_wconf 81' lang='lat' dir='ltr'><strong>Breclitus</strong></span> <span class='ocrx_word' id='word_1_919' title='bbox 2247 5441 2306 5508; x_wconf 71' lang='lat' dir='ltr'><strong>ei</strong></span> <span class='ocrx_word' id='word_1_920' title='bbox 2332 5441 2546 5521; x_wconf 65' lang='lat' dir='ltr'><strong>quidam</strong></span> <span class='ocrx_word' id='word_1_921' title='bbox 2577 5441 2812 5511; x_wconf 72' lang='lat' dir='ltr'><strong>codices,</strong></span> <span class='ocrx_word' id='word_1_922' title='bbox 2841 5441 3071 5521; x_wconf 71' lang='lat' dir='ltr'><strong>reditus;</strong></span> <span class='ocrx_word' id='word_1_923' title='bbox 3105 5441 3177 5497; x_wconf 89' lang='lat' dir='ltr'><strong>al.</strong></span> <span class='ocrx_word' id='word_1_924' title='bbox 3212 5444 3428 5521; x_wconf 63' lang='lat' dir='ltr'><strong>synoda-</strong></span> 
     </span>
    </p>
   </div>
   <div class='ocr_carea' id='block_1_120' title="bbox 1831 5514 3426 5602">
    <p class='ocr_par' dir='ltr' id='par_1_120' title="bbox 1831 5514 3426 5602">
     <span class='ocr_line' id='line_1_120' title="bbox 1831 5514 3426 5602; baseline -0.009 -20"><span class='ocrx_word' id='word_1_925' title='bbox 1831 5529 1970 5602; x_wconf 59' lang='lat' dir='ltr'><strong>‘hos;</strong></span> <span class='ocrx_word' id='word_1_926' title='bbox 2003 5525 2177 5602; x_wconf 81' lang='lat' dir='ltr'><strong>ai.,_si</strong></span> <span class='ocrx_word' id='word_1_927' title='bbox 2205 5514 2424 5588; x_wconf 79' lang='lat' dir='ltr'><strong>inditus;</strong></span> <span class='ocrx_word' id='word_1_928' title='bbox 2457 5520 2548 5602; x_wconf 55' lang='lat' dir='ltr'><strong>alii</strong></span> <span class='ocrx_word' id='word_1_929' title='bbox 2589 5517 3039 5602; x_wconf 34' lang='lat' dir='ltr'><strong>t&#39;t‘ctezsy‘ndctos</strong></span> <span class='ocrx_word' id='word_1_930' title='bbox 3068 5523 3124 5602; x_wconf 71' lang='lat' dir='ltr'><strong>et</strong></span> <span class='ocrx_word' id='word_1_931' title='bbox 3153 5514 3426 5587; x_wconf 79' lang='lat' dir='ltr'><strong>syndclus,</strong></span> 
     </span>
    </p>
   </div>
   <div class='ocr_carea' id='block_1_121' title="bbox 1834 5581 3428 5674">
    <p class='ocr_par' dir='ltr' id='par_1_121' title="bbox 1834 5581 3428 5674">
     <span class='ocr_line' id='line_1_121' title="bbox 1834 5581 3428 5674; baseline -0.009 -19"><span class='ocrx_word' id='word_1_932' title='bbox 1834 5581 1994 5674; x_wconf 53' lang='lat' dir='ltr'><strong>idest</strong></span> <span class='ocrx_word' id='word_1_933' title='bbox 2022 5581 2326 5666; x_wconf 66' lang='lat' dir='ltr'><strong>toiligatus,</strong></span> <span class='ocrx_word' id='word_1_934' title='bbox 2373 5581 2709 5653; x_wconf 68' lang='lat' dir='ltr'><strong>convinctus;</strong></span> <span class='ocrx_word' id='word_1_935' title='bbox 2758 5581 2899 5643; x_wconf 69' lang='lat' dir='ltr'><strong>inite</strong></span> <span class='ocrx_word' id='word_1_936' title='bbox 2949 5581 3428 5659; x_wconf 42' lang='lat' dir='ltr'><strong>syndesniosmon;</strong></span> 
     </span>
    </p>
   </div>
   <div class='ocr_carea' id='block_1_122' title="bbox 1850 5683 3427 5810">
    <p class='ocr_par' dir='ltr' id='par_1_122' title="bbox 1850 5683 3427 5810">
     <span class='ocr_line' id='line_1_122' title="bbox 1850 5683 3427 5810; baseline -0.02 3"><span class='ocrx_word' id='word_1_937' title='bbox 1850 5683 2192 5810; x_wconf 44' lang='lat' dir='ltr'><strong>“aestimem</strong></span> <span class='ocrx_word' id='word_1_938' title='bbox 2228 5735 2443 5810; x_wconf 71' lang='lat' dir='ltr'><strong>codices</strong></span> <span class='ocrx_word' id='word_1_939' title='bbox 2489 5733 2750 5803; x_wconf 83' lang='lat' dir='ltr'><strong>stigmate.</strong></span> <span class='ocrx_word' id='word_1_940' title='bbox 2797 5729 3063 5787; x_wconf 88' lang='lat' dir='ltr'><strong>Brecbtus</strong></span> <span class='ocrx_word' id='word_1_941' title='bbox 3087 5728 3189 5785; x_wconf 88' lang='lat' dir='ltr'><strong>hoc</strong></span> <span class='ocrx_word' id='word_1_942' title='bbox 3219 5723 3427 5782; x_wconf 85' lang='lat' dir='ltr'><strong>omisit.</strong></span> 
     </span>
    </p>
   </div>
   <div class='ocr_carea' id='block_1_123' title="bbox 1899 5809 2460 5882">
    <p class='ocr_par' dir='ltr' id='par_1_123' title="bbox 1899 5809 2460 5882">
     <span class='ocr_line' id='line_1_123' title="bbox 1899 5809 2460 5882; baseline -0.023 -12"><span class='ocrx_word' id='word_1_943' title='bbox 1899 5813 1911 5850; x_wconf 75' lang='grc' dir='ltr'><strong>ί</strong></span> <span class='ocrx_word' id='word_1_944' title='bbox 1947 5809 2056 5880; x_wconf 73' lang='lat' dir='ltr'><strong>AL,</strong></span> <span class='ocrx_word' id='word_1_945' title='bbox 2083 5809 2258 5882; x_wconf 86' lang='lat' dir='ltr'><strong>puncti</strong></span> <span class='ocrx_word' id='word_1_946' title='bbox 2274 5820 2460 5860; x_wconf 81' lang='lat' dir='ltr'><strong>atomo.</strong></span> 
     </span>
    </p>
   </div>
  </div>
