3950 6314
516 316 654 371 1047

1504 308 1849 365 ΑΡΡΕΝΟΙΧ
1894 309 1986 364 AD
2021 308 2256 365 OPERA
2297 310 2354 364 S.
2390 308 2740 365 AMBROSII.

3650 309 3756 368 I048

510 430 760 495 nitatem,
799 425 957 481 ambo
987 424 1039 480 in
1086 424 1319 495 singulis
1367 420 1600 478 clibanis
1657 421 1977 478 ardentibus
2006 421 2108 477 de-
2136 426 2190 485 Α
2217 421 2498 492 inquirere
2536 431 2827 493 antequam
2877 421 2976 476 has
3005 420 3167 475 aulas
3200 418 3228 457 ιι
3259 419 3406 490 regis
3432 418 3667 477 calorum
3692 426 3758 480 ia-

509 529 847 590 mergantur.
868 516 1111 573 Audiens
1138 516 1253 572 hmo
1281 523 1431 586 pater
1456 514 1597 585 ejus,
1627 515 1951 586 prohibebat
1970 516 2111 570 ﬁeri.

508 611 699 669 Sancti
728 625 864 667 vero
907 624 1015 666 non
1060 608 1240 663 solum
1281 623 1389 664 non
1420 608 1737 664 metuebant
1784 607 2111 677 promissum

510 705 762 771 exitium,
788 720 974 761 verum
1005 704 1173 759 etiam
1198 711 1516 759 constanter
1555 701 1845 773 praeparari
1870 700 2115 758 clibanos

510 801 893 856 hortabantur.

586 893 847 952 59.Tunc
872 904 1227 951 accesserunt
1253 894 1321 950 ad
1351 896 1606 951 universa
1631 894 1773 950 idola
1798 893 2115 965 crystallina

511 998 571 1044 et
603 988 904 1046 holovitrea
924 1030 938 1055 ,
968 998 1018 1045 et
1048 1004 1215 1045 omne
1257 1004 1398 1060 opus
1430 988 1560 1044 illud
1610 989 1989 1044 mecltanicum
2017 1005 2031 1042 :
2061 996 2118 1043 et

513 1082 694 1137 subito
725 1124 739 1147 ,
770 1082 899 1137 dum
943 1091 1255 1137 sanctorum
1304 1081 1554 1137 manibus
1588 1080 1993 1153 frangerentur,
2024 1094 2120 1150 ap-

513 1177 695 1244 paruit
742 1184 867 1230 aute
899 1176 1085 1231 oculos
1129 1174 1435 1231 Cbromatii
1474 1176 1710 1245 juvenis,
1766 1174 1921 1244 cujus
1953 1172 2118 1229 facies

510 1267 767 1324 flammeo
794 1266 1040 1321 radiabat
1072 1275 1292 1336 aspectu
1329 1276 1385 1321 et
1428 1267 1559 1322 dixit
1587 1267 1635 1322 ei
1673 1285 1687 1320 :
1721 1266 1859 1321 Misit
1889 1281 1975 1321 me
2008 1265 2117 1322 Do-

518 1361 699 1417 minus
747 1374 907 1414 meus
960 1358 1121 1413 Jesus
1152 1358 1426 1424 Christus,
1467 1359 1553 1413 cui
1583 1357 1883 1424 credidisti,
1919 1367 1976 1412 ut
2002 1372 2121 1411 om-

514 1454 664 1511 nium
732 1454 1103 1508 membrorum
1182 1463 1395 1507 tuorum
1476 1450 1713 1521 recipias
1801 1451 2118 1506 sanitatem.

512 1546 598 1602 Ad
631 1546 771 1602 hanc
801 1559 992 1601 vocem
1032 1545 1351 1601 sanissimus
1395 1542 1643 1600 redditus
1681 1546 1848 1613 coepit
1898 1558 2121 1599 currere

514 1649 641 1711 post
665 1640 943 1709 juvenem,
965 1646 1024 1693 ut
1054 1637 1223 1708 pedes
1248 1638 1369 1709 ejus
1397 1637 1757 1693 oscularetur.
1782 1638 1851 1691 At
1877 1635 1967 1691 ille
1987 1634 2125 1690 dixit

513 1735 565 1790 ei
592 1750 607 1787 :
640 1733 775 1787 Vide
807 1747 874 1787 ne
903 1734 1185 1802 contingas
1215 1746 1321 1797 me,
1358 1730 1483 1801 quia
1514 1730 1753 1785 nondum
1779 1727 2123 1799 baptismatis

2217 524 2441 571 trarem.
2502 513 2654 570 Nunc
2684 524 2869 571 autem
2904 514 3197 571 reinduam
3232 528 3323 570 me
3351 527 3459 568 non
3489 513 3759 585 baptizata,

2216 614 2277 661 ut
2302 606 2556 663 omnibus
2598 608 2780 677 prius,
2830 606 3030 677 quibus
3070 620 3194 661 sum
3228 605 3426 670 iratus,
3461 604 3761 676 indulgeam;

2214 699 2472 756 omnibus
2510 698 2854 755 debitoribus
2900 699 3042 755 meis
3084 697 3455 769 chirographa
3501 706 3761 769 restituam;

2216 793 2263 849 si
2294 796 2378 850 cui
2408 793 2611 863 aliquid
2633 794 2908 849 violenter
2929 792 3160 857 abstuli,
3196 795 3471 862 integrum
3499 793 3639 848 reddi
3665 810 3768 863 pra:-

2217 886 2455 956 cipiain:
2506 884 2629 940 dua:
2678 884 2809 939 inibi
2862 896 2983 956 post
3026 885 3219 939 uxoris
3257 884 3471 939 obitum
3501 887 3767 943 concubina

2218 988 2363 1047 sunt,
2394 987 2450 1035 et
2470 978 2592 1033 istis
2611 978 2794 1034 dotem
2817 986 2875 1033 et
2895 978 3109 1033 maritis
3130 976 3374 1045 tradam,
3408 978 3478 1031 ab
3503 979 3638 1032 omni
3665 996 3771 1036 nexu

2218 1072 2435 1137 servili,
2472 1072 2733 1143 ingenuo,
2764 1072 3008 1143 privato,
3043 1072 3132 1127 vel
3164 1072 3392 1143 publico
3420 1079 3634 1127 actuum
3660 1087 3772 1128 tneo-

2219 1182 2339 1222 rum
2369 1165 2647 1221 exsolvam
2674 1182 2689 1219 :
2735 1174 2792 1221 et
2834 1166 2907 1220 ita
2937 1166 3160 1221 demum
3194 1166 3517 1235 promittam
3545 1168 3774 1223 renuntia-

2223 1269 2403 1315 turum
2433 1275 2521 1316 me
2564 1260 2815 1314 omnibus
2850 1261 3090 1330 peccatis
3121 1259 3423 1315 diabolicis
3450 1270 3507 1315 ct
3538 1260 3779 1333 voluptati-

2221 1354 2323 1411 bus
2345 1354 2556 1410 mundi.
2576 1353 2721 1409 Dicit
2741 1354 2790 1408 ei
2816 1354 3155 1426 Polycarpus
3174 1356 3503 1427 presbyter:
3523 1355 3777 1414 Beatioren

2224 1458 2276 1505 te
2301 1450 2548 1507 caelestis
2573 1451 2714 1506 unda
2743 1450 3058 1522 perfundet,
3092 1466 3222 1507 cum
3248 1466 3313 1507 ea
3341 1468 3468 1523 qua:
3489 1452 3697 1508 arbitrio
3717 1466 3780 1509 tua

2222 1545 2360 1602 dicis
2383 1555 2437 1602 te
2464 1562 2589 1603 esse
2614 1548 2901 1611 facturum,
2925 1555 3035 1602 tota
3063 1546 3425 1602 festinatione
3442 1546 3781 1616 compleveris:

2225 1654 2349 1695 nam
2389 1646 2446 1695 et
2483 1640 2925 1711 quadragesima:
2968 1649 3186 1710 tempus
3219 1640 3350 1695 ideo
3383 1640 3709 1710 baptizandis
3731 1642 3788 1695 ia-

2224 1732 2498 1803 jungitur,
2552 1745 2610 1788 ut
2655 1743 2677 1772 ο
2713 1742 2793 1788 tot
2817 1732 3012 1789 diebus
3044 1732 3149 1803 ipsi
3175 1733 3403 1787 discant
3431 1734 3789 1789 renuntiaturus

513 1825 877 1884 sanctificatio
904 1836 955 1881 te
984 1840 1015 1880 a
1044 1824 1391 1896 squaloribus
1417 1822 1898 1879 abluitidolorum.
1922 1822 2123 1877 Videris
2156 1820 2199 1882 Β
2226 1842 2285 1884 se
2321 1844 2447 1885 esse
2491 1830 2747 1885 omnibus
2784 1829 2993 1884 artibus
3025 1829 3231 1884 inimici
3263 1839 3322 1885 et
3353 1828 3543 1883 mundi
3573 1844 3787 1885 commer-

516 1922 636 1978 hzec
691 1920 967 1977 Tiburtius
1017 1919 1163 1974 filius
1245 1918 1403 1988 ejus,
1475 1916 1783 1973 advolvitur
1835 1915 1905 1971 ad
1960 1915 2124 1985 pedes

516 2012 578 2069 S.
610 2010 914 2084 Polycarpi.
949 2010 1067 2081 Ipse
1105 2018 1289 2065 autem
1336 2008 1689 2065 Chromatius
1713 2009 2003 2078 prmfectns
2034 2022 2125 2062 as-

522 2106 793 2176 tringebat
824 2105 1038 2173 plantas
1069 2103 1127 2160 S.
1160 2102 1489 2168 Sebastiani,
1543 2111 1599 2158 et
1648 2102 1812 2159 ambo
1841 2117 1947 2157 una
1990 2115 2128 2157 voce

516 2198 867 2254 clamabant:
898 2197 1075 2254 Verus
1114 2198 1256 2252 Deus
1284 2205 1369 2252 est
1394 2195 1675 2263 Christus,
1721 2209 1884 2250 verus
1915 2203 1972 2250 et
2011 2209 2128 2248 om-

525 2291 786 2362 nipotens
807 2290 1122 2362 unigenitus
1144 2288 1318 2345 Filius
1345 2287 1641 2359 Dei,quem
1665 2286 1971 2358 praedicatis
2002 2284 2131 2343 boni

525 2383 761 2439 ministri
784 2383 924 2455 ejus.

1092 2495 1324 2554 CAPUT
1363 2494 1528 2552 XVII.

835 2612 1125 2670 Chromatii
1154 2623 1203 2666 et
1236 2610 1460 2667 Tiburtii
1492 2611 1804 2683 baptismus.

600 2734 690 2793 60.
725 2733 879 2790 Tunc
907 2732 968 2787 Β.
1019 2732 1379 2789 Sebastianus
1412 2730 1552 2787 dixit
1580 2728 1939 2786 Chromatio:
1980 2726 2135 2784 Sicut

527 2831 646 2903 ipse
666 2828 834 2895 nosti,
850 2826 1215 2899 principatum
1231 2826 1423 2898 prima:
1436 2824 1679 2881 cohortis
1696 2839 1819 2895 ago,
1836 2821 1932 2878 sed
1950 2830 2133 2876 utrum

523 2926 601 2982 sit
616 2935 641 2961 λ
658 2923 853 2979 militia
876 2922 1135 2991 hominis,
1162 2922 1378 2977 nescire
1392 2920 1522 2975 olim
1536 2919 1785 2985 decrevi,
1802 2932 1901 2974 nec
1916 2916 2131 2973 vellem.

528 3017 612 3073 Ad
634 3017 741 3073 hoc
763 3025 973 3072 tantum
997 3016 1101 3070 sub
1129 3012 1417 3085 chlamyde
1441 3014 1619 3069 latere
1648 3011 1820 3078 volui,
1853 3021 1911 3067 ut
1935 3020 2136 3066 nutan-

526 3111 662 3166 tium
694 3109 908 3164 animos
949 3110 1306 3174 instruerem,
1356 3115 1414 3163 et
1454 3105 1769 3162 dubitantes
1820 3114 2136 3161 constantes
2237 3135 2376 3204 dies,

527 3203 813 3302 efficerem
836 3242 851 3268 ,
887 3217 955 3302 ne
998 3201 1351 3302 plassionunL
1348 3200 1635 3256 doloribus
1660 3200 1957 3302 cederent,
1986 3215 2133 3271 quos
2160 3211 2205 3274 C
2240 3200 2495 3302 "cauis,

529 3294 669 3350 fides
700 3294 908 3349 fecerat
938 3294 1255 3349 bellatores.
1306 3292 1389 3349 Τιι
1418 3301 1603 3349 autem
1635 3293 2001 3363 amplissimae
2032 3307 2137 3363 po-

527 3388 741 3446 testatis
770 3388 980 3458 apicem
1008 3402 1229 3458 gerens,
1264 3401 1373 3442 non
1404 3395 1562 3456 potes
1594 3387 1945 3457 temetipsum
1974 3400 2075 3441 nec
2105 3400 2133 3439 a

525 3481 859 3551 spectaculis
882 3482 1091 3547 tollere,
1129 3496 1308 3552 neque
1336 3480 1650 3551 judicandis
1677 3479 1911 3552 negotiis
1936 3480 2140 3536 absen-

530 3580 669 3633 lare.
715 3577 989 3634 Simulans
1015 3577 1182 3647 igitur
1209 3576 1614 3648 mgritudinem,
1661 3575 1759 3631 tibi
1792 3576 1893 3645 ipsi
1922 3574 2139 3646 postula

522 3684 927 3738 successorem,
954 3679 1012 3723 ut
1038 3670 1218 3740 possis
1243 3668 1385 3724 liber
1405 3669 1474 3725 ab
1502 3668 1960 3739 occupationibus
1978 3683 2133 3723 mun-

522 3764 600 3833 di,
638 3764 833 3821 futura:
855 3765 980 3821 vita:
1002 3764 1309 3821 rudimenta
1333 3766 1640 3836 suscipere,
1674 3775 1732 3820 ut
1766 3764 2005 3820 secunda
2039 3780 2135 3820 na-

527 3859 741 3915 tivitate
785 3859 986 3915 iterum
1032 3867 1193 3915 natus
1240 3859 1466 3914 aeternis
1512 3858 1770 3915 efficiaris
1814 3857 2135 3929 parentibus

526 3951 732 4023 proles.
773 3950 979 4007 Eodem
1016 3952 1201 4022 itaque
1231 3950 1320 4006 die
1368 3951 1536 4005 mittit
1566 3949 1634 4005 ad
1672 3950 1879 4006 amicos
1912 3965 2043 4006 suos
2075 3952 2130 4005 in

526 4043 734 4114 palatio
766 4043 1006 4114 positos,
1050 4057 1150 4112 per
1197 4056 1335 4112 quos
1380 4042 1772 4098 testimonialia
1802 4042 2132 4115 scripta-su-

528 4138 767 4208 scipiens
788 4179 803 4203 ,
842 4135 1156 4192 tirocinium
1189 4135 1393 4191 divinae
1421 4135 1635 4191 militia:
1667 4143 1962 4207 antequam
1993 4136 2123 4207 bap-

528 4228 791 4283 tizaretur
816 4228 1050 4298 accepit.

601 4320 691 4373 6i.
722 4318 863 4388 Quid
888 4333 1207 4385 memorem,
1240 4335 1400 4389 quam
1426 4320 1765 4391 plenissimae
1792 4320 1920 4375 fldei
1946 4320 2131 4389 fuerit,

528 4428 805 4485 quamque
826 4412 969 4468 acris
991 4413 1192 4483 ingenii
1214 4422 1410 4469 contra
1438 4414 1739 4470 infidelium
1764 4424 1976 4470 asserta
2000 4430 2130 4471 con-

2227 1923 2351 1989 ciis,
2382 1925 2428 1979 si
2461 1925 2550 1994 qui
2578 1924 2867 1980 verissime
2898 1923 3041 1979 effici
3069 1924 3268 1979 volunt
3296 1923 3622 1979 Christiani.

2302 2017 2393 2072 62.
2428 2018 2579 2072 Tunc
2606 2017 2891 2073 Tiburtius
2926 2016 3146 2086 juvenis
3178 2016 3628 2086 sapientissimus
3654 2016 3791 2071 dixit:

2233 2109 2413 2178 Pater,
2449 2110 2494 2166 si
2538 2111 2634 2167 tibi
2670 2126 2769 2181 pro
2799 2108 3195 2166 renuntiandis
3228 2109 3475 2179 negotiis
3505 2108 3795 2179 tempush-

2230 2203 2396 2275 gitas,
2425 2218 2530 2274 ego
2558 2206 2650 2275 qui
2682 2203 2859 2259 adhuc
2887 2212 3249 2272 suscepturus
3275 2216 3436 2257 eram
3464 2203 3668 2273 negotia
3688 2200 3794 2256 fori.

2231 2295 2338 2353 soli
2386 2298 2753 2369 susceptionis
2782 2296 3050 2353 voluntati
3080 2295 3382 2351 renuntio:
3429 2304 3487 2349 et
3511 2295 3602 2365 qui
3631 2295 3796 2349 futurus

2233 2404 2383 2445 eram
2411 2391 2709 2447 advocatus
2735 2391 2804 2446 ad
2840 2388 3078 2461 agendas
3106 2403 3312 2445 causas
3339 2390 3674 2453 mortalium,
3703 2404 3793 2444 su-

2233 2485 2429 2556 cipiam
2461 2486 2945 2553 Cbristianitatem,
2976 2485 3043 2541 ad
3074 2486 3328 2558 agendas
3352 2487 3603 2543 actiones
3631 2486 3796 2557 angeli-

2235 2595 2351 2647 cas,
2382 2594 2507 2635 cum
2554 2595 2698 2636 unus
2730 2595 2854 2636 esse
2881 2594 3105 2650 cmpero
3136 2595 3203 2635 ex
3235 2594 3440 2636 eorum
3474 2594 3709 2643 numero.
3732 2582 3801 2649 qui

2234 2681 2501 2729 aeternam
2546 2672 2713 2727 vitam
2762 2671 3164 2741 accipiunt,et
3215 2670 3538 2727 efficiuntur
3586 2670 3799 2727 causidici

2234 2764 2568 2821 sanctitatis.
2616 2762 2769 2820 'I‘unc
2809 2762 3156 2835 amplexatus
3190 2775 3275 2820 est
3308 2779 3441 2820 eum
3472 2764 3534 2820 Β.
3568 2764 3801 2820 Sebastia-

2236 2875 2367 2916 nus:
2397 2875 2560 2929 quem
2590 2875 2714 2917 cum
2746 2860 3079 2931 baptizasset
3107 2860 3165 2916 S.
3198 2859 3570 2933 Polycarpns,
3600 2862 3707 2934 ipse
3729 2875 3801 2932 pa-

2236 2960 2319 3007 ter
2348 2952 2708 3020 susceptionis
2733 2952 2850 3023 ejus
2879 2964 2964 3007 εει
2994 2952 3191 3007 factus.

2308 3042 2403 3099 65.
2436 3044 2604 3115 Igitur
2631 3044 2757 3099 dum
2792 3044 2951 3115 pauci
2987 3043 3283 3100 admodum
3317 3048 3584 3103 transacti
3619 3046 3805 3102 fuissent

2405 3135 2659 3191 omnibus
2690 3136 2793 3191 rite
2820 3136 3229 3192 abrenuntiatis
3256 3153 3287 3191 a
3308 3136 3633 3195 Cbromatio
3656 3138 3807 3194 mundi

2525 3228 2766 3299 suscepit
2783 3227 3141 3284 Chromatius
3157 3230 3300 3284 sacri
3323 3231 3670 3300 baptismatis
3684 3231 3803 3285 nori-

2235 3332 2434 3387 tatem;
2460 3330 2515 3377 et
2538 3338 2662 3377 cum
2686 3323 2879 3377 eodem
2903 3337 2971 3376 ex
2990 3320 3198 3377 familia
3216 3324 3341 3392 ejus
3360 3325 3661 3395 promiscui
3675 3337 3806 3379 sexus

2238 3414 2393 3471 mille
2436 3413 2848 3485 quadringentae
2878 3415 3113 3482 animae,
3152 3429 3294 3484 quos
3324 3431 3525 3472 omnes
3555 3417 3694 3487 prius
3717 3429 3809 3470 ma-

2241 3506 2599 3560 numissionis
2620 3505 2791 3575 gratia
2823 3519 2853 3559 a
2878 3506 3165 3562 servitutis
3188 3506 3341 3563 nodo
3370 3509 3636 3575 exsolvit,
3664 3517 3714 3564 et
3737 3508 3808 3563 do-

2245 3598 2335 3654 nis
2359 3598 2584 3668 optimis
2611 3598 2895 3664 instruxit,
2925 3597 3117 3654 dicens
3148 3598 3291 3655 hoc:
3330 3599 3414 3656 Illi
3445 3605 3544 3672 qui
3576 3601 3729 3657 Deum
3753 3601 3811 3655 in-

2244 3693 2460 3763 cipiunt
2507 3691 2706 3749 habere
2752 3703 2966 3763 patrem
2990 3735 3006 3759 ,
3058 3695 3205 3750 servi
3239 3694 3492 3753 hominis
3522 3711 3632 3754 non
3656 3696 3813 3753 debeat

2235 3799 2381 3842 esse.

2797 3902 3027 3962 CAPUT
3059 3902 3254 3963 XVIII.

2238 3995 2593 4067 Chromatius,
2633 4002 2947 4070 praefectura
2982 3998 3137 4056 Urbis
3169 4001 3450 4071 abdicata,
3484 4003 3815 4076 persecutum}

2672 4104 2899 4166 teinpore
2927 4095 3258 4152 Christianos
3286 4099 3411 4155 alit.

2309 4233 2401 4289 64.
2434 4232 2564 4289 Erat
2586 4242 2767 4289 autem
2804 4250 2941 4306 papa
2964 4236 3115 4292 urbis
3143 4237 3335 4294 Romae
3359 4240 3595 4296 nomine
3624 4237 3650 4277 ἀ
3668 4239 3816 4301 (ἰδίεις.

2242 4327 2327 4381 vir
2355 4341 2568 4397 magna:
2593 4325 2920 4395 prudentia),
2958 4342 3277 4399 magnteque
3302 4332 3554 4399 virtutis,
3585 4333 3817 4402 imperan-

2245 4420 2392 4476 tibus
2426 4429 2448 4457 ε
2477 4418 2705 4485 Carino,
2735 4419 3081 4475 Diocletiano
3113 4432 3169 4476 et
3199 4422 3566 4480 Maximiano.
3599 4424 3702 4481 Sed
3727 4423 3820 4478 Dio-

528 4505 771 4563 stiterit?
814 4504 1068 4577 Sequens
1109 4508 1273 4563 lectio
1313 4507 1653 4566 manifestat.
1699 4508 1835 4565 Nam
1879 4510 1933 4566 in
1973 4510 2133 4568 initio
2166 4514 2512 4605 Dcletianus
2538 4513 2591 4568 in
2621 4512 2766 4568 Urbe
2792 4524 2911 4569 erat
2938 4528 3060 4569 cum
3092 4514 3466 4572 Maximiano:
3512 4516 3740 4574 Carinas
3759 4532 3821 4571 as-

529 4600 767 4673 qualiter
794 4600 866 4655 sit
887 4599 1219 4655 sacrosancti
1245 4598 1412 4657 fontis
1445 4602 1591 4656 unda
1621 4600 1899 4672 perfusus,
1932 4605 2138 4661 mentis

528 4691 648 4765 ejus
672 4689 807 4748 fides
828 4692 1114 4748 evidenter
1134 4692 1355 4747 enituit.
1388 4691 1760 4765 Interrogatus
1786 4693 1832 4750 si
1856 4694 2134 4761 crederet,

529 4785 709 4842 dixit:
740 4784 944 4841 Credo.
980 4784 1180 4840 Iterum
1208 4784 1600 4857 interrogatus,
1633 4796 1819 4842 utrum
1849 4788 2138 4845 abrenun-

529 4878 695 4934 tiaret
722 4876 977 4934 omnibus
1008 4876 1200 4946 idolis,
1226 4878 1542 4949 respondit:
1572 4879 1936 4936 Abrenuntio.
1984 4881 2123 4937 Pro-

526 4983 715 5030 secuta
736 4983 821 5030 est
853 4972 1215 5042 interrogatio
1240 4973 1570 5041 sacerdotis,
1605 4984 1791 5030 utrum
1837 4976 2131 5031 renuntia-

529 5077 620 5127 ret
647 5069 903 5126 omnibus
923 5066 1202 5139 peccatis;
1230 5075 1287 5122 at
1310 5067 1402 5124 ille
1428 5069 1540 5125 ait:
1574 5068 1682 5125 Ista
1708 5071 1859 5141 prius
1884 5070 2123 5128 debuisti

601 5195 631 5225 ι
657 5185 788 5241 Mss.
818 5182 1084 5241 Rebdorf.
1105 5223 1123 5252 ,
1156 5183 1382 5239 malitia.

600 5256 633 5297 δ
663 5257 776 5329 AL,
817 5257 984 5329 regni.

608 5340 631 5368 ο
666 5326 780 5397 AL,
814 5326 934 5384 totis
962 5328 1166 5383 diebus.

600 5397 629 5436 ιι
672 5400 881 5455 Colitur
903 5400 962 5456 S.
995 5398 1157 5455 Caius
1184 5412 1321 5469 papa
1350 5398 1424 5454 22
1451 5399 1597 5463 April
1622 5416 1637 5466 ;
1670 5399 1809 5455 sedit
1830 5416 1859 5454 a
1883 5400 2135 5456 consula-

527 5480 588 5542 tu
614 5470 798 5542 Carin
822 5480 876 5527 et
902 5470 1085 5526 Carini
1103 5512 1119 5537 ,
1144 5486 1233 5524 an.
1254 5469 1458 5542 _chron.
1483 5474 1611 5539 283,
1643 5487 1812 5542 usque
1843 5472 1909 5526 ad
1942 5487 2139 5542 consu-

526 5541 710 5612 Iatum_
728 5541 1044 5597 Diocletiani
1068 5558 1143 5609 Vl,
1168 5552 1221 5596 et
1241 5540 1543 5598 Constantii
1574 5560 1632 5612 ιι,
1661 5540 1748 5599 an.
1781 5541 2136 5599 Chron.296.

608 5622 631 5651 ε
672 5608 901 5666 Carinus
946 5614 1045 5668 sub
1098 5608 1261 5666 finem
1312 5615 1440 5669 anni
1491 5608 1628 5680 282,
1676 5629 1847 5670 ctrsar
1891 5628 2129 5682 creatus,

528 5682 671 5739 Caro
699 5690 851 5755 patre
880 5683 931 5735 in
964 5683 1311 5752 expeditione
1338 5684 1554 5743 Persica
1592 5689 1698 5742 ictu
1722 5685 1986 5755 fulminis,
2020 5686 2129 5741 Nu-

530 5760 775 5811 meriano
821 5752 988 5826 fratre
1015 5754 1161 5826 apri
1194 5756 1367 5826 soceri
1415 5758 1603 5813 fraude
1657 5752 1981 5823 exstinctis,
2011 5759 2127 5826 ipse

530 5840 748 5895 quoque
768 5838 912 5878 anno
940 5823 1069 5890 285,
1102 5823 1423 5885 Diocletiani
1447 5844 1504 5889 ιι.
1525 5829 1593 5885 ab
1621 5828 1724 5887 hoc
1752 5829 1925 5886 victus
1952 5823 2121 5886 inter-

536 5906 861 5966 emptusque
890 5907 1004 5950 est.

2246 4619 2353 4665 tem
2404 4615 2524 4663 erat
2569 4621 2694 4662 cum
2726 4606 2875 4661 omni
2905 4610 3152 4663 exercitu
3184 4607 3238 4662 in
3268 4609 3533 4678 partibus
3564 4610 3820 4666 Galliarum

2245 4701 2488 4772 positus:
2533 4707 2589 4755 et
2617 4699 2737 4768 ejus
2770 4699 2968 4754 intuitu
2996 4699 3147 4756 lenta
3177 4702 3501 4770 persecutio
3534 4702 3822 4760 Diocletiani

2239 4792 2385 4847 circa
2413 4790 2757 4846 Christianos
2785 4804 2910 4846 esse
2954 4798 3226 4860 coeperat;
3269 4792 3401 4861 quia
3439 4790 3459 4830 ί
3496 4791 3729 4850 Carinas
3750 4795 3821 4848 ba-

2237 4882 2404 4940 bebat
2430 4883 2640 4953 aliquos
2671 4881 2901 4950 amicos,
2931 4898 3069 4954 quas
3095 4882 3258 4954 hujus
3284 4884 3433 4940 tituli
3463 4887 3733 4957 professio
3756 4886 3824 4942 ἀει

2241 4975 2487 5030 corabat.

2308 5067 2399 5125 65.
2428 5066 2597 5138 Igitur
2640 5066 2827 5123 occiso
2859 5068 3068 5125 Carino
3109 5068 3166 5123 in
3202 5068 3431 5126 civitate
3461 5080 3488 5119 ε
3518 5071 3825 5145 Magnntiaee

2314 5181 2335 5222 ί
2376 5181 2489 5239 Huc
2520 5182 2754 5239 fortasse
2784 5186 3026 5255 respexit
3061 5184 3332 5255 Vopiscus
3374 5186 3449 5242 de
3491 5203 3561 5243 eo
3590 5187 3820 5247 scribens.

2238 5254 2367 5329 odio
2392 5265 2594 5329 nostrae
2620 5254 2901 5327 religionis
2931 5275 2945 5311 :
2992 5254 3200 5312 Amico:
3246 5258 3478 5328 optimos
3506 5275 3734 5329 quosque
3755 5275 3819 5310 rr-

2238 5327 2471 5413 {egaviti
2514 5329 2791 5413 pessimum
2822 5345 3072 5413 quemque
3112 5331 3265 5413 elegit
3313 5339 3405 5384 aut
3440 5327 3607 5413 renuit
3629 5327 3657 5397 ;⁷
3686 5341 3737 5413 ει
3764 5332 3824 5413 in-

2240 5398 2367 5471 fra:
2423 5398 2715 5471 hominibus
2756 5398 3021 5471 improbis
3072 5398 3362 5471 plurimum
3424 5402 3635 5456 detulit.
3692 5402 3824 5457 Tales

2241 5469 2402 5546 etiam
2433 5468 2725 5546 Christiani
2754 5470 2923 5546 habiti
2949 5468 3277 5541 quamquam
3307 5472 3553 5539 alioquin
3572 5476 3822 5546 ﬂagitiose

2241 5542 2427 5596 vixisse
2464 5540 2708 5595 Carinum
2753 5540 2981 5597 OrOsius
3014 5556 3229 5612 quoque
3275 5550 3533 5598 testatur.
3564 5540 3822 5601 Sed'ancu

2241 5614 2462 5677 invidia,
2496 5614 2636 5683 quod
2668 5613 2720 5667 in
2746 5614 3006 5668 comitatu
3028 5612 3371 5668 Christianos
3402 5615 3654 5681 haberet,
3684 5619 3821 5671 etiam

2237 5685 2762 5755 sanguinejunctos,
2808 5692 2868 5737 ut
2914 5700 2979 5739 ex
3008 5684 3116 5739 vita
3147 5684 3205 5741 S.
3257 5683 3462 5740 Iuliani
3508 5685 3543 5741 9
3586 5685 3821 5752 laneam,

2234 5771 2358 5827 cap.
2392 5758 2481 5820 I8,
2508 5771 2660 5809 num.
2692 5756 2786 5819 '55,
2815 5763 2983 5827 patet.

2309 5838 2335 5873 κ
2375 5828 2448 5882 Ita
2470 5829 2722 5901 plerique
2738 5827 2953 5901 codices
2972 5844 2987 5894 ;
3009 5827 3251 5900 quidam,
3279 5827 3628 5901 Maguntiaca
3647 5848 3664 5894 ;
3682 5842 3821 5890 unus,

2235 5898 2574 5970 Moguntiaco
2598 5915 2616 5953 :
2644 5898 3039 5968 Mombricius,’
3064 5898 3413 5967 Manliatho';
3448 5904 3726 5963 Brecbtus.
3762 5904 3817 5951 αέ
