3950 6314
96 330 236 390 1049

1169 329 1351 386 ACTA
1389 328 1450 387 S.
1491 326 1894 388 SEBASTIANl
1936 330 2306 389 MARTYRIS.

3245 332 3388 391 {050

99 461 124 489 ιι
155 449 488 506 Maximiano
515 458 569 504 et
599 446 854 519 Aquilino
880 447 1219 513 consulibus,
1269 447 1412 504 facta
1440 457 1525 504 est
1553 463 1683 520 pero
1709 459 1765 522 Α
1788 450 1924 506 urbe
1945 450 2034 521 qui
2060 452 2328 508 voluerint
2350 463 2631 511 maneant.
2663 452 2780 510 Non
2805 453 2949 511 enim
2975 468 3076 510 nos
3104 462 3380 510 terrarum

91 546 303 602 secutio
325 545 471 611 talis,
497 551 558 600 ut
579 544 758 600 nullus
780 555 988 601 emeret
1008 543 1095 600 vel
1115 541 1456 599 venundaret
1476 541 1684 614 aliquid

91 641 195 697 nisi
222 641 316 711 qni
347 639 373 678 ιι
395 640 720 696 statunculis
747 640 940 710 positis
969 639 1020 695 in
1051 653 1120 696 eo
1149 639 1306 706 loco,
1340 637 1430 694 ubi
1459 635 1682 693 emendi

88 733 263 804 gratia
294 740 512 789 ventum
546 732 771 801 fuisset,
804 733 976 789 thuris
1005 732 1344 788 exhibuisset
1374 733 1676 788 incensum.

87 827 242 883 Circa
279 837 301 867 ο
337 827 562 896 insulas,
593 831 738 883 circa
769 828 942 898 vicos,
983 827 1129 882 circa
1170 823 1197 863 ἀ
1228 824 1502 898 nymphea
1543 838 1681 895 quo-

85 935 192 992 que
219 929 379 977 erant
408 921 568 992 positi
593 922 993 992 compulsores,
1021 919 1110 985 qui
1134 933 1312 991 neque
1333 915 1554 974 emendi
1587 931 1680 972 co-
1734 990 1736 992 ν

86 1016 226 1087 piam
260 1014 477 1084 darent,
505 1025 600 1072 aut
628 1015 912 1071 hauriendi
938 1029 1134 1086 aquam
1163 1014 1334 1084 ipsam
1363 1010 1674 1068 facultatem

85 1109 412 1178 tribuerent,
444 1110 550 1166 nisi
575 1111 666 1183 qui
696 1109 858 1166 idolis
888 1109 1246 1166 deltbassent.

151 1203 240 1259 66.
273 1203 426 1259 Tunc
455 1204 511 1260 S.
541 1202 659 1259 Caii
688 1203 934 1275 episc0pi
964 1203 1199 1259 consilio
1230 1202 1446 1271 habito,
1492 1201 1669 1259 Chro-

82 1298 281 1354 matius
326 1298 553 1354 illustris
597 1297 682 1352 vir
706 1311 900 1353 omnes
923 1295 1269 1352 Christianos
1302 1296 1355 1352 in
1383 1295 1548 1352 domo
1573 1309 1672 1351 sua

79 1391 341 1461 suscepit,
372 1399 426 1446 et
457 1391 740 1446 universos
773 1390 844 1444 ita
877 1389 1114 1457 fovebat,
1150 1401 1210 1446 ut
1243 1389 1424 1446 nullus
1443 1391 1670 1446 omnino

77 1481 418 1539 sacrificandi
467 1482 782 1538 necessitati
829 1483 1234 1540 succumberet.
1296 1483 1495 1538 Verum
1540 1483 1667 1554 quia

74 1583 217 1632 tanta
240 1576 322 1630 vis
343 1575 734 1646 persecutionis
755 1575 1067 1642 exstiterat,
1093 1585 1154 1631 ut
1170 1577 1364 1647 opinio
1387 1576 1502 1646 ipsa
1517 1575 1670 1630 Chri-

72 1665 368 1725 Stianitatis
415 1666 536 1737 ejus
576 1667 745 1722 celari
781 1682 888 1722 non
917 1678 1138 1736 posset,
1176 1667 1376 1723 meruit
1408 1683 1475 1724 ex
1507 1681 1666 1724 sacro

73 1761 335 1831 rescripto
365 1759 712 1817 Chromatius
742 1769 799 1815 ut
828 1761 1078 1817 medendi
1105 1763 1276 1833 gratia
1304 1761 1358 1816 in
1389 1762 1664 1832 Campano

71 1852 250 1908 littore
279 1864 625 1923 moraretur,
676 1863 700 1892 θ
732 1854 785 1909 in
813 1869 922 1926 quo
951 1865 1072 1911 erat
1102 1854 1199 1910 lati
1227 1855 1452 1926 cespitis
1478 1855 1658 1911 domi-
1691 1863 1738 1924 Β

71 1961 200 2012 nus,
251 1945 551 2018 tribuitque
577 1948 792 2018 copiam
822 1947 973 2004 omni
1003 1947 1314 2004 Christiano
1346 1950 1426 2005 ire
1455 1949 1660 2005 volenti

70 2053 188 2095 cum
237 2040 432 2096 eodem
477 2041 547 2096 ad
594 2042 964 2112 persecutoris
1009 2043 1216 2099 rabiem
1255 2041 1656 2098 declinandam.

72 2134 217 2191 Tunc
256 2143 378 2193 orta
406 2145 494 2192 est
521 2136 805 2193 contentio
831 2138 975 2192 inter
1001 2136 1060 2192 S.
1091 2136 1478 2209 Polycarpum,
1514 2143 1569 2192 et
1597 2136 1656 2190 Β.

69 2229 482 2296 Sebastianum;
512 2232 638 2302 quis
671 2231 866 2286 horum
895 2231 1129 2286 duorum
1160 2231 1212 2286 in
1240 2229 1386 2287 Urbe
1411 2244 1661 2286 remane-

72 2332 182 2391 ret,
226 2333 282 2379 et
309 2323 434 2394 quis
465 2323 566 2379 iret
595 2339 720 2380 cum
747 2322 1090 2391 Chromatio,
1118 2325 1210 2394 qui
1243 2331 1453 2378 tantum
1483 2338 1662 2394 popu-

70 2416 173 2472 lum
222 2424 545 2487 susceperat
579 2415 974 2473 Cbristianum.
1030 2416 1236 2485 Quibus
1265 2416 1658 2472 altercantibus

69 2511 396 2569 venerabilis
427 2526 563 2582 papa
605 2511 770 2568 Caius
796 2511 966 2568 dixit:
1017 2511 1155 2566 Dum
1189 2511 1351 2568 ambo
1384 2511 1656 2582 passionis

67 2620 320 2662 coronam
355 2605 621 2677 qumritis,
655 2607 980 2677 acquisitum
1011 2606 1243 2662 Domino
1270 2605 1530 2678 populum
1556 2605 1656 2662 de-

68 2700 272 2756 solatis.
305 2700 464 2757 Unde
492 2700 624 2756 mihi
657 2700 894 2768 videtur,
924 2712 981 2757 ut
1015 2711 1098 2774 tu,
1130 2702 1298 2758 frater
1325 2701 1652 2774 Polycarpe,

64 2796 183 2866 quia
210 2804 266 2849 et
290 2794 586 2851 sacerdotii
619 2803 828 2851 rectum
853 2795 1121 2850 tramitem
1147 2805 1320 2862 tenes,
1347 2804 1403 2852 et
1428 2795 1654 2851 scientia

67 2886 162 2943 Dei
192 2888 436 2959 repletus
472 2902 534 2942 es
553 2930 568 2956 ,
611 2902 807 2959 pergas
834 2887 998 2942 simul
1026 2887 1091 2942 ad
1123 2887 1508 2944 confortandas
1534 2902 1657 2944 cre-

64 2980 298 3036 dentium
336 2990 548 3037 mentes
574 2989 634 3037 et
658 2982 874 3036 animos
899 2981 1095 3036 dubios
1131 2979 1149 3019 ῖ
1184 2981 1556 3037 aedificandas.
1587 2983 1656 3035 At

65 3077 155 3132 ille
204 3075 288 3132 his
333 3075 539 3131 auditis
565 3074 771 3145 quievit
804 3085 860 3131 et
886 3074 1145 3131 blandum
1178 3090 1331 3144 papae
1362 3075 1652 3146 imperium

64 3172 437 3240 mquanimiter
483 3169 624 3225 tulit.
679 3169 844 3232 Venit
887 3170 1068 3242 itaque
1095 3169 1214 3225 dies
1243 3169 1521 3225 Dominica
1547 3211 1562 3233 ,
1597 3167 1650 3223 in

1788 544 1960 614 spatia
1988 544 2253 612 divident,
2282 564 2423 620 quos
2443 547 2646 606 Christi
2673 547 2915 605 charitas
2936 548 3124 618 nectit,
3158 563 3261 605 nec
3284 532 3382 606 ab-

1786 638 2017 693 sentiam
2048 647 2288 694 vestram
2321 642 2563 697 sentiunt
2609 641 2752 698 oculi
2786 639 2984 710 nostri,
3030 641 3156 712 quia
3191 639 3259 698 de
3289 641 3381 698 in-

1786 728 1999 784 terioris
2027 729 2264 787 hominis
2293 747 2388 786 vos
2418 733 2697 790 intuemur
2724 741 2971 805 aspectu.

1853 819 1943 875 67.
1982 820 2108 876 Hzec
2137 830 2194 878 et
2223 822 2306 876 his
2330 823 2526 880 similia
2573 825 2788 881 dicente
2817 840 2954 898 papa
2984 824 3137 893 Caio,
3191 825 3379 884 exclai

1780 916 1951 972 mavit
1976 915 2274 982 Tiburtius.
2306 919 2390 973 vir
2410 919 2746 976 clarissimus
2773 922 2960 978 dicens
2989 940 3002 976 :
3027 921 3271 979 Obsecro
3299 932 3372 990 te,

1780 1018 1934 1081 pater
1961 1018 2017 1066 et
2043 1010 2418 1082 episcoporum
2450 1013 2732 1085 episcope,
2761 1030 2830 1071 ne
2855 1030 2942 1071 me
2973 1015 3195 1086 patiaris
3226 1027 3376 1087 terga

1778 1103 2228 1174 persequentibus
2258 1104 2408 1161 dare.
2438 1105 2566 1161 Mihi
2595 1109 2739 1162 enim
2768 1109 2921 1164 valde
2957 1110 3262 1180 jucundum
3291 1119 3378 1166 est

1775 1206 1831 1254 et
1859 1197 2119 1268 optabile,
2149 1198 2195 1255 si
2228 1213 2443 1268 possem
2487 1200 2690 1257 millies
2721 1217 2818 1271 pro
2857 1218 2989 1258 vero
3019 1204 3128 1260 Deo
3173 1205 3371 1273 occidi,

1775 1300 1983 1349 tantum
2032 1303 2089 1349 ut
2137 1295 2282 1350 illius
2329 1295 2456 1352 vita:
2506 1295 2830 1367 dignitatem
2863 1300 3158 1367 inveniam,
3210 1315 3374 1372 quam

1773 1387 1949 1443 nullus
1981 1389 2108 1443 mihi
2139 1403 2433 1444 successor
2461 1390 2678 1460 eripiat,
2711 1391 2800 1446 cui
2844 1393 2993 1447 nulla
3028 1401 3275 1463 tempora
3305 1392 3371 1448 fi-

1771 1495 1895 1536 nem
1941 1481 2244 1551 imponant.
2297 1482 2453 1538 Tunc
2499 1483 2556 1538 S.
2610 1484 2796 1551 Caius,
2840 1486 3194 1556 congaudens
3245 1486 3376 1542 fidei

1768 1573 1888 1645 ejus
1917 1575 2184 1648 lacrymas
2228 1576 2559 1644 effundebat,
2609 1594 2775 1636 orans
2821 1590 2878 1637 ut
2923 1596 3113 1638 omnes
3160 1583 3253 1654 qui
3284 1599 3375 1639 re-

1767 1680 2087 1725 manserant
2107 1672 2406 1730 certamine
2433 1673 2672 1731 victores
2691 1675 3015 1744 existerent,
3037 1675 3370 1750 triumphum

1767 1763 2013 1834 martyrii
2039 1764 2342 1834 capientes.

2365 1858 2593 1918 CAPUT
2631 1860 2775 1918 XIX.

1767 1947 1878 2005 SS.
1910 1948 2226 2018 Sebastiani,
2273 1949 2513 2021 Tiburtii,
2555 1961 2602 2006 et
2648 1954 2873 2008 aliorum
2917 1952 3176 2024 praetura
3221 1953 3369 2026 facta

2450 2048 2504 2102 in
2536 2047 2692 2104 Urbe.

1837 2138 1928 2195 68.
1952 2138 2349 2198 Remanserant
2373 2152 2558 2198 autem
2584 2157 2710 2198 cum
2737 2141 3042 2198 venerabili
3065 2142 3197 2199 Caio
3230 2156 3368 2214 papa

1765 2233 1844 2300 hi,
1885 2234 2262 2292 Marcellianus
2291 2245 2349 2292 et
2387 2237 2628 2305 Marcus,
2657 2238 2822 2294 simul
2869 2254 3090 2311 quoque
3117 2246 3175 2295 et
3210 2247 3370 2310 pater

1764 2343 1954 2384 eorum
1979 2329 2061 2384 vir
2089 2330 2427 2388 clarissimus
2468 2332 2922 2402 Tranquillinus,
2973 2334 3102 2390 item
3153 2333 3216 2389 Β.
3271 2333 3374 2390 Se-

1765 2422 2069 2488 bastianus,
2100 2433 2154 2478 et
2183 2423 2590 2494 pulcherrimus
2627 2426 2876 2496 juvenis,
2926 2426 3025 2481 sed
3071 2432 3132 2482 et
3179 2433 3368 2482 mente

1763 2513 2065 2586 pulchrior,
2099 2515 2158 2572 S.
2183 2515 2487 2587 Tiburtius,
2525 2526 2580 2573 et
2603 2517 2944 2574 Nicostratus
2969 2533 3037 2574 ex
3067 2517 3367 2589 primiscri-

1762 2607 1854 2663 nio
1884 2622 2006 2663 cum
2034 2610 2199 2665 fratre
2244 2624 2344 2666 suo
2381 2610 2656 2678 CaStorio,
2701 2619 2758 2667 et
2801 2625 2925 2666 cum
2955 2609 3190 2682 conjuge
3236 2625 3360 2680 sua,

1760 2699 1868 2757 Zoe
1893 2701 2146 2768 nomine;
2198 2703 2326 2759 item
2379 2701 2644 2760 Claudius
2685 2718 2812 2760 cum
2860 2704 3141 2760 Victorino
3187 2701 3362 2760 fratre

1759 2807 1861 2850 suo
1889 2803 2088 2852 etcum
2114 2796 2225 2852 ﬁlio
2275 2811 2376 2853 suo
2431 2794 2458 2834 ¹ι
2502 2797 2909 2870 Symphoriano
2962 2796 3058 2869 qui
3100 2797 3277 2853 fuerat
3324 2812 3358 2854 a

1759 2887 1952 2943 morbo
2003 2887 2263 2960 hydropis
2314 2887 2600 2945 liberatus.
2667 2888 2732 2945 Hi
2783 2897 3024 2956 tantum,
3084 2888 3362 2944 universis

1755 2995 1882 3038 cum
1913 2979 2229 3038 Chromatio
2258 2983 2755 3054 proficiscentibus,
2786 2997 2908 3038 cum
2940 2981 3073 3037 Caio
3096 2981 3358 3053 episcopo

1729 3088 1734 3092 ‘
1758 3086 2175 3144 remanserunt;
2203 3077 2442 3133 Marcum
2477 3087 2531 3132 et
2559 3077 2970 3132 Marcellianum
2995 3076 3233 3133 diaconii
3262 3060 3363 3134 hol-

1758 3185 1892 3225 nore
1938 3169 2322 3235 sanctificavit,
2376 3169 2814 3240 Tranquillinum
2865 3184 2997 3225 vero
3028 3179 3242 3241 patrem
3271 3185 3368 3226 eo-

63 3279 158 3335 qua
189 3265 357 3320 Caius
400 3265 694 3333 episcopus
725 3279 894 3334 agens
937 3280 1058 3334 qua:
1091 3263 1183 3319 Dei
1215 3271 1346 3318 sunt
1385 3264 1523 3318 intra
1553 3262 1650 3317 do-
1679 3270 1724 3333 c
1756 3279 1899 3331 rum,
1926 3263 2053 3320 fecit
2076 3264 2484 3336 presbyterum.
2513 3263 2571 3320 S.
2611 3263 2990 3318 Sebastianum
3023 3271 3227 3330 autem,
3270 3264 3369 3334 qui

61 3372 200 3411 mutu
225 3356 553 3424 Chromatii,
586 3355 686 3412 hac
712 3371 904 3412 omnes
933 3357 1235 3428 alloquitur
1263 3370 1429 3412 voce:
1467 3356 1650 3411 Domi-

61 3466 155 3507 nus
199 3460 393 3508 noster
438 3450 600 3507 Jesus
629 3449 882 3506 Christus
911 3451 1172 3521 praescius
1199 3449 1512 3522 fragilitatis
1543 3449 1647 3504 hu-

59 3559 226 3602 mana:
247 3546 388 3602 duos
409 3547 462 3602 in
490 3561 552 3603 se
578 3545 929 3602 credentibus
953 3546 1236 3601 constituit
1257 3545 1479 3617 gradus,
1512 3559 1647 3601 con—

56 3639 307 3698 fessionis
336 3639 548 3697 scilicet
575 3648 631 3696 et
660 3640 932 3712 martyrii,
962 3650 1020 3694 ut
1052 3639 1107 3695 hi
1134 3639 1224 3710 qui
1254 3638 1498 3711 martyrii
1524 3653 1650 3709 pon-

57 3731 151 3788 dus
166 3749 226 3790 se
248 3748 415 3805 posse
433 3732 680 3804 perferre
701 3731 1016 3803 desperant,
1043 3731 1403 3788 confessionis
1419 3730 1646 3802 gratiam

57 3832 291 3890 teneant,
323 3833 380 3880 et
411 3824 607 3881 dantes
653 3833 679 3873 8
703 3824 846 3881 latus
870 3825 1229 3890 bellantibus,
1264 3824 1470 3880 Christi
1497 3822 1647 3878 mili-

54 3925 183 3982 tum,
213 3921 301 3990 qui
341 3933 440 3987 pro
470 3917 589 3989 ejus
616 3928 743 3973 sunt
772 3919 998 3974 nomine
1028 3918 1342 3989 pugnaturi,
1375 3917 1647 3974 sollicitu-

54 4008 228 4066 dinem
269 4020 487 4082 gerant.
535 4010 774 4080 Pergaut
815 4011 998 4080 itaque
1037 4010 1127 4080 qui
1163 4009 1357 4064 volunt
1392 4025 1497 4064 una
1524 4024 1646 4065 cum

54 4102 178 4161 filiis
201 4105 408 4162 nostris
428 4103 748 4162 Chromatio
773 4113 830 4161 et
852 4103 1127 4172 Tiburtio,
1151 4115 1440 4161 eunecum
1469 4105 1522 4160 in
1545 4103 1647 4160 hac

54 4245 286 4320 Margum
317 4265 337 4303 :
391 4255 559 4304 recte.
611 4244 683 4302 Ita
713 4245 1024 4320 Vopiscus:
1059 4243 1197 4320 N_am_
1215 4252 1393 4320 contra
1423 4241 1631 4298 Diocle-

54 4315 242 4375 tianum
299 4320 478 4374 multis
537 4319 732 4384 prtzliis
776 4315 1030 4388 conflixit.
1090 4315 1198 4372 Sed
1228 4317 1412 4388 ultima
1455 4332 1632 4388 pugna

51 4392 188 4464 apud
207 4392 452 4464 Mergum
465 4391 732 4464 commissa
758 4387 1156 4464 occubuit.Alia
1180 4387 1632 4464 exemplarianha-

50 4457 174 4518 bent
200 4457 349 4535 apud
373 4463 642 4535 Martium.
679 4463 973 4535 Eutropius
996 4461 1092 4516 lib.
1123 4477 1177 4516 Ix
1207 4476 1220 4514 :
1267 4457 1458 4535 Postea
1485 4458 1635 4514 Cari-

1755 3357 1822 3413 ad
1849 3357 2141 3412 multorum
2177 3357 2483 3427 profectum
2523 3357 2626 3412 sub
2668 3356 2854 3428 specie
2888 3355 3100 3410 militia:
3137 3354 3366 3423 latebat,

1754 3448 2101 3505 defensorem
2132 3449 2398 3506 Ecclesiae
2426 3449 2682 3517 instituit,
2716 3458 2952 3505 caeteros
2980 3463 3114 3504 vero
3140 3447 3364 3504 subdia-

1754 3555 1926 3598 conos
1955 3542 2111 3598 fecit.

1826 3637 1917 3693 69.
1959 3636 2067 3694 Sed
2113 3636 2239 3709 quia
2282 3645 2430 3692 tutus
2473 3637 2652 3691 nullus
2683 3635 2916 3692 inveniri
2949 3644 3164 3706 poterat
3208 3633 3365 3690 locus

1754 3731 1821 3786 ad
1873 3732 2135 3787 latebram
2203 3730 2215 3768 ί
2279 3730 2698 3799 confovendum,
2759 3729 3115 3784 morabantur
3169 3741 3366 3783 omnes

1755 3825 1896 3895 apud
1942 3824 2222 3882 Castulum
2256 3823 2548 3896 quemdam
2596 3821 2961 3877 Christianum
3020 3821 3034 3872 i
3093 3821 3358 3876 zetarium

1755 3917 1940 3988 palatii
1978 3918 2104 3988 :qui
2137 3915 2394 3972 Castulus
2421 3914 2622 3970 ibidem
2655 3914 2708 3970 in
2740 3914 2963 3985 palatio,
3005 3913 3059 3968 in
3087 3911 3358 3984 superiori

1752 4009 1873 4066 loco
1909 4019 1962 4066 et
2012 4009 2173 4065 valde
2222 4007 2494 4064 altissimo
2543 4007 2942 4062 commonebat.
3002 4005 3129 4062 ldeo
3173 4014 3357 4062 autem

1754 4105 1872 4161 hazc
1900 4115 2023 4176 apta
2055 4104 2266 4160 mansio
2297 4103 2650 4175 probabatur,
2701 4103 2826 4174 quia
2854 4112 2909 4159 et
2939 4103 3057 4173 ipse
3101 4101 3362 4159 Castulus

1813 4254 1835 4281 ο
1880 4243 2068 4298 Insulae
2115 4242 2168 4296 in
2219 4241 2449 4298 urbibus
2498 4249 2628 4296 sunt
2679 4239 2875 4295 domus
2927 4240 3173 4310 undique
3219 4239 3358 4297 vicis

1738 4314 1956 4380 clausae,
1987 4323 2152 4385 atque
2183 4314 2252 4370 ab
2277 4313 2400 4369 aliis
2431 4322 2722 4382 separatae,
2773 4311 2849 4385 uti
2905 4312 3132 4385 marina:
3165 4311 3358 4368 insula:

1741 4387 1980 4457 undique
2009 4383 2164 4454 aquis
2187 4385 2526 4440 ambiuntur.
2557 4384 2853 4439 Suetonius
2883 4385 2934 4437 in
2967 4383 3208 4457 Nerone,
3228 4398 3353 4454 cap.

1741 4457 1811 4514 i6
1837 4477 1850 4512 :
1877 4455 1921 4512 et
1949 4465 2002 4511 ut
2026 4465 2147 4512 ante
2169 4457 2370 4512 insulas
2388 4473 2452 4510 ac
2476 4457 2655 4510 domos
2677 4456 2912 4528 porticus
2925 4465 3113 4528 essent,
3143 4455 3209 4509 de
3224 4472 3356 4527 qua-

50 4551 167 4589 num
191 4527 333 4590 onmi
359 4536 479 4590 odio
506 4545 553 4588 et
568 4527 908 4589 detestatione
928 4533 1193 4600 viventem,
1223 4529 1634 4603 apud-Mergum
1665 4533 1712 4592 Π
1737 4546 1855 4603 rum
1890 4529 2097 4603 solariis
2145 4527 2767 4603 incendiauarcerentur;
2801 4538 2856 4582 et
2902 4527 2956 4603 in
3005 4527 3174 4603 .Iulio,
3227 4541 3352 4603 cap.

49 4606 236 4680 ingenti
279 4607 631 4680 prrvliovicit,
669 4606 937 4680 proditum
976 4604 1040 4658 ab
1070 4606 1451 4680 exercitu__suo_,
1485 4619 1635 4680 quem

51 4673 309 4749 fortiorem
336 4677 584 4741 habebat,
618 4673 769 4732 certe
814 4675 1094 4749 desertum,
1130 4677 1265 4749 inter
1301 4673 1635 4749 Yiminatium

49 4745 195 4821 atque
220 4754 448 4806 Aureum
471 4760 712 4805 montem.
737 4749 988 4821 Aurelius
1005 4747 1192 4821 Victor
1208 4747 1275 4821 de
1296 4745 1632 4821 Cresaribus:

49 4816 360 4892 4t'Carinus
389 4823 476 4876 ubi
506 4821 741 4876 Moesiam
771 4820 1006 4892 contigit,
1039 4817 1180 4873 illico
1213 4816 1453 4892 M‘argttm
1475 4818 1634 4887 juxta

49 4891 371 4948 Diocletiano
417 4908 736 4966 congressu},
784 4887 929 4944 dum'
952 4892 1108 4966 uictos
1154 4887 1303 4966 auiae
1335 4887 1629 4966 :prenterft,

47 4980 254 5019 suorum
278 4968 384 5020 ictu
413 4957 624 5019 intei'iit.
655 4961 870 5032 Margus
899 4964 1032 5017 urbs
1057 4971 1174 5016 erat
1198 4961 1425 5026 Mmsize,
1453 4966 1510 5013 et
1534 4957 1634 5012 flu-

47 5050 191 5103 men,
226 5038 362 5092 utin
394 5036 574 5092 tabula
607 5035 881 5091 itineraria
913 5033 1102 5088 videre
1129 5041 1233 5086 est.

116 5117 142 5145 ⁸
179 5101 260 5164 ita
299 5109 542 5178 plerique
591 5105 810 5178 codices
857 5119 1073 5178 attines.
1108 5103 1428 5178 Legendum.
1468 5101 1630 5178 forte,

53 5173 371 5234 Maximo-et
396 5173 664 5251 Aquilino,
709 5177 811 5232 nisi
844 5173 1536 5251 Maximianusﬂerculetts_
1556 5173 1632 5227 illi

46 5251 383 5322 subrogatus.
410 5244 500 5321 qui
522 5248 963 5322 annosequenti,
985 5245 1184 5301 Christi
1209 5246 1314 5302 287
1337 5244 1632 5300 secunduut

49 5316 382 5377 consulatum
411 5316 648 5392 gessisse
675 5321 904 5392 legitur._
922 5316 972 5371 ls
993 5331 1132 5392 ergo
1151 5332 1295 5372 coss.
1320 5332 1443 5374 cum
1472 5328 1634 5384 supe-

49 5393 192 5449 riore
219 5410 361 5448 anno
382 5387 593 5448 occisus
612 5387 758 5447 esset
783 5389 1026 5456 Carinas,
1052 5387 1348 5446 vehemens
1362 5394 1636 5443 commota

49 5464 354 5534 persecutio
381 5465 433 5518 in
462 5462 780 5534 Occidente.

114 5536 142 5574 δ
179 5536 256 5592 ita
284 5536 340 5591 S.
373 5535 664 5606 Gregorius
703 5533 1010 5589 Turonens.
1044 5532 1140 5587 lib.
1186 5547 1202 5587 ι
1252 5531 1390 5606 Hist.
1433 5527 1631 5606 Fraync.

47 5621 168 5678 cap.
207 5610 262 5664 5.
301 5606 398 5662 Hic
447 5602 641 5678 (Chus)
682 5606 889 5678 primus
929 5606 1282 5678 statuncula»:
1310 5602 1634 5678 adorandan

49 5676 241 5733 diaboli
269 5673 933 5750 instiga'tioneconstituit.
985 5676 1091 5734 Alii
1137 5676 1522 5750 statunculum,
1557 5673 1634 5727 le-

47 5761 197 5818 gunt,
239 5762 293 5805 et
311 5747 632 5816 staitculum,
656 5750 730 5804 uti
756 5760 810 5806 et
841 5748 948 5816 hic,
973 5762 1162 5821 estque
1183 5748 1414 5821 staticuli
1437 5760 1633 5821 nomen

51 5821 212 5891 etiam
225 5821 559 5880 Tertulliauo
585 5829 926 5891 usurpatum.
954 5818 1218 5880 Brechtus
1243 5841 1253 5877 :
1278 5818 1631 5887 statiunculis,

50 5889 146 5946 hoc
185 5903 282 5960 est,
313 5895 484 5966 parvis
511 5889 773 5950 idolorum
800 5894 1006 5949 statuis.

1739 4602 1803 4656 Η
1837 4619 1852 4654 :
1904 4599 2192 4654 Recensum
2236 4601 2416 4670 papuli
2462 4617 2556 4653 nec
2601 4615 2745 4652 more
2775 4615 2869 4670 nec
2899 4599 3014 4653 loco
3044 4600 3220 4666 solito,
3254 4601 3346 4653 sed

1737 4673 2064 4743 vicatimgper
2090 4671 2326 4725 dominos
2353 4672 2648 4725 insularum
2677 4672 2803 4743 egit.
2839 4669 2896 4724 lu
2929 4671 3098 4724 veteri
3128 4670 3342 4743 descri-

1740 4745 1922 4813 ptione
1954 4742 2115 4814 Urbis
2158 4744 2224 4796 ad
2270 4743 2509 4814 singulas
2543 4742 2818 4813 regiones,
2851 4757 3113 4797 numerus
3159 4742 3346 4811 eXpri-

1739 4815 1910 4870 mitur
1951 4813 2268 4868 insularum.

1809 4883 1837 4922 ἀ
1896 4885 2017 4952 AL,
2073 4885 2347 4955 nymphas.
2408 4883 2464 4938 In
2520 4885 2710 4941 eadem
2761 4883 3135 4955 descriptione
3179 4881 3343 4938 Urbis

1737 4965 1939 5082 praeter
1997 4956 2176 5010 balnea
2229 4956 2473 5028 lacusque
2519 4956 2729 5028 aliquot
2779 4966 3140 5012 recensentur
3197 4970 3345 5025 nym-

1740 5045 1912 5082 arma.

1794 5045 1912 5084 una.

1738 5047 1969 5154 pugnari].
1994 5142 2008 5165 ,
2045 5099 2184 5170 quod
2207 5100 2345 5156 latex
2368 5099 2684 5171 subter/luit,
2709 5100 2763 5153 in
2783 5113 2884 5170 quo
2916 5107 3024 5152 erat
3045 5095 3205 5151 “latice
3229 5097 3342 5168 pis-

1739 5172 1856 5242 cis,
1879 5182 2029 5242 etc,
2045 5174 2226 5242 inepte
2254 5183 2513 5242 corrupta
2545 5171 2726 5226 tectio.

1815 5241 1834 5280 ί
1878 5244 1978 5299 Ms.
2007 5239 2159 5310 Rip.,
2190 5239 2533 5311 recreandos;
2560 5243 2661 5309 al.,
2685 5239 3091 5310 conﬁrmandos.

1810 5323 1837 5363 8
1877 5315 1963 5369 Al.
1983 5355 1999 5380 ,
2025 5312 2216 5369 locum.

1811 5385 1836 5421 ³³
1873 5385 1946 5455 Is,
1971 5400 2156 5456 supra,
2184 5382 2539 5441 Felicissimus
2562 5382 2825 5456 appellari
2849 5380 3082 5456 videtur.
3109 5383 3179 5438 At
3200 5400 3336 5456 mss.

1737 5452 1940 5514 omnes
1980 5452 2341 5527 praeterquam
2391 5452 2696 5526 Ripatorii,
2755 5452 3200 5527 Sympltorianum
3253 5455 3341 5510 hic

1739 5528 1957 5595 habent,
1981 5525 2148 5598 quem
2193 5525 2282 5583 alii
2316 5525 2833 5600 Symp/ironianum,
2862 5525 2954 5600 alii
2996 5525 3333 5600 Sytnpronia-

1736 5616 1860 5654 num
1889 5596 2101 5655 vocant.
2132 5596 2430 5667 inscriptus
2449 5596 2550 5655 est
2579 5596 2978 5669 Martyrologiis
3023 5596 3055 5654 7
3104 5597 3258 5666 Julii,
3283 5609 3339 5654 at

1737 5669 2098 5726 Felicissimus
2125 5681 2180 5726 et
2211 5669 2365 5726 Felix
2394 5669 2429 5724 Ξ
2465 5670 2714 5741 ejusdem.

1816 5743 1828 5780 ί
1881 5744 1982 5800 Ms.
2007 5742 2133 5813 Rip.
2165 5742 2533 5797 contuendum.

1813 5818 1828 5866 t
1879 5815 2022 5883 Quid
2063 5812 2186 5886 aeta:
2213 5815 2323 5868 sint
2349 5824 2441 5869 aut
2488 5822 2652 5882 smne,
2695 5812 2899 5886 quibus
2938 5813 3164 5871 zetarius
3197 5825 3339 5884 prte-

1742 5896 1884 5956 erat,
1918 5902 2080 5960 supra
2109 5885 2315 5943 dictum
2338 5893 2423 5945 est
2449 5886 2515 5944 ad
2542 5899 2664 5958 cap.
2694 5885 2750 5945 '5.
