3958 6314
586 321 720 382 1031

1585 314 1934 383 APPENDIX
1974 321 2068 382 AD
2106 315 2339 384 omni
2380 327 2440 384 s.
2487 323 2828 386 ιιιιθιιοδιι.

3705 339 3818 395 illi!

579 463 702 502 Cttttt
731 445 843 501 Sitis
867 445 1115 500 omnibus
1139 444 1629 499 citt'iSlittniSsilllus
1653 453 1806 512 eral;
1844 449 1898 499 et
1929 444 2011 500 lea
2055 444 2176 498 data
2207 445 2261 506 Α
2286 443 2657 515 ιιιιιιςῳιὶηιμιο
2697 444 2763 498 ad
2814 443 3049 514 palmam
3101 445 3333 517 martyrii
3372 450 3574 505 venerit
3617 460 3820 508 tantum-

580 541 649 597 de
677 539 960 596 sacrificiis
991 555 1112 595 eum
1147 540 1346 611 ubique
1376 541 1456 593 sui
1510 539 1725 594 fervore
1770 540 2091 606 desmviret,
2129 541 2181 592 in

579 635 686 689 illis
721 635 809 704 qui
836 633 1037 704 palatio
1059 631 1436 697 adhaerebant,
1467 634 1594 703 quia
1622 647 1720 688 nec
1743 634 1984 701 suspicio
2010 632 2074 686 de
2104 633 2186 686 eis

578 741 702 782 esse
733 738 982 796 poterat,
1027 725 1329 780 celabatur.
1386 726 1556 780 Erant
1599 742 1752 795 ergo,
1808 731 1867 780 ut
1919 725 2182 791 diximus,

579 833 773 874 omnes
797 820 847 872 lti
883 827 1159 874 moratttes
1190 834 1312 873 cum
1338 829 1528 873 sancto
1559 833 1692 889 papa
1722 815 1856 873 Caio
1882 818 2024 889 apud
2055 815 2188 872 Cas-

580 912 752 967 tulum
787 913 1072 978 zetarium,
1107 913 1161 966 in
1203 912 1334 984 ipsis
1367 912 1740 982 superioribus
1771 912 1973 982 palatii,
2019 919 2072 965 et
2099 911 2188 966 die

564 1015 856 1076 noctuque
885 1005 1176 1076 gemitibus
1226 1021 1290 1061 ac
1346 1005 1586 1072 ﬂetibus,
1648 1013 1703 1061 et
1750 1005 1974 1076 jejuuiis
2027 1013 2189 1076 atque

581 1099 922 1154 orationibus
947 1101 1224 1170 occupati,
1273 1100 1573 1155 exorabant
1618 1099 1926 1168 Dominum,
1962 1107 2020 1154 ut
2042 1098 2188 1170 digni

581 1193 914 1247 haberentur
945 1194 1232 1248 tolerantia
1263 1193 1626 1249 confessionis
1656 1195 1798 1264 ejus,
1853 1195 1905 1250 in
1956 1207 2186 1253 numero

581 1297 898 1340 sanctorum
932 1293 1236 1358 martyrum
1273 1287 1491 1342 sociari.

655 1381 741 1436 70.
787 1381 1172 1435 Ascendebaut
1213 1391 1392 1437 autem
1439 1381 1505 1438 ad
1547 1396 1646 1438 eos
1695 1383 1907 1439 occulte
1951 1384 2188 1455 religiosi

582 1473 688 1528 viri
723 1481 776 1530 et
807 1472 1076 1545 religiosa:
1106 1475 1345 1541 fetnium,
1381 1484 1436 1531 et
1463 1491 1492 1530 a
1522 1475 1743 1532 Sanctis
1790 1477 2036 1532 diversas
2085 1477 2186 1534 sibi

579 1569 873 1623 sanitatum
914 1570 1121 1640 gratias
1171 1571 1558 1640 impetrabant.
1592 1571 1992 1627 Corroboratos
2031 1585 2189 1627 nam-

580 1675 689 1731 que
718 1677 858 1717 vera:
893 1663 1016 1717 ﬁdei
1054 1665 1310 1720 ﬁrmitate
1349 1673 1403 1720 et
1433 1664 1666 1720 solidato
1707 1665 2059 1720 fundamento
2084 1667 2191 1721 vir-

584 1765 783 1818 tutum,
810 1758 1104 1810 sanitatum
1139 1760 1314 1828 gratia
1348 1759 1806 1828 prosequebatur.
1833 1760 1964 1814 Nam
1997 1771 2050 1815 et
2082 1777 2189 1814 cze-

2287 537 2448 591 modo
2496 538 2844 608 explicemus.
2878 535 3197 592 lleatissima
3243 539 3345 594 Zoe
3385 540 3431 596 in
3468 543 3814 611 Apostolorum

2289 633 2466 688 natale
2494 633 2622 686 duttt
2655 635 2720 686 ad
2742 631 3196 689 l'Conl'essionem
3239 633 3368 689 Petri
3388 639 3607 707 apostoli
3637 653 3814 707 oraret,

2288 727 2357 781 ab
2408 727 2785 782 insidiantibus
2842 729 3063 798 paganis
3116 737 3349 784 arctatur
3374 769 3388 795 ,
3419 731 3734 804 .duciturque
3767 738 3814 792 ad

2289 831 2572 890 patronum
2602 821 2841 892 regionis
2863 831 2884 860 ε
2903 820 3271 888 Naumachiae,
3301 833 3354 878 et
3377 825 3696 894 compellitur
3713 827 3817 882 lar.

2287 913 2358 967 tis
2383 909 2408 948 ἀ
2448 914 2779 981 statunculo,
2813 913 2954 983 quod
2987 913 3100 969 illic
3135 917 3337 979 sntiat,
3370 915 3527 971 thuris
3563 928 3730 988 guttas
3754 922 3814 976 ιι.

2289 1005 2541 1062 cendere.
2573 1005 2709 1061 Tum
2751 1007 2837 1061 illa
2871 1008 3152 1078 respondit
3182 1027 3193 1060 :
3224 1008 3486 1064 Mulierem
3512 1010 3662 1066 Marti
3687 1017 3815 1068 sacri-

2291 1101 2456 1154 ﬁcare
2503 1101 2862 1171 compellitis,
2915 1109 2972 1156 ιιι
3022 1104 3324 1159 ostendatis
3368 1103 3575 1160 Martem
3624 1118 3813 1164 vestru-

2293 1189 2614 1248 mulieribus
2641 1191 2917 1250 delectari.
2947 1195 3052 1252 Sed
3096 1196 3186 1250 ille
3217 1196 3637 1267 impudicissimz
3667 1201 3814 1258 Veneri

2291 1290 2465 1358 potuit
2495 1289 2754 1358 pudorem
2783 1291 2994 1362 eripere
3016 1333 3030 1358 ,
3054 1293 3186 1346 mihi
3219 1307 3347 1348 vero
3385 1304 3629 1364 tropaeum
3660 1297 3759 1352 ﬁdei
3779 1299 3813 1353 ὴ

2292 1381 2471 1436 fronte
2502 1384 2735 1452 portanti
2767 1399 2873 1438 non
2910 1383 3109 1454 poterit
3135 1386 3447 1454 praevalere.
3472 1386 3578 1442 Non
3605 1392 3816 1462 enisz

2293 1473 2430 1528 meis
2453 1484 2640 1529 contra
2661 1490 2791 1530 eum
2825 1476 3035 1531 viribus
3063 1477 3277 1542 luctor;
3308 1479 3402 1533 sed
3432 1481 3482 1532 ln
3520 1478 3718 1534 Domini
3745 1485 3816 1538 mei

2293 1565 2420 1622 Jesu
2454 1569 2652 1623 Christi
2683 1570 2880 1626 virtute
2904 1567 3206 1637 conﬁdens,
3229 1579 3288 1625 et
3313 1585 3410 1626 vos
3431 1579 3487 1626 et
3511 1573 3652 1627 illum
3671 1575 3817 1642 pariter

2294 1661 2522 1716 ridendo
2549 1673 2860 1718 contenmo.
2885 1662 3036 1719 Tunc
3065 1675 3326 1733 patronus
3347 1666 3574 1736 regionis
3593 1669 3724 1721 misit
3738 1683 3819 1723 sata

2295 1756 2348 1810 in
2390 1756 2695 1811 custodiam
2742 1757 3219 1826 obscurissimam,
3251 1769 3304 1814 et
3347 1773 3441 1830 per
3498 1759 3711 1831 quinque
3741 1763 3820 1815 diu

581 1865 772 1906 eorum
802 1851 943 1905 oculi
967 1851 1410 1907 tlluutinabantur
1428 1867 1620 1908 eorum
1647 1856 1918 1924 precibus.
1948 1867 2004 1912 et
2027 1871 2188 1911 sana-
2222 1842 2269 1902 Β
2295 1847 2419 1904 fecit
2452 1863 2571 1904 eam
2616 1863 2717 1904 nec
2746 1849 2927 1905 lumen
2959 1850 3164 1917 videre,
3203 1863 3301 1907 nec
3347 1855 3525 1906 cibum
3572 1865 3664 1907 ne:
3688 1861 3822 1922 μιν·

583 1940 783 1996 bantnr
812 1943 1036 2008 iutirtni,
1085 1954 1139 1998 et
1183 1960 1250 2000 ex
1287 1947 1526 2000 obsessis
1555 1946 1880 2017 cotporibus
1910 1945 2189 2004 dzemones

585 2038 963 2107 pellebantur.

655 2127 743 2184 7i.
780 2130 989 2185 Interea
1022 2131 1148 2186 dum
1178 2132 1293 2189 haec
1315 2143 1570 2205 aguntur,
1609 2137 1879 2192 transiens
1903 2137 1964 2192 Β.
1986 2135 2188 2194 Tibur-

583 2225 694 2278 tius
719 2228 964 2281 occurrit
1001 2226 1203 2282 homini
1237 2230 1328 2300 qui
1370 2229 1439 2285 de
1468 2230 1579 2285 alto
1609 2229 1815 2300 lapsus,
1861 2238 1914 2286 et
1945 2245 2104 2302 caput
2135 2241 2188 2289 et

583 2317 765 2371 omnia
797 2317 1037 2373 membra
1069 2329 1450 2390 quassaverat,
1487 2321 1558 2376 ita
1584 2329 1641 2376 ut
1671 2321 1741 2376 de
1771 2324 1885 2376 sola
1913 2325 2189 2392 sepultura

579 2411 700 2482 ejus
733 2425 959 2484 agerent
989 2415 1062 2479 hi,
1092 2431 1324 2486 quorum
1384 2416 1526 2471 filius
1573 2431 1696 2472 esse
1743 2417 2184 2488 dignoseebatur.

579 2504 734 2561 Tunc
752 2505 880 2561 dicit
906 2505 986 2561 eis
1013 2505 1268 2563 ﬂentibus
1294 2527 1306 2562 :
1341 2509 1646 2565 Permittite
1681 2525 1768 2565 me
1794 2518 1822 2548 κ
1855 2516 2192 2581 prteeantare

579 2597 660 2661 ei,
719 2597 942 2654 forsitan
990 2602 1334 2670 recuperauit
1363 2601 1676 2657 sanitatem.
1709 2601 1956 2672 Cumque
1999 2617 2190 2660 omnes

582 2691 866 2748 dedissent
895 2695 1154 2764 spatittm,
1189 2696 1421 2751 accessit
1449 2695 1600 2766 juxta
1630 2710 1777 2763 eum,
1805 2705 1859 2752 et
1888 2697 2077 2752 dicens
2101 2711 2192 2752 sit-

584 2799 676 2857 pra
721 2787 944 2842 vulnera
1003 2789 1121 2858 ejus
1166 2790 1312 2844 lente
1369 2789 1682 2846 orationem
1745 2790 2084 2846 Dominieam
2138 2799 2193 2846 et

581 2880 914 2952 symbolum,
945 2882 1014 2937 ita
1048 2882 1280 2938 solidata
1330 2893 1456 2938 sunt
1503 2899 1625 2940 ossa
1673 2884 1812 2954 ejus,
1861 2893 1918 2940 et
1946 2891 2107 2955 caput
2137 2892 2194 2940 et

579 2974 767 3028 omnia
795 2974 1028 3044 viscera,
1057 2988 1114 3030 ut
1151 2977 1302 3046 quasi
1333 2977 1467 3032 nihil
1507 2979 1556 3033 ei
1587 2978 1885 3044 evenisset,
1920 2977 1992 3033 ita
2018 2975 2192 3034 iactus

585 3068 657 3122 sit
689 3069 999 3124 incolumis.

659 3160 749 3216 72.
798 3159 923 3218 llu-c
955 3164 1140 3234 itaque
1170 3181 1290 3221 cum
1323 3164 1544 3223 fecisset
1576 3170 1743 3239 cmpit
1772 3169 1872 3225 ire.
1907 3167 2189 3226 Tenebant

585 3261 765 3309 autem
798 3257 949 3311 illum
981 3269 1234 3328 parentes
1266 3260 1387 3325 ejus
1428 3262 1673 3317 dicentes
1705 3279 1719 3318 :
1771 3261 1907 3317 Veni
1947 3270 2004 3317 et
2053 3263 2190 3318 habe

585 3365 712 3406 cum
744 3365 961 3407 servum
991 3363 1046 3407 et
1069 3354 1248 3408 omnia
1279 3355 1417 3410 bona
1443 3365 1626 3410 nostra
1656 3356 1750 3412 tibi
1779 3356 2043 3411 tradimtts
2068 3369 2190 3410 cum

587 3457 674 3508 eo,
724 3445 847 3514 quia
897 3445 1072 3514 ipsum
1124 3447 1363 3517 unicum,
1418 3455 1579 3519 quem
1627 3447 1985 3516 habebamus,
2035 3447 2192 3503 nobis

582 3539 695 3607 jam
729 3549 1001 3594 mortuum
1033 3540 1312 3597 reddidisti
1340 3545 1541 3597 vivum.
1574 3543 1705 3598 Dicit
1735 3543 1852 3598 eis:
1886 3541 1943 3596 Si
1976 3555 2040 3596 ea
2073 3553 2192 3612 quae

590 3630 745 3684 vobis
786 3629 979 3687 dixero
1035 3633 1296 3695 feceritis,
1350 3635 1530 3704 magni
1591 3634 1820 3704 pendant
1881 3634 2191 3689 mercedem

587 3724 840 3778 sanitatis
867 3725 1048 3796 hujus.
1087 3727 1281 3782 Dicunt
1307 3730 1353 3783 ei
1389 3737 1645 3798 parentes
1689 3731 1807 3799 ejus
1838 3747 1850 3783 :
1881 3728 2195 3799 Nosmetip-

588 3829 678 3871 sos
710 3815 756 3872 si
778 3833 970 3873 servos
1015 3817 1217 3875 habere
1247 3818 1510 3890 digneris,
1541 3823 1816 3876 contraire
1860 3835 1965 3874 non
1997 3833 2194 3892 possu-

592 3929 714 3970 mus
741 3934 752 3969 :
787 3917 916 3985 quin
949 3917 1117 3972 immo
1147 3927 1200 3972 et
1230 3927 1507 3987 Optamus,
1531 3918 1577 3972 si
1597 3917 1714 3988 ipse
1741 3917 2077 3988 iudicaveris
2109 3916 2192 3972 di-

588 4021 775 4076 gnum.
809 4006 962 4063 Tunc
1005 4006 1424 4080 apprehendens
1465 4023 1656 4065 manus
1689 4023 1899 4075 eorum,
1945 4023 2193 4080 segrega-

592 4103 666 4153 vit
695 4115 790 4157 cos
834 4118 864 4156 a
896 4102 1097 4185 turbis,
1135 4115 1188 4159 et
1218 4104 1482 4159 indieavit
1527 4105 1606 4158 eis
1652 4105 1904 4159 virtutem
1958 4102 2197 4158 nominis

592 4193 816 4250 Christi.
853 4196 920 4250 Et
949 4196 1136 4251 videns
1166 4198 1409 4253 animum
1449 4212 1639 4253 eorum
1671 4197 1837 4252 fixum
1884 4197 2101 4252 fortiter
2141 4197 2197 4252 in

595 4286 791 4344 timore
843 4288 1080 4353 Domini,
1113 4290 1364 4358 perduxit
1395 4305 1492 4346 eos
1543 4291 1610 4344 ad
1663 4305 1854 4361 papam
1910 4289 2100 4347 Caium
2143 4299 2201 4347 et

597 4381 780 4436 dixit:
831 4379 1174 4437 Venerabilis
1231 4399 1368 4454 papa
1420 4399 1484 4438 ac
1511 4383 1706 4439 divina:
1757 4385 1889 4454 legis
1933 4386 2198 4453 antistes,

595 4491 724 4532 ecce
750 4492 888 4547 quos
921 4492 1020 4547 per
1067 4494 1152 4534 me
1193 4477 1357 4534 hodie
1404 4479 1642 4534 lucratus
1693 4490 1777 4534 est
1822 4479 2092 4547 Christus,
2146 4480 2199 4537 in

2294 1936 2562 2012 accipere.
2587 1941 2772 1998 Solum
2804 1957 2907 1998 vox
2935 1945 3055 2014 ejus
3082 1947 3174 2016 qui
3197 1959 3317 2000 eam
3349 1945 3460 2000 illic
3483 1946 3745 2002 incluserat
3761 1961 3826 2000 τι»

2293 2035 2544 2090 diebatur
2572 2035 2805 2091 dicentis
2826 2051 2838 2091 :
2859 2035 2933 2092 lbi
2967 2037 3218 2093 morieris
3248 2037 3412 2104 fame,
3437 2052 3490 2094 et
3521 2037 3694 2104 siti,et
3716 2041 3826 2092 caci-

2295 2139 2426 2190 tate,
2462 2129 2564 2183 nisi
2595 2138 2647 2183 te
2676 2128 2958 2184 libaturam
2988 2132 3371 2200 repromitteria
3395 2131 3518 2187 diis.

2301 2237 2326 2274 ·,
2367 2221 2456 2277 74.
2488 2222 2595 2278 Sed
2622 2237 2746 2277 eutn
2778 2223 3199 2292 pertransissent
3234 2239 3330 2280 sex
3360 2226 3478 2280 dies
3511 2237 3826 2297 suggesserat

2295 2315 2451 2370 dera
2483 2319 2734 2386 praefecto
2763 2318 3005 2372 saevienti
3039 2333 3054 2372 :
3089 2317 3178 2388 qui
3219 2318 3384 2388 jussit
3427 2333 3548 2374 eam
3592 2336 3619 2372 a
3656 2321 3766 2374 uoltu
3790 2334 3826 2374 et

2292 2409 2502 2478 capillis
2533 2410 2584 2464 in
2613 2409 2863 2464 arborem
2890 2409 3162 2464 excelsam
3203 2411 3465 2481 suspendi
3493 2422 3548 2466 et
3587 2413 3746 2467 subter
3775 2413 3825 2465 la-

2295 2517 2440 2557 munt
2471 2515 2536 2557 ea
2573 2504 2917 2572 sterquilinio
2943 2503 3210 2558 adhiberi.
3236 2504 3428 2560 Statim
3457 2517 3637 2560 autem
3677 2515 3724 2560 ut
3749 2520 3826 2561 Ill

2294 2608 2460 2666 pensa
2482 2605 2585 2657 est,
2613 2595 2666 2648 itt
2704 2593 3050 2650 coitfessione
3091 2595 3304 2652 Domini
3338 2598 3521 2651 emisit
3559 2607 3586 2634 ⁸
3618 2599 3826 2668 spiritu.

2297 2686 2380 2742 Illi
2409 2697 2596 2742 autem
2629 2685 2944 2742 auferentes
2974 2701 3176 2756 corpus
3198 2688 3319 2757 ejus
3349 2703 3485 2744 saxo
3513 2690 3827 2761 ligavemtet

2294 2780 2508 2836 Tiberis
2539 2782 2699 2836 alveo
2731 2783 3144 2850 intmerserunt,
3177 2783 3424 2839 dicentes
3458 2782 3575 2838 :Ne
3594 2783 3826 2839 Cbrisﬁal'

2293 2888 2494 2944 corpus
2525 2876 2646 2943 ejus
2676 2875 2894 2940 tollant,
2927 2884 2985 2929 et
3023 2875 3223 2930 faciant
3252 2875 3356 2929 sibi
3388 2877 3532 2930 illam
3561 2876 3731 2931 deant.

2367 2969 2456 3024 75.
2490 2970 2658 3039 Igitur
2687 2969 2969 3026 celebrato
2999 2971 3266 3042 martyrio
3304 2971 3447 3039 ejus,
3482 2971 3696 3026 venitis
3731 2983 3825 3024 εω-
3914 3023 3915 3030 η

2295 3064 2379 3118 nis
2411 3061 2471 3116 Β.
2498 3062 2844 3126 Sebastiano,
2870 3073 2926 3117 et
2950 3065 3195 3117 narravit
3223 3065 3273 3117 ei
3303 3063 3538 3133 qualiter
3567 3064 3825 3136 martyriua

2295 3156 2514 3210 Domini
2550 3157 2906 3227 suscepisset.
2938 3154 3092 3223 Quod
3129 3171 3252 3218 cum
3301 3166 3583 3210 narrasset
3617 3156 3668 3212 ὃ.
3709 3156 3824 3212 δεδι·

2298 3249 2534 3313 stianus,
2564 3247 2834 3319 proripuit
2869 3262 2930 3302 se
2957 3249 3016 3303 S.
3050 3247 3503 3317 Tranquillinus,
3531 3247 3709 3302 dicens
3733 3265 3743 3298 :
3767 3246 3828 3301 fe

2298 3343 2458 3398 mina:
2485 3342 2552 3396 ad
2577 3356 2838 3398 coronam
2869 3339 3212 3411 praecedunt,
3239 3348 3297 3395 ut
3323 3339 3459 3410 quid
3486 3339 3827 3408 vivimusllpa

2295 3449 2514 3506 qucque
2536 3435 2880 3490 descendens
2903 3433 3294 3502 Apustolorum
3321 3435 3556 3490 natalitii
3577 3447 3744 3490 octavo
3757 3435 3826 3498 die,

2297 3532 2363 3584 ad
2396 3530 2457 3585 Β.
2491 3530 2642 3584 Pauli
2681 3528 3095 3585 Confessionem
3134 3531 3374 3585 accessit
3406 3529 3766 3585 :niltilominas
3795 3539 3830 3583 et

2296 3627 2415 3698 ipse
2469 3641 2764 3698 perpessus
2821 3627 3048 3682 insidias
3098 3634 3282 3682 tentus
3311 3638 3416 3688 est.
3455 3637 3562 3682 eta
3595 3628 3764 3696 popqu
3782 3626 3827 3677 Ia-

2297 3721 2516 3794 pidatus
2548 3721 2567 3760 τ
2595 3732 2845 3778 mortuus
2871 3732 2952 3776 est
2971 3761 2986 3789 ,
3017 3733 3074 3778 ct
3092 3737 3294 3794 corpus
3324 3723 3446 3794 ejus
3479 3722 3719 3778 Tiberius
3743 3731 3830 3790 gar-

2297 3815 2394 3885 giti
2429 3817 2794 3886 mancipatum
2823 3825 2926 3871 est.

2372 3909 2460 3964 76.
2486 3909 2617 3964 Item
2648 3910 2987 3966 Nicostratus
3016 3919 3070 3965 et
3091 3908 3355 3966 Claudius
3377 3926 3489 3965 una
3511 3926 3630 3965 cum
3647 3907 3830 3964 Castori

2297 4011 2356 4060 et
2382 4003 2667 4059 Victorino
2699 4014 2754 4060 et
2781 4003 3221 4076 Sympltoriano,
3254 4003 3385 4058 dum
3419 4019 3649 4074 corpora
3671 4005 3831 4057 Sancta-
3910 4081 3911 4084 η

2301 4111 2420 4153 rum
2456 4111 2555 4169 per
2583 4112 2677 4152 ora
2709 4097 2969 4154 Tiberina
2998 4098 3368 4167 requirerent,
3401 4111 3435 4150 a
3465 4096 3829 4168 persecutum
3910 4137 3911 4144 η

2305 4193 2438 4249 tettti
2468 4203 2616 4260 sunt,
2641 4203 2694 4249 et
2720 4191 2786 4247 ad
2813 4191 2972 4248 Urbis
3004 4190 3324 4261 prmfectum
3356 4191 3630 4260 perducti.
3653 4191 3756 4245 Erat
3776 4189 3830 4258 ju-

2303 4288 2406 4341 dex
2439 4286 2734 4352 Fabianus,
2761 4285 2854 4353 qtti
2884 4301 2982 4340 eos
3011 4283 3339 4339 hortabatur
3371 4281 3440 4338 ad
3468 4283 3832 4342 sacriﬁcandum.

2302 4391 2356 4436 et
2389 4397 2484 4452 per
2511 4382 2701 4436 decem
2744 4381 2858 4436 dies
2888 4379 3054 4434 minis
3097 4393 3195 4434 eos
3233 4387 3287 4433 et
3319 4377 3608 4434 blanditiis
3645 4391 3776 4448 agens
3798 4373 3832 4428 is

2306 4477 2454 4534 nullo
2493 4475 2706 4546 penitus
2743 4474 2917 4545 potuit
2945 4487 3319 4528 commorere.
3351 4472 3512 4528 Tunc
3554 4473 3672 4528 fecit
3709 4473 3763 4525 de
3794 4471 3831 4521 is

597 4571 793 4638 quibus
822 4571 957 4628 ﬁdes
987 4590 1103 4629 mea
1134 4574 1281 4628 velut
1329 4575 1622 4630 arbuscula
1675 4576 1916 4641 novella,
1965 4577 2198 4647 primum
2227 4609 2279 4669 Ι)
2303 4571 2705 4643 suggestionem
2735 4565 3191 4640 imperatoribus,
3221 4566 3312 4637 qui
3347 4563 3631 4637 jusserunt
3667 4579 3744 4621 eos
3775 4575 3831 4663 ui-

599 4667 846 4734 prorupit
872 4667 924 4720 itt
952 4665 1210 4724 fructum.
1247 4667 1401 4724 Tunc
1427 4669 1483 4724 S.
1517 4669 1682 4724 Caius
1713 4670 2005 4742 episcopus
2034 4669 2204 4739 bapti-

598 4755 743 4812 zavit
790 4774 906 4822 eos,
961 4757 1064 4814 hoc
1105 4769 1210 4828 est,
1248 4761 1509 4831 juvenem
1552 4776 1674 4816 cum
1719 4760 2036 4833 parentibus
2067 4760 2202 4828 suis,

602 4854 713 4908 Deo
739 4854 946 4925 gratias
977 4852 1307 4910 referentes.

1224 4946 1454 5003 CAPUT
1486 4946 1605 5002 ΧΧ.

782 5041 889 5099 SS.
923 5042 1077 5110 Zoes,
1107 5040 1460 5112 Tranquillini
1496 5054 1543 5097 et
1572 5041 1798 5098 aliorum
1829 5044 2012 5100 credes.

675 5137 764 5191 73.
801 5136 997 5191 Verum
1027 5137 1153 5206 quia
1186 5136 1412 5192 multum
1449 5145 1534 5192 est
1571 5136 1617 5192 si
1657 5137 1887 5193 velimus
1922 5154 1984 5195 ea
2021 5155 2205 5210 prose-

603 5227 694 5298 qui
723 5245 842 5300 qua:
872 5237 927 5284 et
952 5237 1152 5300 quanta
1185 5243 1280 5300 per
1318 5241 1414 5285 eos
1452 5228 1640 5286 fecerit
1669 5227 1941 5295 Christus,
1972 5234 2206 5304 qualiter

679 5395 704 5424 °
745 5387 834 5442 Al.
857 5429 870 5451 ,
904 5387 1200 5455 incantare;
1227 5390 1296 5445 al.
1319 5432 1333 5455 ,
1366 5387 1662 5443 decantare.

676 5457 704 5495 ι’
730 5457 1016 5532 Confessio
1045 5470 1124 5514 est
1159 5477 1285 5532 pars
1317 5463 1564 5532 ecclesire
1607 5461 1697 5515 tibi
1741 5470 2050 5518 sanctorum
2079 5478 2201 5521 cor-

612 5530 1078 5602 pora_quiescunt,
1102 5530 1169 5586 ac
1194 5532 1306 5588 fere
1336 5533 1438 5590 sub
1461 5531 1650 5602 majori
1682 5532 1862 5586 altari.

690 5610 722 5672 t'_
742 5599 934 5655 Plures
963 5601 1182 5657 fuerunt
1210 5605 1262 5658 itt
1295 5603 1439 5661 Urbe
1471 5599 1816 5658 Natttnacht'te
1835 5645 1850 5672 ,
1887 5603 2203 5663 Diocletiani

615 5670 837 5741 regione
893 5686 1072 5736 nona;
1128 5675 1246 5729 aliae
1303 5677 1457 5730 tertia
1508 5674 1758 5739 decima;
1821 5670 1940 5730 duae
1995 5677 2206 5735 decima

617 5749 980 5814 quartaﬂtrans
999 5741 1260 5798 Tiberim.
1286 5745 1352 5800 Et
1377 5749 1637 5802 Barontus
1659 5761 1748 5800 an.
1771 5745 1899 5807 286,
1918 5763 1971 5800 ιι.
2000 5749 2086 5814 1⁸5,
2106 5751 2209 5808 hoc

624 5822 774 5867 trans
797 5811 1040 5868 Tiberim
1081 5824 1292 5879 gestum
1337 5819 1552 5882 censet,
1592 5827 1644 5872 et
1675 5834 1807 5873 πονο
1834 5833 2050 5875 munera
2079 5811 2212 5878 tunc

630 5885 782 5942 certis
805 5885 932 5941 locis
951 5929 965 5956 ,
996 5886 1147 5942 certis
1173 5887 1461 5944 nominibus
1489 5888 1557 5944 ad
1597 5889 1929 5962 inquirendos
1957 5893 2214 5952 Christia-

2306 4681 2412 4737 que
2436 4666 2598 4721 tertio
2630 4667 2899 4733 torqueri.
2931 4662 3178 4730 Cumque
3204 4659 3356 4714 nulla
3385 4661 3601 4715 ratione
3622 4655 3831 4714 teneretis

2306 4757 2574 4828 compulsi
2597 4756 2879 4820 cederent,
2906 4754 3065 4826 juSSit
3087 4766 3185 4808 eos
3209 4754 3261 4806 in
3294 4749 3480 4806 medio
3508 4751 3638 4806 mari
3657 4749 3834 4821 praepi-

2307 4862 2393 4910 tes
2415 4852 2557 4908 dari.
2591 4850 2876 4906 lmmensis
2903 4849 3068 4918 igitur
3111 4848 3309 4902 arctati
3341 4845 3693 4916 ponderibus,
3717 4846 3833 4915 p213;

2309 4949 2564 5004 (litt-tibus
2589 4947 2700 5001 dati
2726 4952 2945 5009 suut,et
2976 4944 3027 4998 in
3058 4942 3180 4998 loco
3204 4941 3411 4996 mundo
3433 4942 3579 4997 inter
3601 4952 3834 5011 Saquasce

2307 5059 2498 5100 ronant
2526 5040 2768 5112 martyrii
2799 5037 3168 5094 celebrarunt.
3190 5033 3606 5089 lnsldiabantur
3624 5031 3834 5103 itaquris

2310 5137 2497 5194 ﬁdeles
2525 5135 2797 5202 fidelibus,
2829 5142 2880 5188 et
2910 5132 3096 5202 iniquo
3125 5125 3319 5184 furore
3348 5131 3531 5185 renti
3557 5127 3834 5184 christianum

2311 5249 2415 5291 non
2442 5237 2696 5304 poterant
2725 5242 2826 5283 nec
2857 5239 3054 5281 nomen
3077 5223 3293 5278 audire.

2302 5411 2395 5449 nos
2425 5391 2707 5455 distincta;
2736 5384 2908 5458 sicque
2949 5395 3007 5438 att
3045 5384 3137 5438 nni
3171 5381 3332 5458 Urbis
3376 5383 3581 5449 regioni
3619 5383 3832 5458 piame-

2302 5411 2395 5449 nos
2425 5399 2707 5455 distincta;
2736 5399 2908 5470 sicque
2949 5399 3007 5438 att
3035 5401 3136 5468 .nn't
3171 5399 3332 5468 ursas
3376 5399 3767 5507 regumregum
3786 5399 3831 5427 a-

2302 5475 2412 5521 sent
2445 5464 2670 5535 prefecti
2701 5471 3045 5535 patrontrqm
3074 5456 3271 5524 smgttlt
3302 5471 3358 5508 tu
3391 5465 3543 5524 parte
3571 5473 3608 5508 at
3679 5464 3831 5505 castra

2304 5537 2416 5592 dita
2446 5532 2771 5590 Christianos
2800 5532 3142 5601 inquirerent.

2377 5609 2404 5646 ἀ
2435 5608 2523 5663 Al.
2551 5603 2820 5667 staticnlo,
2847 5613 2901 5656 ιιι
2925 5615 3111 5668 supra.

2382 5691 2405 5719 ε
2436 5677 2644 5732 Colitur
2671 5677 2704 5732 5
2729 5676 2840 5732 Jul.

2384 5749 2404 5789 τ
2450 5750 2484 5806 6
2521 5748 2628 5802 Jul.

2393 5829 2418 5870 s
2458 5821 2491 5877 7
2529 5819 2638 5876 .lul.
