3958 6314
95 259 228 318 1055

667 378 893 435 CAPUT
933 380 1076 436 XXI.

531 472 590 527 S.
627 473 844 527 Tiburiii
877 476 1205 545 martyrium.

153 566 240 620 77.
268 564 474 621 Interea
507 565 634 621 dum
658 568 714 623 S.
731 568 862 622 Caio
884 571 1140 638 episcopo
1161 570 1382 641 quidam
1407 586 1467 629 se
1495 574 1668 630 simu-

83 657 186 712 lata
210 658 314 713 ﬁde
336 660 617 728 sociasset,
642 661 828 717 dicens
847 677 907 718 se
931 675 1053 717 esse
1073 661 1473 730 Christianum;
1504 683 1670 732 porro

83 750 167 806 hic
194 761 432 822 apostata
461 755 746 808 exstiterat
777 766 832 809 et
860 764 979 810 erat
1013 755 1399 813 fraudulentus
1428 759 1482 812 in
1520 760 1666 815 omni

80 861 348 910 sermone,
371 855 424 900 et
447 846 678 901 callidus
710 848 760 901 in
787 848 934 903 omni
961 850 1276 905 commisso.
1294 851 1433 919 Quid
1463 853 1668 908 multa?

80 939 202 994 dum
235 955 262 992 ιι
298 940 352 992 Β.
386 938 634 994 Tthttrtio
663 940 782 995 viro
813 941 1302 997 scholasticissimo
1329 953 1384 999 et
1419 946 1586 999 nobili
1613 955 1668 1002 et

81 1043 264 1087 sani-to
292 1031 606 1102 frequenter
654 1045 1008 1104 argueretur,
1041 1036 1183 1104 quod
1228 1038 1459 1105 capillus
1503 1053 1668 1107 seper

77 1127 284 1195 apicem
313 1124 509 1180 frontis
555 1128 796 1182 tonsoris
835 1139 956 1183 arte
996 1141 1386 1195 componeret,
1428 1141 1482 1186 et
1521 1131 1664 1200 quod

76 1217 285 1273 assidue
315 1226 339 1254 ⁸
373 1231 684 1287 posceretur
729 1229 782 1274 et
823 1220 1060 1275 ludendo
1095 1223 1415 1291 pranderet;
1439 1233 1495 1278 et
1519 1223 1664 1294 quod

75 1312 318 1366 licentius
362 1309 684 1366 feminarum
733 1328 793 1368 se
836 1315 1145 1383 aspectibus
1189 1317 1384 1382 daret,
1417 1327 1471 1370 et
1519 1317 1664 1386 quod

74 1420 100 1457 τι
121 1405 339 1474 jejuniis
371 1419 430 1460 se
456 1413 513 1460 et
533 1407 871 1461 orationibus
900 1408 1144 1470 tolleret,
1167 1410 1310 1477 quod
1342 1426 1536 1464 somno
1567 1409 1666 1466 de-

72 1502 211 1554 ditus
240 1517 345 1555 non
376 1502 670 1558 interesset
693 1501 718 1540 ι)
743 1503 970 1574 pervigil
999 1505 1052 1558 in
1086 1504 1300 1576 hymnis
1327 1505 1423 1558 Dei
1453 1505 1662 1560 ducen-

73 1596 210 1649 tibus
236 1605 454 1661 noctes;
488 1596 616 1650 dum
648 1613 745 1666 pro
771 1597 886 1662 his,
917 1610 973 1652 ut
1004 1599 1244 1653 diximus
1265 1641 1279 1662 ,
1312 1614 1341 1653 a
1371 1599 1431 1654 Β.
1466 1601 1661 1655 Tibur-

75 1687 148 1742 tio
177 1689 353 1743 acrius
385 1700 712 1759 argueretur
737 1733 752 1756 ,
783 1691 1005 1746 simulat
1036 1709 1098 1747 se
1128 1693 1508 1760 aequanimiter
1539 1708 1657 1746 mo-

1143 264 1317 321 ACTA
1365 268 1421 322 Β.
1465 263 1872 325 SEBASTIANI
1924 269 2296 332 MARTYRIS.

1692 384 1750 447 Δ
1775 393 1967 453 qualus
2006 389 2185 443 dixit:
2219 390 2338 444 Non
2377 392 2553 445 solum
2594 391 2712 460 ipse
2753 389 3092 447 Christianus
3133 386 3371 448 crudelis

3229 273 3372 334 ιιιδι

1774 492 1878 546 est,
1925 489 2110 536 verum
2148 485 2310 538 etiam
2345 485 2546 541 inultus
2589 486 2900 557 persuadet,
2943 495 2998 543 et
3039 485 3263 557 decipit,
3305 501 3372 542 se

1773 573 1932 628 docet
1972 590 2164 631 omnes
2195 576 2329 632 deos
2356 576 2635 635 daemones
2673 595 2828 647 esse;
2877 582 2992 650 ipse
3029 587 3211 636 autem
3248 591 3374 638 cum

1772 666 1936 722 sociis
1962 668 2095 730 suis,
2128 673 2250 721 eum
2281 669 2479 738 quibus
2506 671 2745 742 magicas
2772 667 2801 708 ιι
2834 680 2981 727 artes
3027 681 3252 728 exercet
3289 674 3380 728 die

1775 767 2046 826 noctuque
2095 760 2554 815 incantationibus
2606 773 2932 831 occupatur.
2984 763 3041 822 S.
3090 763 3376 820 Tiburtius

1771 850 1904 903 dixit
1942 873 1952 904 :
1983 849 2175 906 Falsus
2198 853 2351 908 testis
2377 870 2481 907 non
2512 855 2960 926 e’ritimpuuitus.
2985 859 3047 912 Et
3071 859 3372 928 aitjudlci:

1770 942 1897 1006 Iste,
1931 961 2090 1013 quem
2120 945 2294 1012 vides,
2321 946 2694 1003 illustrissime
2723 951 2826 1012 vir,
2853 951 3078 1004 malitiae
3097 963 3212 1006 sua:
3228 951 3375 1007 curis

1768 1048 2078 1092 exmstuans
2131 1041 2196 1092 ad
2247 1041 2380 1093 nihil
2432 1040 2577 1094 aliud
2623 1040 2950 1096 Christianis
3000 1050 3088 1097 est
3121 1042 3369 1113 junctus,

1770 1131 1872 1184 nisi
1920 1142 1976 1185 ut
2015 1132 2283 1202 cogitaret
2327 1133 2604 1202 quomodo
2633 1149 2694 1190 se
2727 1136 2886 1190 nobis
2910 1135 3068 1206 quasi
3107 1137 3378 1190 Christiaa

1768 1238 1898 1276 nutu
1953 1226 2301 1286 ostenderet;
2362 1225 2637 1294 quomodo
2691 1227 2812 1281 aliis
2861 1243 2924 1283 se
2992 1229 3374 1286 ﬁdelissimum

1769 1316 2111 1369 mentiretur.
2159 1314 2172 1351 ί
2213 1317 2702 1386 lteprehendebam
2737 1329 2915 1374 tamen
2964 1321 3016 1374 in
3058 1337 3126 1375 eo
3167 1323 3372 1394 Cyclo-

1769 1421 1919 1472 peain
1947 1407 2296 1474 edacitatem,
2332 1407 2346 1458 ἱ
2379 1420 2433 1463 et
2462 1426 2700 1464 mersum
2729 1412 2856 1465 vino
2889 1414 3170 1481 pudorem,
3201 1417 3255 1471 et
3285 1431 3375 1471 sc-

1769 1501 1971 1569 pttltatn
1995 1503 2164 1556 divini
2192 1505 2425 1557 nominis
2449 1507 2822 1561 sanctitatem.
2852 1507 3045 1562 EbriUs
3065 1510 3376 1577 patiebatur

1763 1593 1933 1660 sitim,
1963 1605 2018 1649 et
2049 1595 2284 1649 esuriem
2313 1609 2537 1652 vomens
2561 1615 2574 1651 :
2600 1613 2700 1653 nec
2723 1608 2780 1652 ut
2805 1597 3164 1664 Christianus,
3193 1603 3288 1657 sed
3314 1610 3376 1657 ut

1767 1686 2108 1739 Antonianos
2133 1687 2412 1756 quoddam
2469 1689 2559 1743 ille
2614 1688 2842 1744 conviva
2875 1692 3260 1763 manducabat,
3290 1693 3375 1747 bio

71 1795 278 1840 nenlem
309 1786 571 1853 accipere
602 1802 615 1838 :
647 1795 704 1841 et
742 1786 853 1854 egit
906 1795 1023 1840 arte
1077 1795 1344 1857 quatenus
1402 1799 1654 1842 orantem
1686 1773 1737 1836 Β
1766 1778 1945 1845 behat,
1984 1779 2258 1845 vomebat,
2304 1790 2359 1836 et
2401 1796 2546 1837 nunc
2575 1779 2920 1838 Christiuos
2949 1786 3152 1853 arguit,
3184 1786 3375 1840 (Σιιτὶεδ

71 1877 123 1933 S.
177 1870 482 1932 Tiburtiutn
528 1877 1064 1946 comprehenderent
1119 1880 1392 1934 inﬁdeles.
1446 1880 1502 1934 lit
1551 1895 1658 1952 qua

71 1970 558 2038 comprehensione
607 1971 850 2041 seipsum
903 1971 1077 2026 teneri
1108 1971 1267 2037 ferit,
1301 1984 1356 2028 et
1387 1974 1550 2028 simul
1592 1973 1659 2028 ad

71 2063 417 2118 secretarium
453 2063 674 2134 perduci
697 2065 903 2134 judicia
929 2064 1224 2121 srevientis.
1264 2066 1333 2120 At
1362 2066 1455 2120 ubi
1490 2067 1661 2122 intro-

69 2156 210 2210 ducti
238 2164 382 2220 sunt,
409 2155 682 2210 Fabianus
716 2158 1006 2226 praefectus
1032 2157 1175 2212 dixit
1197 2156 1263 2211 ad
1293 2173 1414 2211 eum
1439 2199 1454 2222 ,
1481 2158 1572 2228 qui
1601 2172 1660 2214 se

70 2258 185 2302 arte
225 2248 526 2303 tradiderat
553 2267 566 2304 :
595 2249 732 2317 Quis
773 2248 1017 2304 diceris?
1052 2252 1119 2303 At
1174 2250 1266 2303 ille
1317 2250 1602 2318 respOndit
1647 2268 1658 2304 :

74 2352 92 2375 θ
119 2340 438 2409 Torquatus.
474 2341 750 2396 Fabianus
779 2341 922 2396 dixit
957 2359 970 2395 :
1003 2341 1141 2409 Quid
1177 2343 1494 2412 proﬁteris?
1525 2343 1659 2398 Τίνι-ο

70 2441 256 2501 qualus
280 2429 418 2487 diiit
441 2450 452 2485 :
473 2432 820 2488 Christianus
843 2450 983 2488 sttui.
1010 2434 1289 2490 Fabianus
1316 2434 1486 2490 dixit:
1507 2435 1661 2506 Igno-

72 2540 153 2578 ras
181 2523 626 2595 quodjusserunt
655 2525 996 2581 invictissimi
1037 2529 1337 2596 principes,
1371 2536 1427 2582 tit
1453 2528 1547 2598 qui
1575 2543 1662 2583 sae

71 2619 311 2673 i-riﬁcare
338 2619 441 2673 diis
473 2620 748 2675 noluerint
777 2620 1011 2676 diversis
1059 2622 1342 2691 suppliciis
1385 2635 1662 2695 inacieren-

73 2715 187 2768 tnr‘l
214 2713 525 2786 Torquatus
547 2715 715 2770 dixit:
739 2717 838 2771 llic
860 2719 1124 2789 magister
1157 2735 1309 2774 meus
1341 2729 1443 2780 est.
1463 2729 1516 2776 et
1547 2722 1662 2790 ipse

72 2826 150 2861 me
174 2823 392 2878 semper
422 2809 607 2865 docuit
632 2829 642 2864 :
665 2812 806 2881 quod
839 2811 980 2868 hunc
1004 2813 1191 2869 videro
1209 2815 1410 2882 facere,
1434 2831 1660 2872 necesse

69 2912 146 2955 cst
177 2915 232 2958 ut
259 2905 475 2958 fﬁciam.

137 2998 219 3052 78.
263 2998 534 3054 Fabianus
569 3015 864 3056 convenam
903 3001 969 3056 ad
1011 3001 1070 3057 S.
1109 3003 1415 3057 'l‘iburtiutn
1459 3005 1598 3059 dixit
1635 3021 1648 3060 :

67 3091 280 3148 Audisti
320 3093 448 3162 quid
491 3093 804 3162 Torquatus
845 3096 1098 3151 asserat?
1142 3098 1271 3164 quid
1319 3098 1384 3151 ad
1420 3098 1519 3152 ista
1565 3106 1656 3154 re.

1764 1875 1942 1925 tianos
1968 1881 2225 1936 accusat,
2270 1872 2323 1926 in
2354 1888 2451 1927 nos
2493 1876 2684 1929 mitem
2719 1875 2959 1944 judicent
3012 1878 3223 1945 incitat,
3251 1881 3371 1949 gla-

1761 1964 1911 2018 dium
1941 1965 2143 2019 nolenti
2163 1965 2330 2034 judici
2359 1967 2612 2036 porrigit,
2656 1975 2792 2022 etut
2819 1969 3106 2023 daemoniis
3131 1971 3376 2029 cervices

1764 2068 1981 2110 nosuas
2014 2057 2336 2112 inclinemus
2377 2057 2645 2113 hortatur.
2687 2059 2940 2116 Videmus
2975 2071 3158 2117 votum
3193 2072 3368 2134 tuum,

1764 2150 2010 2205 videmus
2031 2163 2260 2205 cruenta
2285 2152 2508 2206 consilia
2527 2169 2541 2217 ;
2569 2161 2626 2207 et
2641 2154 2904 2210 scelerata
2930 2165 3052 2210 arte
3072 2157 3370 2213 verborum

1765 2260 1972 2300 venena
2002 2246 2076 2300 titi
2110 2248 2344 2316 pectoris
2363 2246 2660 2304 intuemur.
2699 2249 2997 2321 Accingere
3027 2267 3170 2306 nunc
3193 2251 3217 2290 ¹ι
3241 2269 3368 2308 cru-

1763 2337 2082 2392 delissime:
2121 2348 2274 2394 utere
2317 2340 2588 2397 carniﬁcis
2628 2341 2811 2396 ofﬁcio
2847 2360 2859 2395 :
2902 2343 3125 2399 veridica
3179 2346 3273 2401 tibi
3317 2354 3372 2403 et

1763 2431 1931 2502 ipsius
1975 2431 2177 2501 iudicis
2230 2449 2450 2500 vocem;
2512 2437 2723 2505 applles
2776 2438 3026 2506 aculeos,
3092 2440 3369 2510 suspende

1762 2525 2127 2592 Christianus,
2185 2526 2415 2595 damna,
2483 2538 2725 2598 percute,
2789 2531 3040 2596 incende,
3102 2533 3364 2589 universa

1763 2628 2032 2674 tormenta
2081 2619 2301 2683 adhibe,
2351 2621 2487 2677 bene
2531 2637 2630 2676 nos
2677 2624 2953 2693 accepiSti.
3003 2623 3060 2678 Si
3109 2624 3365 2682 exsilium

1766 2713 2010 2780 minaris,
2046 2712 2149 2768 hoc
2179 2713 2695 2783 phllOStlpllallllbUS
2723 2721 2870 2770 totus
2891 2725 2974 2771 est
3003 2715 3270 2781 mundus;
3321 2717 3371 2773 si

1761 2809 2108 2879 supplicium.
2133 2810 2414 2866 evadimus
2441 2811 2624 2866 mundi
2647 2826 2958 2878 carcerem;
2988 2813 3031 2866 si
3057 2811 3228 2883 ignes,
3253 2827 3368 2868 ma-

1754 2906 1871 2975 jora
1899 2905 2092 2960 horum
2124 2906 2175 2959 in
2208 2905 2595 2974 cupiditatibus
2627 2905 2911 2960 vincimus.
2945 2907 3188 2961 Decerne
3208 2905 3368 2976 quid-

1760 3001 1887 3069 quid
1914 2999 2061 3066 libet,
2091 3001 2268 3055 omnis
2296 3000 2452 3055 nobis
2473 2999 2596 3054 vilis
2619 3009 2702 3054 est
2723 3015 2878 3069 poma
2902 3000 2992 3055 ubi
3017 3015 3150 3070 pura
3176 3015 3364 3057 comes

1761 3103 1843 3148 est
1866 3092 2223 3147 conscientia.

67 3160 422 3251 Spondes‘lvs.
449 3160 730 3239 Tiburtius
747 3185 920 3240 dixit:
945 3160 1254 3258 Torquatus
1282 3188 1375 3242 diu
1405 3190 1653 3259 estquod
1683 3160 1729 3224 Ο
1831 3187 1922 3242 80.
1957 3187 2235 3242 Fabianus
2284 3186 2574 3256 prtefectus
2598 3187 2737 3242 dixit
2764 3205 2778 3241 :
2809 3186 3060 3242 Restitue
3093 3196 3146 3241 te
3172 3186 3363 3254 generi

64 3290 120 3328 se
151 3274 527 3329 Christianum
557 3291 678 3330 esse
709 3281 999 3343 mentitur;
1036 3281 1207 3333 virtus
1240 3281 1386 3335 enim
1422 3282 1658 3336 neminis

64 3369 230 3436 ipsius
267 3369 442 3422 sancti
475 3373 718 3439 graviter
747 3370 849 3424 l'ert
879 3383 928 3425 et
965 3371 1216 3436 moleste,
1251 3387 1411 3425 suum
1459 3387 1656 3429 nomen

65 3480 165 3518 non
202 3479 234 3516 a
269 3463 383 3517 suis
421 3461 446 3499 ά
490 3465 828 3520 amatoribus
872 3469 1145 3534 usurpari.
1218 3467 1424 3520 Revera
1474 3470 1652 3535 enim,

65 3555 142 3610 vir
173 3556 571 3622 illustrissime,
613 3558 716 3612 hoc
751 3556 1123 3612 Christianum
1166 3561 1530 3626 vocabulum,
1575 3562 1660 3616 di-

65 3651 194 3702 vina:
227 3650 446 3703 virtutis
487 3661 590 3716 est,
625 3660 960 3706 sectatorum
1003 3651 1262 3706 videlicet
1300 3653 1530 3720 Christi,
1565 3655 1654 3723 qui

62 3758 184 3796 vere
204 3741 576 3811 philosolihati
599 3754 747 3812 sunt,
769 3743 858 3813 qui
882 3759 1011 3798 vere
1033 3743 1332 3800 Christiani
1353 3745 1483 3799 dicti
1504 3756 1655 3815 sunt,

60 3837 146 3904 qui
170 3834 242 3889 ad
265 3835 598 3891 obterendas
626 3835 879 3892 libidines
907 3838 1122 3892 fortiter
1143 3838 1493 3893 diutiCarunt.
1520 3839 1657 3896 Cre-

59 3929 240 3997 disne,
273 3928 356 3982 vir
387 3928 780 3994 illustrissimc,
817 3933 955 3985 hunc
982 3945 1105 3986 esse
1131 3929 1535 3997 Christianum,
1564 3937 1656 4003 qui

59 4023 108 4075 iit
131 4021 414 4078 lenocinio
443 4023 524 4076 sui
561 4031 584 4058 θ
628 4023 900 4077 moliendo
942 4026 1139 4095 capitis
1173 4024 1189 4062 ί
1227 4027 1471 4081 ﬁmbrias
1502 4043 1656 4084 com-

57 4118 252 4183 mittit,
293 4118 383 4187 qui
417 4127 694 4174 tonsorem
737 4119 932 4188 diligit,
977 4121 1069 4188 qui
1117 4122 1367 4191 seapttlas
1416 4123 1657 4179 molliter

55 4214 240 4280 gestit,
267 4212 360 4281 qui
381 4220 406 4258 ε
429 4211 635 4266 ﬂuxum
656 4228 905 4284 gressum
939 4213 1191 4283 improbo
1220 4216 1338 4269 nisu
1367 4215 1654 4285 distendit,

54 4304 139 4370 qui
170 4303 320 4357 viros
345 4304 688 4374 negligenter
713 4307 846 4375 agit,
880 4305 1110 4359 feminas
1135 4306 1453 4376 diligentius
1474 4309 1656 4365 intue-

55 4403 160 4451 tur.
208 4395 516 4466 Numquam
551 4397 688 4452 tales
725 4396 974 4452 Christus
1025 4399 1227 4456 habere
1270 4400 1531 4471 dignatus
1570 4411 1656 4460 est

50 4506 264 4546 servos.
295 4490 493 4546 Verum
519 4493 778 4562 quoniam
813 4509 900 4548 me
933 4494 1018 4549 hic
1047 4511 1106 4550 se
1130 4495 1466 4552 imitaturum
1496 4513 1650 4555 asse-

48 4587 175 4654 ruit,
213 4585 301 4640 hic
332 4585 385 4638 in
413 4594 504 4640 tuo
528 4598 824 4658 conspectu
859 4588 1115 4657 probabis
1147 4606 1268 4646 eum
1299 4606 1425 4646 esse
1449 4594 1646 4649 menti-

47 4689 182 4736 tum.
220 4680 316 4735 Hic
350 4678 494 4736 enim
527 4681 702 4751 qualis
737 4695 958 4752 seraper
995 4681 1156 4738 fuerit
1185 4699 1327 4740 nunc
1367 4685 1648 4743 evidenter

47 4773 322 4830 ostendet.

114 4867 206 4923 79.
234 4866 506 4923 Fabianus
533 4865 669 4922 dixit
691 4884 705 4922 :
727 4864 1043 4923 Consultius
1067 4867 1263 4938 facies,
1285 4869 1331 4924 si
1354 4871 1512 4926 saluti
1537 4883 1645 4930 ture

44 4961 324 5030 consulas,
344 4970 402 5016 et
425 4962 728 5031 principum
753 4959 970 5016 decreta
998 4976 1102 5014 non
1123 4971 1462 5016 contemnas.
1479 4963 1534 5019 S.
1555 4964 1646 5020 Ti-

47 5057 259 5112 nurtius
289 5052 426 5110 dixit
457 5071 470 5108 :
503 5051 616 5125 Ego
655 5052 818 5108 saluti
852 5069 988 5109 mea:
1030 5053 1222 5110 melius
1253 5070 1360 5109 non
1389 5055 1644 5130 consulo,

41 5168 209 5222 quam
243 5158 305 5204 ut
349 5149 483 5205 deos
504 5149 741 5219 deasque
777 5159 1116 5215 contemnas,
1163 5165 1328 5204 unum
1357 5151 1643 5208 Dominum

40 5247 230 5303 lesum
276 5242 554 5301 Christum
583 5242 753 5299 Deum
791 5255 970 5299 meum
1015 5258 1137 5298 esse
1178 5241 1464 5301 conﬁtear.
1511 5246 1647 5303 Tor-

113 5385 140 5415 ³³
170 5377 272 5433 Ms.
308 5376 456 5445 Rip.,
481 5384 702 5446 pararet.

111 5449 141 5488 ι)
172 5449 286 5520 AL,
313 5449 614 5520 pervigiles.

117 5532 136 5559 ο
174 5518 558 5590 Μειιιριιηςιη
587 5518 892 5587 Cermalus,
919 5533 986 5576 ne
1009 5519 1147 5576 forte
1179 5520 1468 5592 legendum
1504 5524 1644 5582 Tur-

37 5603 248 5648 citatus.

113 5662 141 5701 ἀ
175 5662 293 5729 ΑΙ.,
325 5661 579 5718 moribus.

119 5745 143 5773 ο
175 5733 286 5796 AL,
317 5732 617 5788 mollienda.

122 5806 141 5846 ἴ
175 5807 287 5871 AL,
321 5804 478 5873 ﬁbras
507 5807 729 5872 omittit;
759 5808 853 5872 aL,
888 5803 1043 5876 ﬁbras
1071 5810 1282 5864 amittit.

119 5889 145 5926 ις
177 5877 294 5947 AL,
318 5876 530 5946 ﬂexum.

1761 3287 1876 3345 tuo,
1901 3288 1958 3333 et
1982 3280 2081 3333 hoc
2102 3287 2224 3333 esto
2245 3278 2389 3346 quod
2415 3287 2467 3332 te
2499 3289 2688 3334 natura
2713 3277 2956 3334 dictavit.
2983 3275 3192 3332 Nobilis
3214 3279 3361 3330 enim

1761 3383 1917 3428 natus
1971 3373 2037 3428 ad
2089 3382 2292 3428 tantam
2350 3373 2638 3428 devolutus
2681 3387 2740 3428 es
2796 3374 3018 3436 treceni,
3085 3368 3190 3426 utl
3229 3371 3368 3427 velis

1760 3478 1814 3521 et.
1838 3468 2160 3538 supplicium
2191 3468 2352 3521 s:mnl
2395 3475 2451 3520 et
2493 3467 2766 3521 infamiam
2799 3466 2984 3522 subire
3013 3474 3068 3519 et
3101 3473 3360 3519 mortem.

1759 3561 1816 3616 S.
1857 3560 2138 3615 Tiburtius
2167 3561 2296 3614 dixit
2333 3580 2344 3613 :
2379 3559 2424 3612 0
2462 3559 2944 3626 prudentissimum
2983 3559 3259 3624 virorum,
3293 3566 3354 3612 et

1761 3653 2018 3707 Romanis
2038 3652 2278 3722 judicent
2304 3652 2692 3706 constitutum!
2721 3653 2845 3721 quia
2879 3651 3221 3706 meretricem
3252 3649 3360 3705 Ve-

1761 3761 1970 3809 nerem,
2003 3755 2058 3800 et
2087 3746 2353 3800 incestam
2388 3745 2601 3806 Jovem,
2636 3755 2689 3799 et
2719 3744 3046 3799 Mercurium
3082 3745 3357 3808 fallacem,

1759 3850 1810 3895 et
1851 3839 2147 3895 Saturnum
2183 3839 2416 3893 ﬁliorum
2460 3838 2762 3892 occisorem
2802 3837 2984 3892 colere
3027 3837 3176 3903 nolo,
3225 3835 3363 3892 infa-

1760 3933 1920 3987 miam
1939 3942 1975 3967 η’
2007 3931 2388 4002 generositatis
2417 3931 2642 3985 incurro
2674 3949 2687 3984 :
2718 3941 2771 3986 et
2803 3931 2926 4000 quia
2969 3944 3133 3984 unum
3170 3937 3224 3984 et
3267 3944 3362 3983 ve-

1760 4043 1877 4080 rum
1912 4025 2102 4095 Deum,
2133 4026 2222 4095 qui
2265 4025 2316 4077 itt
2355 4025 2510 4078 cmlis
2548 4033 2758 4093 regnat,
2791 4024 2958 4077 adoro
2999 4033 3051 4076 et
3101 4032 3356 4088 veneror,

1758 4117 2035 4187 suppliciis
2061 4133 2148 4173 tne
2171 4117 2561 4171 macerandum
2585 4131 2710 4172 esse
2726 4115 2970 4170 minaris.
2993 4113 3363 4170 nNonannui-

1760 4229 1880 4268 mus
1911 4226 2017 4266 tua:
2049 4213 2392 4281 persuasioni
2438 4230 2452 4266 :
2493 4227 2601 4265 non
2634 4225 2925 4281 negamus;
2958 4209 3236 4263 Christum
3266 4207 3356 4264 Fi-

1758 4311 1886 4366 lium
1923 4311 2014 4366 Dei
2037 4310 2104 4365 ad
2131 4310 2234 4366 hoc
2259 4310 2328 4366 de
2355 4309 2504 4365 cmlo
2531 4309 2883 4364 descendisse
2912 4308 2980 4362 ad
3014 4316 3211 4373 terras,
3241 4317 3301 4363 ut
3325 4315 3356 4362 ι

1759 4405 1922 4459 terris
1952 4403 2117 4459 homo
2145 4404 2211 4458 ad
2239 4403 2437 4459 coelum
2471 4411 2657 4473 posset
2686 4401 3016 4464 ascendere;
3061 4399 3186 4455 ideo
3225 4400 3359 4456 istas

1755 4511 1947 4552 omnes
1981 4512 2146 4550 vanas
2178 4497 2409 4566 effigies,
2440 4510 2574 4566 quas
2615 4494 2798 4549 colitis
2839 4493 2959 4548 sine
3003 4508 3191 4558 causa,
3225 4508 3354 4561 pro-

1756 4590 1977 4644 culcans
2007 4591 2234 4659 pedibus
2266 4589 2427 4653 meis,
2462 4589 2574 4642 Deo
2611 4603 2698 4642 me
2725 4587 3092 4655 omnipotenti
3119 4587 3353 4653 subieci.

1829 4684 1889 4737 8t
1907 4719 1920 4735 .
1945 4681 2095 4737 Tunc
2115 4681 2388 4736 Fabianus
2413 4679 2571 4750 jussit
2590 4688 2720 4734 ante
2749 4679 2916 4750 pedes
2937 4678 3057 4750 ejus
3085 4679 3356 4736 carbones

1748 4774 2009 4831 ardentes
2036 4773 2277 4837 eﬁ‘undi;
2318 4782 2374 4828 et
2401 4775 2476 4827 ait
2503 4772 2570 4827 ad
2597 4786 2719 4828 eum
2756 4789 2768 4826 :
2805 4773 2958 4843 Elige
3000 4773 3095 4828 tibi
3129 4785 3292 4825 unutn
3323 4781 3356 4827 e

1752 4865 1986 4931 duobus,
2009 4877 2101 4920 aut
2131 4865 2292 4920 thura
2326 4865 2378 4920 in
2410 4863 2527 4920 istis
2552 4863 2885 4920 carbonibus
2915 4863 3112 4933 adjice,
3143 4870 3235 4914 attt
3261 4875 3356 4930 po-

1753 4958 1911 5013 dibus
1939 4973 2104 5028 super
2131 4974 2226 5014 eos
2256 4959 2420 5015 nudis
2447 4958 2654 5015 incede.
2687 4959 2840 5014 Tunc
2871 4959 2931 5012 Β.
2971 4954 3250 5011 Tiburtius
3274 4953 3356 5009 fa-

1750 5054 1902 5110 ciens
1945 5053 2159 5126 signum
2201 5055 2404 5122 crucis,
2436 5063 2750 5111 constanter
2780 5051 2929 5108 nuda
2952 5064 3116 5118 super
3148 5063 3244 5102 cos
3274 5049 3358 5104 in-

1750 5162 1968 5219 gressus
1998 5156 2084 5204 est
2107 5149 2311 5217 planta,
2335 5157 2387 5202 et
2410 5148 2574 5216 erepit
2600 5146 2854 5216 praefecto
2877 5143 3064 5197 dicere
3091 5158 3102 5195 :
3129 5140 3354 5210 Depone

1753 5247 2127 5306 inﬁdelitatem
2163 5255 2217 5301 ct
2247 5246 2398 5301 disce
2448 5243 2572 5315 quia
2599 5242 2685 5296 hic
2708 5242 2854 5296 solus
2877 5249 2959 5294 est
2992 5237 3159 5307 Deus,
3185 5252 3346 5308 quem

1823 5386 1848 5425 δ
1880 5386 1991 5455 ΑΙ.,
2013 5384 2212 5441 clades.

1834 5459 1848 5497 ί
1885 5461 1995 5526 AL,
2025 5455 2485 5530 reprehendebant.

1825 5532 1838 5582 t
1882 5517 1993 5596 AL,
2018 5517 2339 5596 {immensum
2388 5526 2493 5580 vini
2535 5521 2823 5594 pudorem;
2865 5517 3158 5588 Breclttus,
3189 5541 3353 5582 rmer.

1749 5617 1864 5658 sum
1895 5603 2014 5657 vino
2037 5609 2293 5672 putorem.

1822 5674 1844 5712 "
1876 5673 1986 5740 AL,
2021 5669 2465 5726 christianissime.

1825 5743 1843 5782 ι
1877 5745 1992 5809 AL,
2026 5744 2213 5814 possis.

1823 5823 1862 5853 ω
1893 5816 1982 5872 Al.
1994 5855 2010 5882 ,
2026 5811 2503 5885 'iitgencrositutem.

1749 5951 1762 5959 κ
1830 5895 1858 5924 τι
1886 5889 2002 5956 AL,
2034 5881 2138 5942 non
2173 5884 2464 5953 abnuimus,
2498 5899 2602 5940 non
2631 5881 2923 5954 renitimur,
2956 5897 3055 5937 non
3086 5899 3355 5954 negaturis.
