4054 6328
533 245 673 304 1033

526 466 710 530 potes,
765 459 820 514 in
864 458 1083 515 nomine
1129 457 1280 515 Iovis
1326 458 1414 514 dei
1465 459 1542 515 lui
1579 474 1774 515 manus
1815 462 1867 516 in
1899 460 2129 516 calidam

525 564 754 623 aquam;
787 559 846 608 et
870 551 914 607 si
944 560 1121 623 potest
1143 550 1295 608 lovis
1325 561 1474 622 tuus,
1508 550 1673 608 faciat
1702 562 1756 609 te
1786 567 1892 609 non
1924 553 2134 610 sentire

526 643 798 702 fervorem
827 645 1061 702 ardoris.
1091 645 1224 701 Nam
1258 647 1388 702 mihi
1428 647 1480 702 in
1510 649 1731 704 nomine
1765 649 1979 713 Domini
2023 650 2133 706 mei

525 736 656 795 Iesu
697 737 902 795 Christi
929 740 1163 806 videtur,
1206 739 1350 811 quod
1393 756 1562 812 super
1589 756 1780 798 roseos
1810 742 1974 799 ﬂores
2011 757 2137 814 gra-

529 829 673 899 dior,
705 831 830 899 quia
855 843 1105 887 creatura
1136 829 1414 888 Creatoris
1443 835 1526 889 sui
1557 832 1850 889 famulatur
1879 835 2128 906 imperio.

603 923 696 980 82.
730 923 1008 981 Fabianus
1033 925 1173 981 dixit
1197 944 1209 979 :
1234 925 1366 994 Quis
1392 926 1605 999 ignorat
1633 929 1892 1000 magicam
1916 944 2016 984 vos
2038 929 2136 984 do~

530 1019 712 1076 cuisse
759 1018 1033 1075 Christum
1087 1023 1364 1078 vestrum?
1390 1021 1449 1079 S.
1483 1023 1763 1079 Tiburtius
1812 1024 1947 1080 dixit
1985 1023 2139 1080 τοι).

531 1123 798 1178 mutesce,
841 1113 1049 1183 infelix,
1089 1126 1144 1171 et
1198 1116 1306 1172 noli
1355 1117 1579 1173 auribus
1625 1118 1763 1173 meis
1811 1117 1956 1174 hanc
1989 1116 2138 1189 inju-

529 1205 674 1262 riam
704 1205 904 1274 facere,
931 1207 1219 1263 utaudiam
1250 1217 1302 1263 te
1325 1209 1514 1266 rabido
1542 1226 1637 1267 ore
1667 1211 1982 1278 latrantem,
2006 1214 2140 1268 mel-

531 1298 742 1355 lilluum
785 1315 982 1356 nomen
1015 1301 1132 1371 ejus
1162 1312 1407 1360 sanctum
1440 1307 1743 1363 nominare.
1775 1305 1927 1363 Tunc
1971 1308 2141 1363 iratus

535 1391 809 1448 Fabianus
848 1391 1075 1448 dictavit
1101 1395 1424 1451 sententiam
1456 1397 1648 1452 dicens
1680 1415 1692 1451 :
1723 1397 2142 1470 Blasphemator

535 1484 784 1549 deorum,
804 1495 858 1540 et
881 1500 1008 1542 reus
1028 1489 1292 1543 atrocium
1319 1489 1661 1560 injuriarum,
1688 1492 1871 1562 gladio
1893 1492 2141 1549 animad-

1530 243 1876 309 APPENDIX
1914 253 2006 310 AD
2043 250 2276 310 UPERA
2318 253 2377 310 S.
2423 251 2769 312 AMBROSII.

521 361 848 420 conﬁtemur
872 364 1142 421 creaturis
1170 364 1422 422 omnibus
1450 364 1743 422 dominari.
1776 367 1928 423 Mitte
1960 377 2042 437 tu,
2075 368 2120 423 si
2150 368 2204 430 Α

3233 220 3259 240 ⁸
3681 251 3824 312 1056

2793 366 3020 424 CAPUT
3058 366 3252 426 XXIII.

2521 459 2582 515 S.
2617 459 2909 516 Sebastiani
2937 461 3219 534 gloriosum
3249 469 3524 516 certamen.

2309 552 2400 608 85.
2435 552 2529 608 His
2553 553 2624 608 ita
2644 554 2810 624 gestis
2848 553 2907 606 Β.
2932 552 3290 609 Sebastianus
3332 554 3400 608 ab
3429 551 3828 609 insidiantibus

2235 657 2540 706 conventus
2566 656 2649 702 est
2683 663 2695 700 :
2735 655 2790 702 et
2825 646 2948 716 quia
2973 689 2986 712 ,
3013 661 3074 701 ut
3101 646 3362 716 diximus,
3388 646 3684 702 videbatur
3731 647 3832 702 sub

2237 741 2526 814 chlamyde
2546 742 2733 808 latere,
2750 756 2872 796 cum
2897 740 3053 796 miles
3067 739 3453 810 essetdignissi
3463 756 3582 794 mus
3598 737 3830 807 Christi,

2238 833 2508 905 suggessit
2547 833 2615 889 de
2652 848 2719 889 eo
2762 832 3052 905 przefectus
3108 832 3442 889 Diocletiano
3487 831 3834 902 imperatori.

2235 927 2408 997 Quem
2435 929 2794 984 Diocletianus
2819 931 2885 983 ad
2910 943 2971 984 se
2997 943 3331 992 convocans.
3367 929 3439 983 ait
3470 948 3482 982 :
3514 929 3632 999 Ego
3667 937 3725 984 te
3757 927 3840 983 in-

2241 1031 2324 1079 ter
2352 1024 2562 1092 primos
2595 1022 2781 1092 palatii
2821 1024 2926 1078 mei
2969 1039 3188 1094 semper
3218 1023 3401 1078 habui.
3455 1023 3521 1078 Et
3554 1036 3611 1077 tu
3643 1031 3839 1078 contra

2241 1116 2474 1172 salutem
2500 1131 2672 1172 meam
2700 1118 2750 1171 in
2777 1117 3030 1188 injuriam
3052 1117 3278 1173 deorum
3305 1117 3578 1173 hactenus
3608 1117 3838 1173 latuisti.

2240 1207 2300 1265 S.
2336 1209 2693 1266 Sebastianus
2724 1210 2860 1265 dixit
2896 1197 3051 1265 :‘Pro
3080 1212 3254 1267 salute
3283 1219 3371 1266 tua
3403 1225 3624 1281 semper
3653 1209 3844 1266 Chris-

2244 1303 2358 1356 tum
2398 1301 2566 1368 colui,
2598 1313 2651 1357 et
2684 1317 2786 1373 pro
2827 1309 2968 1356 statu
3008 1301 3242 1358 Romani
3272 1303 3420 1358 orbis
3453 1302 3632 1368 illum,
3665 1303 3758 1374 qui
3791 1303 3842 1358 in

2243 1394 2396 1450 etelis
2427 1403 2530 1463 est,
2566 1409 2781 1466 semper
2807 1394 3073 1462 adoravi,
3099 1395 3459 1452 considerans
3499 1411 3528 1450 a
3575 1396 3843 1464 lapidibus

2245 1486 2505 1542 auxilium
2527 1495 2714 1557 petere
2730 1486 2907 1542 insani
2922 1487 3122 1559 capitis
3135 1503 3256 1544 esse
3275 1497 3332 1544 et
3348 1487 3490 1543 vani.
3504 1487 3663 1543 Tunc
3677 1489 3844 1542 iratus

535 1586 806 1634 vertatur.
849 1579 1053 1636 Ductus
1084 1588 1170 1636 est
1196 1591 1375 1637 autem
1408 1583 1494 1638 via
1524 1583 1792 1640 Lavicana
1829 1585 1992 1640 tertio
2023 1586 2146 1641 mil-
2246 1579 2614 1636 Diocletianus
2639 1580 2802 1648 jussit
2828 1595 2952 1636 eum
2982 1580 3108 1637 duci
3139 1583 3190 1636 in
3222 1581 3459 1638 medium
3484 1596 3766 1652 campum.
3796 1591 3848 1638 et

537 1675 696 1732 liario
724 1674 791 1730 ab
818 1675 992 1744 Urbe,
1021 1687 1078 1733 et
1104 1678 1390 1736 effundens
1424 1680 1730 1736 orationem
1763 1681 1829 1738 ad
1855 1682 2141 1738 Dominum
2249 1673 2405 1742 ligari
2427 1675 2581 1744 quasi
2606 1674 2820 1745 signum
2843 1674 2908 1727 ad
2935 1675 3208 1744 sagittam,
3235 1685 3290 1730 et
3307 1674 3469 1746 jussit
3493 1683 3552 1729 ut
3578 1673 3848 1746 sagittarii

540 1783 652 1824 uno
693 1769 801 1825 ictu
835 1771 1000 1840 gladii
1031 1772 1352 1829 verberatus
1383 1783 1411 1812 ει
1439 1775 1724 1831 abscessit.
1758 1775 1824 1830 Et
1855 1777 1908 1832 in
1945 1776 2140 1833 eodem

2282 1782 2371 1821 um
2397 1775 2420 1803 θ
2447 1767 2692 1838 Περι-επὶ.
2711 1767 2861 1821 Tunc
2884 1775 3182 1837 posuerunt
3210 1782 3335 1822 eum
3360 1767 3560 1822 milites
3585 1767 3640 1820 in
3667 1765 3850 1821 medio

543 1859 668 1917 loco
697 1877 728 1916 a
759 1871 988 1933 parente
1031 1864 1268 1936 quodam
1297 1864 1612 1923 Christiano
1647 1867 1892 1939 sepultus
1922 1880 2005 1926 est
2037 1885 2054 1927 ε
2088 1871 2144 1925 in
2248 1876 2442 1932 eampo
2469 1869 2525 1916 et
2574 1860 2700 1917 hinc
2731 1861 2857 1916 inde
2885 1876 3010 1918 eum
3040 1861 3112 1916 ita
3143 1861 3356 1933 sagittis
3383 1859 3768 1932 repleverunt,
3797 1867 3852 1915 ut

542 1971 653 2028 quo
689 1956 811 2014 loco
840 1958 1006 2014 multa
1037 1959 1301 2016 beneﬁcia
1345 1977 1564 2032 semper
1609 1964 1861 2033 prmum
1898 1963 2148 2019 Christus
2249 1954 2400 2024 quasi
2434 1953 2670 2009 hericius
2699 1953 2775 2008 ita
2799 1963 2946 2010 esset
2973 1952 2990 1992 ί
3017 1954 3262 2009 hirsutus
3283 1953 3480 2009 ictibus
3501 1955 3849 2024 sagittarum.

543 2049 614 2106 ad
661 2050 877 2108 laudem
927 2053 1162 2109 nominis
1196 2055 1280 2110 sui
1322 2070 1494 2125 usque
1527 2055 1580 2110 in
1619 2063 1947 2125 praesentem
1977 2055 2144 2113 diem.
2322 2046 2411 2102 86-
2445 2045 2805 2102 Estimanles
2834 2054 3016 2102 autem
3047 2046 3200 2102 illum
3239 2062 3362 2104 esse
3394 2057 3678 2102 mortuum
3709 2046 3857 2102 abie-

1135 2145 1364 2204 CAPUT
1391 2145 1560 2203 XXII.
2253 2149 2397 2194 runt.
2421 2139 2572 2195 Tunc
2599 2140 2787 2196 relicta
2831 2141 3092 2212 martyris
3126 2141 3334 2197 Castuli
3378 2141 3592 2205 zetarii,
3635 2141 3856 2197 nomine

649 2240 655 2245 '
746 2238 855 2295 SS.
884 2238 1109 2309 Castuli,
1143 2239 1498 2309 Marcelliani,
1536 2241 1727 2312 Ματρί,
1762 2245 1950 2300 aedes,
2256 2243 2280 2281 ε
2305 2231 2478 2298 lrene,
2511 2235 2643 2290 abiit
2673 2243 2853 2302 nocte,
2887 2244 2942 2289 ut
2971 2249 3169 2304 corpus
3209 2234 3328 2304 ejus
3368 2233 3599 2290 tolleret
3621 2243 3678 2290 et
3701 2249 3859 2305 sepe-

623 2330 714 2387 83.
747 2330 877 2388 Post
927 2331 1045 2388 haec
1082 2341 1264 2389 autem
1312 2333 1619 2406 Torquatus
1647 2337 1765 2408 egi;
1803 2347 1863 2393 υι
1900 2337 2152 2396 Castulus
2254 2326 2406 2406 liret.‘
2430 2327 2494 2382 Et
2516 2326 2799 2383 inveniens
2828 2342 2952 2382 eum
2980 2327 3257 2383 viventem
3283 2327 3610 2382 adduxitad
3635 2328 3855 2383 domum

550 2423 791 2480 zetarius
811 2425 1020 2494 palatii,
1049 2423 1251 2497 hospes
1279 2425 1632 2497 Sanctorum,
1664 2430 2157 2501 comprehendere-
2256 2436 2410 2478 suam
2440 2424 2492 2478 in
2515 2421 2543 2461 ¹¹
2565 2424 2710 2479 scala
2739 2423 2954 2480 excelsa
2981 2424 3072 2479 ubi
3102 2423 3360 2479 manebat
3392 2423 3458 2477 ad
3489 2421 3782 2494 Palatium.
3809 2429 3860 2477 εἰ

553 2521 794 2592 turzqui
821 2535 946 2576 cum
975 2518 1168 2578 fuisset
1190 2531 1454 2590 arctatus,
1480 2533 1534 2580 et
1556 2523 1644 2580 hic
1665 2526 1827 2582 tertio
1855 2541 2151 2597 appensus,
2257 2515 2332 2572 ibi
2366 2517 2507 2572 inira
2557 2532 2756 2587 paucos
2784 2517 2901 2572 dies
2950 2516 3184 2573 salutem
3236 2514 3649 2588 integerrimam
3704 2529 3862 2572 recu-

551 2614 718 2672 tertio
756 2616 998 2684 auditus,
1037 2616 1094 2671 in
1124 2616 1477 2674 confessione
1509 2619 1726 2676 Domini
1768 2636 2155 2690 perseverans,
2263 2609 2469 2681 Ρετενίί
2499 2609 2552 2664 in
2587 2610 2847 2666 omnibus
2879 2610 3161 2667 membris-

555 2710 758 2766 missus
786 2719 871 2766 est
897 2710 950 2766 in
976 2710 1189 2768 foveam
1217 2722 1271 2769 ei
1293 2713 1518 2769 dimissa
1540 2724 1626 2771 est
1647 2730 1812 2786 super
1831 2731 1956 2772 eum
1983 2731 2158 2772 massa
2334 2703 2426 2758 87.
2445 2702 2689 2775 Cumque
2711 2719 2904 2759 omnes
2921 2701 3216 2759 Christiani
3239 2703 3306 2759 ad
3332 2718 3454 2759 eum
3475 2703 3862 2770 convenirent,

559 2804 835 2872 arentia,
867 2813 922 2860 ει
956 2805 1074 2876 ipse
1099 2821 1222 2862 cum
1255 2807 1431 2878 palma
1467 2808 1715 2880 martyrii
1742 2808 1771 2848 b
1805 2811 2058 2882 migravit
2094 2811 2158 2867 ad
2265 2797 2625 2854 hortabantur
2647 2814 2773 2852 eum
2798 2798 3113 2856 abscedere.
3141 2798 3436 2855 llleautem
3455 2798 3706 2854 oratione
3724 2797 3867 2854 facta

560 2892 876 2950 Dominum.
2265 2892 2581 2961 descendit,
2615 2901 2671 2949 et
2700 2902 2852 2948 stans
2879 2909 3041 2965 super
3069 2895 3274 2966 gradus
3311 2893 3327 2932 ί
3368 2892 3734 2965 Heliogabali,
3775 2907 3868 2948 ve-

631 2987 722 3044 84.
759 2989 1040 3046 Tenentur
1077 3000 1203 3062 post
1244 2991 1362 3048 lure
1406 2991 1788 3050 Mareellianus
1820 3003 1876 3049 et
1904 2994 2160 3062 Marcus;
2267 2989 2543 3044 nientihus
2584 2989 3006 3060 imperatoribus
3049 2990 3193 3046 dixit
3236 3007 3250 3044 :
3294 2989 3496 3061 Iniquis
3540 2987 3867 3055 subreptio-

559 3091 616 3136 et
643 3082 807 3138 ambo
829 3083 986 3154 ligati
1015 3083 1081 3139 ad
1107 3086 1351 3156 stipitem
1382 3086 1570 3142 clavos
1609 3087 1662 3142 in
1708 3087 1939 3158 pedibus
1977 3100 2165 3145 acutos
2269 3081 2432 3138 nibus
2473 3081 2686 3136 animos
2728 3082 2944 3150 imperii
2973 3083 3144 3138 νθεῑνί
3193 3082 3522 3150 templorum
3570 3081 3871 3153 Ρθηιίθεθδ

566 3183 928 3243 acceperunt;
956 3176 1157 3246 quibus
1183 3177 1400 3233 dicebat
1429 3179 1817 3236 insanissimus
1848 3181 2120 3238 Fabianus
2149 3203 2160 3238 ε
2187 3164 2235 3230 C
2268 3174 2541 3240 obsident,
2567 3183 2921 3244 suggerentes
2942 3174 3010 3231 de
3029 3173 3358 3230 Christianis
3379 3174 3507 3230 falsa
3529 3185 3868 3242 commenta,

565 3264 799 3320 Tamdiu
826 3266 947 3324 lixis
975 3269 1193 3324 stabitis
1221 3271 1445 3340 plantis,
1476 3287 1758 3346 quousque
1784 3275 1894 3332 diis
1920 3276 2164 3334 debitum
2269 3266 2516 3322 dicentes
2540 3281 2636 3321 005
2663 3265 2912 3336 Βείῐνυδιο
2939 3281 3062 3323 esse
3085 3267 3463 3334 adversarios;
3487 3283 3720 3339 quorum
3751 3282 3874 3322 Dn’

569 3357 911 3416 redhibeatis
931 3359 1198 3418 officium.
1225 3365 1379 3421 Tunc
1401 3367 1562 3423 ambo
1585 3366 1784 3424 fratres
1813 3370 1866 3426 in
1891 3386 1999 3426 uno
2023 3372 2168 3444 ligno

567 3451 770 3508 conﬁxi
820 3455 1127 3525 psallebant
1172 3459 1417 3518 dicentes
1450 3477 1465 3517 :
1501 3462 1642 3520 Ecce
1671 3479 1831 3536 quam
1865 3467 2072 3523 bonum
2113 3477 2170 3524 et

565 3558 727 3616 quam
752 3545 1056 3616 jucundum
1101 3549 1349 3608 habitare
1379 3551 1582 3610 fratres
1610 3556 1664 3610 in
1697 3572 1886 3612 unum.
1917 3558 2059 3614 Dicit
2088 3561 2168 3616 eis

570 3639 885 3699 Fabianus:
914 3645 1167 3702 Infelices
1203 3657 1260 3704 et
1302 3649 1523 3717 miseri,
1561 3649 1822 3722 deponite
1872 3656 2168 3709 amentiam

573 3745 844 3803 vestram,
891 3749 947 3792 et
979 3739 1206 3796 liberate
1236 3744 1606 3814 vosmetipsos
1637 3760 1664 3798 a
1693 3747 2028 3803 cruciatibus
2071 3749 2172 3804 im-

575 3828 918 3885 minentibus
948 3845 1114 3911 super
1134 3847 1252 3888 vus.
1284 3832 1384 3890 Cui
1415 3837 1814 3905 respondentes
1835 3840 1998 3895 ambo
2025 3841 2174 3898 dixe-

574 3929 747 3977 runt:
781 3921 1089 3996 Numquam
1144 3933 1252 3981 tam
1303 3927 1442 3985 bene
1491 3930 1692 4000 epulati
1738 3947 1930 3989 sumus
1964 3953 1974 3988 :
2009 3935 2174 3992 modo

573 4016 840 4087 capimus
885 4033 1011 4075 esse
1055 4019 1146 4074 lixi
1190 4021 1244 4075 in
1288 4036 1478 4078 amore
1532 4022 1757 4080 Christi.
1808 4024 2024 4083 Utinam
2074 4045 2173 4084 nos

577 4111 658 4166 sic
714 4127 838 4169 esse
877 4113 1019 4169 sicut
1049 4129 1239 4169 sumus
1290 4115 1497 4171 tamdiu
1543 4119 1828 4188 permittas
1857 4161 1872 4186 ,
1913 4123 2173 4192 quamdiu

578 4201 743 4273 hujus
782 4204 1019 4275 tegimur
1051 4207 1302 4276 corporis
1343 4208 1688 4265 indumento.
1723 4209 1970 4283 Cumque
2000 4223 2176 4271 trans-

580 4295 714 4350 isset
741 4311 846 4351 una
894 4297 1012 4352 dies
1035 4309 1092 4353 et
1119 4315 1224 4355 una
1251 4315 1381 4369 nox,
1408 4311 1465 4358 et
1491 4302 1570 4358 illi
1600 4304 1651 4357 in
1687 4305 1908 4374 psalmis
1933 4315 1990 4363 et
2017 4307 2177 4382 hym-

577 4389 664 4445 nis
709 4401 1162 4461 perseverarent,
1209 4394 1374 4464 jussit
1421 4411 1516 4451 eos
1567 4397 1760 4453 ambos
1809 4399 1904 4456 ubi
1958 4403 2178 4459 stabant

580 4483 786 4540 lanceis
832 4499 928 4555 per
957 4487 1125 4542 latera
1171 4488 1450 4544 verberari
1495 4507 1510 4544 :
1550 4498 1607 4546 et
1659 4491 1730 4548 ita
1775 4507 1876 4563 per
1923 4499 2174 4570 martyrii

2273 3359 2515 3415 tionibus
2545 3361 2658 3430 ipsa
2689 3359 3013 3430 Respublica
3047 3362 3390 3426 melioratur,
3420 3372 3474 3418 et
3503 3363 3746 3428 crescit;
3782 3362 3870 3432 qui

2273 3467 2372 3524 pro
2402 3451 2634 3524 imperio
2663 3462 2846 3508 vestro
2876 3463 2929 3508 et
2961 3469 3064 3524 pro
3104 3453 3285 3510 salute
3321 3453 3547 3508 Romani
3589 3455 3875 3510 exercitus

2274 3560 2432 3601 orare
2458 3559 2563 3600 non
2585 3555 2824 3602 cessant.
2855 3544 2990 3602 Cum
3017 3545 3134 3601 haec
3155 3555 3213 3602 et
3242 3547 3368 3602 talia
3399 3547 3624 3612 diceret,
3656 3547 3876 3603 Diocle-

2278 3643 2459 3698 tianus
2504 3643 2578 3696 ait
2613 3660 2627 3696 :
2656 3642 2810 3698 Tune
2831 3658 2890 3699 es
2917 3643 3307 3713 Sebastianus,
3339 3659 3501 3714 quem
3530 3657 3628 3698 nos
3654 3641 3874 3698 dudum

2277 3735 2491 3805 sagittis
2513 3735 2852 3804 jusseramus
2881 3736 3158 3792 interfici?
3193 3735 3252 3791 S.
3300 3735 3654 3793 Sebastianus
3681 3736 3832 3791 dixit
3857 3753 3872 3789 ε

2281 3827 2362 3881 Ad
2387 3825 2489 3881 hoc
2507 3842 2594 3883 me
2608 3827 2867 3883 Dominus
2899 3843 3052 3884 meus
3073 3829 3234 3885 Jesus
3260 3829 3515 3884 Christus
3539 3831 3878 3885 resuscitare

2279 3919 2531 3991 dignatus
2562 3933 2668 3986 eSt,
2713 3933 2770 3976 ut
2807 3924 3126 3978 conveniam
3158 3932 3215 3978 et
3256 3932 3536 3978 contester
3561 3938 3660 3979 vos
3685 3939 3877 3980 coram

2279 4017 2425 4072 omni
2451 4017 2668 4086 populo,
2704 4018 2907 4086 injuste
2931 4017 3140 4088 judicio
3168 4018 3607 4090 persecutionem
3637 4029 3876 4076 vestram

2281 4108 2337 4164 in
2365 4105 2570 4166 Christi
2603 4109 2832 4166 famulos
2871 4110 3154 4168 ebullisse.

2351 4203 2440 4260 88.
2475 4204 2810 4273 Tuucjussit
2835 4219 2961 4261 eum
2995 4205 3046 4260 in
3079 4206 3093 4257 i
3133 4205 3498 4277 hippodromo
3525 4207 3706 4278 palatii
3729 4207 3878 4275 duci,

2280 4308 2338 4356 et
2368 4309 2475 4356 tam
2503 4301 2592 4357 diu
2623 4301 2650 4339 ¹ί
2681 4301 2958 4374 fustigari,
2992 4302 3251 4375 quamdiu
3292 4299 3543 4373 spiritum
3573 4302 3881 4384 exhalaret.

2279 4394 2433 4452 Tunc
2473 4395 2713 4452 tulerunt
2755 4411 2958 4468 corpus
2999 4397 3116 4468 ejus
3165 4404 3359 4464 nocte,
3402 4404 3460 4452 et
3501 4396 3556 4451 in
3588 4393 3606 4434 ι
3634 4395 3882 4451 cloacam

2283 4487 2569 4544 Maximam
2621 4491 2886 4546 miserunt
2928 4489 3176 4546 dicentes
3223 4509 3239 4546 :
3284 4505 3356 4546 ne
3393 4489 3537 4545 forte
3583 4489 3883 4545 Christiani

579 4575 814 4646 gloriam
836 4588 858 4616 ο
877 4577 946 4632 ad
966 4578 1180 4635 siderea
1204 4593 1370 4651 regna
1399 4581 1792 4653 migraverunt.
1819 4583 1951 4640 Item
1977 4563 2179 4659 sep'ulti
2210 4563 2264 4626 D
2287 4597 2410 4640 eum
2456 4583 2558 4640 sibi
2605 4595 2898 4657 martyrem
2950 4585 3170 4641 faciant.
3217 4583 3372 4640 Tunc
3423 4585 3488 4639 Β.
3533 4584 3886 4641 Sebastianus

579 4676 779 4724 suntet
801 4671 902 4740 ipsi
933 4673 986 4726 in
1016 4672 1101 4727 via
1129 4673 1326 4742 Appia,
1353 4673 1611 4730 milliario
1632 4678 1878 4734 secundo
1907 4679 1974 4736 ab
2001 4681 2178 4750 Urbe,

579 4763 637 4820 in
669 4764 788 4820 loco
816 4765 906 4836 qui
950 4775 1173 4822 vocatur
1193 4767 1276 4823 Ad
1315 4768 1528 4824 Arenas
1547 4811 1561 4835 ,
1591 4771 1716 4841 quia
1749 4782 1956 4844 cryptae
1979 4788 2177 4831 arena-

577 4873 701 4914 rum
723 4860 832 4917 illic
852 4871 1110 4928 erant,ex
1128 4862 1322 4934 quibus
1337 4863 1502 4921 Urbis
1526 4863 1724 4920 mtenia
1747 4863 1772 4903 ἀ
1796 4866 2173 4925 struebantur.

655 4990 681 5019 α
705 4979 911 5036 Colitur
933 4979 994 5036 S.
1019 4978 1376 5035 Tiburtiusll
1412 4983 1575 5051 Aug.,
1601 4995 1710 5049 quo
1731 4981 1819 5038 die
1848 4991 1902 5038 ct
1925 4983 1984 5041 S.
2009 4983 2180 5045 Chro-

581 5055 733 5111 matii
766 5053 1011 5124 parentis
1040 5051 1160 5123 ejus
1190 5052 1452 5108 memoria
1483 5055 1681 5124 agitur.

655 5124 684 5165 ι’
709 5126 781 5182 26
812 5123 1008 5180 Martii.

661 5210 683 5238 ο
717 5201 784 5255 l8
812 5197 980 5255 Junii.

656 5271 682 5311 ἀ
713 5271 828 5338 AL,
851 5270 1261 5324 instruebantur.

661 5355 684 5383 °
713 5343 826 5410 AL,
861 5349 1160 5409 sumerent;
1195 5343 1292 5408 al.,
1325 5353 1576 5411 suerent;
1607 5341 1698 5409 al.,
1733 5355 2048 5415 exsuci-ent;
2077 5349 2176 5419 al.,

585 5419 640 5474 in
669 5433 785 5489 eum
803 5419 1065 5489 jacerettt.

665 5487 682 5527 ί
719 5485 829 5555 Ali,
862 5487 1066 5541 insutus
1089 5501 1112 5552 ,°
1139 5485 1238 5552 al.,
1270 5487 1478 5544 insitus.

661 5569 687 5607 ε
719 5556 944 5635 Plurimi
972 5559 1188 5635 codices
1225 5559 1466 5628 Hirene;
1509 5561 1744 5630 Raban.,
1777 5562 2024 5630 Hereue;
2072 5563 2172 5635 al.,

589 5632 838 5696 Hei-cna;
864 5630 964 5698 al.,
993 5627 1218 5685 Erena.

665 5700 693 5743 ιι
722 5703 832 5771 ΑΙ.,
861 5701 1091 5757 insulam
1118 5703 1392 5759 excelsam.

722 5772 913 5852 Uhi_l_t_i
939 5773 1143 5852 fuerint
1189 5774 1388 5852 gradus
1430 5777 1783 5852 Heliogabali,
1812 5779 1940 5852 isive
1978 5779 2178 5852 Elega—

588 5847 742 5912 bali;
772 5848 954 5918 colligi
979 5856 1046 5899 ex
1086 5841 1392 5915 Lampridio
1436 5841 1643 5920 potesi,
1672 5841 1862 5924 quiin
1903 5841 2178 5910 Antonino

2284 4679 2536 4751 apparuit
2562 4679 2615 4734 in
2641 4679 2850 4736 somnis
2879 4679 2938 4734 S.
2973 4678 3192 4734 Lucinae
3221 4677 3438 4734 cuidam
3467 4687 3733 4732 matronae
3759 4676 3884 4731 reli-

2281 4772 2605 4846 giosissimte
2626 4771 2815 4828 dicens
2844 4791 2856 4826 :
2881 4771 2942 4827 In
2969 4771 3157 4828 cloaca
3190 4771 3304 4836 illa,
3333 4784 3459 4841 quae
3487 4779 3574 4826 est
3597 4771 3754 4840 juxta
3783 4769 3888 4824 eir-

2284 4891 2430 4940 cum,
2462 4868 2706 4927 invenies
2735 4881 2933 4937 corpus
2963 4880 3146 4922 meum
3185 4863 3430 4936 pendens
3459 4864 3518 4920 in
3553 4874 3593 4902 ω
3621 4863 3888 4936 gompho.

2290 4986 2590 5058 Hcliogabo
2648 4985 2724 5039 ita
2779 4982 2970 5058 scribit
3011 5000 3024 5036 :
3075 4979 3474 5058 Heliqgabalum
3530 4984 3582 5038 in
3621 4979 3892 5058 Palatino

2289 5054 2504 5123 monte',
2538 5059 2695 5129 juxta
2739 5054 2882 5129 (cdes
2914 5054 3282 5129 imperatorias
3324 5055 3694 5129 carpserravit,
3742 5054 3894 5129 eique

2289 5125 2553 5202 templum’
2580 5129 2826 5202 [θείμην
2864 5127 2922 5180 id
2961 5142 3127 5202 agens
3163 5141 3225 5179 ne
3249 5127 3363 5202 quis
3406 5126 3748 5202 Romtz‘detu
3787 5125 3892 5202 arisi

2287 5197 2662 5273 Heliogabalus
2685 5199 2982 5273 coleretur.
2999 5197 3012 5200 ⁷
3029 5197 3198 5269 Hujus
3229 5198 3488 5254 nimirum
3515 5197 3606 5253 dei
3631 5197 3895 5252 sacerdos

2285 5271 2467 5334 fuerat
2497 5272 2808 5328 Antoninus
2829 5271 2942 5325 ille.

2362 5351 2374 5400 i
2404 5344 2584 5416 Aliqui
2614 5342 2860 5416 codices,
2890 5341 3179 5416 epidromio
3201 5357 3222 5408 ,°
3249 5340 3497 5412 quidam,
3523 5339 3894 5415 hypodromio;

2281 5421 2395 5485 alii,
2432 5413 2602 5481 recte,
2638 5413 3025 5485 hippodromio.
3269 5483 3280 5485 Α
3595 5413 3620 5480 ί

2361 5483 2388 5530 ¹ι⁷
2419 5483 2764 5545 Rabanuset
2795 5487 2910 5550 alii,
2945 5485 3205 5557 fatigari;
3231 5483 3330 5552 al.,
3365 5485 3592 5557 fustibus
3619 5488 3772 5544 redi.

2367 5564 2382 5602 ι
2425 5562 2502 5618 De
2530 5560 2730 5616 cloacis
2762 5557 2926 5614 Urbis
2960 5558 3118 5626 plane
3147 5557 3486 5612 admirandis
3515 5560 3738 5616 consule
3793 5560 3901 5614 Ba—

2291 5637 2510 5694 ronium
2553 5633 2608 5689 in
2646 5630 2828 5686 Notat.
2861 5632 2928 5685 ad
2952 5630 3255 5702 iMartyroﬁl.
3294 5629 3365 5683 26
3397 5630 3578 5702 Aug.;
3616 5631 3899 5688 Andream

2289 5709 2544 5766 Fulvium
2577 5703 2903 5773 Antiquitat.
2950 5701 3180 5776 Roman.
3212 5701 3307 5758 lib.
3347 5716 3443 5772 tu,
3482 5701 3601 5776 cap.
3639 5704 3747 5768 30;
3781 5703 3903 5758 Plio

2291 5783 2437 5837 nium
2468 5779 2565 5833 lib.
2594 5790 2784 5840 xxxvr,
2813 5789 2936 5843 cap.
2966 5774 3060 5831 15.

2356 5863 2392 5889 ιιι
2425 5848 2688 5907 Brechtus
2738 5858 2793 5922 et
2840 5847 3088 5918 plerique
3118 5844 3360 5913 codices,
3391 5848 3450 5902 in
3485 5865 3637 5904 unco.
3670 5844 3896 5902 Unam
