3958 6314
66 352 192 406 1057

61 554 282 624 sepelies
309 553 362 608 in
393 554 545 612 initio
563 569 767 630 cryptze
792 563 945 632 juxta
971 566 1195 636 vestigia
1220 569 1630 640 Apostolorum.

125 645 210 701 89.
253 646 401 702 Tunc
446 649 502 703 Β.
542 651 743 708 Lucina
776 654 896 726 ipsa
940 673 1038 728 per
1061 673 1122 715 se
1151 675 1272 716 cum
1305 665 1480 718 servis
1521 663 1637 719 suis

59 737 230 796 medio
260 741 431 797 noctis
459 744 612 814 abiit,
645 756 700 802 et
727 747 917 806 levans
939 766 1061 806 eum
1093 754 1275 823 posuit
1300 757 1352 810 in
1376 755 1404 794 ι)
1427 771 1638 826 pavone

59 847 171 898 suo,
199 839 249 887 et
277 833 529 903 perduxit
559 837 626 892 ad
653 839 857 909 locum,
891 843 981 900 uhi
1014 845 1132 915 ipse
1162 845 1554 916 imperaverat,
1583 856 1641 906 et

57 941 171 981 cum
215 927 363 983 omni
401 927 684 1002 diligentia
728 936 1000 1005 sepelivit.
1051 938 1176 1010 Ipsa
1225 951 1404 998 autem
1451 951 1640 999 sancta

65 1021 259 1078 Lucina
308 1038 404 1094 per
431 1040 550 1080 xxx
577 1026 697 1083 dies
739 1045 768 1084 a
813 1030 934 1087 loco
975 1043 1166 1090 sancto
1218 1035 1337 1106 ipso
1387 1053 1494 1092 non
1525 1037 1640 1093 dis-

55 1115 229 1174 cessit.

59 1256 191 1311 hunc
237 1269 360 1313 esse
405 1258 519 1339 vult
562 1259 830 1339 Baronius
877 1278 984 1334 quo
1043 1263 1438 1339 adgcloaeam,
1501 1284 1630 1339 per-

58 1335 274 1411 tractum
305 1338 426 1384 erat
467 1334 720 1411 martyris
760 1349 982 1411 corpus,
1024 1345 1084 1411 _ut
1113 1337 1231 1411 fieri
1259 1334 1479 1395 solitum
1505 1334 1634 1411 'plu-

57 1400 196 1480 ijbns
237 1409 483 1480 veterum
532 1400 875 1480 testimoniis
920 1400 1132 1476 prohat.
1189 1400 1532 1480 Lampridius
1578 1412 1632 1466 in

59 1472 343 1526 Commodo
389 1473 691 1552 {Carnifex
734 1495 867 1552 unco
915 1472 1174 1539 trahatur.
1206 1472 1442 1552 carnifex
1483 1499 1636 1537 sena-

58 1552 130 1625 t'as
153 1559 286 1625 more
316 1547 574 1618 majorum
604 1565 737 1601 unco
764 1551 1021 1625 trahatur.
1057 1552 1126 1606 Et
1154 1553 1206 1607 in
1234 1547 1587 1625 l'leli'ogahalo
1620 1572 1631 1607 :

60 1613 156 1667 Per
176 1613 592 1696 plateas-iraque
621 1630 696 1675 est
735 1622 1118 1696 sordidissime,
1152 1641 1243 1696 per
1271 1613 1477 1681 cloacas
1508 1628 1636 1680 duc-

61 1694 156 1752 tus,
187 1695 232 1740 et
271 1688 324 1741 in
355 1686 585 1772 Tiberim
626 1694 910 1774 submissus
965 1706 1058 1748 est.
1088 1686 1636 1780 Atlcumﬁimpactus
1669 1686 1769 1780 Βξ

60 1768 201 1833 esset
215 1761 431 1833 corpori
455 1776 648 1824 uncus,
674 1764 764 1833 qui
787 1781 854 1820 ex
879 1781 1021 1820 unco
1045 1767 1355 1833 pendebat?
1375 1761 1641 1824 an'uncus

62 1828 413 1910 multiplexin
442 1846 572 1899 uno,
601 1828 770 1910 veluti
797 1852 904 1904 quo
931 1853 962 1891 e
992 1828 1164 1902 puteis
1191 1841 1644 1910 profundiorihus

62 1917 173 1982 quae
219 1901 524 1982 inciderent
577 1901 1035 1982 extraliereiniOS
1082 1901 1206 1976 est;
1256 1911 1444 1982 sicque
1491 1927 1646 1968 nuiro

63 1971 299 2051 fortassis
331 1975 471 2051 dens_
498 1992 637 2051 unus
670 1978 906 2033 intixus?
935 1971 1216 2037 Veriorem
1241 2024 1258 2051 ,
1298 1971 1646 2048 ni'fallimur,

63 2043 342 2123 lectionem
383 2046 602 2123 quidam
631 2051 848 2105 codices
872 2043 1300 2109 commonstrant
1325 2097 1339 2118 .
1376 2056 1428 2110 in
1454 2043 1651 2123 quibus

62 2117 276 2205 g‘umpho
310 2125 369 2173 et
397 2118 604 2205 gonpho
643 2123 926 2205 scriptum.
970 2123 1365 2205 Legendum‘in
1402 2117 1650 2205 going/io.

64 2187 151 2272 ἔξει
178 2187 372 2272 γόμφος
397 2187 642 2272 ,Lclavm,
669 2187 1166 2268 vel-juncturaflta
1193 2187 1488 2268 Satiusftv
1513 2187 1650 2254 Silv.

63 2256 130 2313 de
158 2256 246 2316 via"
274 2256 580 2318 Domitiana
609 2281 623 2318 :

969 352 1059 415 DE
1100 357 1434 419 νιτιοςιωι
1477 358 1977 429 VIRTUTUMQUE
2016 360 2420 422 CONFLICTU.

65 464 169 518 lloc
199 470 252 516 tu
277 459 401 516 dum
431 462 695 522 levaveris
725 469 988 538 perduces
1034 473 1103 529 ad
1135 485 1162 513 ει
1189 478 1536 532 catacumbas
1575 485 1630 532 et
1657 493 1707 552 Α

3196 364 3338 425 1058

1804 477 1892 530 90.
1925 475 2052 531 Post
2077 476 2384 547 aliquantos
2415 484 2596 532 autem
2624 488 2797 531 annos
2823 488 2924 546 pax
2954 473 3216 533 Ecclesia:
3244 487 3332 534 est

1746 569 1952 625 reddita
1987 586 2001 622 :
2037 585 2156 639 quae
2193 570 2377 625 statim
2409 580 2468 626 ut
2509 570 2753 626 Ecclesia
2798 568 3024 641 gloriam
3067 571 3216 641 pacis
3253 587 3348 628 ac-

1742 663 1915 732 cepit,
1947 659 2167 717 domum
2210 678 2365 718 suam
2410 673 2432 702 ο
2475 661 2605 718 fecit
2649 661 2960 719 ecclesiam.
3013 661 3113 717 Cui
3153 677 3348 719 omnes

1745 769 1872 811 suas
1893 769 2026 824 opes
2045 753 2114 808 ad
2135 753 2566 810 Christianorum
2591 755 2837 825 requiem
2863 755 3198 826 relinquens,
3219 754 3351 812 fecit

1745 848 1918 917 ipsam
1947 845 2248 902 Ecclesiam
2284 846 2557 902 haeredem
2589 847 2642 902 in
2669 847 2916 913 Christo,
2948 849 3040 918 qui
3081 862 3204 903 cum
3237 848 3349 904 Deo

1743 940 1904 996 Patre
1939 950 1997 998 et
2037 941 2249 1012 Spiritu
2295 950 2487 996 sancto
2531 941 2759 1012 aequalis
2798 941 2932 997 vivit
2964 951 3021 998 et
3059 952 3250 1015 regnat
3297 942 3354 998 in

1755 1034 1966 1091 unitate
2002 1035 2221 1092 virtutis
2251 1035 2306 1090 in
2324 1034 2521 1091 saecula
2553 1037 2898 1091 saeculorum.
2931 1037 3126 1093 Amen.

1957 1265 2411 1335 Tunc_umbonibus
2431 1271 2544 1321 hinc
2569 1277 2620 1321 et
2643 1272 2759 1323 hinc
2783 1273 2983 1335 coactis,

1921 1327 1986 1379 Et
2008 1331 2205 1382 crebris
2228 1333 2329 1384 iter
2351 1334 2557 1398 alligare
2581 1335 2825 1400 gomphis.

1735 1433 2003 1508 connexis
2044 1434 2328 1508 nimirum.
2360 1453 2430 1494 ne
2452 1439 2905 1508 distorqueantur
2925 1449 2978 1494 et
3004 1439 3070 1496 ab
3103 1439 3352 1495 invicem

1738 1505 2090 1582 divellantur,
2111 1505 2794 1578 lapidibus.Tertullianus
2816 1513 2872 1566 in
2905 1513 3132 1582 Apolog.
3162 1529 3176 1566 :
3208 1509 3350 1566 Cer—

1738 1577 1871 1654 vices
1897 1579 2142 1654 ponimus
2173 1577 2312 1634 fante
2344 1581 2650 1654 iplumbum,
2701 1592 2749 1636 et
2788 1577 3155 1654 glutin'umfet
3197 1599 3357 1652 gom-

1740 1647 1891 1727 phos.
1948 1649 2274 1727 Franciscus
2311 1647 3063 1727 _Zephyrusll’araphrastes
3120 1647 3354 1727 majores

1774 1720 1916 1797 Ianos
1961 1721 2160 1797 reddit.
2213 1723 2416 1779 Eadem
2451 1720 2552 1780 vox
2583 1725 2722 1780 infra
2771 1720 2829 1781 ni
2867 1727 2925 1782 S.
2957 1725 3155 1797 Tliyrsi
3198 1720 3358 1780 inar-

1751 1792 1915 1878 tyrio.
1967 1791 2065 1878 llic
2111 1807 2242 1864 ergo
2283 1797 2531 1878 eminens
2578 1799 2868 1878 uspiame
2896 1791 3072 1878 muro
3117 1797 3350 1878 clavus,

1752 1863 1989 1940 aliudve
2035 1863 2422 1940 ferramentum
2466 1863 2751 1926 ﬁrmandis
2799 1869 3076 1940 lapidibus
3137 1867 3356 1924 adhibi-

1756 1944 1872 1988 tum
1890 1935 2120 2010 _videtur
2151 1937 2355 1995 debere
2387 1941 2636 2010 intelligi.

1830 2013 1855 2041 ⁸
1889 2007 1961 2083 De
1990 2010 2324 2083 cataeuinbis
2355 2012 2434 2066 vel
2468 2007 2795 2067 catatnmbis
2835 2011 2938 2083 legi
2967 2021 3149 2081 potest
3183 2012 3356 2069 Baro-

1761 2075 1967 2155 niusin
2002 2079 2155 2155 notis
2169 2081 2241 2155 ad
2271 2081 2521 2155 Martyrol
2556 2084 2589 2138 5
2613 2083 2743 2155 Jan.
2767 2093 2820 2138 et
2851 2075 2923 2139 Ξῖ)
2953 2075 3076 2139 Ian.

1831 2146 1986 2227 1’Al_..
2011 2150 2276 2219 papilione
2291 2170 2316 2227 ;_
2328 2146 2436 2227 aII,
2460 2172 2696 2226 pagane;
2726 2154 2884 2223 Sur.,
2907 2157 3099 2227 pilento
3114 2173 3134 2224 ,°
3163 2156 3355 2226 sicque

1763 2219 2052 2298 legendum
2084 2219 2367 2298 contendit
2405 2219 2724 2282 Monachus.
2759 2228 2834 2283 De
2872 2219 3089 2298 pavone,
3114 2219 3236 2282 'sive
3260 2219 3357 2297 pa-

1766 2290 1927 2370 bone_,
1961 2294 2174 2370 egimus
2208 2295 2523 2370 l6_Jan.ad
2553 2302 2718 2353 vitam
2752 2299 2820 2370 VS.
2861 2290 3100 2370 Marcelli
3143 2290 3270 2370 cap:
3296 2299 3351 2355 5.

1830 2373 1852 2402 ο
1886 2365 1964 2420 De
1995 2365 2098 2421 hac
2127 2381 2188 2422 re
2219 2368 2398 2439 agitur
2428 2369 2483 2425 in
2516 2371 2708 2427 eadem
2740 2369 2801 2427 S.
2833 2369 3077 2428 Marcelli
3106 2365 3256 2427 vos.

67 2471 3336 2526 -———.—_________________________

1511 2593 1749 2658 LIBER
1789 2595 1894 2658 DE

119 2759 898 2873 VITIORUM
1030 2769 2185 2904 VIRTUTUMQUE
2316 2779 3266 2920 CONFLICTU,

1145 2982 1306 3066 AD
1364 2984 2253 3077 SIMPLICIANUM.

1531 3147 1794 3166 *

540 3276 798 3346 'CAPUT
839 3287 1128 3346 PRIMUM.

123 3463 432 3535 Apostolica
449 3478 553 3522 vox
574 3464 768 3522 clamat
785 3482 880 3538 per
895 3470 1104 3536 orhem,
1125 3466 1462 3534 charissime,
1487 3476 1648 3538 atque

56 3556 106 3611 in
133 3560 408 3628 procinctu
428 3559 548 3616 ﬁdei
570 3561 759 3631 positis
783 3577 851 3617 ne
868 3562 1160 3618 securitate
1191 3569 1455 3632 torpeant,
1477 3561 1643 3618 dicit:

55 3648 250 3708 Omnes
281 3653 376 3725 qui
405 3654 492 3724 pie
520 3655 706 3710 volunt
731 3655 915 3710 vivere
947 3655 998 3711 in
1029 3653 1245 3712 Christo
1269 3655 1396 3712 Jesu
1420 3698 1432 3720 ,
1462 3669 1648 3724 perse-

54 3744 321 3802 cutionem
352 3747 644 3817 patientur.
679 3748 877 3804 Verum
910 3750 1034 3821 quia
1067 3751 1167 3806 hoc
1196 3759 1440 3821 tempore
1463 3749 1650 3807 Chris-

55 3837 266 3894 tianitas
296 3840 463 3895 etiam
497 3841 549 3894 in
584 3841 696 3898 suis
726 3842 1062 3912 principibus
1087 3842 1198 3913 jam
1231 3842 1480 3913 religiosa
1527 3849 1644 3908 est,

48 3929 264 4004 jamque
310 3932 560 3989 ﬁdelibus
611 3933 811 3990 desunt
865 3935 1271 4004 pie’,viventibus
1323 3933 1376 3990 in
1427 3933 1648 3989 Christo

53 4019 181 4077 Jesu
226 4023 468 4091 vincula,
520 4026 767 4094 verbera,
817 4025 1008 4097 ﬂagra,
1059 4041 1331 4096 carceres,
1385 4025 1643 4096 equulei,

52 4131 268 4186 cruces,
301 4131 355 4176 et
383 4119 431 4174 si
457 4136 558 4192 qua
588 4133 710 4177 sunt
743 4123 847 4176 alia
882 4122 1098 4179 diversa
1133 4132 1528 4180 tormentorum
1557 4139 1650 4194 ge-

65 4224 194 4267 nera
228 4229 243 4266 :
273 4214 549 4284 quomodo
593 4231 780 4271 verum
822 4217 928 4272 erit
971 4216 1137 4289 (dicet
1181 4217 1324 4290 quis)
1364 4218 1506 4288 quod
1552 4233 1649 4286 per

52 4303 376 4374 Apostolum
407 4309 619 4379 sonuit,
654 4318 712 4364 ut
743 4325 937 4368 omnes
978 4312 1064 4380 pie
1113 4312 1354 4368 viventes
1391 4325 1650 4382 persecu-

56 4394 258 4454 tionem
291 4399 608 4470 patiantur?
635 4401 718 4457 An
747 4402 888 4459 forte
910 4402 1058 4475 pacis
1080 4411 1329 4476 tempore
1354 4419 1513 4461 nemo
1535 4405 1648 4462 vult

55 4489 144 4558 pie
174 4494 365 4551 vivere
395 4497 448 4550 in
472 4495 690 4552 Christo
711 4499 864 4564 Jesu,
889 4507 946 4555 et
976 4500 1098 4556 ideo
1125 4499 1325 4556 desunt
1354 4501 1494 4556 ista?
1515 4501 1647 4570 Quis

54 4581 155 4638 hoc
183 4586 351 4643 modo
375 4588 458 4644 vel
482 4588 758 4660 decipiens
781 4591 1017 4648 dixerit?
1043 4591 1099 4647 ln
1125 4593 1224 4650 hac
1245 4609 1374 4664 ergo
1399 4593 1648 4662 Apostoli

1671 3289 1717 3354 C
1749 3290 2025 3358 timorem,
2061 3294 2240 3352 inanis
2272 3298 2476 3368 gloria;
2525 3309 2716 3356 contra
2760 3316 2945 3358 veram
2973 3302 3296 3376 religionem
3329 3350 3344 3376 ,

1753 3385 2056 3452 simulatio;
2087 3399 2281 3445 contra
2307 3392 2751 3462 submissionem,
2787 3397 2970 3464 elatio;
3004 3408 3196 3455 contra
3241 3399 3357 3456 fra-

1754 3487 1964 3534 ternam
2021 3481 2366 3540 dilectionem
2394 3526 2412 3553 ,
2463 3486 2696 3555 invidia;
2740 3501 2930 3545 contra
2977 3490 3303 3547 charitatem
3341 3533 3359 3559 ,

1751 3570 1971 3640 odium;
2023 3584 2210 3630 contra
2268 3577 2579 3636 libertatem
2614 3580 2776 3650 justa:
2812 3581 3194 3650 correctionis,
3251 3583 3355 3639 de-

1754 3669 1976 3732 tractio;
2003 3677 2191 3722 contra
2223 3671 2562 3740 patientiam,
2587 3665 2704 3738 ira;
2743 3685 2934 3729 contra
2969 3676 3348 3731 mansuetudi-

1751 3771 1900 3825 nem,
1923 3759 2222 3827 aSperitas;
2247 3770 2437 3817 contra
2461 3763 2718 3819 humilem
2733 3763 3104 3836 dilectionem,
3133 3777 3349 3835 tumor;

1750 3856 1939 3904 eontra
1989 3849 2234 3920 Spiritale
2262 3854 2559 3924 gaudium,
2622 3856 2808 3911 saeculi
2860 3858 3116 3924 tristitia;
3162 3869 3355 3916 contra

1749 3941 1962 3998 virtutis
1989 3946 2338 4014 exercitium,
2387 3957 2575 4018 torpor
2603 3951 2691 4006 vel
2723 3949 2974 4022 ignavia;
3021 3961 3210 4008 coiitra
3254 3952 3347 4008 tir-

1752 4048 1893 4088 mam
1918 4033 2291 4105 stabilitatem,
2324 4040 2562 4112 inquieta
2594 4044 2805 4112 vagatio
2833 4059 2849 4105 ;
2877 4053 3067 4098 contra
3099 4043 3351 4102 fiduciam

1751 4126 1886 4195 Spei,
1919 4127 2269 4199 desperatio;
2307 4139 2492 4188 contra
2521 4134 2708 4189 mundi
2751 4142 3122 4207 contemptum
3148 4181 3162 4206 ,
3199 4139 3353 4209 cupi-

1750 4218 1928 4287 ditas;
1973 4232 2161 4278 contra
2206 4223 2302 4281 Dei
2331 4241 2596 4294 amorem,
2647 4244 2801 4285 amor
2829 4230 3117 4301 proprius;
3161 4242 3352 4291 contra

1751 4311 2170 4384 simplicitatem,
2217 4317 2418 4375 furtum
2467 4329 2524 4378 et
2565 4322 2754 4390 fraus;
2809 4333 2999 4380 contra
3040 4327 3350 4400 veritatem,

1749 4403 1966 4464 fallacia
1995 4419 2159 4481 atque
2200 4412 2568 4482 mendacium;
2615 4427 2806 4473 contra
2844 4433 3035 4489 puram
3067 4419 3351 4494 frugalita-

1751 4505 1859 4554 tem
1917 4515 1981 4557 ac
2036 4505 2425 4573 parcimoniam
2459 4549 2474 4575 ,
2529 4510 2741 4566 ventris
2791 4511 3094 4583 ingluvies;
3157 4526 3351 4572 contra

1751 4591 2088 4648 moderatum
2111 4610 2427 4668 maerorem,
2458 4599 2646 4673 inepta
2673 4601 2893 4670 laetitia;
2924 4613 3114 4661 contra
3141 4607 3354 4664 discre-

53 4680 323 4734 sententia
355 4697 463 4736 non
495 4683 750 4752 specialis
782 4685 1143 4756 quorumdam
1171 4730 1186 4756 ,
1234 4685 1329 4742 sed
1373 4687 1646 4757 generalis
1671 4693 1727 4753 1)
1753 4691 1862 4738 tam
1899 4686 2357 4760 taciturnitatem,
2391 4692 2825 4764 multiloquium;
2857 4707 3046 4755 contra
3085 4699 3349 4758 illibatam

52 4774 297 4826 omnium
330 4776 633 4844 persecutio
663 4776 827 4834 debet
862 4778 1112 4851 intelligi.
1143 4779 1206 4834 Et
1238 4780 1490 4849 quoniam
1523 4790 1651 4836 sunt

52 4865 210 4919 multi
239 4866 378 4922 intra
406 4869 583 4924 sinum
609 4872 798 4926 matris
823 4871 1086 4928 Ecclesiae
1112 4873 1424 4941 constituti,
1451 4876 1540 4944 qui
1566 4873 1654 4943 pie

48 4955 300 5015 viventes
329 4962 380 5016 in
407 4960 646 5029 Christo,
675 4965 1021 5022 contumeliis
1046 4965 1373 5031 afﬁciuntur,
1404 4981 1467 5022 ac
1505 4981 1653 5021 ama-

51 5053 292 5111 rulentis
326 5060 666 5129 opprobriis,
702 5061 910 5131 injuriis
938 5105 953 5130 ,
996 5061 1446 5132 irrisionibusque
1483 5062 1654 5118 laces-

51 5156 290 5204 suntur:
335 5151 508 5209 istane
553 5166 634 5210 est
675 5155 765 5209 illa
795 5157 1096 5226 generalis,
1136 5157 1358 5228 inquiet,
1393 5172 1652 5227 perseeu-

52 5239 148 5306 tio,
199 5257 367 5312 quam
398 5243 696 5316 Apostolus
722 5261 913 5302 omnes
938 5247 1027 5319 pie
1059 5249 1305 5304 viventes
1334 5249 1388 5304 in
1433 5248 1654 5304 Christo

53 5335 522 5410 PalidescripSil?
576 5341 774 5398 Verum
825 5357 930 5398 non
983 5342 1138 5398 istam
1189 5341 1348 5398 facile
1373 5343 1650 5399 dixerim:

51 5440 178 5483 cum
229 5429 344 5486 sint
383 5433 602 5502 quidam
653 5434 706 5489 in
750 5433 992 5490 Ecclesia
1024 5433 1160 5490 adeo
1190 5433 1415 5498 devoti,
1459 5435 1655 5505 quibus

51 5535 222 5576 nemo
276 5538 563 5589 pravorum
612 5526 810 5581 audeat
855 5527 906 5581 in
957 5526 1148 5581 faciem
1195 5526 1481 5597 derogare.
1535 5525 1654 5580 Alia

51 5629 187 5686 ergo
215 5631 288 5672 ex
336 5619 578 5689 Apostoli
616 5620 802 5676 verbis
840 5619 1188 5692 intelligenda
1225 5630 1310 5676 est
1343 5621 1650 5691 persecutio

50 5707 354 5766 immanior
382 5721 438 5766 et
463 5713 632 5783 magis
656 5713 838 5780 noxia,
872 5728 1030 5784 quam
1066 5729 1172 5770 non
1203 5712 1452 5769 mortalis
1477 5713 1652 5769 intor-

48 5813 184 5874 quet
214 5805 502 5871 severitas,
535 5804 631 5861 sed
672 5805 925 5862 vitiorum
962 5807 1133 5879 gignit
1157 5806 1475 5863 adversitas.
1513 5806 1653 5864 Dum

50 5900 201 5954 cnim
240 5908 431 5956 contra
457 5900 818 5955 humilitatem
845 5941 862 5967 ,
895 5902 1183 5972 superbia;
1215 5913 1406 5959 contra
1437 5903 1652 5960 Domini

1755 4778 2085 4844 castitatem,
2118 4783 2301 4839 carnis
2327 4785 2667 4844 immunditia
2690 4798 2852 4862 atque
2874 4791 3128 4859 luxuria;
3163 4804 3351 4849 contra

1754 4869 1937 4927 cordis
1960 4873 2302 4941 munditiam,
2334 4878 2595 4948 spiritalis
2623 4880 2944 4951 fornicatio;
2974 4896 3162 4941 contra
3201 4898 3352 4940 amo-

1755 4979 1870 5019 rem
1914 4969 2104 5036 patriae
2150 4969 2414 5042 caelestis,
2461 4977 2735 5046 appetitus
2765 4977 2926 5052 hujus
2955 4979 3140 5036 saeculi
3183 4994 3356 5050 oppo-

1755 5073 1916 5125 nens,
1967 5072 2146 5119 semet
2171 5067 2442 5139 emergit;
2473 5068 2589 5143 bgec
2616 5072 2884 5148 (inquam)
2911 5090 3034 5130 cum
3057 5074 3352 5132 virtutibus

1755 5151 2023 5210 obsistere
2045 5168 2336 5229 conantur,
2357 5162 2487 5232 quid
2511 5164 2654 5218 aliud
2685 5165 2839 5221 nobis
2869 5165 3163 5232 insinuant,
3187 5180 3351 5236 quam

1756 5247 1899 5316 quod
1947 5247 2185 5306 crudelis
2213 5251 2484 5310 adversus
2512 5257 2864 5328 eonglobatas
2896 5259 3160 5314 virtutum
3204 5260 3352 5318 acies

1756 5338 1846 5409 pie
1883 5339 2179 5398 viventium
2207 5349 2522 5415 persecutio
2551 5349 2848 5419 desaeviat?
2876 5352 2918 5405 0
2955 5366 3112 5420 quam
3142 5352 3309 5409 durus
3333 5399 3349 5424 ,

1759 5447 1792 5488 ο
1812 5449 1972 5504 quam
1999 5450 2214 5492 amarus
2241 5449 2328 5495 est
2356 5455 2682 5512 congressus
2707 5443 2999 5513 superbire,
3031 5459 3152 5514 qua:
3181 5459 3351 5516 ange-

1756 5524 1840 5581 los
1889 5527 1958 5584 de
2005 5531 2143 5585 coelo
2187 5530 2370 5602 ejecit,
2415 5527 2694 5589 hominem
2746 5535 3000 5606 paradiso
3052 5537 3356 5599 eliminavit

1760 5617 1946 5690 (Gene.
1980 5620 2082 5697 Ill),
2099 5624 2255 5696 cujus
2281 5627 2555 5684 exercitus
2580 5636 2741 5700 atque
2766 5646 3042 5690 armorum
3066 5634 3356 5694 conﬂictus

1760 5715 1886 5769 vitia
1918 5727 2065 5786 sunt,
2095 5733 2214 5788 quae
2237 5719 2478 5776 breviter
2503 5725 2897 5793 comprehensa
2923 5729 3220 5801 tetigimus.
3245 5728 3355 5788 Sed

1759 5809 2040 5868 videamus
2084 5813 2542 5883 quemadmodum
2569 5825 2749 5874 castra
2792 5819 2918 5876 cteli
2948 5829 3006 5878 et
3049 5821 3245 5880 inferni
3277 5824 3360 5883 di-

1761 5908 1985 5973 micent,
2014 5923 2161 5963 arma
2188 5907 2392 5966 Christi
2422 5919 2477 5969 et
2498 5911 2698 5969 diaboli
2726 5913 3025 5975 decertent.
