3958 6314
613 319 754 390 1059

1243 429 1470 488 CAPUT
1511 429 1576 486 ll.

1005 523 1241 580 Primum
1270 523 1506 594 superbia
1537 523 1626 578 tibi
1657 523 1798 586 dicit,

679 619 840 678 Certe
885 618 1084 684 multis,
1139 619 1300 674 immo
1351 632 1488 688 pene
1535 617 1826 674 omnibus:
1881 615 2073 672 Melior
2117 631 2200 688 es,

607 715 794 780 verbo,
825 711 1074 780 scientia,
1109 711 1402 770 honoribus
1432 719 1486 768 et
1515 711 1743 780 divitiis,
1777 721 1832 768 et
1873 721 2064 772 cuncta
2107 709 2204 768 tibi

605 806 842 864 carnalia
889 813 942 860 et
971 804 1233 876 spiritalia
1283 813 1584 878 suppetunt
1631 803 1958 862 charismata
1993 823 2004 854 τ
2037 818 2204 860 cunc-

607 911 691 956 tos
722 915 850 972 ergo
881 899 1100 970 despice
1125 939 1140 970 ,
1175 898 1424 960 otttnibus
1463 901 1812 968 tt-metipsutn
1857 899 2201 968 superiorem

605 993 852 1050 ostende.

927 1090 980 1146 Η
985 1091 1215 1146 umiiilas
1244 1108 1308 1146 ea:
1331 1091 1545 1146 adverso
1567 1092 1846 1162 respondet
1867 1109 1884 1144 .-

679 1206 950 1262 Memento
981 1208 1108 1276 quia
1137 1219 1279 1264 terra
1311 1221 1368 1262 es
1403 1205 1614 1278 (Grues.
1645 1207 1728 1274 ιιι)
1757 1247 1772 1274 ,
1820 1206 1948 1276 quia
1977 1203 2208 1276 putredo

603 1309 658 1355 et
689 1301 886 1356 vermis
911 1315 970 1354 es
997 1298 1140 1368 (Job.
1171 1299 1324 1369 xxv),
1349 1299 1474 1370 quia
1495 1309 1552 1360 et
1571 1299 1617 1356 si
1640 1298 1842 1369 aliquid
1865 1297 2068 1365 es,nisi
2095 1307 2209 1352 lan-

606 1403 720 1450 tum
753 1403 804 1450 te
835 1393 1114 1460 humilies,
1139 1403 1398 1466 quantum
1427 1408 1653 1464 magnus
1677 1408 1757 1460 es,
1787 1391 1965 1464 perdis
1987 1393 2208 1452 omnino

601 1485 748 1558 quod
771 1501 834 1542 es
861 1485 1056 1554 (Ereti.
1079 1493 1186 1554 ιιι).
1219 1486 1487 1556 Numquid
1527 1495 1581 1542 ιιι
1623 1487 1782 1540 altior
1813 1501 1972 1554 quam
2007 1485 2211 1554 primus

607 1579 831 1650 angelus
877 1578 1055 1652 (Esca.
1099 1581 1341 1650 xxvnt)?
1379 1578 1648 1648 Numquid
1681 1587 1734 1632 tu
1775 1577 2108 1650 splendidior
2157 1579 2210 1632 in

609 1679 780 1739 terra,
811 1687 971 1742 quant
1005 1671 1223 1728 Lucifer
1255 1671 1306 1728 in
1336 1671 1476 1726 oculo
1505 1667 1658 1740 (Isai.
1691 1669 1843 1736 xw)?
1870 1668 2026 1738 Quod
2051 1671 2092 1724 si
2119 1668 2213 1724 ille

609 1765 679 1819 de
719 1773 863 1828 tanta
909 1764 1243 1818 sublimitate
1291 1779 1388 1834 per
1433 1763 1750 1832 superbiam
1787 1761 1988 1818 cecidit
2022 1801 2036 1826 ,
2075 1777 2213 1830 quo—

609 1856 776 1912 modo
821 1867 874 1910 tu
921 1857 986 1910 ad
1031 1857 1312 1914 caelestem
1341 1855 1720 1910 celsitudinem
1750 1853 2120 1923 superbiendo
2149 1853 2216 1908 de

609 1947 733 2002 imis
775 1947 1155 2004 conscendas?
1183 1947 1284 2016 Qui
1317 1947 1570 2018 quantdin
1607 1947 1693 2000 hic
1723 1948 1882 2014 vivis,
1920 1961 1982 2001 ea
2025 1946 2214 2000 Cotidi-

609 2043 760 2096 tione
790 2043 1009 2106 teneris,
1053 2040 1121 2098 de
1160 2055 1266 2110 qua
1303 2055 1400 2114 per
1441 2041 1756 2114 Sapientem
1809 2039 2008 2096 dicitur
2037 2058 2050 2092 :
2079 2038 2215 2096 Cor-

609 2136 865 2206 ruptibile
897 2136 1040 2192 enim
1085 2149 1287 2206 corpus
1329 2143 1588 2206 aggravat
1631 2135 1890 2198 animant,
1937 2143 1988 2188 et
2021 2141 2216 2188 onerat

609 2239 825 2286 terrena
877 2229 1230 2284 'inhabitatio
1305 2239 1545 2283 mentem
1633 2229 1802 2282 multa
1877 2231 2210 2300 cogitantem

620 2319 778 2392 (δίῳ.
811 2319 909 2394 ιιι).
937 2321 1108 2388 Quam
1137 2321 1481 2380 densissimis
1507 2331 1756 2392 putamus
1777 2321 1827 2376 in
1853 2330 1998 2378 terra
2023 2335 2214 2389 super-

617 2413 720 2469 biae
769 2415 1006 2470 tenebris
1067 2416 1238 2468 lutum
1283 2424 1528 2468 nostrum
1581 2413 1780 2468 involvi
1826 2411 1981 2486 (Isai.
2028 2412 2210 2484 utr),

611 2507 656 2562 si
705 2507 876 2576 potuit
911 2507 962 2560 in
995 2505 1135 2561 caelo
1173 2506 1350 2574 stella,
1385 2521 1502 2574 qua:
1531 2521 1690 2558 mane
1731 2503 2038 2572 oriebatur,
2077 2503 2213 2558 lucis

610 2613 730 2655 suae
758 2600 954 2670 globos
979 2600 1231 2652 amittere
1261 2596 1417 2670 (lsm‘.
1443 2597 1580 2666 xlv)?
1605 2595 1744 2650 Audi
1767 2613 1896 2666 ergo
1927 2595 2103 2664 potius
2127 2596 2214 2650 lu-

609 2710 727 2750 cem
765 2695 1014 2749 veritatis
1041 2693 1310 2748 dicentem
1343 2708 1358 2748 :
1385 2692 1486 2758 Qui
1513 2692 1764 2760 sequitur
1809 2706 1918 2756 me,
1951 2705 2057 2743 non
2090 2704 2208 2742 am-

609 2786 754 2858 bulat
775 2785 830 2848 in
847 2786 1106 2854 tenebris,
1137 2785 1233 2846 sed
1265 2784 1487 2842 habebit
1509 2783 1694 2844 lumen
1717 2783 1840 2840 vita;
1869 2783 2050 2856 (Joau.
2069 2781 2206 2854 vm).

611 2881 668 2936 In
698 2895 808 2951 quo
833 2889 1014 2936 autem
1039 2882 1152 2950 ipsa
1184 2889 1334 2934 esset
1356 2879 1665 2949 sequenda,
1693 2877 1820 2932 alibi
1854 2877 2207 2948 praemonuit,

609 2973 844 3030 dicens:
879 2973 1082 3028 Discite
1129 2988 1158 3026 a
1203 2987 1312 3036 me,
1357 2972 1481 3042 quia
1523 2973 1670 3024 mitis
1718 2985 1870 3036 sum,
1903 2979 1960 3030 et
1991 2967 2212 3026 humilis

607 3068 817 3131 corde,
887 3076 942 3120 et
1014 3065 1305 3120 invenietis
1355 3065 1598 3134 requiem
1673 3063 1956 3116 animabus
2009 3059 2210 3116 vestris

613 3159 834 3232 (Matth.
865 3157 964 3229 ιιι).
1015 3158 1174 3224 Audi,
1215 3167 1394 3210 tumor
1423 3155 1694 3224 superbia:
1725 3172 1739 3209 :
1767 3153 1892 3208 audi
1921 3152 2100 3207 adhuc
2127 3151 2212 3206 di-

1643 313 1994 378 tret‘umx
2031 315 2124 380 tu
2161 315 2390 392 orsus
2435 319 2492 378 ιι.
2537 317 2880 379 annuosn.

2228 436 2272 494 Α
2307 433 2506 490 labitur
2538 433 2606 490 de
2635 433 3008 492 ostentatione
3057 431 3170 488 ulla
3207 431 3477 502 iniquitas.
3511 432 3627 489 itam
3653 435 3802 492 crines

2303 541 2432 582 esse
2463 545 2568 586 non
2605 528 2842 600 poterit,
2875 525 3174 596 aliquando
3217 525 3542 582 maniiestari
3567 528 3682 596 quod
3705 545 3804 584 ten-

2307 633 2406 694 per
2437 619 2516 674 vis
2551 619 2790 682 celatum
2823 618 3040 678 haberi.
3073 618 3168 680 Sic
3209 617 3442 686 denique
3475 617 3597 674 duas
3629 618 3804 675 [latim-

2315 714 2490 788 ptoris
2551 713 2846 770 scutentias
2899 712 3006 774 sibi
3065 712 3220 784 quasi
3277 712 3563 770 contrarias
3609 713 3808 772 videberis

2307 806 2636 880 adimptesse
2659 851 2674 874 ,
2735 807 2936 878 quibus
2975 805 3177 866 dicitur
3213 825 3226 860 :
3273 804 3518 864 Faciente
3555 815 3602 862 te
3631 807 3808 862 clean-

2307 917 2522 974 rynam,
2563 902 2766 960 nesciat
2797 901 3016 968 sinistra
3051 911 3146 956 tua
3167 899 3298 972 quid
3327 901 3484 958 faciat
3505 900 3694 958 dextera
3717 913 3808 956 tu:

2309 995 2406 1054 sed
2455 995 2520 1050 aii
2574 995 2922 1067 eleetnosyna
2979 1005 3072 1052 tua
3109 995 3162 1050 in
3211 993 3544 1054 absconditio
3579 1013 3592 1048 :
3625 1005 3668 1050 et
3699 996 3810 1050 Pater

2311 1099 2456 1152 tuus,
2483 1087 2572 1155 qui
2602 1086 2820 1142 videtin
2845 1087 3188 1150 abscondito,
3233 1086 3426 1141 reddet
3455 1087 3540 1140 tibi
3565 1085 3710 1154 (Hau.
3733 1093 3808 1152 ni;

2311 1189 2364 1233 et
2397 1195 2410 1232 :
2457 1177 2685 1234 Videant
2723 1189 2902 1233 vestra
2947 1179 3082 1233 bona
3130 1195 3294 1248 opera
3321 1219 3336 1244 ,
3369 1187 3422 1232 et
3457 1179 3718 1250 gloriﬁcent
3747 1181 3814 1234 Ps-

2313 1281 2450 1328 trcm
2483 1283 2722 1332 vestrum
2763 1273 2852 1348 qui
2886 1275 2938 1327 in
2963 1273 3118 1338 caelis
3141 1283 3222 1328 est
3259 1272 3442 1344 (Matt.
3469 1273 3538 1342 v).
3567 1271 3688 1338 Cave
3711 1291 3816 1344 prer-

2313 1383 2407 1422 sus
2441 1384 2508 1422 ne
2539 1367 2632 1422 tibi
2671 1369 2944 1422 sententia
2986 1368 3075 1422 illa
3111 1369 3438 1436 conveniat,
3469 1384 3564 1436 qua
3594 1369 3654 1428 de
3681 1371 3816 1440 bym

2311 1461 2468 1516 eritis
2499 1460 2704 1516 dicitur
2737 1479 2750 1513 :
2785 1459 2978 1516 Omnia
3013 1475 3180 1529 Opera
3211 1475 3308 1513 sua
3349 1458 3550 1514 faciunt
3589 1469 3640 1513 ut
3675 1461 3818 1514 bestii-

2315 1563 2508 1608 Ccntur
2541 1553 2608 1606 ab
2635 1551 2967 1608 hominibus.
3003 1555 3176 1608 Amen
3201 1551 3326 1604 dico
3361 1550 3542 1616 vobis,
3577 1567 3818 1622 recuperarit

2329 1645 2638 1702 mercedem
2665 1661 2820 1700 suam
2853 1643 3034 1716 (Matt.
3063 1643 3222 1717 unt)
3247 1662 3260 1698 :
3287 1645 3392 1702 hoc
3417 1655 3502 1704 est
3533 1691 3546 1714 ,
3579 1645 3725 1704 laudes
3745 1659 3804 1700 uti

2327 1749 2439 1794 tum
2486 1739 2556 1794 ab
2589 1737 2901 1794 luminibus
2941 1751 3076 1808 quas
3118 1747 3457 1792 amaverunt.
3501 1737 3705 1791 Attende
3733 1751 3822 1805 etp

2251 1837 2294 1896 Β
2325 1833 2418 1884 tibi
2463 1834 2512 1884 in
2541 1831 2798 1886 omnibus
2841 1845 2962 1900 qua:
3007 1830 3157 1898 agis,
3203 1845 3272 1884 ne
3312 1827 3620 1886 cenodoxia:
3660 1830 3822 1882 etate-ts:

2321 1925 2590 1996 pttiSatus,
2627 1941 2750 1980 cum
2787 1923 2869 1978 his
2899 1923 2994 1996 qui
3025 1923 3187 1978 etiam
3221 1921 3292 1978 de
3323 1923 3688 1988 miraculorum

2323 2019 2722 2090 gloriabantur,
2755 2018 2948 2074 audias
2983 2035 2995 2070 ε
3033 2015 3294 2076 Videbam
3347 2015 3598 2074 Satanam
3629 2014 3824 2070 timid-

2317 2128 2420 2184 gur
2465 2112 2534 2166 de
2573 2111 2714 2166 cmlo
2753 2103 3038 2168 eadentem
3081 2109 3238 2180 (Luc.
3273 2112 3330 2180 ι)
3369 2129 3381 2163 :
3427 2110 3518 2166 sed
3569 2113 3710 2174 time,
3741 2125 3824 2166 rei

2315 2207 2580 2276 scriptum
2613 2215 2698 2261 est
2729 2223 2742 2258 :
2774 2205 2963 2261 Timor
3007 2205 3226 2260 Domini
3265 2206 3471 2276 gloria,
3513 2214 3570 2262 et
3613 2205 3825 2276 glorianti,

2325 2297 2506 2352 laetitia
2537 2308 2588 2352 et
2615 2313 2816 2352 corona
2848 2297 3246 2353 exsoltationis.
3297 2297 3487 2352 Timor
3515 2297 3701 2351 Domini
3729 2299 3826 2349 deie-

2313 2393 2482 2448 ctabit
2511 2407 2626 2454 eor,
2655 2402 2708 2442 et
2739 2391 2892 2444 dabit
2922 2389 3160 2444 laetitiam
3205 2399 3260 2443 et
3308 2391 3562 2466 gaudium
3585 2435 3599 2458 ,
3643 2401 3686 2444 et
3709 2390 3830 2460 bliga-

2318 2481 2560 2538 ludiut-m
2605 2483 2838 2537 dierum.
2899 2481 3130 2535 Titnettti
3191 2483 3486 2537 Dominum
3539 2483 3660 2536 bene
3695 2483 3826 2534 eritis

2311 2575 2578 2632 extremis
2616 2593 2627 2628 :
2681 2583 2736 2628 et
2767 2575 2818 2628 itt
2859 2573 2948 2629 die
2983 2573 3354 2629 deiunctiouis
3399 2591 3510 2628 suae
3563 2575 3826 2629 benedicens

3703 321 3900 383 teu-

2325 2668 2496 2738 (Eccl.
2541 2667 2601 2738 t).
2645 2667 2712 2722 Et
2743 2667 2880 2720 infra
2917 2684 2930 2719 :
2965 2665 3136 2721 ltadix
3169 2667 3452 2736 sapientia:
3496 2668 3670 2722 timere
3707 2667 3830 2720 ﬂeei-
3906 2723 3907 2726 η

2317 2777 2467 2826 num,
2498 2769 2553 2814 et
2585 2757 2718 2826 rami
2747 2757 2892 2820 illius
2927 2757 3209 2826 longitudo
3235 2758 3456 2826 dierum
3489 2758 3688 2834 (ιω).

2933 2850 3166 2906 CAPUT
3209 2851 3296 2906 IV.

2829 2943 3112 2998 Simulatio
3153 2946 3412 3018 suggerit:

2389 3039 2526 3106 Quia
2562 3037 2616 3092 in
2649 3036 2970 3092 abscondito
3010 3037 3144 3090 nihil
3175 3037 3304 3092 boni
3337 3037 3469 3092 facis
3493 3083 3506 3106 ,
3543 3053 3606 3091 ne
3627 3053 3652 3089 ιι
3681 3052 3832 3091 causa

2323 3131 2574 3200 cognitus
2603 3129 2926 3194 detesteris,
2969 3127 3112 3199 ﬁnge
3149 3137 3202 3183 te
3235 3129 3400 3196 foris,
3431 3133 3568 3199 quod
3599 3131 3727 3183 intus

609 3263 828 3312 centeni
861 3251 1190 3310 humilitatis
1219 3251 1537 3322 magistrum
1571 3267 1583 3304 :
1615 3249 1802 3306 Omnis
1835 3249 1923 3318 qui
1959 3263 2020 3304 se
2053 3247 2206 3302 exal-

2317 3239 2426 3279 non
2457 3222 2690 3292 appetis.

611 3353 710 3414 tat,
756 3345 1132 3404 humiliabitur
1166 3355 1260 3400 :et
1307 3346 1395 3418 qui
1443 3360 1503 3400 se
1549 3343 1828 3408 ltnmiliat,
1877 3343 2210 3400 exaltabitur

611 3439 766 3512 (Luc.
798 3437 948 3512 xw);
978 3447 1033 3495 et
1063 3440 1260 3496 iterum
1291 3457 1304 3492 :
1336 3439 1512 3508 Super
1545 3438 1702 3508 quem
1735 3435 2030 3508 requiescit
2055 3434 2212 3506 spiri-

609 3543 696 3592 tus
728 3548 906 3604 meus,
939 3532 1040 3589 nisi
1072 3547 1234 3604 super
1263 3532 1525 3592 humilem
1551 3541 1602 3584 et
1625 3529 1870 3600 quietum
1893 3538 1946 3584 et
1975 3538 2210 3584 tremen-

612 3637 720 3686 tem
764 3641 1050 3684 sermones
1089 3639 1240 3682 meos
1279 3623 1437 3695 (luti.
1473 3623 1660 3694 vat)?
1701 3623 1835 3678 Audi
1867 3619 1994 3696 quid
2047 3622 2208 3676 etiam

615 3721 684 3788 de
719 3721 812 3776 illa
843 3719 1090 3782 veritatis
1117 3720 1240 3778 luce
1271 3719 1414 3774 dicat
1442 3716 1760 3786 Apostolus,
1791 3718 1880 3788 qui
1915 3725 1966 3772 te
1995 3715 2058 3768 ad
2091 3729 2209 3772 eam

617 3815 934 3876 sectandam
968 3815 1178 3872 invitat.
1212 3812 1300 3868 Ait
1332 3812 1478 3866 enim
1507 3830 1518 3865 :
1545 3811 1644 3880 Qui
1675 3825 1796 3864 cum
1829 3809 1884 3864 in
1917 3808 2090 3864 forma
2117 3807 2211 3864 Dei

611 3917 797 3974 esset,
842 3923 950 3964 non
994 3905 1242 3980 rapinam
1269 3901 1566 3962 arbitratus
1599 3909 1685 3958 est
1707 3915 1830 3958 esse
1857 3915 1916 3956 se
1945 3900 2211 3968 arqualem

611 4000 726 4056 Deo
758 4017 772 4054 :
803 3999 896 4056 sed
929 3998 1280 4068 semetipsum
1313 3995 1613 4052 exinauivit
1636 4035 1650 4060 ,
1686 3994 1914 4058 formam
1947 3993 2090 4050 servi
2119 4007 2211 4046 ac-

614 4093 845 4166 cipiens,
871 4091 925 4146 in
955 4089 1367 4148 similitudinem
1393 4085 1672 4146 hominum
1711 4087 1914 4158 foetus,
1953 4085 2215 4158 etspecie

615 4193 864 4256 repertus
908 4190 966 4236 ut
1003 4184 1186 4236 homo.
1231 4179 1548 4236 llutniliavit
1591 4179 1993 4248 semetipsum,
2039 4179 2215 4234 iactus

614 4277 876 4334 obcdiens
916 4291 1084 4345 usque
1121 4274 1190 4327 ad
1223 4283 1480 4340 mortem,
1529 4282 1762 4328 mortem
1801 4281 1984 4328 autem
2031 4270 2216 4326 crucis

617 4369 843 4444 (Philip.
873 4374 954 4438 ιι).
999 4368 1056 4426 Si
1101 4367 1267 4437 igitur
1317 4377 1465 4424 tanta
1519 4365 1826 4426 humilitate
1853 4380 1912 4424 se
1955 4363 2216 4438 deprimit

618 4464 805 4519 divina
847 4463 1135 4532 majeslas,
1179 4459 1464 4532 superbire
1497 4458 1548 4512 in
1579 4458 1759 4534 aliquo
1791 4473 1900 4520 non
1923 4458 2086 4515 debet
2109 4457 2215 4514 bu-

621 4571 786 4616 mana
815 4555 1123 4614 inﬁrmitas.

1233 4669 1466 4730 CAPUT
1505 4668 1594 4726 ill.

1137 4787 1319 4844 Inanis
1347 4789 1512 4860 gloria
1543 4787 1666 4840 dicit
1699 4803 1715 4838 :

695 4913 806 4982 Age
835 4908 1035 4964 bonum
1083 4909 1226 4976 quod
1266 4905 1418 4960 vales
1449 4921 1460 4956 :
1494 4901 1722 4960 ostende
1763 4901 1973 4958 cunctis
2010 4903 2215 4958 bonum

618 5003 761 5076 quod
803 5001 920 5073 agis
959 5009 1018 5054 ut
1047 4999 1222 5054 bonus
1253 5013 1280 5051 a
1309 4996 1524 5052 cunctis
1553 4995 1775 5057 dicaris,
1806 5005 1866 5049 ut
1894 5003 2116 5050 sanctus
2153 5010 2216 5049 ac

619 5095 947 5154 venerabilis
976 5093 1043 5146 ab
1073 5091 1327 5147 omnibus
1358 5089 1696 5157 praediceris,
1732 5098 1787 5142 ut
1818 5097 2088 5162 tamquam
2118 5087 2216 5142 Dei

620 5191 828 5247 electus
860 5185 1103 5243 noscaris
1141 5205 1154 5238 :
1187 5195 1244 5238 ut
1287 5181 1447 5236 nemo
1495 5187 1550 5234 te
1591 5189 1927 5248 contemnat,
1965 5196 2122 5235 nemo
2165 5191 2217 5236 te

622 5280 884 5352 despiciat
917 5299 930 5335 :
963 5279 1058 5335 sed
1099 5273 1341 5333 universi
1369 5273 1612 5328 debitum
1656 5273 1749 5329 tibi
1791 5271 2055 5330 honorem
2097 5289 2218 5345 per-

623 5375 860 5430 solvant.

1033 5461 1214 5515 Timor
1255 5459 1465 5514 Domini
1501 5457 1774 5530 respondet
1805 5474 1819 5508 :

693 5557 750 5611 Si
783 5557 910 5610 boui
942 5557 1147 5624 aliquid
1173 5555 1310 5624 agis,
1339 5569 1446 5608 noo
1479 5567 1579 5624 pro
1599 5551 1960 5616 trausitoriis,
1993 5552 2088 5607 sed
2121 5569 2219 5622 pro

630 5647 850 5704 aeternis
905 5647 958 5700 id
1001 5647 1304 5701 honoribus
1347 5659 1468 5716 age.
1503 5644 1730 5700 Occulta
1780 5643 1920 5716 quod
1969 5647 2118 5720 agis,
2163 5645 2218 5702 in

627 5749 893 5816 quantum
919 5739 1074 5794 vales
1101 5758 1112 5792 :
1140 5739 1282 5809 quod
1317 5739 1359 5794 si
1401 5754 1474 5794 ex
1518 5748 1632 5810 toto
1674 5755 1781 5794 non
1823 5739 2009 5806 vales,
2051 5741 2122 5795 sit
2161 5742 2216 5798 in

629 5836 810 5888 animo
847 5829 1158 5888 occultandi
1191 5831 1467 5900 voluntas,
1503 5842 1560 5887 et
1591 5840 1718 5888 tunc
1759 5847 1868 5889 non
1914 5834 2006 5890 tibi
2043 5835 2216 5906 impu-

2667 3315 2875 3387 Religio
2917 3332 2980 3369 ea:
3017 3315 3234 3371 aduerso
3271 3317 3540 3388 respondet
3570 3334 3586 3369 :

3905 2743 3907 2836 Ψ

3905 3191 3907 3228 ι

2389 3409 2742 3482 Nequaquam
2799 3411 3024 3466 omnino
3073 3411 3126 3470 id
3172 3426 3346 3488 agas,
3389 3411 3482 3466 sed
3517 3410 3674 3486 magis
3906 3405 3907 3476 ξ

2317 3501 2495 3558 bonus
2525 3503 2664 3570 ﬁeri,
2697 3501 2842 3572 quod
2871 3518 2980 3556 non
3013 3517 3091 3556 es.
3117 3501 3254 3558 Nam
3283 3507 3508 3576 probum
3539 3503 3790 3562 ostendere
3809 3513 3836 3558 tr

2317 3598 2640 3658 hominibus
2671 3599 2816 3668 quod
2847 3612 2954 3656 non
2987 3613 3068 3668 es,
3101 3599 3230 3674 quid
3263 3599 3412 3658 aliud
3441 3615 3598 3674 quam
3625 3597 3838 3660 damnis

2317 3693 2438 3754 eat?
2479 3692 2690 3748 Memor
2733 3701 2853 3748 esto
2899 3693 3086 3764 utique
3121 3671 3282 3764 quod
3323 3671 3518 3758 dicitur
3557 3711 3572 3748 :
3607 3693 3688 3750 ιτ
3717 3693 3836 3752 una.

2317 3783 2522 3840 Scriba:
2565 3793 2621 3840 et
2665 3785 2926 3840 l’harismi
2970 3784 3310 3858 bypocritze,
3343 3787 3436 3858 qui
3467 3784 3724 3842 mundatis
3745 3783 3840 3856 qusi

3905 3753 3907 3792 t

2317 3877 2525 3932 deforis
2552 3887 2636 3932 est
2663 3878 2849 3934 calicis
2878 3887 2934 3944 et
2973 3878 3320 3948 paropsidis,
3365 3880 3510 3934 intus
3539 3889 3708 3942 autem
3739 3873 3838 3958 ptes
3906 3867 3907 3904 λ

2317 3971 2451 4026 estis
2481 3971 2672 4040 rapina
2705 3979 2760 4026 et
2790 3970 3157 4038 immunditia.
3193 3970 3474 4032 Pharisaze
3503 3987 3672 4038 ca‘ce,
3699 3967 3840 4028 mari
3906 4031 3907 4034 η

2321 4067 2471 4140 prius
2502 4064 2645 4134 quod
2676 4063 2826 4120 intus
2859 4077 2939 4120 cst
2973 4065 3164 4124 colicis
3194 4077 3252 4126 et
3277 4067 3614 4142 pampsidis,
3645 4073 3702 4120 ut
3723 4065 3840 4124 ιὶίιει

2323 4155 2373 4210 id
2413 4156 2558 4224 quod
2587 4155 2790 4214 deforis
2834 4167 2920 4212 est
2959 4157 3223 4214 mundum
3259 4157 3439 4232 (Matt.
3469 4161 3638 4228 mu).
3667 4158 3841 4226 licuisse
3906 4191 3907 4232 ξ

2321 4249 2450 4303 illud
2472 4248 2612 4320 quod
2643 4249 2969 4304 iuculcando
2997 4250 3269 4322 repetitur
3291 4271 3303 4304 :
3325 4251 3412 4306 Va:
3428 4252 3604 4318 vobis,
3631 4250 3842 4312 Scribeu

2325 4339 2592 4396 Pharisad
2620 4343 2946 4414 hypocritae,
2977 4341 3104 4416 quia
3130 4345 3344 4408 similes
3369 4345 3500 4402 estis
3529 4345 3771 4420 sepulcris
3789 4341 3842 4400 tle

2321 4434 2552 4504 albatis,
2588 4451 2706 4504 qua:
2739 4435 2873 4492 foris
2900 4437 3124 4514 quidem
3155 4447 3422 4512 apparent
3449 4439 3748 4498 hominibus
3771 4449 3844 4508 sit

2323 4526 2496 4594 ciosa,
2527 4528 2673 4581 intus
2701 4543 2830 4582 vero
2859 4528 3018 4600 plena
3049 4538 3176 4586 sunt
3205 4531 3425 4600 ossibus
3449 4541 3767 4604 mortuorum
3787 4541 3844 4592 ,α

2247 4621 2300 4684 D
2325 4621 2472 4678 omni
2503 4620 2762 4700 spurcitia
2801 4641 2813 4676 :
2851 4624 2930 4680 sic
2961 4633 3019 4678 et
3049 4640 3146 4686 vos
3172 4625 3308 4684 foris
3335 4627 3554 4704 quidem
3583 4625 3844 4702 parataita

2327 4714 2564 4770 minibus
2609 4715 2742 4790 jusd
2770 4757 2785 4784 ,
2838 4717 2983 4774 intus
3021 4726 3208 4786 autem
3259 4719 3408 4798 pleni
3455 4721 3594 4786 estis
3641 4714 3844 4796 hypanis

2323 4819 2378 4864 et
2415 4809 2701 4880 iniquitate
2742 4807 2957 4888 (Ibid.).
3006 4811 3232 4880 Necnon
3273 4824 3328 4870 et,
3365 4814 3492 4874 illud
3533 4813 3680 4886 qugd
3715 4813 3770 4868 de
3797 4821 3844 4864 ω.

2327 4904 2468 4958 libus
2497 4906 2758 4974 scriptum
2809 4904 3006 4978 legitur
3047 4923 3060 4959 :
3105 4906 3347 4978 Veniunt
3387 4908 3456 4966 ad
3501 4924 3603 4978 vos
3655 4909 3704 4972 in
3739 4901 3848 4962 res}

2326 5001 2522 5054 mentis
2550 5001 2765 5068 ovium,
2795 5000 3131 5068 intrinsecus
3167 5010 3352 5060 autem
3387 5015 3516 5072 sunt
3545 5004 3652 5084 lupi
3685 5011 3844 5076 rapitis

2329 5090 2506 5164 (Matt.
2544 5093 2668 5164 vn).

2943 5187 3172 5258 CAPUT
3213 5189 3278 5258 γ.

2905 5278 3084 5334 Elatia
3125 5281 3304 5350 objicit
3325 5297 3341 5332 :

2392 5371 2577 5440 Qualis
2610 5386 2669 5432 es
2703 5381 2779 5438 tu,
2812 5380 2874 5427 ut
2901 5373 3180 5444 prioribus
3205 5374 3588 5448 obtemperes,

2327 5467 2426 5520 bus
2449 5463 2766 5520 famulatum
2793 5465 3096 5524 exhibeas?
3125 5468 3202 5532 Te
3227 5469 3404 5542 magis
3425 5483 3584 5548 quam
3609 5469 3724 5528 illos
3743 5467 3848 5536 tisi-ﬁt

2327 5559 2601 5630 imperare
2630 5577 2640 5612 :
2667 5575 2792 5614 nam
2829 5560 2904 5614 illi
2937 5575 3039 5626 nec
3069 5561 3324 5634 ingenio,
3359 5578 3460 5622 nec
3487 5563 3766 5636 industria,

2331 5653 2540 5709 viribus
2601 5653 2694 5710 tibi
2744 5656 3020 5724 comquari
3071 5665 3324 5728 possunt.
3371 5657 3690 5734 Obtcmpera
3743 5657 3846 5726 igitst

2327 5747 2558 5818 imperio
2615 5746 2759 5816 Dei,
2813 5758 2866 5802 et
2925 5763 3030 5810 non
3085 5749 3158 5814 iii
3219 5751 3318 5818 tibi
3377 5751 3606 5830 ulterius
3665 5764 3776 5806 cura
3811 5744 3850 5796 tit

2323 5840 2526 5910 aliquo.
