3958 6314
71 263 208 335 lli“

156 393 165 406 '
352 382 512 446 Beata
552 393 725 444 autem
763 386 1034 446 subtttissio
1065 388 1337 458 respondet
1356 403 1374 442 .'

138 473 194 528 Si
219 474 314 529 Dei
343 487 494 533 recte
515 479 1007 550 obtemperandum
1036 491 1120 540 est
1146 482 1397 552 imperio,
1425 481 1663 540 humano

70 563 228 619 subdi
262 582 493 623 necesse
521 579 610 626 est
638 572 974 642 tttagisterio.
1017 571 1268 632 Christus
1295 590 1529 644 namque
1559 574 1666 629 Do-

67 654 246 712 minus
274 658 406 714 dicit
438 677 450 714 :
480 659 581 726 Qui
615 677 712 718 vos
756 663 950 732 audit,
994 680 1081 720 me
1119 665 1270 720 audit
1308 681 1324 720 :
1360 677 1413 722 et
1439 667 1528 738 qui
1568 681 1664 723 vos

65 751 303 820 spernit,
337 766 424 814 me
453 755 703 824 Spernit:
729 757 816 827 qui
849 767 1037 814 autem
1069 771 1157 818 tne
1189 760 1424 828 spernit,
1454 759 1663 827 Spernit

65 854 190 896 eum
213 844 307 912 qui
338 859 424 900 me
451 846 602 902 misit
632 845 786 917 (Luc.
815 847 892 919 ι).
928 847 1124 903 Verum
1150 848 1227 904 ita
1256 850 1372 912 fieri
1403 849 1662 922 (inquies)

64 945 312 1002 Oportet,
366 938 464 994 sed
497 940 540 994 si
583 941 705 995 talis
735 941 824 1012 qui
865 941 1097 1012 imperat
1129 954 1294 1008 esset,
1336 944 1511 1012 qualis
1542 957 1664 1002 esse

63 1027 293 1094 deberet
321 1046 416 1102 per
439 1048 599 1103 quem
628 1034 770 1089 Deus
803 1035 1059 1105 imperet,
1086 1051 1209 1090 cum
1242 1052 1374 1091 vero
1402 1036 1522 1092 talis
1553 1052 1660 1092 non

65 1121 156 1191 sit,
191 1124 353 1193 igitur
377 1140 485 1180 non
517 1125 748 1190 debetur
775 1129 826 1184 ei
855 1129 1188 1186 obedietttia.
1217 1130 1485 1186 (holerum
1516 1128 1662 1198 Apo-

64 1214 239 1271 stolus
267 1230 495 1274 econtra
517 1218 621 1276 ait:
647 1219 763 1276 Non
786 1231 873 1276 est
894 1230 1156 1293 potestas,
1183 1224 1283 1278 nisi
1313 1239 1343 1278 a
1374 1223 1515 1289 Deo;
1544 1236 1665 1292 quae

62 1313 246 1362 autem
271 1320 422 1375 sunt,
459 1326 488 1366 a
521 1311 632 1367 Deo
658 1312 927 1370 ordinatae
945 1326 1093 1370 sunt.
1124 1314 1310 1386 Itaque
1330 1315 1420 1385 qui
1456 1313 1665 1369 resistit

63 1401 347 1468 potestati,
378 1403 470 1456 Dei
495 1403 830 1472 ordinationi
865 1407 1073 1462 resistit
1102 1407 1280 1478 (Rom.
1313 1408 1458 1474 χιιι).
1484 1407 1664 1475 Quare

62 1504 182 1547 cum
229 1493 506 1552 ordinatio
539 1495 656 1552 htee
683 1497 870 1553 divino
899 1499 972 1554 sit
1015 1501 1144 1569 jure
1185 1501 1484 1556 consututa
1505 1539 1522 1566 ,
1555 1513 1663 1556 non

62 1595 144 1640 est
186 1585 445 1646 humanis
487 1591 834 1654 obscuranda
888 1595 1238 1650 commentis.
1288 1593 1488 1661 Quales
1531 1608 1664 1663 ergo

61 1693 184 1734 esse
214 1680 455 1740 debeant
495 1683 551 1740 bi
597 1687 690 1756 qui
734 1688 1042 1760 imperant,
1092 1704 1200 1742 non
1243 1697 1332 1742 est
1361 1703 1388 1742 a
1431 1687 1662 1744 subditis

994 265 1084 332 ns
1125 270 1458 342 Vt'rtotttttt
1497 265 2005 352 VtMU'tUttotts
2043 275 2457 358 competere.

3236 288 3375 364 ‘00?

1691 382 1896 452 Asuttt
1938 393 1991 450 iu
2043 393 2318 468 homine',
2372 407 2658 469 propterea
2707 413 2812 458 non
2859 406 2943 456 est
2999 399 3230 456 atnanda
3280 400 3372 460 lit-i

1770 484 1947 552 imago
1973 485 2028 540 in
2058 487 2325 548 homine?
2368 490 2542 554 Immo
2572 493 2843 557 Christus,
2876 491 2966 564 qui
3001 491 3054 546 itt
3087 507 3251 547 cruce
3284 508 3378 560 po-

1766 576 1903 632 sittts
1949 577 2202 634 inimicos
2234 596 2364 638 suos
2408 584 2622 656 dilexit,
2669 596 2723 640 et
2756 586 2964 654 procis
3008 586 3204 652 oravit,
3242 594 3370 643 ante

1767 669 1951 725 crucis
2001 679 2336 730 tormentum
2385 679 2688 748 discipulos
2743 677 3074 748 admonttit,
3125 680 3312 735 dicens
3360 698 3373 733 :

1774 761 1989 831 Diligite
2039 761 2295 824 inimicos
2349 778 2605 838 vestros,
2654 771 2960 826 benefacitc
3009 770 3092 826 his
3141 772 3229 842 qui
3283 787 3380 828 vos

1768 854 2017 921 oderunt,
2048 867 2100 912 et
2133 871 2290 916 orate
2324 877 2423 929 pro
2455 865 2918 934 persequentibus
2947 877 2998 921 et
3026 866 3376 920 calumnian-

1771 945 1917 1002 tibus
1946 962 2041 1004 vos
2074 966 2087 1001 :
2122 959 2179 1004 ut
2217 952 2340 1010 sitis
2381 953 2479 1007 lilii
2520 955 2696 1011 Patris
2739 961 2950 1022 vestri,
2987 959 3076 1027 qui
3121 959 3174 1014 in
3218 960 3378 1018 castis

1773 1051 1857 1094 est
1883 1040 2032 1113 (Luc.
2071 1060 2245 1111 xsttt;
2279 1044 2437 1101 Matt.
2470 1049 2547 1120 v).
2583 1050 2738 1120 Quod
2768 1062 2896 1110 ante
2917 1063 2971 1108 et
3001 1071 3098 1123 per
3123 1055 3374 1114 Salomo-

1772 1148 1891 1188 nem
1933 1135 2140 1192 dictum
2177 1135 2391 1203 luerat,
2436 1141 2514 1196 sic
2543 1141 2689 1208 enim
2720 1142 2960 1216 legitur:
2988 1145 3042 1200 Si
3069 1147 3242 1202 esurit
3276 1146 3377 1202 ini-

1773 1225 1948 1284 tnicus
1980 1235 2141 1293 tuus,
2173 1232 2291 1286 ciba
2326 1230 2476 1288 illuni
2507 1249 2520 1285 :
2548 1233 2593 1288 si
2621 1233 2772 1300 sitit,
2806 1236 2870 1292 da
2907 1235 3098 1296 bibere
3139 1240 3186 1294 ei
3215 1279 3230 1306 ,
3272 1238 3375 1300 hoc

1774 1316 1920 1372 enim
1952 1317 2179 1391 faciens,
2209 1322 2483 1378 carbones
2514 1323 2651 1394 ignis
2681 1329 3053 1396 accumulabis
3086 1345 3252 1399 Sttpt't‘
3281 1346 3372 1385 ca—

1774 1420 1872 1478 put
1895 1410 2035 1480 ejus,
2057 1423 2111 1468 at
2131 1413 2397 1472 Dominus
2422 1418 2686 1474 retribuet
2713 1419 2811 1474 tibi
2839 1421 2980 1478 bona
3009 1422 3192 1493 (Prov.
3221 1425 3370 1495 xxv).

1771 1504 1908 1562 lluic
1938 1511 2229 1566 sententia:
2261 1513 2552 1580 Apostolus
2598 1527 2662 1568 ex
2708 1514 2906 1581 spiritu
2940 1515 3139 1572 Christi
3165 1561 3178 1586 ,
3221 1522 3376 1586 cujus

1770 1611 1990 1656 sensum
2044 1598 2318 1668 habebat,
2370 1603 2654 1674 subjungit
2700 1605 2891 1662 dicens
2935 1624 2947 1660 :
2990 1607 3112 1666 Noli
3162 1611 3302 1666 vinci
3345 1627 3373 1666 a

1773 1691 1957 1758 malo,
1990 1692 2084 1746 sed
2119 1693 2273 1752 vince
2320 1695 2372 1750 in
2421 1695 2562 1752 bono
2612 1698 2812 1754 malum
2863 1701 2906 1771 (l
2940 1699 3060 1754 Cor.
3115 1701 3175 1774 ι).
3221 1705 3375 1772 Quod

59 1771 500 1833 discutiendum.
529 1779 792 1848 Sequitur
821 1780 965 1836 ettim
1013 1779 1155 1835 idem
1188 1782 1483 1854 Apostolus
1513 1797 1529 1835 :
1559 1781 1661 1848 Qui
1699 1780 1738 1842 B
1769 1793 1960 1840 contra
2020 1785 2086 1842 de
2131 1785 2219 1844 his
2266 1789 2357 1860 qui
2401 1789 2600 1848 fratres
2647 1792 2833 1850 odisse
2889 1771 3222 1862 noscuntur,
3252 1771 3255 1772 ν
3282 1813 3378 1866 pt-r

59 1879 241 1922 autem
287 1873 576 1941 resistunt,
627 1873 729 1944 ipsi
768 1875 871 1928 sibi
920 1875 1326 1932 damnationem
1375 1876 1663 1946 acquirunt

59 1957 284 2032 (Ibid.).
329 1963 394 2018 Et
431 1964 649 2033 quidem
681 1966 872 2036 primis
904 1966 1164 2022 Ecclesiae
1200 1967 1376 2038 (Matt.
1403 1973 1498 2038 ιι)
1541 1984 1663 2038 pas-

60 2054 270 2110 toribus
307 2057 424 2128 ipse
458 2059 721 2114 Dominus
757 2061 890 2116 dicit
922 2079 935 2116 :
966 2063 1135 2120 Scitis
1171 2064 1295 2133 quia
1339 2079 1496 2136 reges
1531 2075 1662 2136 gett-

59 2147 194 2200 tittm
218 2149 581 2206 dominantur
604 2167 819 2220 eorum,
847 2167 901 2210 et
927 2159 1018 2228 qui
1050 2166 1374 2226 potestatem
1403 2171 1664 2218 exercent

57 2237 204 2294 inter
233 2256 336 2296 eos
363 2287 376 2312 ,
412 2244 638 2301 benefici
693 2257 1004 2304 vocantur:
1033 2264 1129 2306 vos
1172 2260 1353 2306 autem
1396 2267 1503 2308 non
1541 2253 1619 2308 sic
1643 2294 1660 2320 ,

57 2332 150 2387 Sed
182 2337 275 2406 qui
323 2338 383 2394 itt'
419 2339 574 2393 vobis
620 2350 704 2396 est
747 2344 943 2414 major,
988 2347 1094 2400 erit
1131 2346 1372 2404 omnium
1415 2361 1610 2404 sert‘us
1646 2365 1657 2400 :

58 2433 194 2490 sient
227 2434 401 2492 Filius
425 2437 661 2496 hominis
686 2457 791 2504 non
821 2444 968 2498 venit
1001 2444 1319 2512 ministrari,
1346 2445 1444 2500 sed
1471 2445 1663 2504 minis-

59 2536 234 2596 trare,
269 2538 328 2584 et
365 2533 605 2588 animam
638 2549 789 2590 suam
819 2535 950 2592 dare
990 2552 1088 2606 pro
1118 2538 1302 2592 multis
1345 2538 1400 2594 in
1442 2538 1659 2594 redem-

58 2621 307 2689 ptionem
341 2621 494 2692 (Luc.
532 2624 696 2697 χιιι).
735 2626 980 2698 Denique
1009 2631 1136 2698 quia
1167 2646 1275 2684 non
1304 2645 1495 2686 omnes
1527 2631 1664 2690 tales

59 2709 271 2772 futuros
315 2728 438 2770 csse
467 2718 782 2786 expressit,
832 2719 960 2775 ideo
1007 2722 1373 2791 subjectorutn
1421 2724 1661 2780 omnium

59 2819 326 2873 personas
354 2807 408 2862 in
433 2808 717 2884 discipulis
746 2827 1058 2879 assumens,
1084 2817 1412 2884 prsentonuit
1433 2818 1622 2876 dicens
1647 2837 1659 2872 :

57 2897 234 2968 Super
269 2899 591 2958 eathedram
639 2904 810 2975 Moysi
854 2907 1116 2964 sederunt
1163 2908 1370 2970 Scriba
1419 2923 1474 2968 et
1520 2911 1660 2968 Plia-

59 2991 200 3046 risiei
240 3010 252 3046 :
290 2995 473 3049 omnia
498 3011 853 3068 qumeumque
882 3000 1121 3058 dixerint
1147 3005 1333 3069 vobis,
1362 3016 1581 3064 servate
1611 3016 1665 3063 et

59 3082 222 3140 facite
255 3103 267 3137 :
305 3101 428 3156 quae
469 3099 655 3146 autem
689 3092 898 3148 faciunt
939 3093 1110 3154 nolite
1137 3094 1339 3154 facere.
1373 3097 1666 3168 [inponunt

60 3176 203 3230 enim
250 3176 308 3232 in
359 3179 616 3238 humeros
651 3181 930 3240 hominum
981 3201 1148 3244 onera
1199 3191 1420 3258 gravia,
1467 3199 1522 3248 et
1568 3190 1664 3246 im-

60 3268 400 3341 portabilia,
450 3274 618 3347 digito
667 3283 852 3332 autem
915 3293 1016 3334 suo
1080 3279 1274 3336 nolunt
1325 3296 1388 3337 ea
1445 3297 1668 3340 movere

61 3363 246 3434 (Matt.
297 3364 484 3438 mu).

692 3466 920 3524 CAPUT
961 3467 1050 3530 Vl.

593 3557 726 3615 Item
767 3559 964 3616 invidia
1003 3561 1129 3616 dicit
1148 3577 1166 3612 :

134 3655 190 3710 ltt
220 3667 334 3724 quo
364 3653 462 3708 illo
507 3654 592 3716 vel
639 3656 744 3710 isto
785 3655 970 3714 minor
1003 3656 1111 3712 es?
1139 3673 1238 3711 cur
1281 3672 1414 3725 ergo
1457 3658 1537 3714 cis
1587 3657 1667 3716 vel

69 3746 309 3822 :cqualis
343 3748 426 3802 vel
460 3749 710 3820 superior
735 3766 844 3808 non
877 3751 978 3806 es?
1005 3750 1211 3818 Quanta
1245 3751 1394 3806 vales
1420 3766 1536 3822 qua:
1570 3750 1672 3821 ipsi

63 3854 173 3893 non
203 3839 432 3895 valent?
462 3841 576 3896 Non
609 3857 740 3914 ergo
774 3841 869 3899 tibi
901 3852 991 3898 aut
1021 3842 1357 3912 superiores,
1390 3852 1484 3898 aut
1509 3843 1669 3910 etiam

61 3934 315 4007 aequales
345 3949 470 3990 esse
501 3935 722 3992 debent.

351 4026 546 4084 Verum
585 4030 796 4084 dilectio
839 4032 1069 4101 fraterna
1109 4031 1421 4102 respondet:

136 4123 200 4179 Si
243 4134 478 4182 caeteros
505 4169 520 4192 ,
571 4143 604 4180 0
649 4127 812 4182 Itomo
840 4170 854 4194 ,
902 4125 1196 4184 virtutibus
1240 4125 1568 4181 antecellere
1619 4133 1671 4181 te

68 4216 398 4283 existimas,
434 4215 604 4271 tutius
638 4216 692 4271 itt
726 4217 916 4274 infimo
939 4257 955 4284 ,
999 4234 1159 4292 quam
1201 4217 1252 4270 in
1290 4231 1506 4271 summo
1551 4215 1673 4272 loco

65 4309 426 4377 temetipsum
461 4308 727 4364 servabis.
762 4310 994 4382 Semper
1020 4309 1164 4366 enim
1189 4310 1254 4366 de
1283 4309 1399 4366 alto
1431 4308 1583 4380 pejor
1614 4308 1672 4364 fit

64 4400 254 4455 ruina.
288 4398 443 4468 Quod
476 4399 522 4455 si
555 4400 670 4466 tibi,
701 4410 761 4456 ut
787 4402 989 4458 asseris
1015 4444 1030 4468 ,
1063 4402 1282 4474 quidam
1315 4401 1629 4472 superiores
1651 4443 1667 4467 ,

61 4495 159 4552 alii
190 4495 430 4566 aequales
449 4506 597 4564 sunt,
623 4497 749 4570 quid
777 4507 827 4552 te
859 4495 1043 4552 lzedit?
1067 4496 1195 4567 quid
1223 4506 1274 4552 te
1305 4497 1498 4552 nocet?
1529 4495 1672 4550 Cave

1763 1875 2032 1933 Joannem
2062 1878 2268 1936 dicitur
2293 1879 2468 1954 (lion.
2500 1884 2598 1953 xit)
2627 1900 2638 1936 :
2669 1885 2770 1952 Qui
2795 1885 2904 1939 odit
2933 1888 3158 1944 fratrem
3186 1904 3372 1956 suum,

1772 1967 2046 2028 homicida
2083 1981 2168 2028 est
2201 1972 2243 2046 (l
2270 1971 2427 2028 Joon.
2463 1976 2562 2040 ut).
2611 1977 2678 2034 Et
2710 1979 2859 2034 scitis
2884 1981 3028 2049 quod
3064 1983 3245 2038 omnis
3274 1983 3374 2042 ltu-

1766 2061 1966 2116 nticida
2007 2078 2114 2118 non
2148 2063 2308 2120 liabet
2340 2066 2501 2122 vitam
2547 2076 2810 2126 :cteruam
2846 2072 2897 2128 itt
2927 2087 2986 2132 se
3031 2085 3364 2140 manentem.

1766 2154 1830 2208 Et
1863 2170 2076 2220 rursum
2113 2175 2124 2211 :
2155 2159 2253 2226 Qui
2285 2158 2400 2216 odit
2428 2159 2650 2218 fratrem
2683 2179 2863 2232 suout,
2900 2167 2952 2222 itt
2992 2169 3229 2232 tenebris
3264 2179 3372 2240 est,

1767 2256 1821 2302 et
1853 2248 1902 2302 in
1937 2251 2176 2312 tenebris
2204 2253 2483 2320 ambulat,
2514 2261 2571 2309 et
2607 2257 2780 2311 nescit
2809 2275 2916 2328 qtto
2957 2269 3082 2326 eat,
3111 2263 3372 2336 quoniam

1768 2342 2009 2406 tenebrm
2063 2343 2473 2408 eheu-caverunt
2503 2349 2689 2403 oculos
2738 2350 2857 2424 ejus
2909 2353 2951 2421 (Ι
2988 2352 3144 2410 Jean.
3181 2360 3263 2424 tt).
3300 2356 3370 2411 At

1769 2435 1944 2504 inquis
1978 2454 1987 2490 :
2025 2437 2232 2494 Sufficit
2275 2439 2408 2504 mihi
2441 2443 2582 2514 quod
2630 2425 2877 2504 amantes
2911 2463 2995 2502 tne
3024 2447 3214 2518 diligo.
3261 2449 3367 2506 Sed

1767 2527 2028 2590 Dominus
2054 2541 2244 2590 contra
2273 2534 2374 2588 ait:
2401 2534 2454 2589 Si
2479 2535 2708 2608 diligitis
2739 2554 2833 2594 eos
2861 2541 2952 2607 qui
2989 2556 3082 2598 vos
3107 2541 3360 2612 diligunt,

1774 2639 1934 2693 quatit
1976 2626 2284 2682 mercedem
2318 2628 2584 2686 habebitis
2609 2631 2630 2684 ?
2658 2631 2848 2687 Nonne
2879 2640 2934 2688 ct
2961 2635 3234 2702 publicani
3269 2636 3373 2692 hoc

1769 2705 1978 2774 faciunt
2011 2718 2188 2790 (Matt.
2211 2719 2290 2792 v)?
2319 2721 2458 2790 Quid
2491 2731 2568 2790 tu,
2600 2728 2782 2789 homo,
2810 2726 2875 2788 ad
2905 2725 3010 2782 hoc
3045 2728 3241 2784 iterum
3273 2731 3370 2783 ob-

1762 2809 1936 2878 jicere
1964 2812 2152 2865 Vales?
2177 2813 2337 2868 Certe
2365 2815 2454 2883 qui
2483 2816 2600 2868 odit
2631 2816 2856 2871 fratrem
2885 2834 3070 2886 suum,
3107 2832 3288 2882 manet
3320 2823 3372 2878 itt

1770 2911 1945 2954 morte
1971 2944 1984 2968 ,
2016 2910 2070 2956 et
2101 2903 2192 2970 qui
2223 2903 2439 2974 diligit,
2469 2907 2524 2960 in
2559 2907 2670 2962 Deo
2702 2921 2883 2962 manet
2912 2951 2926 2974 ,
2957 2920 3012 2964 et
3044 2910 3187 2965 Deus
3222 2913 3270 2964 itt
3307 2927 3375 2967 eo

1771 2991 1810 3063 (l
1833 2991 1992 3048 Joan.
2018 2994 2112 3066 tv).
2138 2997 2370 3052 Omnem
2396 3015 2526 3070 ergo
2549 3000 2967 3060 amaritudinem
2994 3003 3136 3057 fellis
3156 3019 3372 3073 evome,

1769 3098 1824 3146 et
1867 3103 2082 3164 quoque
2132 3100 2290 3168 pacto
2343 3095 2582 3152 valueris
2617 3135 2631 3162 ,
2685 3095 3369 3164 charitatis'dulccdipeut

1772 3197 1948 3240 sume.
1987 3182 2132 3241 Nihil
2172 3187 2316 3252 enim
2348 3185 2436 3242 illa
2469 3188 2713 3256 suavius,
2750 3189 2881 3246 nihil
2917 3188 2968 3244 in
3005 3191 3112 3252 vita
3142 3190 3376 3256 beatius,

1776 3276 1916 3332 sicut
1937 3277 2200 3348 scriptum
2229 3289 2313 3344 est
2342 3295 2352 3333 :
2383 3279 2580 3336 Odium
2604 3281 2895 3336 suscitabit
2921 3284 3331 3346 contentionem
3361 3301 3375 3339 :

1780 3383 1972 3424 omnes
2028 3378 2207 3432 autem
2270 3385 2376 3428 non
2435 3373 2828 3430 contendentes
2883 3380 3096 3444 cperiet
3136 3376 3378 3432 amicitia

1778 3458 1962 3528 (Prov.
1997 3459 2078 3530 ι).
2127 3461 2298 3518 ltnmo
2349 3472 2405 3517 et
2453 3465 2560 3518 Deo
2603 3480 2702 3521 nos
2738 3465 2831 3520 illa
2864 3466 3212 3524 conformare
3249 3482 3378 3524 con-

1784 3553 1994 3608 tendit:
2022 3555 2146 3610 ideo
2174 3555 2417 3614 Joannes
2446 3559 2776 3628 evangelista
2817 3558 2922 3614 hoc
2949 3561 3230 3615 affirmans
3259 3563 3376 3617 ait:

1780 3646 1921 3702 Deos
1952 3645 2202 3718 pltat-itas
2244 3661 2326 3722 est
2377 3650 2416 3720 (l
2444 3649 2600 3726 Joun.
2638 3650 2730 3721 tv).
2784 3653 2848 3706 Et
2889 3655 3139 3726 egregius
3179 3655 3381 3724 praedi-

1782 3753 1940 3794 cator
1972 3742 2171 3802 l‘aulus
2205 3760 2217 3797 :
2250 3742 2502 3797 Charitas
2545 3724 2636 3802 Dei
2665 3743 2860 3798 diffusa
2901 3758 2981 3798 est
3025 3724 3080 3802 in
3123 3747 3382 3803 cordibus

1777 3833 1981 3890 nostris
2028 3849 2124 3906 per
2154 3836 2415 3906 Spiritum
2463 3847 2707 3892 sanctum
2734 3878 2748 3904 ,
2780 3837 2869 3909 qui
2901 3837 3061 3892 datus
3094 3847 3177 3893 est
3222 3840 3380 3895 nobis

1777 3927 1960 3994 (Itoni.
1994 3928 2075 4002 γ).
2112 3929 2266 3990 Unde
2298 3946 2404 3986 nec
2448 3931 2722 3987 immerito
2769 3931 3010 3988 charitas
3047 3933 3380 3994 delictorum

1782 4019 2024 4082 facinora
2053 4032 2237 4094 tegere
2260 4022 2481 4092 dicitur,
2509 4024 2651 4078 sicut
2673 4025 2934 4096 scriptum
2961 4033 3043 4080 est
3069 4043 3083 4081 :
3108 4024 3378 4086 Uulversa

1781 4113 1976 4172 delicta
2007 4119 2187 4194 Operit
2216 4117 2457 4176 cbaritas
2489 4119 2535 4190 (l
2568 4117 2680 4174 Pet.
2712 4118 2809 4191 tv).

2371 4213 2602 4274 CAPUT
2647 4214 2778 4274 Vlll.

2339 4306 2614 4372 Detractio
2654 4309 2780 4364 dicit
2805 4325 2821 4361 :

1851 4400 1981 4474 Quis
2007 4409 2188 4472 potest
2211 4401 2504 4472 sustinere,
2533 4401 2654 4474 quis
2684 4401 2902 4462 silentio
2936 4409 3143 4471 tegere,
3173 4408 3373 4470 quanta

1782 4495 1884 4550 iste
1927 4498 2011 4552 vel
2061 4497 2154 4552 ille
2197 4512 2362 4566 prava
2413 4496 2744 4562 committit,
2793 4493 2896 4554 nisi
2928 4494 3070 4550 forte
3103 4493 3195 4565 qui
3239 4509 3374 4550 con-

67 4607 328 4663 prorsus,
363 4608 431 4648 ne
473 4594 604 4648 dum
639 4558 772 4647 aliis
801 4593 985 4656 locum
1031 4591 1375 4650 celsitudinis
1420 4590 1628 4648 invides
1653 4630 1668 4655 ,
1699 4558 1754 4622 D
1777 4588 1981 4644 sentit?

66 4685 229 4740 illum
262 4684 516 4753 imiteris,
547 4684 616 4740 de
644 4700 753 4757 quo
783 4686 1049 4756 scriptum
1080 4693 1164 4739 est
1192 4701 1204 4736 :
1234 4681 1438 4737 invidia
1469 4681 1671 4736 diaboli

71 4792 232 4834 mors
279 4778 525 4834 introivit
567 4778 624 4834 in
672 4779 861 4834 orbem
907 4793 1171 4836 terrarum
1220 4776 1375 4850 (Sap.
1418 4774 1501 4846 tt).
1547 4773 1674 4830 lmi-

66 4881 260 4928 tantur
285 4884 471 4930 autem
503 4874 657 4930 illum
683 4875 773 4946 qui
799 4889 870 4929 ex
901 4882 1053 4942 parte
1081 4871 1204 4942 ejus
1229 4879 1381 4928 sunt.

676 4968 906 5026 CAPUT
947 4966 1059 5024 VII.

123 5132 126 5134 γ
663 5062 853 5118 Odium
892 5062 1017 5116 dicit
1050 5079 1066 5114 :

113 5136 116 5138 ⁷
146 5157 308 5222 Absit
333 5169 391 5213 ut
434 5167 488 5214 tu
530 5158 684 5214 illum
713 5159 908 5228 diligas
931 5197 946 5220 ,
989 5171 1148 5226 quem
1179 5157 1232 5212 in
1263 5153 1516 5212 munibus
1539 5167 1673 5210 con-

72 5251 309 5306 trarium
329 5249 529 5314 habes,
554 5251 642 5320 qni
677 5251 770 5304 tibi
795 5251 1042 5320 derogat,
1065 5249 1156 5319 qui
1187 5247 1283 5302 tibi
1315 5246 1558 5310 insultat,
1583 5243 1673 5316 qui

69 5350 129 5397 te
167 5340 382 5409 injuriis
415 5341 746 5408 exacerbat,
776 5340 867 5412 qui
914 5340 1009 5404 tibi
1053 5346 1274 5410 peccata
1323 5346 1409 5392 tua
1463 5337 1672 5408 impro-

68 5445 257 5508 perat,
290 5436 379 5505 qui
411 5445 462 5490 te
489 5435 647 5492 dictis
675 5479 690 5502 ,
720 5435 974 5505 operibus
1005 5441 1166 5504 atque
1195 5431 1498 5492 honoribus
1530 5445 1672 5486 scm-

69 5545 178 5601 per
205 5529 406 5599 praeire
428 5529 668 5588 festinat.
707 5530 819 5584 Nisi
851 5530 994 5586 enim
1026 5525 1124 5580 tibi
1155 5526 1443 5594 invidetet,
1471 5539 1676 5595 nequa-

70 5637 246 5694 quam
277 5635 337 5675 se
366 5622 458 5678 tibi
487 5625 556 5678 ita
594 5622 897 5693 praeferret.

417 5715 520 5771 Sed
557 5716 758 5772 sincera
793 5713 1020 5774 citaritas
1057 5711 1357 5786 respondet:

153 5806 431 5878 Numquid
473 5809 601 5880 quia
647 5809 761 5866 hare
801 5824 921 5880 quae
970 5821 1204 5872 narras,
1253 5806 1383 5864 odio
1429 5805 1678 5866 habenda

2137 4683 2202 4735 At
2233 4685 2386 4754 justa
2413 4681 2669 4754 correptio
2706 4659 3018 4751 respondet:

1847 4777 1957 4834 Nec
1981 4778 2204 4834 tacenda
2231 4788 2358 4834 sunt
2378 4779 2523 4834 mala
2545 4778 2798 4850 proximi,
2821 4793 2919 4833 nec
2942 4776 3374 4836 consentienda:

1779 4871 1874 4926 sed
1922 4870 2190 4928 charitate
2238 4871 2474 4928 fraterna
2523 4870 2805 4944 proximus
2851 4870 2904 4932 in
2953 4869 3141 4924 facient
3191 4868 3378 4922 redar-

1775 4965 2026 5036 gttendus
2067 4974 2191 5032 est,
2245 4980 2354 5020 non
2400 4976 2582 5024 autem
2637 4964 2943 5021 clanculum
2979 4960 3374 5026 detrahendus.

1779 5057 1932 5125 Quod
1966 5058 2010 5112 si
2039 5071 2071 5112 a
2097 5058 2352 5128 qtmpiam
2383 5058 2662 5128 objicitur,
2694 5058 2896 5113 idcirco
2929 5071 2988 5110 se
3022 5057 3243 5108 fratrem
3279 5069 3373 5108 co-

1779 5167 1893 5207 ram
1925 5151 2097 5206 oculis
2125 5151 2409 5220 increpare
2443 5151 2622 5217 nolle,
2652 5167 2720 5206 ne
2750 5160 3106 5220 exasperatus
3142 5161 3247 5200 non
3280 5161 3369 5204 so.-

1777 5245 1886 5302 lum
1915 5261 2022 5302 non
2057 5245 2303 5315 proficiat
2329 5287 2343 5312 ,
2376 5245 2471 5301 sed
2505 5245 2674 5313 magis
2713 5259 2780 5297 ex
2826 5242 3176 5314 correptione
3209 5255 3369 5294 scan-

1778 5341 1958 5404 dalum
2001 5349 2220 5406 sumat,
2258 5339 2495 5398 occurrit
2538 5339 2817 5408 Scriptura
2848 5335 3067 5400 divina,
3112 5343 3168 5388 et
3213 5349 3371 5402 versa

1785 5435 1902 5489 vice
1925 5434 2099 5503 magis
2128 5433 2519 5496 detractionem
2553 5427 2866 5485 scandalum
2900 5441 3021 5481 esse
3043 5425 3366 5490 denuntiat,

1785 5528 1969 5586 dicens
1999 5545 2012 5580 :
2046 5526 2252 5584 Sedens
2281 5525 2540 5594 adversus
2571 5523 2790 5580 fratrem
2824 5529 2969 5575 tuum
3007 5519 3364 5584 detrahebas,

1785 5633 1838 5678 et
1881 5620 2140 5680 adversus
2183 5619 2352 5674 lilitutt
2397 5617 2582 5672 matris
2629 5625 2730 5674 tum
2761 5613 3002 5686 ponebas
3050 5610 3372 5676 scandalum

1784 5710 1960 5784 (Ρδτιι.
1993 5711 2166 5780 thx).
2200 5708 2364 5776 Magis
2401 5707 2544 5764 enim
2587 5705 2900 5762 scandalum
2947 5705 3102 5758 stituit
3135 5701 3223 5772 qui
3267 5699 3372 5760 sibi

1786 5805 2158 5872 detrahentem
2207 5801 2500 5872 intelligit,
2541 5815 2700 5884 quant
2744 5799 2836 5874 qui
2881 5814 2940 5854 se
2977 5794 3374 5888 corripientem
