4054 6328
572 258 714 319 1063

1575 254 1941 319 'APPENDIX
1978 259 2072 318 AD
2109 254 2344 319 OPERA
2382 256 2441 317 Β.
2483 250 2832 319 AMBROSli.
2914 250 2927 262 ’

3726 252 3867 311 ιοθι

567 374 767 429 cernit.
804 369 869 426 Et
891 369 1016 442 quia
1043 384 1452 444 nonnumquam
1477 372 1909 447 delinquentium
1962 385 2163 443 errata,
2198 379 2242 441 Α
2272 376 2362 433 bet
2389 375 2596 446 aliquid
2636 376 2925 432 adversum
2968 382 3040 445 te,
3074 372 3324 446 relinque
3363 371 3437 432 ibi
3483 386 3684 430 munus
3714 382 3865 429 tuum

568 472 631 519 ut
680 461 877 533 aptiori
924 471 1171 534 tempore
1232 465 1613 536 corrigantur,
1659 468 1883 523 silentio
1932 467 2163 538 tegenda

2269 476 2396 523 ante
2426 467 2626 537 altare,
2657 478 2709 525 et
2739 468 2879 525 vade
2906 468 3057 540 prius
3090 468 3434 525 reconciliari
3463 468 3618 525 fratri
3654 478 3747 523 tuo
3770 508 3788 535 ,
3816 476 3867 522 ct

571 567 730 625 sunt,
760 568 1046 628 propterea
1076 557 1431 629 subjungitur
1464 578 1475 613 :
1509 559 1640 615 Haec
1669 560 1881 627 fecisti,
1913 569 1970 617 et
2002 560 2169 616 tacuit
2269 567 2399 616 tunc
2421 560 2648 617 veniens
2673 559 2873 617 offeres
2895 577 3091 617 munus
3115 570 3263 617 tuum
3284 561 3475 636 (Ibid).
3504 564 3581 617 Ac
3604 561 3653 616 si
3676 570 3867 632 aperte

568 647 757 721 (Ibid).-
795 648 1040 721 Denique
1077 665 1147 705 ne
1183 665 1254 706 ex
1295 653 1404 709 hoc
1441 651 1679 709 discreto
1716 653 1937 710 silentio
1979 654 2163 709 detra-

565 755 747 803 ctores
770 746 876 803 sibi
898 746 1319 818 applauderent,
1342 749 1432 820 qui
1456 747 1583 805 dum
1598 764 1816 820 semper
1842 750 2052 805 occulte
2064 748 2163 805 de-

566 856 763 913 rogare
796 842 1027 913 malunt,
1063 858 1359 913 numquam
1391 843 1444 898 in
1473 853 1725 914 apertam
1757 844 2163 915 correptionem

562 934 862 1007 prosiliunt
882 976 897 1003 ,
920 933 1101 990 adhuc
1126 933 1466 991 subinfertur
1493 936 1877 1007 :1Existimasti
1910 935 2166 1007 iniquita-

568 1035 681 1085 tem
707 1027 852 1099 quod
874 1042 971 1084 ero
1010 1028 1088 1083 tui
1133 1026 1328 1084 similis
1356 1028 1551 1101 (Ibid).
1582 1032 1659 1085 Ac
1687 1030 1733 1085 si
1759 1030 1967 1086 diceret
2004 1046 2018 1084 :
2060 1029 2164 1084 lni-

567 1122 751 1193 quitas
778 1130 868 1178 est
890 1121 1159 1192 cogitare,
1193 1130 1256 1177 ut
1281 1122 1577 1179 detractori
1608 1121 1804 1179 similis
1832 1136 2121 1193 appaream
2143 1164 2159 1191 ,

564 1215 664 1273 sed
708 1215 774 1271 ad
818 1226 1032 1287 tempus
1059 1215 1301 1272 reticens
1327 1259 1341 1284 ,
1372 1215 1551 1272 locum
1598 1215 1931 1287 correptioni
1977 1226 2159 1287 aptum

565 1326 850 1386 exspecto.
881 1314 1040 1372 Unde
1066 1324 1122 1371 et
1152 1315 1407 1385 protinus
1438 1313 1623 1370 subdit
1654 1331 1667 1368 :
1702 1314 1944 1386 Arguam
1983 1320 2069 1379 te',
2107 1322 2163 1370 et

564 1420 804 1465 statuam
855 1416 1046 1464 contra
1094 1406 1291 1462 faciem
1342 1418 1489 1462 tuam
1537 1415 1760 1477 peccata
1808 1414 1900 1461 tua
1946 1403 2158 1477 (Ibid.),

560 1503 728 1559 veluti
759 1501 972 1558 diceret
1006 1519 1017 1554 :
1049 1499 1169 1556 Non
1201 1500 1255 1555 in
1289 1499 1505 1555 occulto
1529 1541 1545 1567 ,
1574 1509 1634 1554 ut
1663 1508 1750 1554 est
1788 1508 1878 1553 tua
1930 1513 2162 1554 consue-

564 1594 723 1661 tudo,
754 1593 850 1649 sed
882 1592 935 1648 in
965 1605 1182 1664 aperto,
1215 1600 1275 1646 ut
1314 1600 1400 1647 est
1423 1606 1543 1647 mea
1586 1589 1937 1655 sollicitudo,
1974 1598 2158 1662 aptum

560 1686 895 1760 corripiendi
920 1696 1134 1758 tempus
1156 1696 1508 1757 exspectans,
1532 1693 1882 1756 peccatorem
1908 1698 2154 1755 arguam,

2270 650 2548 708 diceretur
2572 670 2587 707 :
2611 652 2722 709 Nec
2756 654 2811 708 in
2847 652 3013 710 corde
3045 652 3265 710 tacitam
3305 669 3528 725 precem
3576 651 3864 721 eﬂundas,

2266 744 2373 800 nisi
2416 746 2573 815 prius
2611 744 2882 803 oll‘ensum
2916 749 3232 816 proximum
3270 745 3662 804 satisfaciendo
3689 745 3760 801 ad
3792 746 3870 801 le-

2267 835 2453 891 nitatis
2483 837 2962 894 mansuetudinem
2998 838 3289 909 perducas.
3322 840 3516 896 Munus
3546 839 3698 895 enim
3738 853 3865 894 nos-

2267 937 2442 995 trum,
2475 940 2562 984 est
2606 932 2783 985 oratio
2820 940 3007 986 nostra
3054 952 3067 988 :
3104 933 3280 988 altare
3320 948 3450 990 vero
3490 944 3744 988 nostrum
3788 941 3871 988 est

2265 1033 2383 1075 cor.
2418 1019 2516 1076 ille
2557 1032 2740 1077 autem
2769 1022 2861 1094 qui
2901 1022 3006 1079 hoc
3035 1023 3217 1081 facere
3247 1024 3524 1098 (quotiens
3553 1024 3702 1081 inter
3728 1024 3866 1080 duos

2262 1111 2340 1167 ira
2366 1111 2486 1168 sine
2508 1127 2671 1169 causa
2698 1113 2863 1170 fuerit
2888 1116 3152 1188 excitata)
3185 1117 3488 1184 studuerit,
3522 1118 3861 1187 praemissam

2264 1201 2674 1262 damnationem
2710 1223 3059 1279 nequaquam
3087 1209 3346 1266 incurret.
3379 1208 3490 1267 Sed
3521 1220 3650 1265 sunt
3677 1211 3859 1275 multi,

2263 1296 2360 1366 qui
2390 1298 2598 1367 petenti
2627 1298 2734 1355 sibi
2761 1301 2977 1357 veniam
3002 1301 3201 1357 delicta
3236 1318 3342 1357 non
3375 1302 3684 1359 remittunt.
3718 1300 3865 1358 Con-

2266 1398 2348 1445 tra
2372 1406 2508 1461 quos
2540 1392 2627 1448 illa
2657 1394 2871 1450 Domini
2902 1396 3173 1451 sententia
3203 1396 3370 1461 venit,
3399 1412 3503 1467 qua
3534 1396 3739 1452 dicitur
3765 1415 3779 1453 :
3805 1396 3863 1453 Si

2264 1498 2372 1539 non
2404 1486 2727 1543 remiseritis
2760 1489 3135 1559 unusquisque
3168 1488 3325 1545 fratri
3371 1504 3471 1546 suo
3497 1489 3567 1546 de
3598 1490 3860 1546 cordibus

2262 1579 2461 1633 vestris
2487 1623 2501 1647 ,
2550 1594 2654 1636 nec
2698 1579 2861 1637 Pater
2901 1591 3085 1639 vester
3130 1583 3372 1641 caelestis
3415 1585 3660 1642 remittet
3706 1584 3861 1640 vobis

2262 1681 2488 1744 peccata
2512 1683 2692 1731 vestra
2723 1676 2905 1749 (Matt.
2940 1680 3114 1751 xvnt).
3140 1679 3300 1736 Plura
3324 1691 3473 1749 sunt,
3500 1680 3712 1750 inquis,
3743 1696 3860 1752 qua:

561 1793 614 1840 et
657 1782 780 1853 ejus
804 1782 1006 1837 delicta
1049 1789 1237 1836 contra
1264 1777 1459 1834 faciem
1502 1777 1648 1832 illius
1678 1785 1936 1832 statuam.
1968 1777 2036 1829 At
2076 1773 2161 1829 iu-
2188 1778 2237 1840 Β
2266 1767 2318 1821 in
2352 1784 2442 1824 me
2483 1770 2787 1841 commisit,
2823 1789 2910 1829 me
2939 1776 3141 1845 sacpius
3179 1774 3444 1841 oﬂ‘endil;
3479 1786 3534 1831 el
3568 1776 3701 1847 quia
3746 1776 3861 1832 sine

561 1875 729 1947 quis:
770 1872 888 1929 Non
928 1872 1061 1939 odi,
1099 1870 1196 1928 sed
1227 1885 1352 1926 amo
1402 1885 1562 1939 quem
1611 1871 1683 1925 ita
1738 1869 1792 1924 in
1837 1867 2161 1923 abscondito

561 1966 868 2040 dijudicans
895 1966 1266 2037 reprehendo.
1290 1963 1400 2020 Sed
1425 1963 1728 2035 respondet
1752 1981 1767 2020 :
1794 1963 1966 2018 Immo
1988 1962 2159 2032 magis

560 2060 707 2119 hunc
741 2060 861 2119 odis
886 2102 901 2127 ,
938 2070 995 2117 et
1032 2075 1137 2117 non
1170 2059 1354 2129 diligis
1385 2077 1399 2114 :
1431 2058 1577 2115 unde
1621 2056 1901 2123 detrahis,
1948 2065 2004 2112 et
2050 2071 2160 2110 non

557 2155 818 2228 corripis.
845 2154 1018 2224 Quam
1056 2154 1131 2209 sit
1157 2163 1343 2209 autem
1371 2150 1693 2209 detestanda
1720 2149 1998 2206 detractio
2035 2162 2159 2219 pro-

556 2252 733 2320 ximi,
764 2251 1044 2323 plerisque
1089 2250 1144 2306 in
1190 2250 1326 2305 locis
1370 2246 1589 2320 eloquia
1627 2245 1817 2303 divina
1864 2254 2155 2302 testantur.

560 2345 720 2404 Unde
748 2354 833 2402 est
873 2344 1006 2401 illud
1053 2364 1064 2399 :
1109 2344 1501 2401 Detrahentem
1539 2342 1805 2399 adversus
1847 2341 2155 2412 proximum

559 2451 721 2494 suum
748 2436 993 2504 occulte,
1020 2436 1166 2492 hunc
1195 2436 1562 2507 persequebar
1589 2433 1764 2508 (Psal.
1794 2431 1953 2506 c);et
1981 2432 2113 2490 illud
2140 2451 2152 2487 :

557 2529 664 2598 Qui
688 2528 929 2585 detrahit
953 2528 1132 2596 fratri,
1164 2526 1408 2583 detrahit
1442 2537 1497 2582 et
1526 2525 1628 2598 legi
1661 2523 1866 2597 (Iacob.
1899 2526 2019 2596 tv);
2055 2538 2157 2581 nec

530 2638 669 2694 ⁸ιιοιι
696 2632 755 2679 et
782 2622 918 2679 illud
960 2621 1195 2693 apostoli
1240 2621 1400 2677 Pauli
1432 2639 1444 2676 :
1477 2619 1633 2690 Quod
1664 2621 1709 2675 si
1744 2620 1981 2676 invicem
2009 2634 2157 2676 mor-

554 2716 701 2773 detis
730 2723 787 2772 et
835 2715 1132 2772 comeditis
1159 2758 1175 2784 ,
1218 2714 1399 2772 videte
1440 2730 1508 2770 ne
1550 2713 1619 2771 ab
1670 2713 1906 2771 invicem
1956 2728 2155 2770 consu-

553 2807 783 2866 mamini
812 2806 1063 2880 (Galat.).

1172 2898 1402 2959 CAPUT
1440 2899 1539 2957 1X.

1201 2993 1231 3049 1
1236 3013 1293 3049 ra
1332 2995 1455 3050 dicit
1478 3009 1498 3048 :

623 3084 756 3155 Quae
782 3058 978 3144 contra
1008 3094 1061 3143 te
1088 3097 1350 3158 aguntur,
1380 3087 1510 3142 talia
1538 3096 1667 3143 sunt
1693 3132 1707 3158 ,
1734 3094 1795 3143 ut
1824 3083 2151 3159 aequanimi-

2264 1876 2428 1917 causa
2484 1864 2736 1934 plurimis
2777 1868 3030 1936 juvenior
3092 1869 3313 1926 lacessit
3361 1870 3581 1940 injuriis
3614 1913 3631 1937 ,
3686 1880 3773 1926 tot
3811 1870 3858 1926 ei

2263 1954 2546 2011 remittere
2592 1957 2786 2028 culpas
2827 1958 2961 2013 mihi
3008 1976 3115 2015 non
3163 1962 3438 2017 convenit.
3470 1961 3551 2016 Ad
3587 1961 3707 2016 hmc
3753 1977 3857 2017 non

2262 2061 2400 2118 ego,
2438 2049 2533 2104 sed
2574 2050 2839 2108 Dominus
2884 2053 3206 2123 reSpondet.
3254 2054 3390 2110 Nam
3416 2071 3539 2111 cum
3569 2054 3768 2111 Petrus
3795 2054 3858 2110 ad

2261 2157 2384 2197 eum
2410 2142 2617 2201 diceret
2651 2163 2662 2198 :
2697 2146 2919 2213 Quoties
2949 2148 3194 2218 peccabit
3226 2148 3278 2203 in
3300 2165 3385 2205 me
3410 2149 3582 2205 frater
3605 2164 3783 2212 meus.
3808 2156 3859 2203 et

2261 2235 2530 2293 dimittam
2562 2237 2688 2294 illi?
2714 2255 2888 2310 usque
2930 2240 3177 2311 septies?
3206 2241 3275 2296 Et
3299 2242 3563 2298 Dominus
3593 2241 3661 2297 ad
3684 2258 3813 2298 eum
3840 2259 3855 2295 :

2261 2327 2379 2385 Non
2408 2329 2532 2387 dico
2558 2331 2655 2388 tibi
2695 2347 2866 2404 usque
2908 2335 3140 2405 septies,
3181 2335 3278 2392 sed
3324 2352 3501 2407 usque
3542 2336 3855 2408 septuagies

2260 2425 2464 2495 septies
2490 2424 2710 2498 (Ibid.).
2742 2427 2915 2496 Quam
2945 2430 3105 2485 multi
3135 2438 3313 2487 autem
3341 2442 3470 2486 sunt
3502 2430 3594 2501 qui
3627 2431 3854 2487 suasin-

2253 2518 2455 2588 jurias,
2492 2522 2646 2579 tarde
2685 2523 2964 2591 relaxant,
3009 2523 3105 2582 Dei
3146 2530 3275 2582 verb
3318 2526 3482 2582 citius
3528 2526 3858 2597 indulgent?

2259 2610 2434 2683 fitque
2464 2627 2905 2687 nonnumquam,
2954 2628 3015 2673 ut
3057 2620 3347 2676 occasione
3380 2620 3597 2677 Domini
3627 2619 3857 2693 injurias

2258 2706 2565 2764 vindicandi
2591 2750 2608 2778 ,
2637 2726 2763 2767 suas
2794 2711 3127 2768 ulciscantur
3149 2712 3297 2769 irati.
3330 2714 3485 2784 (Quid
3519 2714 3763 2784 denique
3788 2712 3857 2768 de

2261 2799 2372 2856 illis
2397 2800 2689 2859 dicendum
2719 2814 2803 2859 est
2844 2846 2859 2872 ,
2887 2805 2979 2877 qui
3005 2806 3149 2863 adeo
3177 2806 3471 2864 iracundiae
3498 2809 3853 2864 obcaecantur

2256 2892 2513 2962 fervore,
2560 2905 2619 2951 ut
2668 2912 2843 2968 usque
2885 2898 2953 2954 ad
3000 2900 3168 2955 verba
3216 2911 3572 2972 prorumpant
3616 2900 3853 2957 maledi-

2257 2987 2474 3054 ctionis,
2507 2988 2610 3043 nisi
2640 2990 2807 3061 ;quod
2839 2992 3136 3061 Apostolus
3183 2994 3261 3048 ait
3303 3011 3318 3048 :
3358 2992 3542 3064 Neque
3594 2994 3855 3051 maledici

2256 3096 2435 3153 neque
2473 3097 2702 3153 rapaces
2736 3099 2961 3157 regnum
2990 3086 3086 3142 Dei
3116 3087 3475 3157 possidebunt
3499 3089 3548 3159 (1
3580 3087 3707 3143 Cor.
3731 3087 3861 3160 vi)?

552 3187 637 3234 ter
668 3178 918 3249 profecto
944 3177 1075 3234 ferri
1109 3192 1218 3234 non
1250 3179 1488 3249 possint,
1522 3181 1689 3235 immo
1734 3178 2007 3250 patienter
2036 3177 2156 3234 haec
2181 3177 2227 3242 C
2260 3175 2415 3242 Quod
2457 3177 2692 3233 Jacohus
2721 3193 2937 3251 quoque
2964 3181 3245 3251 apostolus
3291 3182 3666 3254 exaggerando
3700 3182 3862 3239 dete-

557 3272 798 3328 tolerare
849 3280 1134 3342 peccatum
1172 3280 1299 3327 est:
1347 3280 1403 3327 et
1439 3272 1489 3327 si
1515 3287 1621 3329 non
1660 3273 1741 3329 eis
1785 3287 1911 3329 cum
1961 3287 2156 3344 magna

557 3365 978 3435 cxasperatione
1027 3365 1326 3433 resistitur,
1376 3376 1566 3422 contra
1612 3376 1667 3424 te
1710 3366 1978 3439 deinceps
2032 3369 2156 3425 sine

553 3473 813 3516 mensura
843 3458 1299 3516 cumulabuutur.

1059 3550 1327 3608 Patientia
1365 3553 1639 3625 respondet
1668 3571 1685 3607 :

622 3644 680 3703 Si
708 3646 891 3718 passio
930 3644 1325 3716 Redemptoris
1352 3645 1419 3703 ad
1465 3646 1785 3703 memoriam
1830 3646 2150 3715 reducatur,

553 3738 690 3796 nihil
719 3751 825 3795 tam
857 3739 1053 3795 durum
1081 3782 1096 3808 ,
1129 3740 1275 3811 quod
1317 3756 1427 3796 non
1460 3755 1618 3812 aequo
1648 3742 1836 3798 animo
1864 3742 2151 3797 toleretur.

548 3831 798 3890 Christus
823 3849 1064 3905 namque
1087 3832 1171 3907 (ut
1198 3834 1275 3889 ait
1298 3833 1521 3906 Petrus)
1546 3849 1742 3904 passus
1762 3843 1846 3890 est
1870 3851 1969 3906 pro
1996 3834 2154 3890 nobis

551 3929 873 4000 relinquens
906 3929 1067 3985 nobis
1093 3928 1411 4001 exemplum
1438 3970 1453 3995 ,
1498 3941 1555 3984 ut
1602 3944 1899 4002 sequamur
1926 3931 2154 4000 vestigia

551 4022 673 4095 ejus
704 4024 749 4097 (l
772 4022 891 4079 Pet.
920 4024 1001 4095 ιι).
1034 4024 1157 4095 Ipse
1188 4025 1358 4079 etiam
1387 4024 1655 4080 Dominus
1684 4026 1844 4081 nobis
1869 4025 2015 4091 dixit
2049 4044 2063 4081 :
2094 4025 2154 4082 Si

552 4122 769 4185 patrem
796 4114 1036 4170 familias
1067 4115 1378 4173 Beelzebub
1410 4124 1773 4183 vocaverunt,
1805 4127 2007 4186 quanto
2038 4131 2157 4171 ma-

556 4210 639 4280 gis
666 4209 1002 4265 domesticos
1040 4209 1159 4280 ejus
1204 4208 1389 4280 (Matt.
1428 4209 1533 4280 x)?
1567 4210 1633 4265 Et
1658 4209 1768 4266 alio
1814 4212 1867 4265 in
1901 4209 2023 4266 loco
2053 4228 2066 4266 :
2096 4210 2153 4267 Si

553 4314 642 4357 me
667 4300 945 4372 persecuti
972 4309 1103 4356 sunt
1128 4342 1144 4369 ,
1169 4310 1225 4357 et
1250 4315 1351 4357 vos
1395 4312 1792 4374 persequentur
1820 4301 2003 4375 (Joan.
2036 4301 2149 4374 xv).

553 4393 664 4451 Sed
691 4402 892 4467 quanta
925 4402 1054 4450 sunt
1084 4394 1138 4450 in
1169 4394 1585 4466 comparatione
1632 4396 1950 4466 passionum
1983 4395 2150 4463 illius,

549 4504 671 4562 qua:
701 4490 987 4561 patimur?
1012 4488 1110 4546 llle
1138 4490 1287 4547 enim
1319 4488 1635 4560 opprobria,
1672 4487 1951 4545 irrisiones
1981 4531 1995 4557 ,
2024 4504 2155 4546 con-

2260 3278 2454 3338 statur,
2478 3269 2666 3327 dicens
2694 3290 2705 3328 τ
2735 3272 3001 3345 Linguam
3031 3275 3212 3330 nullus
3226 3275 3499 3331 hominum
3513 3276 3858 3349 domarepo-

2260 3370 2365 3420 test
2390 3380 2402 3418 :
2431 3363 2734 3434 inquietum
2766 3369 2993 3434 malum,
3024 3368 3183 3437 plena
3214 3384 3427 3425 veneno
3454 3369 3774 3426 mortifero.
3802 3369 3859 3426 In

2259 3455 2373 3527 ipsa
2409 3457 2780 3514 benedicimus
2810 3460 2980 3517 Deum
3010 3471 3063 3517 et
3090 3462 3307 3519 Patrem
3335 3481 3348 3517 :
3375 3472 3429 3519 et
3450 3463 3501 3518 in
3531 3463 3645 3534 ipsa
3676 3466 3860 3520 male-

2257 3548 2490 3605 dicimus
2518 3550 2793 3620 homines,
2819 3555 2910 3624 qui
2940 3554 3008 3610 ad
3040 3555 3333 3627 imaginem
3360 3567 3415 3613 et
3436 3557 3859 3614 similitudinem

2257 3640 2353 3698 Dei
2376 3643 2501 3701 facti
2534 3655 2683 3701 sunt.
2718 3646 2795 3701 Ex
2838 3648 3030 3704 eodem
3057 3664 3154 3706 ore
3183 3650 3431 3721 procedit
3453 3650 3781 3708 hencdicﬁo
3809 3661 3865 3709 et

2257 3737 2590 3793 maledictio.
2622 3737 2740 3795 Non
2775 3750 3015 3812 oportet,
3050 3741 3253 3800 fratres
3284 3741 3425 3811 mei,
3458 3743 3573 3800 haec
3599 3744 3668 3799 ita
3708 3745 3860 3802 ﬁeri.

2254 3827 2528 3902 Numquid
2562 3831 2685 3889 fons
2716 3834 2785 3891 de
2826 3837 3018 3892 eodem
3050 3836 3319 3895 foramine
3347 3848 3565 3895 emanat
3593 3838 3764 3897 dulce
3811 3849 3869 3897 ct

2256 3936 2502 3979 amarum
2552 3923 2761 3998 (Iacob.
2809 3927 2891 3998 ιιι)
2931 3929 2955 3982 ?
3024 3928 3137 3985 Hac
3183 3930 3252 3987 de
3298 3946 3459 3987 causa
3505 3933 3637 3988 alibi
3683 3936 3863 3989 etiam

2255 4015 2457 4072 dicitur
2484 4035 2498 4073 :
2533 4018 2681 4075 Mors
2711 4028 2767 4077 et
2793 4022 2903 4076 vita
2933 4021 2985 4077 in
3019 4038 3183 4079 manu
3223 4024 3416 4098 lingua:
3447 4024 3632 4095 (Prov.
3667 4038 3867 4098 xvut).

2877 4113 3106 4173 CAPUT
3146 4117 3219 4174 X.

2798 4210 3063 4283 Asperitas
3103 4213 3229 4267 dicit
3261 4228 3279 4266 :

2325 4297 2726 4372 Numquidnam
2766 4305 2949 4362 stultis
2994 4304 3312 4363 hominibus
3362 4307 3514 4371 istis.
3556 4317 3613 4364 et
3663 4309 3871 4366 insen-

2255 4394 2388 4448 satis
2439 4394 2665 4465 perinde
2693 4410 2757 4453 ac
2789 4398 2965 4455 brutis
3006 4399 3337 4455 animalibus
3378 4400 3519 4457 lenia
3549 4400 3728 4457 verba
3750 4445 3767 4466 ,
3816 4410 3875 4457 et

2259 4501 2368 4542 non
2402 4488 2578 4558 potius
2608 4494 2948 4561 asperrima,
2979 4491 3109 4548 dum
3148 4493 3501 4565 delinquunt,
3544 4493 3873 4566 objicienda

552 4584 829 4653 tumelias,
868 4585 1074 4657 alapas,
1100 4589 1296 4657 'sputa,
1318 4584 1560 4657 ﬂagella,
1586 4584 1832 4656 spineam
1870 4600 2147 4653 coronam,
2178 4584 2234 4646 D
2258 4589 2403 4648 ευηῑ,
2439 4590 2497 4637 ιιι
2525 4582 2854 4655 dignitatem
2882 4595 3029 4641 tuam
3058 4587 3299 4643 revereri
3328 4588 3594 4644 discant?

545 4695 873 4751 cruccmquc
899 4682 1158 4738 sustinuit
1188 4681 1370 4755 (loan.
1400 4697 1550 4751 xvm,
1584 4680 1717 4753 xix):
1749 4690 1806 4737 et
1834 4696 1934 4737 nos
1963 4682 2151 4737 miseri

548 4772 641 4847 (ad
673 4782 919 4829 nostram
949 4773 1073 4830 dico
1103 4774 1509 4845 confusionem)
1540 4789 1649 4830 uno
1678 4789 1936 4830 sermone
1963 4773 2151 4846 fatiga-

546 4881 714 4936 mur,
765 4882 876 4923 uno
916 4867 1091 4923 verbo
1143 4867 1435 4938 dejicimur
1465 4886 1477 4922 :
1512 4884 1612 4924 nec
1662 4867 2051 4939 perpendimus
2096 4867 2151 4924 id

549 4959 697 5032 quod
742 4959 944 5017 dicitur
996 4960 1127 5029 τεεί
1176 4960 1509 5017 commortui
1556 4976 1746 5017 sumus
1779 5003 1794 5030 ,
1852 4971 1908 5016 et
1958 4959 2149 5016 convi-

549 5068 742 5111 vemus
766 5074 778 5110 :
802 5055 849 5111 si
872 5055 1230 5125 sustinemus,
1253 5065 1309 5112 et
1327 5057 1787 5130 conregnabimns
1809 5056 1871 5129 (ll
1895 5054 2034 5112 Tim.
2062 5055 2145 5128 ιι).

545 5147 891 5222 Quapropter
946 5150 1280 5206 retundendi
1331 5160 1459 5206 sunt
1514 5151 1610 5205 ira:
1657 5150 1902 5217 stimuli,
1944 5158 2001 5205 et
2034 5148 2151 5219 ejus

548 5241 843 5298 metuenda
888 5241 1171 5299 damnatio
1202 5250 1310 5299 est.
1355 5241 1513 5298 Unde
1558 5242 1825 5313 scriptum
1869 5240 2148 5313 legimus:

549 5335 687 5405 Quia
733 5337 915 5393 omnis
954 5336 1047 5408 qui
1093 5336 1351 5392 irascitur
1391 5334 1545 5391 fratri
1589 5350 1711 5402 suo,
1754 5350 1880 5391 reus
1918 5334 2027 5391 erit
2061 5334 2147 5405 ju-

549 5427 697 5487 dicio
731 5448 743 5486 :
773 5429 867 5503 qui
892 5440 1079 5488 autem
1110 5430 1313 5488 dixerit
1344 5430 1503 5487 fratri
1544 5444 1648 5485 suo
1686 5446 1852 5499 raca‘,
1887 5445 2017 5509 reus
2044 5430 2148 5486 erit

548 5523 792 5580 concilio
844 5542 859 5581 :
906 5524 1002 5597 qui
1047 5534 1228 5581 autem
1268 5524 1470 5581 dixerit
1508 5527 1690 5595 fatue,
1739 5539 1865 5579 reus
1914 5525 2018 5579 erit
2054 5538 2147 5595 ge—

553 5616 754 5672 hennae
812 5616 949 5686 ignis
985 5614 1168 5689 (Matt.
1204 5617 1281 5688 v).
1337 5616 1419 5672 ibi
1464 5625 1646 5673 tamen
1693 5616 1937 5672 innuitur
1971 5630 2149 5673 reme-

549 5710 737 5778 dium,
774 5724 900 5766 cum
938 5709 1271 5767 subinfertur
1297 5727 1311 5765 :
1338 5709 1397 5767 Si
1436 5710 1601 5768 offers
1644 5726 1841 5767 munus
1882 5721 2034 5767 tuum
2078 5711 2145 5767 ad

2640 4676 2751 4733 Sed
2786 4680 3131 4734 mansuetudo
3168 4681 3489 4754 respondet:

2330 4766 2450 4823 Non
2496 4778 2585 4824 tua
2632 4769 2691 4825 in
2736 4771 3047 4842 hujusmodi
3105 4773 3431 4843 persuasio,
3478 4772 3573 4830 sed
3623 4774 3877 4845 apostoli

2258 4858 2410 4915 Pauli
2440 4862 2718 4932 sequenda
2760 4873 2844 4919 est
2878 4866 3206 4936 praeceptio,
3236 4865 3329 4938 qui
3357 4865 3427 4922 de
3462 4865 3568 4922 hoc
3595 4867 3874 4923 dilectum

2259 4952 2583 5025 discipulum
2629 4956 2940 5027 admonuit,
2979 4958 3210 5016 dicens:
3254 4960 3539 5018 Seniorem
3572 4976 3647 5018 ne
3677 4960 3879 5019 incre-

2259 5049 2493 5119 paveris,
2539 5050 2635 5106 sed
2663 5050 2958 5109 exhortare
2984 5064 3038 5109 ut
3072 5063 3311 5125 patrem,
3352 5054 3605 5125 juniores
3649 5064 3713 5110 ut
3759 5056 3882 5112 fra-

2258 5146 2392 5209 tres,
2421 5157 2557 5198 anus
2598 5154 2655 5198 ut
2682 5154 2925 5213 matres,
2956 5146 3394 5204 adulescentulas
3436 5159 3496 5204 ut
3539 5162 3780 5206 sorores
3822 5150 3881 5205 in

2256 5238 2403 5293 omni
2432 5240 2684 5296 castitate
2710 5240 2754 5313 (Ι
2788 5240 2925 5295 Tim.
2948 5242 3026 5313 v).
3069 5243 3137 5298 Et
3170 5258 3387 5300 rursum
3419 5260 3433 5299 :
3459 5243 3697 5299 Servum
3722 5288 3741 5307 ,
3792 5246 3885 5300 in-

2252 5332 2401 5403 quit,
2439 5332 2654 5389 Domini
2684 5349 2796 5391 non
2826 5346 3042 5406 oportet
3078 5336 3297 5409 litigare
3321 5379 3338 5405 ,
3370 5336 3466 5394 sed
3498 5350 3882 5395 mansuetum

2252 5440 2379 5483 esse
2418 5427 2486 5483 ad
2532 5443 2742 5496 omnes,
2786 5440 2972 5501 aptum
3011 5429 3079 5486 ad
3106 5431 3448 5500 docendum,
3501 5432 3837 5503 patientem
3862 5476 3879 5495 τ

2253 5523 2501 5579 modeste
2570 5524 2938 5595 corrigentem
3010 5539 3106 5582 eos
3169 5525 3264 5597 qui
3308 5525 3528 5583 diversa
3594 5529 3885 5584 sentiunt

2251 5615 2326 5691 (ll
2354 5615 2494 5673 Tim.
2528 5615 2611 5689 ιι).
2642 5617 2991 5692 Rursumque
3026 5637 3038 5675 :
3070 5620 3283 5691 Argue,
3325 5620 3579 5691 hortare,
3624 5620 3883 5695 increpa

2248 5709 2301 5765 in
2338 5713 2487 5767 omni
2516 5711 2925 5784 longanimitate
2952 5722 3007 5771 et
3030 5712 3287 5793 doctrina
3314 5713 3380 5787 (ll
3406 5712 3538 5769 Tim.
3561 5711 3659 5783 tv).
3695 5715 3884 5783 Quod

547 5802 740 5874 altare,
770 5810 827 5861 et
857 5801 933 5859 ibi
961 5802 1277 5860 recordatus
1306 5805 1479 5862 fueris
1507 5804 1654 5876 quod
1676 5804 1852 5863 frater
1890 5814 2017 5862 tuus
2050 5804 2146 5862 ha-
2246 5803 2505 5863 videlicet
2548 5806 2861 5878 asperitatis
2909 5807 3112 5865 malum
3146 5808 3515 5881 perniciosum
3559 5816 3643 5864 εει
3668 5852 3689 5878 ,
3727 5811 3885 5868 sub-
