3958 6314
95 264 232 326 1083

96 360 218 436 ditis
246 382 403 432 nocet
431 416 445 441 ,
493 374 783 446 minusque
814 375 1030 446 proﬁcit
1059 396 1072 431 :
1100 379 1271 435 immo
1308 382 1507 452 εωρίιιε
1554 395 1684 434 con-
1710 384 1762 444 Α

101 469 286 540 tingit,
317 477 378 523 ut
406 466 570 523 etiam
602 467 885 522 charitatis
924 471 1326 540 correptionem
1372 473 1679 529 exacerbati

97 573 387 634 spernant,
438 570 491 617 et
537 574 729 618 contra
792 564 1049 619 salutaria
1097 566 1263 622 verba
1313 569 1679 637 deSpectionis

97 659 344 714 emittant
380 655 582 726 jaeula.
633 656 787 723 Quod
818 672 914 726 per
955 657 1266 728 Sapientem
1297 670 1524 717 cavetur
1551 661 1677 715 dum

96 749 224 806 dicit
258 767 269 802 :
301 748 403 816 Qui
430 751 609 818 arguit
633 749 960 816 derisorem,
995 751 1112 823 ipse
1137 751 1240 806 sibi
1272 751 1399 808 facit
1425 753 1678 823 iniuriam

96 844 274 916 (Prov.
308 842 406 915 ix).
440 845 672 900 Eeontra
713 860 846 902 vero
873 845 941 902 de
979 846 1072 902 illo
1099 847 1189 918 qui
1227 863 1326 918 per
1355 848 1681 918 increpatio-

93 957 210 998 nem
243 940 489 1012 proficit,
517 940 651 996 dicit
680 962 692 997 :
726 941 907 1013 Argue
945 942 1245 1012 sapientem
1274 985 1289 1012 ,
1329 954 1385 1000 et
1411 943 1600 1013 diliget
1628 951 1680 999 te

94 1034 302 1109 (Ibid.).
330 1035 540 1091 Idcirco
568 1036 835 1109 scriptum
865 1047 950 1093 est
978 1054 991 1092 :
1017 1037 1226 1111 Fili,:in
1257 1038 1680 1094 mansuetudine

91 1137 176 1185 tua
210 1130 417 1186 honora
465 1131 703 1184 animam
760 1142 906 1186 tuam
941 1131 1112 1206 (Eccl.
1155 1133 1255 1202 x);
1297 1141 1352 1188 et
1391 1133 1680 1203 Apostolus

91 1224 257 1295 inquit
289 1243 300 1278 :
336 1223 393 1280 Si
439 1234 857 1294 praeoccupatus
889 1225 1055 1280 fuerit
1086 1226 1250 1281 homo
1280 1227 1331 1281 in
1366 1227 1552 1298 aliquo
1583 1227 1678 1281 de-

88 1316 231 1382 licto,
267 1331 360 1370 vos
391 1318 480 1387 qui
515 1319 837 1386 spirituales
879 1320 1012 1374 estis
1035 1361 1049 1386 ,
1086 1320 1339 1374 instruite
1372 1321 1680 1390 hujusmodi

88 1408 139 1463 in
170 1407 358 1478 spiritu
395 1408 632 1462 lenitatis
671 1408 871 1481 (Galat.
901 1409 979 1481 ti),
1006 1422 1058 1464 et
1091 1410 1231 1466 idem
1257 1411 1539 1479 apostolus
1568 1410 1682 1480 cpi-

87 1515 277 1571 scopus
319 1500 523 1556 docens
562 1501 683 1556 ait:
723 1502 792 1558 Ut
819 1502 1111 1558 ostendant
1160 1518 1220 1559 se
1256 1513 1571 1560 mansuetos
1611 1504 1678 1559 ad

85 1608 268 1649 omnes
295 1594 358 1665 (ll
389 1592 524 1650 Tim.
557 1594 638 1667 tt).

702 1687 931 1746 CAPUT
973 1689 1065 1744 XI.

691 1783 887 1837 Tumor
928 1784 1052 1837 dicit
1085 1801 1097 1837 :

151 1875 370 1932 Testem
403 1876 575 1932 habes
613 1876 781 1932 Deum
815 1879 865 1931 in
899 1878 1083 1947 caelis,
1121 1894 1227 1934 non
1271 1879 1368 1934 tibi
1410 1879 1479 1934 sit
1529 1893 1675 1934 curae

86 1969 206 2040 quid
240 1970 307 2024 de
342 1980 395 2024 te
427 1970 778 2039 suSpiccntur
818 1971 1070 2024 homines
1099 1972 1150 2025 in
1183 1970 1362 2025 terris.

421 2063 527 2118 Sed
553 2062 764 2117 humilis
795 2063 1013 2134 dejectio
1043 2066 1361 2136 respondet:

151 2155 269 2211 Non
327 2165 413 2212 est
463 2155 638 2212 danda
688 2159 904 2212 occasio
949 2157 1293 2222 detrahendi,
1335 2173 1440 2212 non
1491 2172 1677 2213 susur—

82 2249 228 2306 randi
275 2249 514 2318 SllSpiCiO
559 2249 694 2304 :sed
743 2251 786 2304 si
851 2251 1069 2313 adsunt,
1124 2250 1532 2307 detractoribus
1590 2261 1678 2305 tua

86 2342 223 2398 faeta
280 2354 341 2398 ut
400 2341 742 2412 corrigantur
795 2344 1193 2400 manifestanda
1233 2353 1372 2399 :aut
1424 2353 1576 2398 certe
1635 2343 1681 2398 si

85 2436 297 2505 desunt,
325 2436 516 2491 humili
547 2438 939 2507 protestatione
961 2439 1355 2495 dissimulanda
1385 2439 1683 2506 sunt.Quo-

85 2530 223 2584 niam
255 2532 554 2599 Apostolus
583 2531 864 2595 admonet,
912 2531 1113 2586 nullam
1163 2534 1510 2588 occasionem
1551 2531 1683 2587 dare

84 2627 408 2682 adverSario
439 2626 717 2681 maledicti
767 2628 943 2697 gratia
974 2625 1185 2702 (I'Tim.
1225 2628 1300 2700 v).
1336 2628 1489 2696 Quod
1517 2629 1680 2684 etiam

85 2719 136 2774 in
163 2720 266 2774 illis
288 2720 600 2775 detestatus
624 2729 732 2785 est,
759 2721 848 2790 qui
869 2719 1185 2775 Christiano
1212 2722 1434 2776 nomine
1459 2720 1680 2788 censiti,

86 2815 138 2870 in
186 2816 352 2870 idolio
405 2816 828 2878 recutnbehaut,
873 2823 931 2870 et
968 2831 1292 2886 quamquam
1337 2817 1437 2886 ipsi
1478 2816 1681 2871 idolum

85 2923 180 2980 pro
208 2909 384 2964 nihilo
417 2909 706 2974 ducentes,
744 2909 1021 2964 immolata
1055 2909 1209 2980 quasi
1241 2910 1497 2966 innoxios
1531 2910 1685 2966 cibos

83 3015 387 3071 sumerent,
424 3004 672 3059 infirmas
705 3015 883 3060 tamen
920 3005 1150 3060 fratrum
1182 3005 1548 3064 conscientias
1591 3021 1685 3076 per

86 3096 186 3154 hoc
215 3099 422 3154 factum
476 3098 540 3153 ad
573 3096 839 3154 nefandos
884 3099 1158 3153 idolorum
1209 3100 1347 3154 ritus
1393 3098 1686 3154 trahebant

995 262 1084 319 DE
1127 257 1458 320 VITIORUM
1499 260 2004 333 VIRTUTUMQUE
2041 262 2449 324 CONFLICTU.

3245 265 3381 326 1068

2391 380 2620 438 CAPUT
2662 380 2800 436 XIII.

2219 478 2424 548 Torpor
2441 479 2518 532 vel
2539 477 2745 547 ignavia
2771 477 2894 531 dicit
2933 494 2949 530 .'

1855 572 2136 628 Continuat
2167 573 2387 628 lectioni
2431 587 2495 628 ac
2520 571 2779 627 diuturno
2807 571 3216 638 Scripturarutn
3265 584 3380 630 stu-

1784 665 1874 721 dio
1905 681 2120 738 semper
2157 667 2391 721 insistis?
2419 666 2710 722 Oculorum
2743 666 3138 736 ophthalmiam
3168 669 3252 724 vel
3280 669 3384 736 [ip--

1785 761 2086 832 pitudinem
2115 764 2383 818 incurres.
2402 761 2460 818 Si
2477 762 2857 819 indesinenter
2877 763 3150 832 laerymas
3174 764 3379 830 fundis,

1784 852 1964 924 ipsum
1996 855 2158 910 etiam
2189 855 2476 910 oculorum
2501 855 2683 910 lumen
2711 856 2954 911 amittes.
2981 856 3060 922 Si,
3103 859 3388 928 protelatis

1783 949 2002 1020 vigiliis,
2033 950 2362 1020 psalmorum
2390 963 2618 1019 pensum
2653 950 2945 1019 persolvis,
2990 951 3187 1021 capitis
3235 952 3385 1006 insa-

1786 1042 1932 1097 niam
1981 1043 2206 1101 incides.
2252 1043 2307 1099 Si
2339 1042 2660 1114 quotidiano
2693 1043 2877 1100 labore
2929 1053 2980 1101 te
3019 1045 3266 1111 conficis,
3315 1044 3384 1100 ad

1785 1149 1922 1205 opus
1943 1136 2192 1207 spiritale
2222 1135 2444 1206 quando
2471 1137 2796 1205 consurges?

1899 1229 2008 1284 Sed
2030 1229 2304 1292 industria,
2339 1227 2703 1300 indefessaque
2731 1231 2897 1285 virtus
2924 1233 3237 1304 respondet:

1859 1322 1996 1390 Quid
2027 1323 2144 1388 tibi,
2177 1340 2207 1375 (ι
2237 1322 2426 1387 homo,
2459 1322 2524 1376 ad
2551 1322 2688 1376 bona
2725 1324 3055 1392 perficienda
3087 1336 3193 1381 tam
3223 1326 3379 1398 longa

1789 1424 2094 1484 temporum
2120 1415 2381 1485 proponis
2409 1414 2634 1484 spatia?
2666 1415 2935 1485 Numquid
2963 1419 3070 1471 scis
3102 1420 3146 1472 si
3190 1419 3390 1473 crasti-

1787 1524 1855 1563 na
1888 1509 2044 1562 vivas
2068 1509 2192 1563 die?
2226 1509 2397 1562 immo
2427 1508 2594 1563 etiam
2638 1508 2681 1562 si
2709 1509 2794 1562 vel
2830 1524 2988 1562 unam
3033 1509 3088 1563 in
3139 1509 3240 1565 hac
3275 1511 3385 1564 vita

1788 1616 2014 1671 peragas
2049 1601 2238 1655 horam
2273 1599 2480 1675 (Jacob.
2517 1599 2592 1671 tv)
2617 1601 2640 1653 ?
2668 1603 2747 1654 An
2783 1600 2923 1655 forte
2954 1610 3138 1657 mente
3185 1602 3394 1658 excidit

1786 1695 1929 1764 quod
1971 1694 2221 1750 Salvator
2279 1693 2330 1748 in
2378 1694 2677 1764 Evangelio
2709 1693 2888 1749 dicit:
2953 1694 3200 1766 Vigilate,
3259 1696 3387 1766 quia

1711 1794 1758 1853 B
1790 1791 2010 1846 nescitis
2040 1789 2184 1845 diem
2214 1804 2394 1860 neque
2422 1788 2616 1844 horam
2671 1789 2887 1862 (Matth.
2922 1790 3090 1861 xxv)?
3136 1791 3385 1863 Quapro-

1785 1891 1907 1952 pter
1934 1883 2145 1938 discute
2174 1885 2412 1952 torporis
2441 1883 2717 1946 inertiam,
2751 1899 3080 1954 semperque
3108 1893 3387 1942 memento

1783 1979 1908 2048 quia
1957 1994 2184 2050 regnum
2210 1979 2472 2034 caelorum
2501 1993 2607 2032 non
2637 1979 2828 2047 tepidi,
2855 1996 2962 2032 non
3017 1980 3233 2048 molles,
3277 1997 3389 2036 non

1782 2073 2024 2142 desides,
2057 2072 2151 2128 sed
2183 2071 2438 2137 violenti,
2487 2074 2703 2142 vimque
2753 2071 3048 2139 facientes,
3107 2081 3166 2128 ut
3215 2074 3392 2145 inquit

1782 2165 2056 2232 Salvator,
2089 2165 2357 2236 diripiunt
2389 2165 2519 2220 illud
2553 2163 2772 2236 (Matth.
2809 2166 2916 2237 xi).

2379 2257 2610 2314 CAPUT
2667 2257 2805 2312 XIV.

2238 2351 2493 2424 Evagatio
2525 2351 2753 2422 inquieta
2781 2351 2908 2404 dicit
2935 2367 2951 2405 :

1859 2444 1916 2500 Si
1950 2444 2117 2499 Deum
2151 2460 2272 2500 esse
2303 2445 2506 2515 ubique
2535 2446 2738 2514 credis,
2773 2461 2870 2500 cur
2903 2462 3067 2500 unum
3102 2447 3394 2518 singulari-

1789 2545 1874 2590 ter
1902 2535 2102 2601 locum,
2138 2551 2247 2606 quo
2279 2547 2425 2590 tanta
2470 2537 2614 2592 mala
2647 2549 3069 2608 perpetrantur,
3104 2541 3350 2596 custodis
3373 2584 3388 2609 ,

1787 2638 1970 2686 etnon
2017 2631 2197 2701 potius
2219 2631 2286 2686 ad
2319 2633 2422 2686 alia
2459 2633 2700 2686 transis?

2218 2723 2490 2779 Stabititas
2516 2742 2634 2780 rero
2662 2727 2937 2797 respondet
2970 2743 2987 2781 :

1859 2817 1914 2872 Si
1946 2817 2017 2872 ita
2047 2826 2130 2873 est
2159 2825 2220 2872 ut
2240 2819 2463 2884 asseris,
2490 2824 2616 2891 quia
2649 2821 2848 2880 ubique
2880 2838 3002 2878 esse
3026 2823 3195 2877 Deum
3246 2823 3389 2880 fate-

1787 2910 1881 2978 ris,
1910 2927 2041 2982 ergo
2070 2927 2170 2967 nec
2202 2913 2305 2967 iste
2335 2913 2482 2969 locus
2507 2914 2850 2970 deserendus
2877 2928 2983 2983 ρει,
3011 2934 3172 2987 quem
3203 2920 3391 2988 fugere

1788 3007 2001 3076 appetis
2031 3021 2045 3060 :
2076 3007 2202 3077 quia
2236 3017 2291 3061 et
2321 3007 2372 3061 in
2406 3009 2524 3077 ipso
2559 3009 2703 3062 Deus
2743 3019 2845 3064 est.
2896 3009 3121 3076 Verum,
3148 3013 3392 3081 inquies,

1790 3102 2074 3157 meliorem
2107 3102 2365 3172 inquiro,
2397 3103 2682 3158 meliorem
2728 3102 2972 3159 invenio.
3019 3107 3124 3160 Sed
3167 3122 3396 3176 respon-

86 3190 129 3262 (l
160 3189 281 3248 Cor.
313 3191 461 3264 vui).
494 3191 698 3247 Idcirco
745 3192 926 3263 inquit
957 3209 971 3246 :
1003 3191 1135 3248 Sine
1181 3192 1484 3248 offensione
1509 3199 1685 3249 estote
1711 3188 1755 3252 C
1791 3196 1896 3252 deo
1931 3215 1941 3248 :
1974 3196 2245 3268 Numquid
2279 3197 2586 3260 meliorem,
2619 3208 2714 3274 aut
2740 3202 2931 3255 saltem
2962 3203 3174 3272 qualem
3200 3202 3394 3259 diabo-

85 3285 289 3345 Judanis
309 3299 368 3346 et
391 3290 666 3361 gentibus,
699 3299 756 3344 et
787 3288 1047 3345 Ecclesiae
1081 3288 1174 3346 Dei
1205 3287 1422 3360 (Ibid.).

697 3429 928 3488 CAPUT
958 3429 1075 3486 XII.

697 3547 929 3603 Tristitia
957 3547 1080 3601 dicit
1103 3563 1121 3600 .'

153 3666 293 3736 Quid
319 3666 495 3722 habes
518 3665 664 3721 unde
689 3665 946 3736 gaudeas,
972 3679 1095 3720 cum
1128 3670 1274 3718 tanta
1301 3661 1485 3716 malaa
1507 3660 1692 3731 prosi-

83 3776 174 3816 mo
204 3760 528 3817 sustineas!
569 3759 853 3831 Perpende
881 3776 987 3828 quo
1029 3757 1193 3813 animi
1238 3771 1471 3812 maerore
1499 3769 1690 3810 omnes

83 3854 334 3910 intuendi
389 3857 525 3920 sint,
567 3856 656 3925 qui
705 3854 759 3910 in
791 3863 942 3909 tanto
979 3861 1174 3907 contra
1219 3861 1271 3906 te
1311 3847 1689 3905 amaritudinis

81 3948 215 4008 felle
249 3961 569 4008 versantur.

385 4044 495 4101 Sed
515 4043 789 4115 spirituale
818 4043 1068 4114 gaudium
1094 4044 1402 4114 respondet:

154 4139 450 4195 Geminam
481 4153 604 4194 esse
636 4137 916 4193 tristitiam
958 4136 1104 4202 novi,
1140 4137 1308 4192 immo
1335 4136 1475 4192 duas
1506 4134 1690 4190 cordis

87 4233 353 4289 tristitias
386 4244 644 4303 expertus
673 4246 795 4287 sum
823 4249 835 4284 :
874 4247 1040 4285 unam
1071 4230 1281 4287 scilicet
1309 4247 1429 4302 quae
1453 4231 1687 4285 salutem

81 4339 354 4398 Operatur
388 4327 456 4400 (Il
477 4324 600 4382 Cor.
630 4328 751 4396 vtt),
781 4326 1011 4381 alteram
1042 4343 1172 4382 vero
1195 4341 1315 4396 qua:
1346 4325 1691 4381 machinatur

81 4424 396 4493 perniciem
425 4441 436 4477 :
466 4439 624 4478 unam
657 4439 780 4494 qua:
808 4423 874 4477 ad
910 4424 1285 4492 pmnitentiam
1311 4421 1500 4490 trahit,
1550 4421 1690 4475 alte-

80 4534 199 4574 ram
231 4535 360 4592 quze
416 4519 481 4575 ad
513 4519 954 4587 desperationem
1025 4518 1298 4590 perducit.
1341 4518 1421 4573 Tu
1471 4517 1688 4588 quidem

1793 3291 1877 3345 lus
1907 3301 1959 3345 et
1982 3291 2206 3362 angelus
2228 3293 2345 3362 ejus
2371 3302 2536 3364 atque
2565 3295 2729 3350 homo
2760 3295 3018 3365 perdidit,
3047 3297 3293 3352 invenies
3317 3301 3395 3354 lo-

1793 3383 1964 3436 cum?
2015 3383 2223 3439 Memor
2261 3393 2382 3439 esto
2425 3385 2609 3458 itaque
2645 3387 2769 3457 quia
2797 3389 3003 3458 primus
3057 3389 3281 3460 angelus
3324 3391 3393 3447 de

1792 3477 1935 3532 cmlo
1959 3478 2170 3532 corruit
2197 3478 2302 3548 (sic
2325 3494 2566 3550 namque
2587 3480 2850 3550 scriptum
2883 3481 3081 3552 legitur
3105 3482 3254 3550 (Luc.
3288 3483 3346 3555 x)
3380 3504 3392 3538 :

1793 3568 2058 3623 Videbam
2102 3568 2358 3625 Satanam
2387 3570 2529 3626 sicut
2569 3571 2748 3642 fulgur
2777 3571 2847 3627 de
2871 3575 3010 3629 caelo
3038 3574 3326 3630 cadentem
3352 3576 3395 3646 ),

1792 3669 1846 3715 et
1869 3659 2078 3730 primus
2107 3659 2268 3716 homo
2295 3663 2363 3716 de
2392 3661 2649 3731 paradiso
2680 3664 2940 3732 eXpulsus
2970 3665 3036 3718 ad
3087 3681 3386 3720 :erumnam

1795 3753 1961 3825 hujus
2005 3755 2195 3810 smculi
2227 3755 2449 3811 devenit
2496 3755 2650 3827 (Gen.
2676 3755 2782 3827 tu).
2834 3756 3074 3813 Attende
3123 3762 3249 3828 quia
3296 3759 3398 3816 Lot

1794 3850 2058 3907 exercitio
2097 3851 2365 3906 malorum
2401 3851 2680 3920 probatus,
2734 3852 2878 3906 inter
2903 3853 3217 3910 Sodomitas
3270 3871 3397 3913 san-

1795 3952 1915 4000 ctus
1946 3943 2049 4000 fuit
2080 3944 2292 4016 (Cenes.
2326 3944 2444 4014 xu)
2478 3962 2490 3998 :
2525 3945 2575 3998 in
2601 3954 2786 4000 monte
2813 3962 2942 4002 vero
2969 3950 3258 4005 securitate
3285 3961 3396 4006 tor-

1795 4052 1955 4108 pens,
1986 4037 2291 4092 inebriatus
2320 4052 2442 4090 cum
2476 4037 2690 4092 filiabus
2717 4040 2963 4107 peccavit
3013 4039 3226 4112 (llud).
3279 4043 3398 4100 Hoc

1794 4134 2101 4207 vagationis
2153 4133 2372 4190 tcedium
2416 4132 2593 4188 adhuc
2641 4134 2869 4190 alteram
2912 4139 3149 4205 speciem
3203 4137 3392 4212 addit,

1794 4228 1922 4283 dum
1954 4226 2214 4298 quosdam
2246 4227 2409 4281 etiam
2437 4225 2486 4279 in
2520 4240 2617 4280 suo
2659 4227 2924 4281 exercitio
2973 4242 3396 4296 perseverantes

1793 4336 1822 4375 a
1843 4319 2218 4387 Spiritualibus
2234 4317 2480 4384 retrahit,
2506 4317 2590 4371 vel
2618 4319 2851 4372 terrenis
2870 4318 3104 4388 neg0tiis
3129 4319 3393 4391 implicat,

1796 4413 1878 4468 vel
1923 4411 2090 4467 rebus
2147 4409 2427 4465 vilissimis
2478 4410 2678 4478 satagit
2718 4423 3033 4479 occupare:
3075 4421 3260 4468 contra
3316 4413 3400 4468 di-

1796 4513 1940 4561 ctqu
1992 4503 2237 4574 Apostoli
2265 4519 2451 4574 agens,
2479 4504 2567 4571 qui
2596 4502 2674 4555 ait
2703 4519 2715 4554 :
2741 4501 2913 4558 thno
2943 4505 3184 4560 militans
3242 4509 3354 4563 Deo
3383 4551 3396 4575 ,

80 4627 250 4668 unam
303 4631 375 4670 ex
429 4614 537 4669 illis
585 4613 905 4684 dignoscere
957 4613 1182 4680 videris,
1244 4613 1338 4668 sed
1377 4611 1528 4667 illam
1572 4626 1687 4682 qua:

1802 4599 2040 4666 implicat
2077 4613 2135 4652 se
2167 4597 2399 4668 negotiis
2439 4595 2817 4660 saecularibus,
2846 4606 2902 4652 ut.
2931 4601 2978 4653 ei
3029 4601 3262 4668 placeat,
3312 4603 3399 4656 cui

82 4719 326 4762 mortem
353 4706 581 4761 omnino
609 4715 888 4777 operatur.
922 4704 1040 4760 Non
1067 4714 1149 4760 est
1180 4706 1344 4776 igitur
1376 4706 1429 4760 in
1463 4706 1547 4761 his
1573 4719 1694 4776 quae

79 4797 288 4854 suades
323 4799 784 4864 contristandum,
822 4797 915 4853 sed
962 4806 1187 4852 econtra
1231 4796 1403 4867 magis
1452 4797 1696 4869 gauden-

83 4891 216 4947 dum
253 4894 308 4948 in
348 4893 431 4947 his
458 4909 577 4963 qua:
609 4892 835 4948 necdum
871 4891 1148 4961 intelligis.
1201 4889 1356 4946 Unde
1406 4901 1460 4945 et
1509 4890 1694 4945 Domi-

84 5002 190 5042 nus
220 4987 488 5055 perennis
511 4986 670 5041 dator
693 4985 874 5055 gaudii
905 4985 1046 5040 dixit
1079 5003 1088 5038 :
1116 4984 1252 5039 Cum
1289 4984 1557 5051 perseeuti
1599 4999 1697 5039 vos

84 5080 302 5136 fuerint
339 5080 612 5145 homines,
641 5089 695 5132 et
721 5078 958 5134 dixerint
983 5093 1142 5132 omne
1166 5077 1367 5131 malum
1404 5075 1691 5131 adversum

82 5189 210 5238 vos,
242 5174 583 5229 mentientes
605 5183 830 5243 propter
859 5188 966 5241 me,
995 5171 1232 5243 gaudete
1265 5171 1318 5225 in
1357 5169 1450 5224 illa
1493 5170 1614 5237 die,
1646 5177 1702 5225 et

81 5268 409 5324 exsultate:
443 5282 574 5323 ecce
625 5267 770 5322 enim
823 5279 1035 5320 merces
1065 5273 1248 5318 vestra
1288 5263 1454 5318 multa
1506 5271 1593 5318 est
1645 5263 1697 5318 in

82 5362 252 5417 cmlis
275 5359 500 5430 (Matth.
523 5362 598 5434 v).
617 5360 891 5416 Memento
915 5359 1038 5429 quia
1065 5357 1326 5428 apostoli,
1353 5369 1552 5413 postne.
1576 5357 1704 5412 reli-

82 5455 275 5526 gionis
291 5453 561 5519 culmina,
587 5455 739 5508 ihaut
759 5453 1059 5524 gaudentes
1082 5466 1112 5506 a
1133 5462 1432 5522 conspectu
1461 5451 1703 5517 concilii,

86 5549 369 5620 quoniam
402 5546 550 5618 digni
585 5548 752 5602 habiti
780 5555 908 5602 sunt
938 5561 1036 5616 pro
1077 5545 1301 5600 nomine.
1341 5545 1469 5601 Jesu
1516 5552 1707 5600 contu-

87 5641 327 5697 meliam
361 5639 470 5708 pati
523 5639 662 5710 (Act.
693 5640 775 5712 v).
802 5639 993 5696 Nullus
1028 5655 1163 5710 ergo
1216 5640 1268 5694 in
1316 5637 1712 5693 afﬂictionibus

88 5732 371 5792 mteroris
432 5733 582 5787 locus
622 5747 745 5788 esse
795 5733 977 5802 debet,
1011 5748 1132 5788 cum
1185 5732 1262 5787 eis
1315 5740 1462 5786 tanta
1516 5730 1715 5786 laetitiae

90 5826 481 5892 exuberantia
508 5827 787 5883 succedat.

638 5924 917 5984 ΡΑτιιοῐι.
969 5922 1168 5984 XVII.

1803 4707 1864 4748 se
1894 4691 2144 4762 probavit
2174 4690 2240 4763 (ll
2267 4690 2406 4745 Tim.
2433 4689 2517 4760 ll),
2551 4698 2605 4744 et
2637 4704 2852 4744 rursum
2884 4709 2896 4745 :
2931 4691 3061 4747 Sine
3121 4690 3408 4747 intermis-

1803 4786 1957 4841 sione
1983 4793 2156 4850 orate,
2186 4785 2240 4837 iu
2274 4782 2529 4837 omnibus
2560 4783 2764 4852 gratias
2795 4783 2940 4854 agite
2969 4783 3013 4855 (l
3037 4783 3218 4838 T/tcss.
3251 4786 3327 4850 v).

2409 4873 2638 4932 CAPUT
2671 4875 2786 4930 XV.

2355 4967 2661 5042 Desperatio
2692 4970 2815 5024 dicit
2840 4987 2856 5024 :

1877 5067 2008 5136 Qua:
2039 5075 2094 5122 et
2121 5075 2322 5134 quanta
2351 5065 2405 5120 in
2437 5066 2604 5120 Deum
2636 5074 2691 5119 et
2721 5065 2774 5118 iu
2807 5066 3040 5119 animam
3073 5075 3219 5118 tuam
3257 5080 3407 5120 com-

1804 5161 2020 5228 misisti,
2045 5177 2204 5232 quam
2226 5161 2412 5231 gravia
2428 5160 2851 5228 erimina,quam
2882 5161 3162 5211 inmunera
3184 5158 3404 5228 delicta,
3435 5155 3442 5160 ’

1809 5265 1864 5312 et
1911 5256 1963 5310 in
1992 5255 2188 5309 melius
2213 5268 2316 5308 nec
2338 5253 2448 5323 jatn
2494 5252 2658 5306 vitam
2691 5250 2938 5317 mutasti,
2965 5263 3066 5304 nec
3107 5265 3414 5307 conversa-

1813 5351 2017 5406 tionem
2059 5348 2266 5403 utiliter
2295 5348 2558 5401 hactenus
2605 5342 2916 5396 eorrexisti.
2973 5342 3112 5397 Ecce
3135 5343 3302 5408 enim,
3352 5357 3412 5402 ut

1814 5445 2016 5508 cernis,
2050 5441 2192 5496 mala
2220 5455 2440 5508 semper
2467 5434 2865 5494 consuetudine
2892 5435 3168 5507 obligatus
3194 5440 3419 5495 teneris.

1815 5537 2043 5592 Conarts
2097 5549 2414 5604 exsurgere,
2446 5531 2541 5588 sed
2574 5539 2921 5601 peccatorum
2973 5533 3218 5600 pondere
3275 5552 3420 5604 prac-

1817 5639 2072 5706 gravatus
2102 5628 2392 5685 relaberis.
2417 5627 2554 5694 Quid
2586 5641 2716 5697 ergo
2743 5626 2840 5681 tibi
2873 5629 3168 5699 agendum,
3200 5633 3420 5701 quando

1823 5728 1890 5782 de
1932 5723 2230 5798 prmteritis
2263 5720 2714 5776 certadamuatio
2737 5720 3005 5790 imminet,
3037 5724 3104 5780 de
3144 5727 3427 5792 prtescnti-

1826 5824 1926 5878 bus
1958 5817 2274 5878 emendatio
2301 5815 2446 5870 nulla
2481 5815 2778 5882 succurrit,
2812 5816 2918 5873 nisi
2960 5829 3020 5874 ut
3050 5833 3160 5874 non
3211 5819 3431 5877 omittas

2917 5911 2994 5971 3h
