4054 6328
561 259 699 317 1067

1615 257 1966 317 APPENDIX
2005 260 2098 317 Αι)
2137 231 2365 316 orent
2408 260 2466 317 s.
2510 259 2852 320 AMBROSII.

3731 261 3753 316 i
3763 261 3867 318 OtiB

550 375 933 447 temporalium
974 389 1157 430 rerum
1199 375 1526 444 voluptates,
1559 374 1690 429 dum
1743 375 1911 431 futuri
1967 375 2157 432 saeculi
2185 376 2238 437 Α
2263 389 2478 445 semper
2504 376 2717 445 bibens,
2758 386 2814 433 et
2861 390 3079 446 semper
3107 375 3325 440 sitiens,
3371 389 3672 444 numquam
3722 373 3872 430 desi—

559 470 955 543 promissiones
986 470 1250 540 consequi
1273 469 1597 526 retardaris.

917 563 1026 619 Sed
1050 563 1161 632 spei
1184 563 1383 634 fiducia
1406 563 1721 636 respondet:

631 657 687 714 Si
717 656 788 714 de
810 657 1145 728 capitalibus
1173 656 1394 712 delictis
1424 658 1605 728 agitur
1629 674 1643 712 :
1666 671 1796 715 cccc
1822 659 1990 715 David
2010 657 2165 714 adul-

559 752 700 808 terio
733 751 897 807 simul
946 759 1000 806 et
1035 751 1336 806 homicidio
1387 765 1538 818 reus,
1568 750 1639 806 de
1665 749 1861 807 inferni
1914 751 2164 808 faucibus

560 846 775 902 Domini
794 845 1174 902 misericordia
1191 845 1522 901 describitur
1543 845 1804 902 liberatus
1827 844 1871 918 (Ι
1886 844 2018 916 Reg.
2043 844 2164 915 xu).

561 939 705 996 Ecce
753 938 1264 1009 impudentissimas
1297 938 1597 1004 Manasses,
1650 947 1999 1009 peccatomm
2050 951 2167 993 om-

561 1033 712 1090 nium
757 1033 1171 1104 itnpurissimus
1199 1048 1266 1089 ac
1293 1032 1725 1098 sordidissimus,
1756 1047 1854 1104 per
1904 1032 2171 1103 paeniten-

566 1126 696 1182 tiam
750 1125 819 1181 de
870 1135 1049 1182 morte
1078 1125 1147 1182 ad
1181 1126 1350 1181 vitam
1393 1125 1562 1181 rediit
1585 1125 1655 1197 (ll
1709 1124 1896 1182 Parui.
1949 1125 2168 1194 χχχιιι).

565 1218 711 1275 Ecce
754 1218 956 1275 mulier
996 1220 1050 1273 in
1077 1219 1302 1276 civitate
1329 1218 1608 1290 peccatrix
1650 1219 1951 1274 innumeris
1975 1232 2172 1288 pecca-

567 1326 747 1370 torum
780 1313 1037 1370 sordibus
1064 1313 1370 1384 inquinata,
1422 1313 1487 1368 ad
1514 1313 1733 1382 pietatis
1766 1313 1970 1368 fontem
2013 1311 2174 1367 anxia

563 1421 819 1472 currens,
859 1406 1184 1477 Dominiquc
1238 1406 1468 1476 vestigia
1516 1406 1776 1478 lacrymis
1829 1407 2036 1476 rigans,
2085 1419 2174 1461 ca-

560 1503 706 1575 pillis
736 1501 1050 1574 detergens,
1081 1501 1520 1571 deosculansque
1541 1510 1596 1556 et
1656 1511 1930 1570 unguento
1975 1515 2176 1569 perun-

563 1613 727 1671 gens,
758 1597 905 1653 ablui
935 1604 1046 1652 tota
1071 1597 1274 1652 meruit
1303 1595 1458 1666 (Luc.
1489 1598 1606 1665 vn).
1641 1595 1882 1666 Denique
1921 1595 2130 1651 audivit
2159 1611 2173 1648 :

568 1690 945 1748 Remittuntur
966 1690 1062 1746 tibi
1089 1697 1346 1760 peccata;
1368 1697 1424 1745 et
1446 1707 1459 1744 :
1491 1688 1654 1745 Fides
1681 1699 1772 1744 tua
1791 1697 1846 1745 te
1867 1687 2072 1742 salvam
2097 1688 2174 1743 fe-

2273 467 2485 524 derium
2513 484 2667 525 suum
2693 470 2950 541 implens,
2993 483 3157 541 quam
3207 470 3278 524 sit
3319 468 3666 532 detestanda,
3731 469 3872 524 Pau-

2268 561 2353 617 lus
2379 562 2662 632 apostolus
2690 562 2914 632 indicat,
2945 563 3135 618 dicens
3169 581 3178 615 ε
3212 558 3279 617 Ει
3312 560 3562 627 avaritia,
3613 577 3738 631 qua:
3788 571 3874 618 est

2266 654 2684 711 simulacrorum
2715 655 2952 712 servitus
2991 654 3216 728 (ϐοέου.
3259 654 3361 726 ιιι).
3420 655 3554 722 Qua:
3580 669 3744 726 quam
3801 653 3876 711 sit

2267 749 2463 805 anima:
2511 751 2694 818 noxia,
2727 751 3004 822 salutique
3060 750 3539 818 contraria,idcm
3586 749 3874 821 apostolus

2269 856 2551 911 exponens
2575 844 2651 898 ait
2681 859 2694 896 :
2725 841 2829 912 Qui
2864 845 3053 900 volunt
3088 843 3286 899 divites
3321 843 3461 910 fieri,
3513 842 3773 898 incidunt
3819 843 3873 897 in

2273 936 2630 992 tentationem
2671 947 2726 992 et
2777 937 3052 1008 laqueum,
3105 945 3160 991 et
3209 934 3481 991 desideria
3529 935 3700 989 multa
3757 934 3876 989 inn-

2273 1030 2390 1086 tilia
2418 1039 2474 1086 et
2503 1044 2702 1097 nocua,
2723 1047 2842 1101 qua:
2864 1029 3189 1101 demergunt
3221 1029 3468 1086 homines
3491 1029 3546 1083 in
3569 1029 3796 1084 exitium
3819 1037 3875 1084 et

2273 1125 2551 1182 interitum
2574 1125 2630 1196 (Ι
2661 1125 2796 1181 Tim.
2819 1126 2920 1196 vr.)
2941 1125 3111 1195 Quam
3135 1124 3348 1181 sitvero
3367 1123 3727 1182 detestandus
3749 1139 3876 1178 ava-

2275 1235 2387 1284 rus,
2425 1220 2543 1289 ipse
2568 1220 2798 1289 Sapiens
2821 1218 3118 1274 denuntiat
3145 1232 3270 1274 cum
3306 1219 3478 1274 dicit:
3529 1221 3714 1274 Avaro
3759 1214 3876 1288 qui-

2277 1313 2402 1370 dem
2431 1313 2567 1369 nihil
2601 1315 2838 1384 iniquius
2864 1313 3033 1384 (Ecci.
3067 1315 3150 1387 χ).
3193 1313 3366 1380 Quam
3399 1314 3472 1369 sit
3531 1313 3664 1370 item
3721 1313 3875 1367 noxia

2278 1409 2588 1465 divitiarum
2619 1409 3014 1476 accumulatio,
3058 1409 3466 1480 acervatioque,
3518 1416 3745 1463 sanctus
3794 1405 3878 1462 Ja-

2278 1502 2449 1559 cobus
2491 1504 2686 1572 aperit,
2712 1502 2900 1558 dicens
2943 1519 2956 1554 :
2988 1501 3148 1572 Agite
3171 1516 3338 1566 nunc,
3380 1499 3609 1566 divites,
3635 1499 3874 1570 plorato,

2280 1599 2552 1654 ululantes
2602 1600 2655 1652 in
2705 1596 2942 1652 miseriis
2967 1595 3306 1667 vestrisque:
3360 1594 3658 1650 advenient
3705 1592 3875 1647 vobis.

2285 1689 2498 1743 Divitiae
2538 1696 2735 1743 vestrm
2769 1686 3087 1757 putrefacta).
3108 1695 3256 1752 sunt,
3301 1695 3355 1742 et
3394 1686 3730 1742 vestimenta
3787 1699 3877 1738 ve-

568 1789 663 1854 cit,
697 1786 838 1843 vade
894 1787 951 1842 in
1003 1801 1136 1857 pace
1165 1785 1380 1858 (Ibid).
1434 1786 1574 1841 Ecce
1626 1788 1821 1842 Petrus
1874 1785 2180 1856 negationis
2208 1779 2258 1839 B
2283 1793 2394 1839 stra
2424 1801 2451 1836 a
2487 1784 2653 1840 tineis
2674 1793 2914 1839 comesta
2945 1790 3094 1839 sunt.
3121 1781 3328 1838 Aurum
3357 1789 3412 1837 et
3452 1791 3748 1852 argentum
3783 1796 3876 1834 ve-

568 1883 727 1937 trinte
751 1880 990 1937 vinculis
1013 1879 1336 1947 adstrictus,
1361 1878 1729 1935 amarissimis
1774 1879 2036 1950 lacrymis
2080 1891 2178 1933 no—

572 1975 676 2030 dos
711 1973 1083 2044 prolapsionis
1112 1987 1226 2028 suae
1247 1965 1476 2029 resolvit
1497 1972 1652 2044 (Luc.
1682 1973 1840 2044 ml).
1864 1972 2008 2028 Ecce
2032 1972 2178 2027 sedi-

569 2066 720 2122 tione
749 2067 912 2121 simul
944 2076 998 2121 et
1027 2065 1257 2122 fraterni
1277 2064 1840 2136 effusionesanguinis
1854 2064 1998 2120 latro
2030 2079 2178 2120 mor-

566 2161 635 2216 tis
655 2158 1020 2215 damnationis
1049 2159 1341 2228 obnoxins,
1394 2173 1503 2214 uno
1553 2159 1813 2230 temporis
1862 2167 2171 2226 momento,

565 2267 779 2324 unaque
791 2251 1151 2307 confessionis
1166 2266 1318 2319 voce,
1334 2251 1403 2307 de
1417 2265 1578 2307 cruce
1591 2251 1655 2305 ad
1679 2249 1986 2321 paradisum
2004 2259 2174 2305 trans-

561 2347 642 2402 iit.
669 2347 915 2415 Denique
931 2346 1136 2402 dictum
1163 2354 1249 2402 est
1265 2346 1316 2402 ei
1335 2362 1349 2399 :
1370 2345 1541 2402 Hodie
1564 2361 1778 2402 mecum
1801 2346 1910 2401 eris
1937 2346 1990 2400 in
2016 2360 2172 2416 para-

563 2441 687 2496 diso
708 2441 862 2511 (Luc.
895 2438 1073 2511 χχιιι).
1114 2439 1548 2494 Pulcherrimum
1579 2438 1824 2510 profecto
1852 2437 2170 2494 affectanda

565 2532 946 2588 conversionis
970 2531 1300 2600 exemplum.
1329 2530 1464 2585 Nam
1490 2541 1596 2585 tam
1619 2530 1730 2586 cito
1762 2531 1902 2586 latro
1931 2533 1981 2585 in
2013 2530 2168 2586 venia

561 2626 862 2690 relaxatur,
889 2635 946 2679 ut
970 2625 1192 2680 uberior
1212 2633 1470 2696 appareat
1491 2624 1683 2695 gratia,
1715 2639 1875 2694 quam
1897 2624 2164 2694 precatio.

564 2720 703 2774 Ecce
731 2719 929 2775 Saulus
952 2717 1258 2773 Ecclesiam
1289 2717 1384 2773 Dei
1429 2731 1788 2787 persequens,
1832 2717 2032 2771 multos
2061 2731 2163 2786 pro

563 2815 788 2867 nomine
815 2810 1020 2866 Christi
1065 2811 1377 2884 perimens,
1434 2819 1490 2865 et
1527 2809 1780 2864 madidus
1825 2825 1964 2878 pene
2021 2819 2166 2865 totus

555 2914 868 2959 sanctorum
899 2911 1196 2973 martyrum
1229 2916 1453 2968 cruore,
1487 2902 1705 2957 Domini
1757 2901 1974 2957 tandem
2031 2915 2165 2957 voce

561 3010 886 3060 conversus,
932 2994 1218 3064 apostolus
1265 2993 1440 3049 factus
1498 3001 1602 3060 est,
1637 3002 1692 3049 et
1743 3008 1840 3048 vas
1877 2993 2165 3049 electionis

564 3095 908 3160 nuncupatus
945 3087 1086 3160 (Act.
1130 3091 1228 3156 ιχ).
1285 3087 1384 3144 Ubi
1415 3101 1546 3158 ergo
1581 3097 1657 3144 tot
1684 3095 1941 3156 tantaque
1971 3102 2160 3142 exem-

2279 1886 2451 1933 strum
2481 1878 2776 1948 aeruginem
2804 1877 2987 1944 traxit,
3019 1885 3078 1932 et
3104 1891 3291 1946 terugo
3317 1889 3509 1931 eorum
3544 1876 3598 1930 in
3632 1875 3879 1931 testimo-

2280 1974 2428 2029 nium
2460 1973 2613 2028 vobis
2643 1972 2767 2036 erit,
2801 1981 2855 2027 et
2885 1969 3238 2026 manducabit
3266 1983 3460 2025 carnes
3493 1977 3706 2025 vestras
3739 1969 3880 2025 sicut

2275 2069 2415 2138 ignis
2447 2066 2651 2140 (Jacoh.
2687 2065 2766 2138 v).
2796 2064 2904 2121 Sed
2937 2079 3041 2121 nec
3071 2063 3408 2133 Redemptor
3445 2072 3633 2119 noster
3677 2075 3878 2134 praue-

2275 2163 2384 2217 rire
2411 2159 2632 2215 silentio
2664 2158 2837 2214 voluit
2871 2156 3032 2228 hujus
3055 2156 3384 2214 execrabilis
3414 2154 3732 2226 cupiditatis
3767 2172 3879 2210 ma-

2275 2252 2408 2319 lum,
2437 2251 2577 2323 quod
2601 2265 2761 2321 quam
2785 2251 2854 2304 sit
2878 2249 3121 2318 exitiale,
3144 2248 3386 2318 explicat
3407 2247 3534 2303 dum
3557 2247 3638 2302 ait
3667 2245 3876 2316 :Qaant

2274 2344 2503 2399 difficile
2526 2342 2616 2414 qui
2642 2342 2904 2413 pecunias
2940 2340 3164 2406 habent,
3196 2339 3251 2394 in
3275 2354 3500 2410 regnum
3543 2339 3641 2395 Dei
3682 2335 3877 2395 introi—

2274 2439 2407 2493 bunt
2440 2437 2634 2510 (Marc.
2665 2437 2744 2506 x).
2798 2437 2861 2490 Et
2883 2435 3015 2490 alibi
3047 2453 3060 2489 :
3088 2433 3326 2488 Facilius
3355 2442 3440 2488 est
3463 2433 3740 2489 camelum
3777 2447 3873 2504 per

2273 2532 2518 2587 foramen
2566 2545 2694 2586 acus
2743 2530 2998 2597 transire,
3049 2543 3210 2599 quam
3271 2528 3494 2584 divitem
3551 2530 3766 2584 intrare
3825 2530 3873 2584 in

2271 2639 2495 2696 regnum
2519 2624 2783 2680 ctelorum
2811 2619 3030 2693 (Matth.
3063 2620 3203 2691 xix).
3235 2621 3292 2677 Si
3327 2621 3494 2692 igitur
3515 2620 3872 2676 saeulariutn

2269 2732 2455 2774 rerum
2486 2716 2761 2784 cupiditas
2790 2715 2930 2770 adeo
2961 2714 3270 2784 periculosa
3322 2716 3644 2785 proponitur
3683 2717 3870 2770 omni-

2268 2810 2389 2876 bus,
2421 2818 2624 2879 quanto
2647 2806 2816 2879 magis
2842 2808 2948 2862 illis
2973 2808 3064 2878 qui
3083 2807 3152 2861 de
3177 2815 3328 2861 sorte
3357 2806 3564 2861 Domini
3599 2816 3753 2873 sunt,
3783 2807 3872 2877 qui

2266 2902 2468 2958 saeculo
2522 2900 2930 2966 renuntiarunt,
2971 2900 3063 2971 qui
3105 2899 3292 2954 habitu
3348 2908 3404 2956 et
3444 2902 3870 2960 conversatione

2259 2995 2374 3065 jam
2420 2993 2720 3049 szeculares
2769 3007 2892 3048 esse
2919 2993 3226 3062 desierunt,
3265 2991 3512 3047 exitialis
3554 2993 3703 3046 erit?
3753 2993 3869 3049 litat:

2264 3089 2575 3159 specialiter
2605 3087 2988 3158 Redemptoris
3011 3087 3242 3142 tendunt
3266 3087 3459 3164 verba,
3497 3096 3554 3142 ut
3583 3089 3868 3155 pernicio-

563 3184 651 3253 pla
679 3179 1021 3251 praecedunt,
1059 3196 1166 3235 non
1210 3179 1344 3235 dent
1373 3180 1547 3236 locum
1592 3179 1963 3250 desperationi
2019 3180 2158 3234 mala
2189 3181 2234 3244 C
2266 3197 2362 3238 sus
2391 3183 2704 3237 destruatur
2732 3179 2978 3236 avaritia:
3011 3181 3256 3248 morbus,
3304 3180 3504 3250 quibus
3535 3180 3611 3235 ait
3637 3199 3650 3234 :
3681 3179 3868 3238 Nolite

563 3274 857 3344 colloquia,
883 3288 1008 3329 cum
1032 3281 1088 3328 et
1111 3273 1223 3344 jam
1252 3274 1514 3344 scriptum
1547 3273 1618 3328 sit
1654 3290 1667 3327 :
1697 3272 1831 3328 Cum
1861 3287 2164 3329 conversus

559 3366 730 3422 fuerit
778 3375 1036 3438 peccator
1082 3367 1153 3420 ab
1205 3367 1494 3437 iniquitate
1525 3381 1644 3427 sua.
1687 3378 1742 3420 et
1786 3365 1980 3422 fecerit
2022 3367 2162 3436 judi-

557 3461 701 3517 cium
720 3460 1082 3531 etjustitiam,
1099 3459 1152 3514 in
1172 3460 1306 3528 ipsis
1325 3461 1441 3529 ipse
1456 3457 1830 3529 vit'el.(EzecIt.
1858 3459 2074 3528 xxxm).
2096 3458 2166 3514 Et

558 3558 611 3611 in
639 3554 748 3610 alio
781 3555 902 3610 loco
934 3572 947 3608 :
978 3552 1252 3623 Numquid
1282 3552 1560 3608 voluntate
1584 3551 1745 3607 velim
1777 3563 2008 3608 mortem
2062 3552 2164 3606 ini-

557 3649 676 3720 qui,
708 3648 846 3704 dicit
877 3647 1114 3713 Adonai,
1147 3657 1410 3716 quantum
1446 3653 1504 3698 ut
1531 3655 1884 3700 convertatur
1907 3646 1995 3700 ille
2015 3660 2046 3700 a
2075 3645 2162 3700 via

553 3758 654 3799 sua
695 3744 856 3810 mala,
882 3752 939 3798 et
960 3742 1140 3796 vivat?
1170 3738 1384 3812 (Esech.
1419 3741 1598 3808 xvm.)
1629 3739 1704 3794 De
1741 3741 2164 3797 conversatione

555 3851 685 3892 vero
727 3838 780 3892 in
824 3837 1020 3892 melius
1072 3849 1422 3907 nequaquam
1474 3844 1678 3888 mutata
1714 3835 1846 3905 quid
1878 3834 2020 3890 aliud
2077 3851 2163 3892 re-

554 3928 877 3999 spondeam,
911 3929 1020 3984 nisi
1058 3939 1119 3984 ut
1149 3928 1293 3999 quod
1325 3927 1442 3982 heri
1472 3927 1704 3998 quisque
1735 3943 1844 3982 non
1867 3929 1999 3999 egit,
2057 3929 2160 3984 ho-

555 4021 646 4078 die
675 4023 837 4093 agat?
867 4022 980 4079 Nec
1004 4022 1424 4078 conversionem
1457 4020 1674 4076 differat
1698 4020 1765 4075 de
1794 4022 1887 4077 die
1913 4021 1964 4075 in
1987 4021 2156 4090 diem,

554 4114 682 4170 dum
717 4114 894 4171 nescit
921 4116 967 4170 si
1002 4117 1088 4169 vel
1150 4129 1313 4170 unam
1337 4115 1700 4170 correctionis
1745 4114 1943 4170 habeat
1969 4115 2112 4170 dietn
2145 4133 2155 4168 :

555 4222 880 4278 semperque
915 4223 1017 4277 pro
1047 4207 1365 4262 muneribus
1390 4207 1625 4276 desuper
1655 4207 1895 4276 acceptis
1919 4248 1932 4274 ,
1972 4222 2159 4276 pravae

557 4300 947 4356 consuetudini
1001 4301 1292 4367 resistens,
1342 4301 1488 4355 dicat
1523 4308 1706 4355 'mane
1735 4303 1948 4371 vesperi
1981 4318 1990 4353 :
2022 4303 2159 4360 Ecce

553 4407 699 4448 nunc
761 4393 949 4462 cmpi,
1005 4392 1126 4448 haec
1195 4392 1552 4448 commutatio
1628 4391 1870 4447 dextera:
1943 4392 2158 4449 Excelsi

556 4483 676 4557 (Ps.
715 4485 922 4556 mu).

1115 4577 1344 4634 CAPUT
1388 4576 1528 4633 XVI.

1100 4669 1375 4742 Cupiditas
1395 4672 1519 4727 dicit
1541 4689 1560 4728 .'

627 4766 791 4821 Certe
813 4765 931 4819 sine
959 4763 1122 4832 culpa
1154 4778 1214 4819 es
1244 4764 1387 4833 quod
1428 4764 1677 4835 quaedam
1726 4765 1974 4822 habenda
2022 4782 2156 4822 cott-

553 4859 792 4930 cupiscis
831 4857 955 4928 quia
1001 4872 1109 4912 non
1160 4857 1527 4928 multiplicare
1574 4860 1806 4930 appetis,
1854 4859 1949 4916 sed
1989 4876 2152 4931 egere

554 4952 898 5024 pertimescis
924 4967 937 5004 :
970 4961 1021 5006 et
1045 4952 1189 5022 quod
1221 4952 1367 5007 male
1395 4951 1535 5008 alius
1557 4954 1776 5020 retinet,
1808 4955 1924 5025 ipse
1954 4957 2152 5011 melius

551 5047 836 5117 expendis.

839 5138 945 5193 Sed
976 5138 1158 5192 mundi
1189 5147 1513 5210 contemptus
1541 5140 1856 5210 respondet:

622 5232 727 5288 Ista
761 5233 883 5286 laeta
911 5232 1072 5300 hujus
1095 5232 1278 5287 saeculi
1305 5247 1332 5286 a
1359 5234 1576 5289 nemine
1620 5235 1737 5290 sine
1771 5236 2014 5306 periculo
2066 5237 2152 5293 vel

555 5328 860 5382 offensione
885 5336 1298 5394 procurantur:
1344 5330 1471 5398 quia
1517 5339 1723 5398 quanto
1746 5333 1977 5404 quisque
2026 5333 2152 5402 plus

549 5419 734 5484 habet,
770 5428 920 5472 tanto
947 5419 1177 5486 amplius
1221 5419 1427 5475 habere
1464 5424 1840 5494 concupiscit:
1868 5424 2035 5494 fitque
2086 5438 2146 5481 ut

549 5511 773 5566 modum
798 5513 1030 5566 habendi
1065 5513 1312 5570 invenire
1357 5531 1611 5586 nequeat,
1661 5518 1792 5573 dum
1837 5521 2141 5576 innumeris

549 5601 712 5671 hujus
761 5603 946 5657 smculi
973 5605 1117 5659 curis
1143 5605 1424 5663 deservire
1450 5610 1688 5665 festinat.
1747 5611 1816 5666 Ut
1861 5612 2006 5667 enim
2062 5614 2139 5669 ait

546 5692 872 5760 Scriptura:
909 5693 1148 5764 Diligens
1193 5710 1474 5768 argentum
1523 5719 1627 5758 non
1681 5702 1997 5774 implebitur
2045 5721 2134 5762 ar-

543 5793 704 5854 gento
754 5779 937 5854 (Eccl.
966 5785 1041 5856 v).
1085 5789 1210 5846 Hinc
1251 5792 1510 5850 nimirum
1567 5797 1802 5856 habendi
1855 5800 2126 5870 cupiditas

2269 3277 2489 3332 solliciti
2521 3291 2646 3332 esse
2689 3277 2889 3332 anima:
2913 3285 3112 3331 vestrae
3147 3275 3276 3347 quid
3303 3275 3662 3342 manducetis,
3686 3292 3868 3348 neque

2268 3371 2481 3440 corpori
2525 3370 2652 3439 quid
2704 3369 3029 3423 induamini.
3077 3369 3205 3423 Haec
3255 3369 3400 3423 enim
3442 3369 3618 3422 omnia
3672 3380 3866 3440 gentes

2266 3463 2452 3517 tnundi
2476 3473 2728 3533 qu:cruut
2755 3461 2909 3532 (Luc.
2942 3459 3040 3533 xu)
3071 3480 3084 3514 :
3113 3471 3164 3517 et
3187 3462 3316 3518 alibi
3336 3462 3614 3534 subiungit
3645 3479 3658 3515 :
3699 3461 3868 3531 Qua:-

2266 3557 2371 3612 rite
2408 3565 2588 3611 autem
2633 3559 2867 3627 primum
2897 3571 3124 3627 regnum
3152 3557 3272 3622 Dei,
3321 3556 3662 3628 etjustitiam
3694 3559 3860 3627 ejus:

2263 3659 2324 3705 et
2345 3649 2464 3705 haec
2495 3651 2675 3704 omnia
2697 3649 3033 3720 adjicientur
3058 3648 3442 3724 vobis(Matth.
3478 3650 3572 3719 vt).
3601 3650 3650 3706 0
3695 3667 3864 3721 quam

2267 3743 2443 3810 beata,
2479 3759 2510 3794 ο
2537 3759 2697 3813 quam
2727 3757 2944 3809 secura,
2979 3759 3011 3796 ο
3035 3759 3197 3813 quam
3231 3741 3610 3812 amplectenda
3641 3755 3866 3800 senten-

2259 3839 2354 3892 tia.
2387 3836 2583 3893 Nullus
2614 3838 2763 3892 enim
2807 3838 2860 3892 in
2903 3838 3005 3892 hac
3032 3838 3142 3891 vita
3167 3837 3238 3891 ita
3266 3851 3495 3893 securus
3525 3847 3630 3904 est,
3665 3849 3725 3892 ut
3766 3840 3865 3896 ille

2265 3932 2355 4002 qui
2398 3930 2531 3986 nihil
2573 3940 2768 4000 praeter
2792 3931 3068 3987 Christum
3111 3941 3410 4003 appetens,
3461 3933 3638 4002 ipsum
3689 3935 3870 4004 possi-

2263 4025 2374 4080 det.
2420 4024 2620 4079 Cuncta
2652 4039 2888 4091 namque
2926 4039 3048 4093 qua:
3085 4025 3289 4079 homini
3339 4026 3652 4080 necessaria
3706 4028 3862 4082 aesti-

2263 4126 2504 4184 mantur,
2535 4117 2639 4172 sub
2670 4117 2774 4172 hac
2800 4116 3153 4187 possessione
3195 4117 3312 4187 ipse
3345 4117 3606 4188 probatur
3629 4118 3861 4186 habere,

2261 4213 2403 4267 sicut
2444 4210 2643 4266 Paulus
2675 4210 2978 4266 ditissimus
3032 4225 3238 4281 pauper
3267 4210 3488 4266 dicebat
3518 4230 3530 4265 :
3560 4210 3865 4282 Tamquam

2263 4305 2400 4361 nihil
2452 4305 2736 4373 habentes,
2788 4314 2843 4360 et
2895 4305 3078 4361 omnia
3113 4305 3462 4375 possidentes
3505 4304 3572 4377 (ll
3600 4302 3724 4360 Cor.
3760 4305 3864 4376 vi).

2259 4399 2478 4466 Omnia,
2521 4400 2720 4471 inquit,
2772 4399 2876 4454 hoc
2912 4409 2997 4454 est
3038 4413 3145 4454 non
3187 4397 3460 4468 superflua
3489 4397 3714 4466 utique,
3763 4399 3866 4453 sed

2262 4493 2388 4548 vitae
2419 4493 2670 4549 humanae
2702 4494 3033 4559 necessaria,
3062 4493 3180 4561 ipso
3203 4490 3563 4547 conﬁrmante
3589 4506 3657 4546 ac
3687 4492 3867 4562 expli-

2184 4577 2238 4640 D
2261 4593 2421 4640 cante
2443 4584 2593 4650 alibi,
2622 4584 2749 4639 dum
2773 4585 2932 4639 dicit:
2968 4584 3246 4639 Habentes
3269 4583 3553 4651 alimenta,
3583 4593 3635 4638 et
3661 4583 3864 4652 quibus

2257 4691 2525 4749 tegantur,
2558 4679 2641 4732 his
2665 4679 2903 4734 contenti
2921 4678 3095 4733 simus
3116 4676 3164 4750 (l
3184 4676 3317 4732 Tim.
3346 4675 3442 4742 vt).
3473 4676 3582 4734 Sed
3601 4677 3742 4732 forte
3779 4678 3864 4732 di-

2257 4791 2380 4832 ces:
2404 4775 2532 4831 [deo
2557 4775 2738 4844 iis~qui
2771 4775 2825 4829 in
2847 4781 3050 4829 sortem
3081 4773 3294 4828 Domini
3320 4773 3497 4829 vocati
3522 4780 3669 4842 sunt,
3697 4771 3864 4842 plura

2257 4870 2459 4926 habere
2485 4870 2858 4938 contiugit,ut
2889 4868 3083 4923 melius
3111 4868 3179 4922 ab
3231 4867 3364 4936 ipsis
3405 4883 3567 4938 quam
3615 4883 3642 4918 a
3685 4882 3865 4936 pupu-

2255 4963 2497 5030 laribus,
2547 4972 2850 5034 erogeutur
2879 4962 3081 5018 Christi
3125 4961 3480 5033 pauperibus.
3532 4962 3599 5017 Et
3649 4962 3711 5016 iis
3751 4977 3864 5032 ego

2257 5057 2567 5121 consentio,
2601 5056 2698 5110 sed
2732 5056 2996 5126 praelatis,
3023 5071 3130 5111 non
3156 5063 3335 5110 autem
3365 5054 3635 5124 subjectis
3655 5096 3670 5116 ,
3717 5069 3866 5125 quos

2259 5148 2495 5203 maxime
2550 5147 2678 5202 illud
2714 5147 2964 5204 mulieris
2993 5147 3096 5204 Lot
3137 5149 3449 5217 exemplum
3492 5147 3704 5214 docuit,
3727 5163 3862 5219 qua

2257 5243 2384 5296 dum
2420 5251 2543 5311 post
2567 5251 2774 5314 tergum
2803 5261 2832 5297 a
2863 5243 3121 5299 Sodomis
3152 5243 3343 5300 exiens
3373 5246 3636 5314 respexit,
3663 5245 3716 5298 in
3736 5255 3862 5298 sta-

2257 5347 2406 5391 tuam
2461 5337 2593 5392 salis
2620 5351 2906 5404 conversa,
2949 5340 3203 5410 spiritum
3231 5338 3438 5396 efflavit
3472 5338 3686 5411 (Cenes.
3712 5341 3860 5412 χιι).

2255 5429 2412 5487 Unde
2461 5441 2518 5487 et
2545 5431 2796 5488 Christus
2841 5433 2953 5490 tale
2993 5433 3124 5506 quid
3168 5433 3594 5505 praecavendum
3639 5433 3864 5489 denun-

2253 5525 2375 5593 tiat,
2429 5525 2664 5582 dicens:
2696 5527 2870 5584 Nemo
2913 5529 3139 5585 mittens
3169 5545 3390 5585 martum
3433 5544 3588 5586 suam
3611 5528 3678 5582 ad
3728 5544 3854 5583 ara-

2249 5628 2419 5686 trum,
2451 5629 2504 5674 et
2529 5621 2833 5690 respiciens
2859 5631 3029 5690 retro,
3078 5632 3238 5693 aptus
3265 5631 3354 5679 est
3374 5637 3553 5694 regno
3579 5622 3672 5677 Dei
3697 5619 3862 5684 (Luc.

2242 5712 2348 5783 ιχ).
2405 5713 2541 5768 llinc
2566 5713 2764 5771 Petrus
2787 5717 2864 5770 ait
2895 5733 2907 5770 :
2943 5716 3138 5773 Melius
3168 5726 3288 5773 erat
3327 5717 3437 5772 illis
3489 5732 3598 5773 non
3649 5729 3866 5785 cog-so-

2247 5818 2405 5863 scere
2443 5806 2584 5863 viam
2623 5805 2875 5876 iustitiae,
2908 5825 3068 5878 quam
3104 5819 3226 5880 post
3267 5807 3604 5882 agnitionem
3645 5815 3864 5866 retror-
