3958 6314
108 325 237 386 tuo!

1021 333 1110 390 DE
1151 330 1492 395 vmouuu
1539 326 2040 414 vra'rti'ruuobe
2080 327 2492 410 conruere.

3249 333 3386 416 Iuiﬂ

99 456 209 494 sum
238 437 476 496 cont/orti
529 443 596 497 ab
637 458 702 498 eo
730 444 871 515 quod
907 445 1164 503 traditum
1213 457 1298 504 est
1328 449 1438 508 illis
1492 460 1682 508 sancto
1711 447 1764 514 Α
1864 445 2162 527 locutionis,
2196 477 2355 518 unum
2387 473 2460 520 cst
2493 471 2663 522 tamen
2707 438 2846 538 quod
2895 437 3094 526 dicunt.
3151 459 3382 527 Furtum

97 532 344 588 mandato
371 533 437 604 (ll
462 533 578 588 Pet.
603 534 965 608 il).Contingit
994 539 1138 594 enim
1163 541 1241 595 eis
1267 541 1398 597 illud
1419 546 1530 599 veri
1555 559 1681 616 pro-

95 626 260 681 verbii
295 642 307 679 :
337 626 497 682 Canis
550 644 804 685 reversus
853 631 922 686 ad
971 635 1234 689 vomitum
1265 650 1444 704 suum,
1476 644 1528 692 et
1588 652 1680 692 sus

93 719 196 773 lota
242 718 291 772 in
344 719 629 776 volutabro
661 722 760 777 luti
790 724 810 795 (
843 723 999 779 Prov.
1032 729 1203 796 xxvi).
1266 715 1367 796 oin
1422 730 1676 786 nimirum

90 811 320 867 avaritiae
353 812 570 869 morbus
602 831 876 886 nunquam
905 820 1100 876 melius
1127 825 1525 893 compescitur,
1575 826 1678 881 nisi

88 921 204 962 cum
235 907 348 962 dies
380 908 571 964 mortis
617 911 737 966 sine
769 911 1180 971 intermissione
1211 918 1524 988 meditatur,
1552 933 1674 975 cuiu

87 999 254 1068 qualis
287 1007 410 1067 post
462 1002 737 1057 modicum
767 1003 820 1058 In
849 1007 1100 1076 sepulcro
1152 1008 1360 1065 futurus
1402 1012 1471 1065 sit
1509 1011 1676 1067 humo

85 1090 419 1146 considerat.
456 1091 568 1146 Iloc
600 1103 754 1149 certe
787 1096 956 1152 ﬁxum
988 1101 1239 1155 manebat
1277 1105 1327 1154 in
1374 1103 1514 1158 illius
1565 1121 1676 1161 me-

88 1181 276 1246 moria,
310 1183 398 1251 qui
430 1182 649 1239 dicebat
682 1205 692 1238 :
732 1188 903 1242 llomo
937 1193 1191 1260 putredo,
1222 1203 1278 1250 et
1329 1195 1470 1249 illius
1503 1197 1675 1252 homi-

86 1275 165 1329 nis
194 1274 396 1329 vermis
442 1273 583 1346 (Job.
615 1280 766 1349 xxv).
800 1281 1020 1337 lltcc-ab
1050 1285 1198 1340 Illius
1229 1287 1392 1342 corde
1436 1305 1540 1342 non
1591 1306 1676 1346 re-

83 1368 364 1434 cedebant,
399 1368 488 1439 qui
513 1369 781 1426 docebat:
815 1373 870 1428 lu
905 1377 1161 1433 omnibus
1192 1383 1534 1435 sermonibus
1570 1383 1674 1437 tuis

82 1477 377 1518 memorare
403 1465 708 1546 'novissima
746 1477 858 1535 tua,
885 1481 937 1524 et
967 1470 1018 1524 iu
1051 1473 1311 1528 smculum
1346 1492 1454 1529 non
1480 1492 1674 1546 pecca-

81 1555 158 1610 bis
189 1553 358 1625 (Eccl.
407 1556 526 1628 vn).
561 1557 702 1627 Quid
741 1569 864 1616 tunc
918 1579 1073 1634 rogo,
1105 1567 1233 1635 quid
1286 1574 1417 1622 tunc
1471 1570 1672 1624 leIIIiO

76 1657 406 1706 conservata)
453 1651 957 1724 proderunt(lbid.,
989 1655 1046 1726 ν)
1068 1657 1090 1708 'l
1116 1657 1256 1712 Audi
1285 1660 1412 1730 quid
1448 1671 1672 1718 sanctus

75 1742 171 1797 .lob
193 1744 260 1798 de
291 1745 355 1798 iis
384 1745 528 1812 dicat
559 1765 572 1801 :
616 1747 800 1804 Nudus
826 1765 1082 1820 egressus
1111 1763 1230 1806 sum
1259 1754 1327 1809 de
1368 1763 1525 1810 utero
1553 1772 1670 1811 ma-

1863 549 1993 602 enim
2015 551 2171 606 dicit:

1856 642 1911 697 Si
1940 643 2112 700 aliena
2141 663 2250 703 non
2280 649 2445 720 tollis,
2475 665 2542 710 ex
2583 657 2806 727 proprio
2836 657 2920 714 vel
2947 655 3096 716 dives
3124 658 3214 717 vel
3263 660 3380 718 suf-

1784 735 1972 793 ﬁciens
1999 754 2117 796 esse
2146 757 2251 797 non
2279 746 2445 800 vales.

2360 834 2533 894 Fraus
2555 853 2672 899 vero
2699 844 2825 899 dicit
2849 862 2866 899 :

1854 924 1910 981 Si
1943 937 2134 984 cuncta
2172 945 2292 998 qua:
2342 933 2436 989 tibi
2463 941 2924 1007 suntcommissa,
2990 937 3196 999 illibata
3246 960 3375 1002 cou-

1779 1017 1984 1088 sigues,
2035 1029 2086 1076 et
2127 1031 2227 1079 nec
2262 1025 2531 1082 lttOtIICum
2571 1031 2788 1100 quidem
2835 1027 2931 1090 tibi
2981 1029 3373 1094 reservandum

1779 1111 2081 1183 existimes,
2115 1117 2262 1172 unde
2288 1117 2374 1173 vel
2407 1120 2649 1190 prOpriis
2706 1125 3034 1183 utilitatibus
3079 1131 3330 1188 consules
3358 1177 3371 1199 ,

1777 1207 1858 1260 vel
1884 1209 2076 1264 amicis
2105 1219 2158 1265 et
2187 1211 2502 1269 domesticis
2531 1215 2817 1286 placebis?

1989 1302 2096 1358 Sed
2127 1305 2436 1376 simplicitas
2469 1308 2537 1364 ad
2568 1313 2840 1381 utrumque
2869 1318 3144 1387 respouch
3179 1335 3195 1374 .‘

1850 1390 2050 1450 Melitis
2077 1400 2160 1452 est
2186 1411 2482 1471 pauperem
2514 1418 2633 1460 esse
2667 1403 3004 1478 etiitdigere,
3033 1412 3276 1485 nullique
3306 1431 3371 1471 ex

1775 1483 1904 1538 dato
1948 1487 2184 1557 plaeere,
2227 1505 2390 1562 quant
2425 1495 2663 1566 aliquem
2692 1495 2835 1553 furto
2878 1495 3077 1558 Ill'tICl‘e
3108 1483 3203 1561 vel
3230 1505 3376 1562 frau-

1774 1578 1861 1635 de.
1903 1581 2002 1649 Qui
2033 1585 2176 1640 enini
2210 1581 2387 1643 aliena
2422 1589 2667 1661 quolibet
2708 1593 2870 1648 modo
2913 1595 3112 1667 injuste
3169 1605 3370 1670 prteri-

1777 1672 1874 1740 pit,
1903 1674 2016 1744 ipse
2035 1675 2138 1732 sibi
2166 1680 2314 1750 regni
2333 1675 2789 1742 cmlcstisaditu‘m
2809 1687 3033 1744 claudit.
3053 1687 3212 1747 Unde
3234 1691 3376 1748 Pau-

1776 1764 1855 1818 lus
1888 1768 2216 1836 prtrdicator
2248 1777 2496 1846 egregius
2527 1769 2786 1849 quosdam
2818 1782 3118 1852 redarguit,
3152 1786 3369 1843 dicens:

77 1834 166 1888 tris
192 1840 544 1902 nscae,nudus
569 1849 621 1894 ct
653 1853 895 1896 revertar
927 1843 1056 1898 illttc
1090 1843 1234 1917 (Job.
1264 1844 1325 1916 ι).
1373 1848 1515 1902 Audi
1544 1849 1672 1920 qttid
1705 1846 1752 1908 Β
1779 1834 1899 1913 Sed
1929 1875 2024 1915 γωδ
2054 1834 2306 1934 iujuriani
2332 1834 2511 1924 facitis
2543 1834 2595 1926 et
2627 1870 2889 1930 fraudatis
2923 1894 2932 1928 :
2968 1834 3022 1932 ei
3057 1834 3159 1934 hoc
3193 1880 3378 1936 fratri-

74 1937 127 1982 et
158 1929 450 2000 Apostolus
481 1950 491 1985 :
527 1933 669 1988 Nihil
703 1937 982 1992 intulimus
1009 1939 1058 1992 itt
1095 1938 1237 1996 hunc
1264 1943 1544 2014 mundum,
1573 1945 1669 2001 sed

72 2039 168 2078 nec
189 2025 409 2082 auferre
440 2028 568 2098 quid
595 2045 888 2099 possumus
920 2032 963 2103 (l
993 2033 1130 2088 Tim.
1166 2033 1264 2104 Vt).

656 2125 881 2182 CAPUT
913 2125 1078 2182 XVII.

644 2220 797 2273 Antor
826 2222 907 2274 sui
929 2221 1054 2275 dicit
1076 2239 1092 2274 :

137 2310 193 2368 Si
241 2325 305 2366 ea
333 2327 455 2382 qutu
493 2313 763 2382 possides,
799 2313 1172 2386 indigentibus
1202 2318 1392 2374 tribuis
1426 2318 1566 2376 unde
1617 2333 1669 2378 te

71 2403 266 2473 tibique
291 2405 593 2475 subjectos,
628 2408 833 2479 absque
864 2410 1096 2480 penuria
1134 2411 1217 2466 vel
1251 2427 1372 2466 cum
1407 2413 1668 2486 dignitate

67 2498 210 2554 alere
236 2500 490 2554 valebis?

488 2593 596 2649 Sed
621 2611 765 2648 utitor
795 2593 892 2649 Dei
939 2599 1209 2668 respondet
1244 2615 1260 2652 ί

131 2685 186 2740 Si
219 2687 455 2756 apostoli
487 2688 707 2743 modum
743 2689 793 2742 in
821 2689 920 2743 hac
955 2702 1108 2760 parte
1149 2693 1418 2759 tenueris,
1458 2703 1664 2749 utrum-

66 2796 166 2849 que
191 2783 455 2850 perliccre
496 2783 728 2837 valebis.
761 2783 895 2838 Ilinc
938 2786 1085 2840 enim
1123 2785 1265 2842 idem
1299 2787 1415 2856 ipse
1446 2788 1512 2842 ad
1554 2788 1662 2843 CO-

66 2874 295 2931 riutltios
323 2876 400 2930 ait
427 2893 441 2931 :
480 2876 539 2930 Si
573 2877 824 2931 voluntas
854 2889 1105 2948 prompta
1136 2887 1241 2943 est,
1271 2880 1570 2936 secundum
1610 2883 1661 2936 id

63 2967 202 3036 quod
235 2967 425 3037 habet,
457 2979 679 3039 accepta
711 2981 816 3037 est,
836 2986 943 3024 non
977 2973 1278 3026 secundum
1307 2972 1359 3027 id
1383 2973 1524 3044 qttod
1555 2989 1662 3030 non

65 3059 244 3118 habet.
281 3060 398 3117 Non
423 3062 566 3118 enim
601 3071 657 3118 ut
686 3065 809 3118 aliis
829 3065 896 3117 sit
928 3065 1201 3134 remissio,
1255 3067 1408 3122 vobis
1479 3078 1660 3124 autem

65 3156 363 3226 tribulatio,
398 3159 493 3214 sed
527 3176 590 3216 ex
623 3161 954 3231 tequalitate.
1007 3161 1064 3215 lu
1112 3165 1366 3232 praesenti
1411 3175 1660 3237 tempore

63 3259 237 3306 vestra
267 3252 604 3307 abundantia
638 3255 855 3308 illorutn
883 3253 1125 3325 inopiam
1174 3259 1450 3327 suppleat,
1499 3269 1556 3314 ut
1606 3271 1661 3316 et

61 3342 280 3398 illorum
316 3344 647 3399 abundantia
690 3356 883 3402 vestrae
931 3347 1131 3417 inopia:
1182 3349 1255 3404 sit
1305 3354 1661 3421 supplemen-

62 3445 195 3503 tum,
223 3447 286 3493 ut
315 3438 411 3492 ﬁat
439 3441 719 3509 aequalitas
748 3440 813 3511 (ll
845 3441 967 3497 Cor.
1009 3442 1148 3511 vnn),
1193 3442 1341 3500 sicut
1397 3448 1659 3516 scriptum

57 3541 142 3586 est
175 3551 188 3586 :
223 3534 329 3602 Qui
367 3534 620 3601 multum,
654 3551 760 3591 non
799 3537 1113 3605 abundavit,
1149 3547 1206 3594 et
1235 3541 1325 3608 qui
1352 3539 1619 3596 modicum
1645 3585 1659 3610 ,

58 3639 164 3678 non
201 3626 723 3698 minoravit(Ea;od.
776 3631 909 3696 th).
970 3631 1106 3685 lliuc
1137 3642 1191 3687 et
1245 3633 1445 3688 Tobias
1482 3635 1660 3704 justus

55 3720 265 3787 prolem
296 3718 556 3775 dilectam
587 3721 863 3790 admouet,
908 3722 1096 3779 dicens
1125 3741 1138 3777 :
1185 3725 1658 3793 Quemadmodum

59 3811 153 3864 tibi
184 3810 375 3879 fuerit,
414 3812 712 3868 secundum
745 3814 1147 3870 multitudinem
1180 3816 1264 3871 lae
1293 3833 1357 3872 ex
1389 3818 1468 3872 eis
1513 3819 1659 3875 clce-

54 3922 346 3978 mosynam
378 3925 389 3961 :
434 3909 480 3962 si
512 3924 739 3979 paucam
775 3911 868 3964 tibi
896 3910 1080 3975 tuerit,
1111 3911 1266 3982 juxta
1317 3928 1549 3983 paucum
1591 3931 1661 3971 ne

55 3998 250 4056 timeas
286 4000 472 4056 facere
514 4002 916 4074 eleemosynam
966 4004 1118 4075 (Tob.
1154 4006 1250 4078 tv).
1283 4007 1416 4063 llinc
1447 4024 1662 4080 quoque

50 4095 349 4151 incarnata
388 4098 587 4151 veritas
627 4095 786 4151 docet
821 4116 830 4150 :
867 4097 1254 4155 Verumtamen
1284 4101 1427 4171 quod
1472 4118 1661 4172 super-

51 4199 128 4242 cst
152 4229 167 4255 ,
217 4189 350 4244 date
380 4189 807 4261 eleemosynam,
839 4198 894 4245 et
923 4206 1051 4246 ecce
1082 4195 1266 4248 omnia
1307 4195 1504 4250 munda
1536 4203 1661 4250 sunt

51 4283 210 4339 vobis
248 4283 412 4356 (Luc.
445 4286 528 4355 ιι).
556 4285 699 4341 Audi
743 4301 962 4358 quoque
1015 4289 1159 4358 quod
1211 4291 1475 4359 scriptum
1529 4301 1656 4346 est:

53 4377 336 4433 Judicium
368 4379 485 4434 sine
515 4379 888 4436 misericordia
919 4381 994 4436 illi
1041 4384 1130 4453 qui
1165 4400 1270 4438 non
1314 4383 1502 4440 fecerit
1552 4385 1656 4438 mi-

51 4474 422 4530 sericordiam
454 4475 659 4547 (Jacob.
693 4477 774 4550 ιι).
808 4477 928 4545 Quo
950 4487 1139 4533 contra
1169 4478 1428 4550 propheta
1471 4480 1659 4535 atlmo-

49 4577 166 4636 net,
212 4567 412 4624 dicens
446 4586 457 4621 :
487 4569 700 4641 Frange
728 4573 988 4627 esurienti
1014 4584 1207 4642 panem
1236 4582 1406 4639 tuum,
1438 4583 1494 4628 et.
1523 4587 1650 4641 pau-

49 4675 214 4730 peres
250 4663 372 4716 sine
413 4671 556 4718 tecto
583 4663 747 4720 induc
777 4665 828 4718 in
877 4666 1097 4718 domum
1142 4673 1288 4719 luant
1326 4664 1406 4719 :si
1450 4663 1653 4719 videris
1681 4634 1738 4695 Π

49 4755 290 4822 nudum,
324 4756 478 4827 operi
501 4772 649 4823 eum,
676 4769 731 4812 et
783 4776 811 4812 a
846 4758 1164 4813 domesticis
1203 4759 1426 4813 seminis
1471 4758 1546 4812 tui
1589 4775 1655 4815 ne

47 4847 384 4920 despexeris
416 4849 574 4921 (Isai.
612 4854 787 4919 Lviu).
851 4850 1121 4905 Memento
1175 4851 1306 4919 quid
1360 4860 1658 4922 purpurato

47 4941 214 4996 diviti
247 4945 545 5014 contigerit
579 4944 704 5011 :qtti
750 4959 856 4996 non
887 4943 1009 4996 ideo
1064 4943 1354 4996 damnatus
1385 4951 1470 4998 est
1511 4941 1657 5012 quod

47 5034 236 5088 aliena
273 5034 485 5102 tulerit,
508 5034 601 5089 sed
634 5033 779 5104 quod
810 5036 990 5104 egenti
1035 5037 1258 5104 panperi
1291 5049 1390 5090 sua
1431 5051 1537 5090 non
1565 5035 1661 5089 tri-

45 5127 291 5183 buerit:
344 5128 480 5182 etin
534 5127 746 5182 inferno
798 5127 1006 5198 positus
1027 5127 1092 5182 ad
1152 5127 1385 5196 petenda
1434 5129 1659 5181 minima

44 5224 394 5294 pervenerit,
438 5225 526 5294 qui
558 5223 643 5277 hic
665 5238 826 5293 parva
863 5224 1076 5292 negavit
1121 5221 1274 5295 (Luc.
1310 5221 1448 5294 xvr).
1515 5222 1656 5304 Quid

42 5319 224 5372 etiam
264 5315 333 5370 ad
360 5314 639 5371 sinistram
671 5313 1056 5385 positisjudex
1086 5315 1209 5369 coeli
1251 5315 1499 5368 dicturus
1554 5315 1658 5380 sit,

40 5411 287 5468 attende
321 5411 459 5477 :Ite,
487 5410 683 5481 inquit,
721 5409 1017 5474 maledicti,
1047 5409 1100 5463 in
1140 5409 1316 5478 ignem
1367 5420 1658 5476 aeternum,

39 5505 138 5576 qui
201 5514 436 5574 paratus
488 5513 572 5557 est
610 5502 830 5557 diabolo
887 5511 942 5557 et
997 5501 1204 5570 angelis
1235 5503 1372 5571 ejus.
1441 5502 1662 5556 Esurivi

39 5600 224 5667 ertitn,
262 5605 450 5654 etnon
482 5595 714 5652 dedistis
744 5595 876 5649 mihi
909 5594 1244 5650 manducare
1267 5594 1481 5665 (Matth.
1506 5594 1656 5666 xxv),

38 5699 344 5758 etczntera,
374 5705 497 5760 quae
522 5689 595 5745 ibi
624 5687 943 5744 terribiliter
963 5695 1372 5742 enumerantur.

641 5780 867 5838 CAPUT
897 5781 1084 5837 XVIII.

41 5876 296 5934 Furtum
315 5889 362 5934 et
385 5878 560 5949 fraus,
580 5892 898 5948 quamquam
920 5876 1179 5932 diversum
1203 5875 1418 5948 gradum
1443 5874 1663 5931 habeant

1774 1949 1891 2006 bus.
1939 1954 2020 2009 Au
2050 1957 2276 2014 nescitis
2307 1961 2435 2030 quia
2470 1963 2641 2035 iniqui
2672 1982 2900 2038 regnum
2931 1969 3023 2026 Dei
3055 1988 3162 2027 non
3192 1976 3374 2043 possi-

1773 2043 1978 2100 debunt
2009 2046 2196 2119 (lCor.
2243 2051 2347 2124 v1)?
2377 2048 2554 2126 Atque
2598 2058 2739 2113 inter
2795 2069 2995 2116 Cretera
3047 2064 3323 2135 subiungit
3359 2086 3368 2119 :

1770 2133 1958 2206 Neque
2016 2139 2188 2210 fures,
2221 2155 2395 2214 neque
2435 2147 2626 2216 avari,
2681 2157 2858 2221 neque
2910 2154 3139 2221 ebriosi,
3192 2133 3371 2227 neque

1772 2229 2052 2297 maledici,
2102 2251 2280 2308 neque
2327 2245 2554 2310 rapaces
2594 2257 2820 2315 regnum
2881 2248 2970 2303 Dei
3012 2251 3371 2318 possidebunt

1771 2318 1982 2392 (Ibid).
2017 2325 2242 2384 Furtum
2274 2332 2435 2403 igitur
2455 2343 2510 2390 et
2533 2336 2679 2392 fraus
2711 2351 2738 2392 a‘
2771 2335 2863 2394 Dei
2893 2350 3061 2412 regno
3092 2339 3368 2402 hominem

1771 2415 2069 2474 excludunt
2097 2463 2110 2486 ,
2157 2421 2359 2480 idcirco
2384 2426 2601 2483 vitanda
2630 2437 2757 2485 sunt
2797 2441 3039 2501 prorsds.

2343 2517 2475 2575 CAP
2485 2517 2574 2578 UT
2621 2513 2765 2578 XIX.

1771 2597 2015 2657 Fallacia
2046 2615 2196 2678 atque
2230 2611 2554 2668 mendacium
2577 2623 2623 2668 et
2657 2613 2770 2687 ipsa
2794 2625 2956 2672 tmttm
2985 2621 3182 2677 dicunt.
3229 2622 3370 2679 Nam

1840 2695 2054 2765 fallaria
2079 2701 2138 2769 ﬁt
2166 2702 2390 2774 ingenio,
2429 2708 2757 2763 mendacium
2790 2717 2961 2766 autem
2999 2705 3228 2787 simplici
3260 2734 3372 2772 rer-

1849 2793 1909 2846 ιιο
1939 2833 1950 2846 .
1986 2791 2228 2849 Fallacia
2259 2811 2378 2867 ergo
2409 2799 2570 2854 dicit:

1841 2887 1909 2942 Ut
1939 2903 2000 2942 ex
2029 2888 2214 2942 mttltis
2243 2906 2411 2944 unum
2455 2892 2804 2961 proferamus
2850 2897 3188 2969 ex’etnpl'u'm,
3248 2918 3371 2958 eum

1767 2980 1819 3034 in
1873 2995 1979 3034 non
2029 2980 2208 3035 dando
2241 2979 2477 3052 :tIIQlleln
2510 2985 2738 3042 illudere
2768 2989 2990 3059 quaeris,
3043 2993 3094 3047 in
3137 2995 3372 3064 petendo

1766 3085 1947 3130 moras
1979 3073 2242 3146 inuectus,
2281 3074 2393 3146 jam
2435 3077 2609 3134 habeo
2651 3081 2902 3152 inquiens
2938 3083 3080 3154 quod
3120 3087 3214 3141 tibi
3275 3091 3374 3144 tri-

1765 3166 1937 3223 buetc
1964 3179 2180 3237 possum
2218 3177 2228 3219 ﬁ
2261 3168 2450 3224 celans
2481 3171 2667 3242 utique
2709 3174 2761 3228 in
2791 3175 2954 3231 cerde
2986 3177 3131 3248 quod
3167 3180 3363 3252 babes,

1686 3235 1734 3300 (ἶ
1765 3261 1851 3316 vel
1900 3269 1958 3316 ttt
1988 3261 2079 3317 tibi
2112 3276 2427 3330 conserves,
2459 3263 2548 3320 vel
2580 3274 2636 3319 ttt
2662 3263 2783 3334 alii,
2812 3269 2856 3324 si
2904 3264 3158 3326 voluntas
3191 3274 3365 3342 inest,

1768 3353 1997 3409 tribuas.

2307 3447 2638 3503 Mendacium
2670 3450 2827 3504 dicit:

1837 3537 2071 3592 Omnino
2102 3538 2245 3610 quod
2280 3541 2522 3609 postulas
2555 3555 2662 3596 nou
2698 3541 2874 3598 habeo
2904 3543 3067 3615 (licet
3099 3549 3235 3605 illttd
3270 3553 3366 3607 lia-

1769 3631 1932 3703 beat).
1965 3632 2078 3687 Non
2103 3647 2232 3702 ergo
2255 3633 2551 3687 artiﬁcioso
2585 3633 2804 3705 ingenio
2822 3635 2962 3692 sicut
2997 3639 3230 3711 fallacia,
3263 3647 3359 3702 sed

1765 3725 1998 3794 simplici
2057 3724 2359 3795 negationis
2400 3724 2572 3781 verba
2641 3723 2984 3785 mendacium
3041 3741 3360 3803 poscentem

1766 3811 2074 3873 frustratur.

2042 3911 2146 3967 Sed
2167 3913 2353 3966 acritas
2381 3912 2450 3966 ad
2480 3919 2747 3985 utrumque
2777 3913 3046 3987 respondet
3080 3934 3098 3974 :

1835 4003 1942 4059 Nec
1989 4006 2284 4061 artiticioso
2314 4006 2559 4076 ingenio,
2596 4015 2694 4064 nec
2722 4007 2959 4078 simplici
2983 4008 3152 4068 verba
3186 4023 3352 4086 Opor-

1765 4105 1839 4152 tet
1864 4089 2121 4167 decipere
2168 4111 2518 4170 quemquam,
2573 4099 2698 4171 quia
2741 4101 2986 4168 quolibet
3036 4109 3168 4163 artis
3195 4111 3360 4166 modo

1764 4192 2058 4247 mentiatur
2081 4193 2221 4264 quis,
2247 4205 2471 4263 peccat;
2504 4195 2763 4266 scriptum
2791 4208 2875 4254 est
2897 4201 3042 4255 enim
3076 4221 3085 4256 :
3117 4202 3189 4260 Os
3215 4207 3358 4277 quod

1764 4286 2052 4353 mentitur,
2083 4284 2287 4339 occidit
2315 4287 2743 4360 animam(Sap.
2769 4290 2833 4361 ι).
2864 4289 3092 4365 Insuper
3119 4296 3358 4355 dicitur:

1765 4379 1828 4432 Et
1860 4379 2117 4435 omnibus
2160 4381 2514 4437 mendacibus
2545 4399 2668 4454 pars
2704 4383 2919 4442 illorum
2952 4391 3058 4446 erit
3088 4389 3141 4447 in
3169 4402 3360 4466 stagno

1763 4473 1900 4544 ignis
1928 4466 2170 4529 ardentis
2200 4481 2253 4530 et
2276 4475 2578 4546 sulphuris,
2609 4477 2755 4548 quod
2789 4489 2872 4535 cst
2925 4495 3075 4541 mors
3117 4490 3358 4544 secunda

1762 4567 1958 4641 (Apoc.
1996 4569 2141 4639 xxi).

2353 4661 2582 4719 CAPUT
2622 4662 2741 4719 XX.

2232 4754 2436 4809 Ventris
2459 4755 2707 4827 iugluvies
2735 4757 2884 4814 dicit:

1833 4847 1914 4901 Ad
1946 4863 2095 4903 esum
2121 4847 2264 4904 Deus
2289 4849 2491 4905 manda
2537 4852 2715 4906 omnia
2760 4854 3028 4924 condidit,
3063 4866 3118 4913 et
3147 4860 3236 4929 qui
3265 4875 3353 4916 sa-

1763 4940 1928 4994 turari
1953 4941 2072 4995 cibo
2089 4942 2314 5013 respuit,
2347 4943 2474 5014 quid
2498 4939 2642 5000 aliud
2667 4957 2826 5016 quam
2851 4947 3064 5005 muneri
3083 4963 3354 5010 concesso

1769 5035 2137 5088 contradicit?

1769 5126 1875 5181 Sed
1902 5145 2031 5199 pura
2057 5129 2314 5201 fragilitas
2362 5138 2407 5185 et
2433 5131 2652 5202 simplex
2693 5134 3016 5205 parcimonia
3036 5139 3319 5204 respondet
3345 5152 3364 5197 :'

1838 5219 2014 5276 Unum
2041 5224 2235 5279 ltorum
2261 5236 2379 5297 quze
2403 5229 2555 5299 dicis,
2588 5251 2780 5290 verum
2806 5237 2910 5290 est.
2942 5233 3072 5292 Nam
3095 5255 3161 5295 ne
3192 5241 3358 5298 homo

1765 5313 1906 5369 fante
1935 5315 2156 5385 periret,
2193 5322 2370 5376 omnia
2401 5323 2541 5378 Deus
2569 5327 2633 5379 ad
2666 5341 2816 5380 esum
2874 5327 3073 5384 munda
3100 5335 3308 5388 creavit
3339 5351 3354 5389 :

1767 5407 1860 5461 sed
1905 5424 1970 5462 ne
2002 5412 2328 5467 comedendi
2371 5429 2682 5471 mensuram
2722 5418 3038 5486 excederet,
3075 5421 3362 5489 abstinen-

1767 5499 1894 5552 tiam
1927 5499 2389 5573 imperavit(Gen.
2415 5508 2488 5576 ι).
2525 5507 2656 5561 Nam
2688 5510 2830 5565 inter
2853 5519 3050 5567 caetera
3083 5530 3179 5570 sua
3218 5519 3360 5575 mala

1769 5592 2054 5648 saturitate
2080 5594 2311 5649 Sodoma
2343 5597 2524 5665 periit,
2559 5601 2787 5655 DOtuino
2832 5611 3146 5679 attcslante,
3177 5611 3270 5681 qui
3294 5613 3362 5669 de

1770 5683 2108 5740 Ilierusalem
2138 5701 2234 5755 per
2261 5687 2582 5757 prophetam
2633 5693 2892 5762 loquitur,
2937 5689 3125 5754 dicens
3164 5715 3177 5755 :
3239 5704 3364 5758 llaec

1772 5778 2030 5849 iniquitas
2053 5780 2411 5837 Sodomorum
2443 5785 2651 5840 sororis
2685 5797 2812 5853 tum,
2842 5791 3099 5859 superbia
3133 5793 3186 5849 in
3218 5812 3368 5850 sau-

1771 5872 1931 5928 ritato
1958 5887 2156 5942 panum
2183 5871 2402 5942 (Ezech.
2435 5876 2569 5945 xvi).
2597 5877 3100 5951 Quaproptersicut
3127 5902 3271 5958 aeger
3293 5885 3361 5942 ad
