4054 6328
531 311 676 381 lo“

1548 307 1900 374 APPENDIX
1937 310 2030 373 AD
2065 309 2300 373 OPERA
2337 314 2399 376 S.
2440 312 2792 376 AMBROSII.

3697 317 3839 380 ‘073

532 427 889 495 medicinam,
918 422 1000 484 sic
1020 425 1088 482 ad
1120 425 1418 484 sumendas
1465 426 1635 498 dapes
1687 426 1922 501 quisque
1964 427 2127 486 debet
2154 427 2213 490 Δ
2237 430 2446 486 inutilia
2491 441 2657 503 atque
2699 433 2900 494 otiosa.
2927 431 2998 487 de
3025 431 3228 499 quibus
3255 415 3447 504 utique
3477 430 3622 490 ratio
3671 433 3728 490 in
3759 435 3840 490 fu-

535 525 824 590 accedere,
859 537 968 578 non
1001 523 1338 591 voluptatem
1370 521 1425 578 in
1456 521 1563 578 illis
1591 532 1876 594 appetens.
1909 523 2006 580 sed
2035 538 2133 579 ne-

539 617 788 675 cessitati
814 614 1180 672 satisfaciens.
1212 614 1350 672 llinc
1386 616 1595 672 veritas
1631 632 1730 690 per
1780 617 2136 688 Evangelinm

539 709 754 766 monuit
787 725 801 764 :
833 706 1140 774 Attendite,
1166 707 1367 779 inquit,
1393 709 1550 764 vobis
1577 725 1646 766 ne
1677 710 1816 765 forte
1846 718 2140 781 graventur

540 801 706 859 corda
736 810 916 857 vestra
971 802 1023 856 in
1075 802 1295 871 crapula
1343 812 1400 858 et
1451 803 1719 858 ebrietate
1769 802 1932 876 (Luc.
1977 800 2136 872 XXI).

537 893 779 952 Econtra
836 909 969 950 vero
1015 893 1084 949 de
1129 894 1423 948 insatiabili
1479 896 1788 965 aliquorum
1835 894 2142 950 voracitate

539 987 842 1058 Apostolus
891 985 1066 1041 dicit:
1103 987 1253 1042 Multi
1285 987 1430 1042 enim
1484 988 1787 1054 ambulant,
1818 1001 1957 1059 quos
1995 1003 2143 1058 saepe

539 1082 788 1138 dicebam
839 1081 1019 1148 vobis,
1067 1097 1214 1137 nunc
1255 1097 1387 1138 vero
1417 1092 1471 1138 et
1511 1082 1649 1138 flens
1701 1082 1846 1150 dico,
1886 1083 2142 1138 inimicos

535 1176 716 1231 crucis
743 1173 973 1238 Christi,
1003 1191 1236 1245 quorum
1271 1175 1396 1232 finis
1425 1175 1702 1244 interitus,
1729 1193 1964 1248 quorum
1999 1177 2146 1233 Deus

539 1277 738 1323 venter
758 1277 864 1336 est,
916 1275 974 1323 et
1012 1268 1184 1338 gloria
1221 1268 1276 1323 in
1304 1268 1572 1340 pudendis
1619 1270 1861 1339 ipsorum
1906 1269 1998 1340 qui
2030 1277 2146 1325 ter-

540 1376 671 1417 rena
717 1363 940 1431 sapiunt
967 1358 1202 1433 (Philip.
1233 1361 1362 1432 ut);
1402 1374 1458 1418 et
1485 1363 1614 1418 alibi
1645 1382 1658 1418 :
1695 1363 1831 1420 Esca
1858 1365 2064 1429 ventri,
2093 1374 2148 1420 et

542 1467 740 1514 venter
771 1456 914 1513 escis
944 1473 956 1509 :
988 1455 1132 1511 Deus
1157 1465 1337 1512 autem
1371 1467 1424 1511 et
1451 1460 1618 1528 hunc,
1653 1467 1708 1514 et
1756 1457 1853 1512 has
1899 1459 2149 1514 destruet

543 1550 607 1622 (Ι
649 1549 771 1604 Cor.
808 1549 907 1622 rt).
941 1550 1185 1618 Denique
1220 1549 1360 1606 hanc
1405 1551 1581 1606 labem
1615 1554 1936 1622 ventrisque
1968 1552 2147 1624 inglu-

543 1646 688 1697 viem
717 1642 815 1698 illc
845 1643 1005 1712 plene
1033 1642 1224 1706 eludit,
1255 1646 1345 1714 qui
1375 1645 1431 1698 in
1459 1644 1740 1700 sumendis
1769 1645 2005 1714 dapibus
2033 1661 2144 1700 non

542 1736 720 1791 solum
752 1735 1144 1806 parcimoniam
1174 1737 1436 1802 custodit,
1487 1736 1590 1793 hoc
1639 1745 1744 1808 est,
1793 1737 2146 1794 refectionem

2243 533 2365 579 turo
2385 524 2493 581 erit
2521 525 2798 582 reddenda
2832 525 2852 597 (
2873 524 3067 581 Matth.
3089 525 3206 598 xtt)
3233 525 3570 583 ?Tenendus
3594 537 3681 584 est
3708 543 3839 599 ergo

2242 618 2437 676 modus
2469 623 2523 675 in
2554 620 2834 691 loquendo
2865 619 3020 691 (Iro,
3047 639 3162 694 par.
3193 637 3271 691 xt,
3304 639 3419 696 cap.
3451 621 3590 692 55),
3620 630 3676 678 et
3707 622 3842 693 ipsis

2243 728 2654 784 nonnumquam
2686 714 2909 770 utilibus
2931 715 3121 770 verbis
3144 716 3499 785 parcendum,
3520 716 3664 772 sicut
3692 714 3849 770 Psal-

2245 805 2406 860 mista
2437 816 2664 862 sanctus
2695 807 2894 878 legitur
2918 806 3134 864 fecisse.
3166 808 3306 863 Dicit
3343 809 3486 864 enim
3515 826 3528 862 :
3559 807 3847 878 Obmutui,

2247 907 2304 954 et
2328 899 2650 956 humiliatus
2680 917 2826 964 sum,
2866 911 2921 957 et
2951 902 3078 956 silui
3107 917 3135 955 a
3165 901 3321 958 bonis
3363 901 3557 974 (Psat.
3589 902 3849 975 xxxvrtt).

2808 994 3040 1052 CAPUT
3079 995 3270 1052 XXIII.

2818 1089 3053 1144 Luxuria
3100 1089 3226 1144 dicit
3259 1105 3277 1143 :

2322 1182 2378 1236 In
2411 1181 2690 1254 voluptate
2720 1197 2818 1238 cur
2847 1191 2898 1238 te
2927 1182 3089 1238 modo
3120 1199 3229 1238 non
3281 1182 3501 1250 dilatas,
3550 1197 3675 1240 cum
3722 1181 3854 1252 quid

2249 1283 2312 1332 te-
2333 1289 2596 1349 sequetur
2622 1277 2883 1348 ignores?
2913 1278 3215 1350 Acceptum
3246 1288 3460 1350 tempus
3501 1279 3556 1335 in
3606 1279 3717 1335 tuis
3759 1278 3855 1335 de-

2250 1371 2473 1429 sideriis
2511 1373 2743 1444 perdere
2770 1390 2878 1430 non
2907 1375 3101 1442 debes,
3133 1375 3260 1445 quia
3295 1391 3458 1447 quam
3505 1375 3673 1431 citius
3727 1391 3854 1446 pero

2252 1473 2492 1520 transeat
2537 1467 2738 1522 nescis.
2793 1466 2850 1521 Si
2881 1468 3025 1522 enim
3055 1467 3202 1523 Deus
3256 1469 3310 1524 itt
3355 1467 3643 1539 voluptate
3669 1468 3856 1523 carnis

2254 1558 2530 1616 hominem
2564 1560 2781 1616 misceri
2815 1562 3101 1630 noluisset,
3132 1561 3184 1617 in
3221 1562 3342 1634 ipso
3369 1562 3594 1619 humani
3633 1564 3856 1633 generis

2251 1652 2480 1708 exordio
2508 1654 2812 1708 masculum
2835 1664 2890 1710 et
2907 1654 3168 1712 feminam
3193 1655 3435 1727 profecto
3461 1671 3574 1711 non
3603 1654 3853 1712 fecisset.

2577 1749 2685 1805 Sed
2725 1747 2929 1805 illibata
2969 1753 3178 1805 castitas
3207 1751 3525 1822 respondet:

544 1846 768 1900 semper
792 1831 1040 1886 esuriens
1082 1839 1448 1901 consummat,
1475 1847 1664 1888 verum
1712 1832 1877 1887 etiam
1919 1847 2144 1888 accura-
2175 1832 2225 1894 B
2325 1843 2462 1898 Νυιο
2493 1843 2747 1915 ignorare
2799 1852 2853 1899 ιε
2901 1843 3032 1915 quid
3065 1853 3185 1915 post
3218 1844 3359 1900 hanc
3390 1845 3558 1900 vitam
3595 1845 3856 1917 recipies,

546 1925 718 1980 tiores
745 1923 992 1980 simulet
1019 1925 1309 1980 suaviores
1363 1924 1573 1996 epulas,
1624 1933 1854 1996 excepta
1903 1925 2151 1996 corporis

542 2019 876 2076 necessitate
898 2027 955 2074 et
982 2017 1256 2088 hospitum
1287 2019 1666 2089 susceptione,
1699 2021 2022 2076 contemnit.

1139 2109 1370 2167 CAPUT
1422 2109 1565 2167 XXI.

1052 2199 1240 2274 Inepta
1271 2202 1453 2256 lwtitia
1479 2204 1604 2258 dicit
1627 2220 1644 2257 :

625 2295 692 2356 Ut
717 2297 846 2370 quid
884 2295 1051 2353 animi
1097 2295 1355 2366 gaudium
1385 2297 1538 2352 intus
1593 2297 1929 2354 abscondis?
1979 2299 2150 2371 Egre-

548 2387 688 2450 dere
719 2393 775 2448 in
809 2392 1080 2463 publicum
1109 2390 1304 2447 laetus:
1338 2389 1427 2446 dic
1451 2391 1659 2462 aliquid
1694 2393 1826 2448 foris
1869 2393 2018 2450 unde
2066 2393 2156 2448 vel

551 2496 609 2543 tu
633 2487 719 2543 vel
751 2486 982 2558 proximi
1015 2485 1232 2540 rideant
1258 2503 1271 2539 :
1303 2484 1391 2540 fac
1417 2500 1514 2540 eos
1541 2486 1696 2541 la'tos
1721 2496 1809 2543 tua
1845 2487 2054 2543 laetitia.

551 2578 658 2635 Sed
681 2580 888 2649 sapiens
912 2578 1186 2652 gaudium,
1218 2577 1614 2643 moderatttsque
1641 2597 1827 2635 mmror
1855 2581 2152 2648 respondet.

626 2671 781 2728 Unde
819 2671 916 2726 tibi
975 2681 1124 2727 tanta
1161 2671 1429 2742 contingit
1483 2671 1715 2727 laetitia?
1755 2671 2152 2744 Numquidnam

551 2764 829 2821 diabolum
852 2765 1072 2820 vicisti?
1100 2763 1501 2836 Numquidnam
1550 2780 1741 2836 pmnas
1782 2765 1979 2822 inferni
2031 2783 2157 2823 eva-

552 2860 723 2915 sisti?
770 2857 1172 2931 Numquidnam
1221 2859 1290 2914 de
1340 2860 1507 2915 exilio
1555 2861 1622 2916 ad
1676 2862 1908 2930 patriam
1958 2876 2154 2932 perve-

554 2953 718 3009 nisti?
777 2953 1177 3024 Numquidnam
1216 2953 1286 3008 dc
1352 2964 1442 3007 tua
1487 2953 1762 3010 electione
1807 2955 2155 3010 securitatem

555 3049 796 3120 aliquam
829 3048 1088 3114 accepisti
1113 3047 1136 3100 ?
1162 3050 1242 3100 An
1273 3046 1414 3100 forte
1443 3045 1498 3099 in
1528 3047 1860 3103 oblivionem
1888 3049 1988 3102 tibi
2012 3046 2159 3103 venit

2254 1939 2537 2009 praemium
2571 1939 2739 2004 enim,
2772 1936 2856 1994 vel
2911 1952 3070 2008 paena
3131 1947 3181 1994 te
3209 1948 3451 1994 manent.
3511 1937 3648 1994 Nam
3692 1940 3746 1994 si
3773 1938 3862 2010 pie

2253 2043 2516 2104 casteque
2543 2032 2772 2097 vixeris,
2798 2031 2919 2087 sine
2946 2033 3053 2087 fine
3102 2031 3155 2086 in
3188 2031 3294 2087 alia
3324 2031 3592 2104 gaudebis
3630 2033 3742 2086 vita
3773 2052 3785 2085 :
3815 2031 3861 2087 si

2253 2142 2388 2182 vero
2410 2126 2632 2195 impiam
2661 2140 2722 2180 ac
2750 2124 3084 2180 luxuriosam
3111 2126 3292 2196 egeris
3316 2125 3484 2180 vitam
3510 2127 3672 2192 hanc,
3699 2133 3864 2180 arter-

2254 2218 2341 2274 nis
2372 2216 2641 2274 incendiis
2686 2217 3140 2288 contorqueheris
3195 2217 3248 2271 in
3279 2217 3404 2272 alia.
3451 2217 3586 2273 Inde
3632 2233 3771 2288 ergo
3797 2231 3864 2273 eo

2252 2315 2456 2370 castius
2505 2330 2569 2370 ac
2620 2313 2810 2384 purius
2856 2314 3040 2369 vivere
3086 2312 3285 2380 debes,
3315 2329 3422 2384 quo
3451 2314 3614 2370 citius
3644 2322 3864 2382 tempus

2256 2418 2545 2479 acceptum
2578 2419 2949 2480 pertranseat,
2982 2411 3232 2479 ignorare
3258 2419 3312 2464 te
3342 2409 3500 2464 dicis.
3537 2408 3695 2476 Quod
3732 2423 3865 2464 vero

2259 2502 2311 2556 in
2341 2501 2570 2558 exordio
2602 2505 2822 2572 generis
2866 2501 3088 2556 humani
3117 2501 3183 2557 ad
3216 2501 3320 2557 hoc
3345 2502 3646 2558 masculum
3695 2509 3758 2556 et
3788 2498 3866 2556 fe-

2256 2597 2462 2651 minam
2518 2596 2686 2651 Deum
2743 2611 3065 2668 procreasse
3119 2597 3398 2668 proliteris
3442 2595 3615 2670 (Gen.
3660 2597 3747 2669 ι),
3809 2605 3866 2651 ut

2257 2693 2461 2747 mutuis
2483 2707 2542 2748 se
2567 2692 2914 2762 amplexibus
2947 2691 3164 2748 misceri
3209 2691 3465 2760 debeant,
3496 2693 3720 2747 omnino
3771 2705 3869 2746 ve-

2258 2802 2379 2842 rum
2428 2787 2570 2842 dicis
2601 2787 2654 2842 in
2708 2787 3014 2857 aliquibus:
3070 2787 3172 2844 sed
3211 2797 3500 2859 postquam
3553 2786 3866 2842 humanum

2258 2894 2430 2950 genus
2480 2887 2586 2933 tam
2639 2879 2800 2949 longe
2831 2880 3051 2950 lateque
3102 2889 3456 2950 propagatum
3481 2889 3586 2944 est,
3619 2880 3868 2936 nubendi

2259 2971 2481 3028 licentia
2530 2972 2858 3042 quibusdam
2890 2971 3240 3042 relinquitur,
3273 2972 3378 3028 hoc
3415 2982 3520 3040 est,
3568 2972 3658 3043 qui
3691 2972 3869 3042 vit-gi-

2261 3065 2488 3120 nitatem
2537 3066 2620 3121 vel
2649 3067 3029 3122 castimoniam
3062 3066 3335 3123 vidualem
3365 3083 3700 3140 nequaquam
3737 3084 3868 3140 pro-

555 3141 704 3214 quod
759 3140 1021 3194 Dominus
1075 3139 1248 3194 dicit:
1293 3138 1524 3194 Mundus
1553 3139 1832 3210 gaudebit,
1885 3156 1985 3197 vos
2030 3155 2153 3194 vero

2262 3155 2390 3213 fessi
2424 3169 2550 3214 sunt
2576 3177 2591 3214 :
2633 3159 2963 3230 quibusdam
2995 3175 3128 3216 vero
3154 3138 3518 3228 interdicitur,
3550 3138 3603 3216 id
3629 3138 3754 3228 eat,
3771 3163 3868 3231 qui

554 3231 1085 3300 consuistabimini,
1137 3231 1232 3286 sed
1280 3231 1497 3286 tristitia
1581 3242 1760 3288 vestra
1815 3243 2060 3290 vertetur
2103 3233 2157 3288 in
2185 3231 2231 3294 C
2266 3252 2504 3324 virgines
2549 3255 2632 3308 νει
2681 3256 3026 3310 continentes
3067 3270 3190 3310 esse
3233 3255 3613 3312 decreverunt.
3663 3255 3868 3312 pomi,

556 3325 813 3398 gaudium
837 3328 854 3397 (
881 3323 1043 3378 Joan.
1069 3323 1245 3396 xvi)?
1277 3326 1358 3379 An
1390 3324 1535 3381 forte
1563 3327 1746 3380 animo
1777 3325 1982 3382 excidit
2008 3326 2156 3398 quod

557 3419 701 3476 idem
727 3419 854 3474 alibi
888 3418 1062 3474 dicit:
1097 3417 1188 3473 Vas
1213 3415 1371 3473 vobis
1417 3421 1508 3490 qui
1563 3419 1757 3475 ridetis
1811 3437 1976 3490 nunc,
2030 3422 2158 3492 quia

554 3513 813 3586 lugebitis
835 3523 889 3569 et
916 3510 1124 3568 flebitis
1155 3511 1328 3584 (Luc.
1381 3527 1431 3568 vt
1457 3512 1522 3583 )?
1551 3512 1625 3568 Et
1671 3515 1812 3584 quod
1849 3531 1948 3587 per
1999 3530 2160 3572 sanc-

558 3616 672 3662 tttm
723 3605 1078 3663 Salnmonem
1126 3605 1368 3660 dicitur:
1399 3605 1562 3662 Risus
1593 3606 1786 3663 dolore
1817 3608 2157 3677 miscebitur,

558 3709 805 3759 extrema
835 3707 1016 3756 autem
1035 3697 1221 3770 gaudii
1245 3701 1299 3755 in
1327 3701 1532 3756 luctum
1555 3701 1757 3757 vadunt
1788 3702 1806 3775 (
1831 3703 1986 3758 Prov.
2011 3703 2160 3776 xtv)?

559 3797 630 3851 Et
673 3801 897 3851 econtra
948 3793 1096 3864 qttod
1147 3808 1245 3864 per
1297 3794 1652 3864 Evangelium
1683 3795 1956 3854 docetur:
2009 3798 2161 3854 Beati

559 3891 651 3961 qui
683 3891 892 3962 lugent,
925 3887 1184 3960 quoniam
1217 3888 1320 3958 ipsi
1343 3889 1774 3946 consolabuntur
1800 3892 1820 3962 (
1843 3891 2034 3948 Matth.
2061 3892 2162 3966 v)?

557 3980 913 4053 Rursumque
944 3978 1089 4050 quod
1121 3995 1215 4050 per
1243 3979 1592 4038 Salomonetn
1623 3983 1859 4039 dicitur:
1892 3985 2159 4053 Quoniam

557 4075 693 4146 justi
725 4085 783 4132 et
812 4075 1119 4145 sapientes,
1150 4082 1206 4129 et
1232 4091 1399 4146 opera
1429 4091 1617 4132 eorum
1647 4077 1701 4132 in
1731 4094 1894 4133 manu
1941 4079 2075 4135 Dei:
2109 4090 2164 4137 et

559 4169 740 4224 nescit
790 4168 954 4223 homo
983 4176 1166 4223 utrum
1196 4183 1384 4224 amore
1434 4171 1522 4226 vel
1551 4171 1678 4228 odio
1718 4172 1911 4244 dignus
1940 4175 2035 4242 sit,
2067 4175 2164 4232 sed

561 4263 747 4318 omnia
805 4261 859 4315 in
893 4261 1132 4316 futurum
1165 4273 1517 4320 reservantur
1564 4265 1771 4322 incerta
1821 4267 2012 4339 (Eccl.
2043 4286 2097 4325 tx
2121 4271 2161 4343 ).

563 4352 881 4423 Comprime
908 4367 1039 4424 ergo
1071 4358 1290 4408 inanem
1319 4355 1586 4428 laetitiam,
1613 4360 1734 4430 quia
1776 4361 2005 4418 necdum
2034 4380 2162 4420 eva-

562 4447 679 4504 sisti
716 4447 985 4518 poenalem
1017 4463 1341 4504 aerumnam.
1373 4449 1566 4506 Nonne
1591 4455 1734 4522 apud
1775 4452 2024 4514 homines
2075 4457 2164 4514 in-

563 4556 730 4597 sanus
758 4542 808 4596 is
836 4543 1158 4610 aestimatur,
1192 4544 1288 4615 qui
1334 4546 1700 4605 carceralibus
1751 4552 1990 4609 tenebris
2039 4569 2164 4626 gau-

565 4633 700 4692 dere
722 4644 953 4692 conatur
979 4636 1229 4692 reclusus
1251 4638 1274 4692 ?

1143 4731 1374 4790 CAPUT
1425 4733 1595 4794 XXII.

1104 4823 1491 4893 Multiloquium
1511 4831 1639 4887 dicit
1679 4848 1698 4885 :

638 4917 754 4974 Non
804 4915 895 4974 tlIe
923 4929 1054 4973 reus
1083 4915 1376 4976 habebitur
1424 4923 1693 4993 criminis,
1722 4928 1812 4998 qui
1847 4929 1997 5000 plura
2042 4934 2164 5003 qui-

565 5007 712 5079 dem,
743 5009 839 5068 sed
881 5011 1021 5067 bona
1069 5010 1310 5082 loquitur
1339 5033 1352 5070 :
1386 5017 1478 5072 sed
1509 5018 1601 5074 ille
1647 5022 1760 5092 qui,
1812 5023 1939 5080 licet
1965 5041 2156 5100 pauca,

561 5104 706 5160 mala
740 5115 917 5160 tamen
950 5103 1135 5160 dicere
1163 5107 1448 5176 probatur.

816 5195 913 5251 Cui
943 5197 1172 5265 prudens
1203 5201 1528 5258 taciturnitas
1557 5212 1875 5280 respondet:

627 5287 830 5386 verum
861 5301 950 5347 est
972 5293 1118 5362 quod
1150 5293 1288 5351 dicis
1319 5314 1334 5352 :
1364 5298 1462 5354 sed
1492 5300 1618 5358 dum
1650 5308 1818 5362 multa
1861 5309 2000 5367 bona
2035 5329 2162 5386 pro-

554 5384 690 5440 ferri
719 5385 998 5454 videntur,
1033 5401 1179 5455 smpe
1229 5393 1518 5464 contingit,
1547 5407 1608 5452 ut
1646 5416 1674 5454 a
1702 5401 1859 5458 bonis
1904 5384 2157 5467 inchoata

555 5476 766 5531 locutio
807 5479 872 5532 ad
931 5479 1153 5551 aliquod
1196 5499 1418 5553 pravum
1468 5488 1772 5562 derivetur,
1822 5497 1925 5554 hoc
1977 5500 2155 5571 ipsum

558 5580 746 5625 sancta
780 5571 1063 5644 Scriptura
1095 5581 1481 5643 pronuntiante
1515 5585 1688 5652 :Qnia
1720 5605 1784 5645 ex
1817 5595 2158 5668 multiloquio

554 5677 664 5717 nmt
694 5662 866 5733 fugies
892 5677 1173 5734 peccatum
1211 5689 1221 5724 :
1279 5688 1514 5742 parcens
1558 5688 1738 5736 autem
1783 5682 1942 5741 labiis
1990 5662 2153 5748 intel-

552 5753 731 5844 ligens
756 5754 868 5809 eris
897 5757 917 5825 (
945 5755 1103 5810 Prov.
1139 5777 1170 5814 x
1195 5761 1236 5831 ).
1265 5764 1334 5818 Et
1363 5767 1407 5820 si
1437 5767 1578 5827 forte
1607 5773 1749 5831 inter
1782 5781 1952 5836 multa
1984 5787 2150 5844 verba

546 5841 896 5901 declinantur
919 5845 1172 5918 crimina,
1198 5855 1295 5910 sed
1325 5862 1593 5931 numquid
1627 5867 1891 5930 declinari
1918 5841 2151 5948 possunt

2189 4630 2245 4691 D

2261 3346 2405 3400 catio
2436 3360 2566 3400 vero
2599 3347 2732 3400 nulli
2784 3347 3005 3416 impune
3056 3346 3404 3404 conceditur.
3447 3347 3562 3402 Non
3612 3348 3861 3407 attendis

2260 3437 2428 3505 forte,
2500 3449 2594 3495 aut
2636 3441 3097 3497 contemnendum
3156 3452 3314 3513 putas
3366 3441 3508 3512 quod
3561 3443 3866 3512 Aposwlus

2263 3531 2488 3590 lubricis
2521 3533 2656 3590 dicit
2707 3551 2720 3588 :
2767 3534 2963 3606 Fugite
2993 3534 3461 3590 fornicationem?
3507 3532 3680 3590 Omne
3711 3535 3863 3590 enim

2265 3637 2552 3699 peccatum
2583 3627 2964 3700 quodcumque
2994 3627 3188 3684 fecerit
3226 3627 3416 3697 homo,
3461 3635 3614 3683 extra
3656 3641 3863 3698 corpus

2263 3733 2348 3780 est
2375 3740 2386 3778 :
2412 3723 2506 3796 qui
2534 3732 2716 3780 autem
2768 3725 3099 3789 fornicatur,
3135 3725 3187 3778 in
3218 3738 3418 3794 corpus
3461 3737 3616 3778 suum
3669 3734 3862 3793 peccat

2265 3815 2285 3888 (
2311 3815 2330 3870 l
2362 3815 2482 3871 Cor.
2509 3817 2610 3888 vi).
2635 3815 2792 3884 Quod
2819 3817 2865 3872 si
2893 3816 2996 3873 hoc
3020 3815 3529 3888 parvipendendum
3550 3815 3859 3886 existimas,

2265 3909 2392 3965 audi
2417 3913 2556 3966 unde
2587 3921 2773 3982 postea
2797 3911 2850 3967 in
2873 3911 3267 3983 sempiternum
3290 3910 3547 3983 deplores
3572 3920 3628 3966 et
3645 3925 3855 3982 gemas.

2265 4003 2450 4077 Neque
2497 4005 2776 4062 fornicarii
2833 4007 3054 4079 (inquit
3097 4007 3238 4064 idem
3290 4005 3646 4077 Apostolus),
3678 4020 3860 4078 neque

2265 4097 2524 4168 adulteri,
2557 4115 2732 4172 neque
2759 4100 2976 4168 molles,
3029 4115 3206 4172 neque
3237 4101 3612 4156 masculorum
3658 4113 3862 4157 concu-

2266 4194 2495 4262 bitores,
2540 4210 2768 4267 regnum
2824 4195 2918 4252 Dei
2968 4195 3328 4267 possidebunt
3379 4194 3862 4268 (Ibid.).0quam

2264 4297 2643 4345 momentanea
2672 4301 2760 4345 est
2789 4290 2970 4346 carnis
3002 4290 3318 4359 delectatio,
3343 4303 3507 4360 quam
3527 4287 3708 4344 labilis
3731 4303 3863 4343 con-

2267 4380 2486 4436 cubitus
2513 4381 2671 4448 liora,
2703 4398 2806 4452 qua
2831 4382 3078 4452 perditur
3101 4382 3213 4437 vita
3238 4393 3467 4438 aeterna.
3497 4381 3675 4448 Quod.
3699 4395 3859 4451 rogo,

2267 4475 2699 4530 emolumentum
2726 4474 2883 4532 affert
2907 4476 3149 4546 corpori,
3176 4475 3394 4548 quodve
3417 4474 3607 4531 tribuit
3627 4474 3861 4542 lucrum,

2269 4565 2323 4623 id
2351 4567 2498 4638 quod
2532 4579 2638 4626 tam
2665 4568 2778 4625 cito
2805 4568 3042 4626 animam
3071 4569 3222 4626 ducit
3241 4569 3310 4626 ad
3341 4577 3604 4626 tartarum
3629 4568 3652 4622 ?

2818 4662 3050 4720 CAPUT
3103 4663 3296 4720 XXIV.

2629 4757 2905 4826 Spiritalis
2951 4757 3232 4828 fornicatio
3261 4758 3388 4814 dicit
3417 4773 3437 4812 :

2341 4850 2613 4922 Numquid
2641 4850 3010 4907 damnandum
3034 4851 3242 4923 aliquid
3263 4851 3373 4923 agit
3404 4851 3472 4918 is,
3497 4851 3589 4924 qui
3618 4851 3674 4908 iu
3697 4853 3861 4909 corde

2269 4944 2480 5000 libidini
2512 4946 2810 5014 consentit,
2863 4955 2920 5002 et
2973 4947 3038 5002 ad
3087 4961 3226 5017 opus
3277 4947 3592 5018 concupita:
3629 4945 3858 5003 libidinis

2269 5054 2375 5093 non
2436 5040 2778 5109 pertransit?
2823 5041 2984 5096 Certe
3043 5057 3151 5096 non
3208 5060 3219 5094 :
3274 5043 3398 5112 quia
3450 5050 3760 5112 peccatum,
3806 5051 3858 5095 ut

2266 5132 2460 5188 scribit
2512 5133 2809 5204 Apostolus
2857 5133 3002 5205 quod
3029 5179 3043 5204 ,
3077 5144 3517 5190 consummatum
3557 5133 3742 5200 fuerit,
3772 5147 3858 5205 ge-

2267 5234 2422 5282 nerat
2451 5235 2686 5282 mortem
2717 5225 2940 5298 (Jacob.
2973 5226 3037 5297 ι).

2585 5322 2692 5376 Sed
2723 5323 2981 5376 munditia
3025 5322 3195 5377 cordis
3233 5322 3546 5394 respondet:

2335 5413 2571 5469 Omnino
2599 5412 2892 5486 delinquit,
2917 5413 3012 5485 qui
3051 5414 3238 5470 cordis
3269 5413 3561 5484 puritatem
3589 5411 3856 5484 animique

2265 5509 2646 5564 castimoniam
2675 5525 2781 5564 non
2811 5509 3072 5564 custodit.
3106 5507 3319 5565 Idcirco
3372 5518 3428 5564 et
3453 5510 3636 5565 omnis
3675 5518 3854 5565 auctor

2265 5604 2550 5659 munditia:
2587 5605 2640 5660 in
2687 5604 2984 5676 Evangelio
3011 5603 3181 5660 dicit:
3215 5602 3321 5669 Qui
3351 5601 3552 5658 viderit
3577 5602 3852 5658 mulierem

2261 5697 2331 5754 ad
2352 5698 2855 5767 concupiscendum
2883 5713 3027 5766 eam,
3058 5697 3172 5768 jam
3205 5697 3515 5753 mtechatus
3543 5705 3630 5754 est
3655 5712 3774 5753 eam
3803 5696 3854 5750 in

2259 5793 2429 5850 corde
2457 5808 2557 5848 suo
2590 5792 2818 5864 (Matth.
2849 5809 2879 5848 v
2903 5791 2944 5864 ).
2976 5789 3132 5848 Unde
3178 5798 3234 5846 et
3264 5807 3361 5862 per
3389 5790 3612 5846 beatum
3649 5788 3751 5846 Job
3777 5787 3854 5844 di-

2258 5887 2401 5944 citur
2435 5905 2448 5941 :
2483 5885 2688 5944 Fmdus
2717 5886 2876 5960 posui
2923 5901 3045 5944 cum
3078 5887 3254 5942 oculis
3283 5886 3443 5955 meis,
3473 5893 3534 5941 ut
3570 5900 3679 5942 non
3708 5881 3852 5941 intel~

4045 4508 4052 4591 l
