3958 6314
108 300 242 362 1075

1178 299 1266 356 DE
1309 300 1701 363 VOCATIONE
1740 302 2057 365 GENTIUM
2097 309 2227 366 LIB.
2269 312 2309 368 I.

3264 323 3404 383 ιθιι

103 410 286 508 ligant-
311 421 476 478 super
523 409 790 508 vir-ginem
829 411 1010 508 (Joba
1039 411 1213 484 uxr).
1242 411 1312 468 Et
1340 415 1472 486 quid
1503 417 1691 476 divisit
1715 424 1767 484 Α
1794 429 1922 476 sunt
1964 437 2086 492 quae
2131 425 2315 481 colunt
2344 431 2641 501 peregrini,
2673 433 2850 503 qualia
2881 445 3012 492 sunt
3029 449 3093 492 ea
3123 451 3246 508 qua:
3278 454 3404 508 posv

105 503 243 558 Deus
255 501 504 572 desuper,
531 503 892 562 ethzereditas
922 505 1249 564 sufficientis
1271 524 1337 564 ex
1360 510 1690 568 altissimis?

102 595 208 652 Nisi
261 598 401 652 enim
447 597 558 654 Deo
613 601 823 655 auctori
871 610 1061 658 nostro
1111 619 1295 673 pravae
1338 605 1690 676 cogitationis

104 706 398 748 consensus
437 692 781 764 displiceret,
834 713 1178 769 nequaquam
1215 716 1310 769 per
1356 701 1576 758 Esaiam
1611 704 1696 760 di-

102 792 354 841 ceretur:
383 784 608 842 Auferte
637 789 909 860 nequitias
935 791 1004 845 ab
1035 792 1318 850 animabus
1343 797 1545 853 vestris
1594 813 1691 853 co-

103 892 214 933 ram
239 876 412 932 oculis
437 878 578 934 meis
610 878 630 952 (
656 878 788 936 Isai.
821 897 839 936 ι
864 881 910 954 ),
941 891 998 938 et
1024 885 1076 938 in
1106 884 1403 957 Evangelio
1427 887 1694 945 adversus

98 968 401 1026 Pharisaeos
446 985 552 1025 non
601 970 878 1028 diceretur
921 990 935 1028 :
995 975 1060 1030 Ut
1105 978 1232 1047 quid
1262 980 1515 1050 cogitatis
1549 981 1693 1036 maia

99 1064 151 1120 in
182 1063 432 1120 cordibus
480 1065 680 1122 vestris
727 1067 747 1139 (
773 1067 962 1123 Matth.
1011 1069 1146 1141 ix)?
1196 1073 1292 1127 sed
1339 1089 1438 1129 nec
1492 1074 1695 1130 Paulus

96 1157 372 1229 apostolus
420 1157 684 1218 Romanis
714 1162 1028 1220 scriberet:
1070 1164 1140 1220 Et
1191 1167 1337 1223 inter
1377 1183 1437 1224 se
1483 1169 1696 1238 cogita-

99 1250 336 1307 tionibus
362 1251 601 1308 invicem
627 1257 1032 1324 accusantibus,
1065 1259 1343 1314 autetiam
1395 1259 1698 1318 defenden-

99 1343 260 1411 tibus,
291 1343 346 1398 in
377 1343 470 1400 die
496 1361 604 1417 qua
631 1346 898 1416 judicabit
928 1349 1074 1407 Deus
1120 1353 1332 1407 occulta
1385 1352 1694 1421 hominum,

97 1435 388 1491 secundum
420 1437 778 1511 Evangeiium
818 1455 1001 1497 meum
1051 1459 1149 1514 per
1193 1443 1382 1501 .Iesum
1410 1446 1696 1506 Chrisrum

95 1529 289 1603 (Rom.
320 1529 426 1603 ιι).
461 1571 470 1601 ε

669 1627 900 1684 CAPUT
949 1628 1118 1686 XXV.

609 1722 767 1776 Amor
803 1722 992 1778 "siccati
1019 1725 1148 1780 dicit
1172 1744 1190 1780 :

1796 513 1976 569 sident
2007 515 2136 570 lilii?
2163 517 2218 574 Si
2247 522 2509 579 mortales
2530 536 2586 579 et
2615 525 2804 580 miseri
2837 527 2888 580 iu
2920 525 3032 582 vita
3083 527 3184 585 hac
3219 531 3403 587 taliter

1797 619 1920 661 sunt
1949 608 2107 664 ditati
2134 628 2146 663 :
2173 610 2518 672 immortales
2539 629 2594 672 et
2615 618 2763 674 beati
2786 621 3025 690 qualiter
3056 632 3183 677 sunt
3216 623 3267 678 in
3296 623 3402 679 alia

1798 705 2234 759 remunerandi?
2278 707 2630 782 Quapropter
2667 727 2822 768 amor
2864 717 3152 784 praesentis
3189 717 3404 786 saeculi,

1798 792 1852 847 in
1885 810 1994 864 quo
2026 798 2208 853 nullus
2233 800 2304 852 ita
2337 805 2586 858 nascitur
2611 815 2802 860 utnon
2834 808 3124 876 moriatur,
3160 810 3409 879 protinus

1798 887 2029 955 recedit,
2063 898 2122 942 ut
2149 903 2304 944 amor
2333 891 2519 962 futuri,
2557 896 2610 949 in
2642 913 2750 965 quo
2775 899 2855 952 sic
2906 913 3097 954 omnes
3123 900 3407 956 vivilican-

1800 985 1906 1047 tur,
1935 988 1994 1034 ut
2021 980 2285 1054 deinceps
2316 1000 2424 1039 non
2460 988 2788 1054 moriantur,
2821 992 3102 1046 succedit:
3140 992 3227 1046 ubi
3259 994 3406 1050 nulla

1798 1070 2105 1128 adversitas
2128 1075 2334 1142 turbat,
2394 1077 2543 1133 nulla
2591 1081 2896 1137 necessitas
2945 1093 3223 1154 angustat,
3259 1086 3406 1142 nulla

1799 1163 2049 1221 molestia
2097 1169 2385 1240 inquietat,
2427 1171 2520 1226 sed
2548 1176 2812 1242 perennis
2842 1177 3027 1232 laetitia
3056 1189 3266 1250 regnat.
3297 1177 3408 1234 Sed

1798 1271 2013 1326 quaeres
2036 1259 2168 1328 quid
2200 1261 2271 1315 ibi
2305 1262 2400 1328 sit,
2428 1262 2518 1318 ubi
2551 1273 2702 1318 tanta
2729 1274 2788 1321 et
2813 1268 2936 1324 talis
2959 1269 3239 1327 beatitudo
3268 1285 3403 1342 per-

1799 1348 1966 1404 sistit.
1999 1352 2171 1407 Aliter
2196 1353 2382 1409 dicere
2410 1371 2574 1410 nemo
2603 1367 2804 1427 potest,
2840 1360 2943 1414 nisi
2974 1366 3098 1432 quia
3139 1363 3407 1434 quidquid

1799 1441 1931 1496 boni
1961 1453 2065 1510 est,
2109 1445 2184 1500 ibi
2226 1456 2350 1502 est:
2387 1457 2442 1504 et
2509 1450 2772 1521 quidquid
2821 1454 2953 1508 mali
2985 1465 3089 1521 est,
3139 1472 3405 1527 nusquam

1799 1535 1875 1592 ibi
1919 1544 2025 1592 est.
2082 1538 2264 1606 Quod,
2316 1541 2518 1612 inquis,
2566 1544 2770 1599 bonum
2804 1544 2938 1602 illud
2969 1549 3096 1603 est?
3138 1550 3277 1616 Quid
3322 1567 3409 1606 me

1799 1630 2143 1702 interrogas?
2167 1634 2209 1688 A
2235 1634 2508 1705 PrOpheta
2534 1647 2590 1692 et
2619 1636 2894 1708 Apostolo
2926 1643 3255 1711 explicatum
3288 1654 3367 1698 est
3392 1662 3406 1698 :

1803 1722 2053 1794 Oculus,
2098 1727 2371 1798 inquiunt,
2425 1744 2533 1784 non
2580 1730 2757 1798 vidit,
2809 1749 2912 1789 nec
2967 1734 3119 1790 auris
3167 1737 3396 1804 audivit,

163 1812 301 1881 Quid
353 1813 658 1884 pulchrius,
690 1817 820 1888 quid
879 1819 1182 1887 honestius,
1233 1822 1360 1893 quid
1409 1825 1695 1881 venustius
1727 1831 1903 1891 Bnec
1933 1822 1984 1875 in
2041 1837 2138 1876 cor
2194 1821 2433 1876 hominis
2477 1825 2848 1881 ascenderunt
2899 1843 3019 1895 quae
3078 1828 3408 1899 praeparavit

95 1905 292 1976 quidve
343 1915 526 1977 potest
580 1924 703 1965 esse
749 1911 1156 1972 delectabilius.
1216 1929 1378 1984 quam
1447 1917 1590 1987 quod
1639 1919 1692 1973 in

95 2001 351 2071 prtesenti
382 2001 490 2058 vita
523 2003 769 2074 quotidie
798 2005 1122 2061 cernimus?
1163 2005 1208 2062 O
1235 2023 1395 2078 quam
1431 2010 1696 2066 mirabilis

96 2098 216 2155 coeli
240 2113 459 2156 camera
507 2099 561 2156 in
593 2115 724 2156 aere
759 2101 1026 2170 jucundo,
1077 2103 1131 2158 in
1165 2104 1374 2160 lumine
1426 2106 1582 2172 solis,
1642 2109 1695 2162 in

95 2201 385 2263 augmento
405 2193 546 2248 lunae
577 2202 744 2264 atque
772 2193 1012 2261 defectu,
1042 2195 1096 2249 in
1124 2199 1395 2252 varietate
1411 2197 1698 2253 stellarum

97 2291 151 2342 et
177 2300 384 2342 cursu:
429 2300 590 2354 quam
639 2285 988 2342 oblectabilis
1011 2296 1152 2343 terra
1186 2289 1238 2342 in
1283 2304 1570 2344 nemorum
1604 2289 1702 2345 llo-

94 2378 259 2447 ribus,
308 2379 362 2434 in
397 2379 668 2434 fructuum
697 2381 1086 2446 suavitatibus,
1119 2383 1172 2436 in
1235 2392 1516 2453 pratorum
1549 2385 1700 2439 rivu-

96 2474 378 2545 lorumque
427 2475 860 2543 amoenitatibus,
909 2477 961 2531 in
1014 2488 1261 2548 segetum
1307 2481 1501 2535 culmis
1547 2480 1702 2535 luxu-

95 2573 387 2633 riantibus.
437 2572 492 2628 in
524 2577 806 2628 vinearum
866 2573 1014 2628 foliis
1055 2582 1111 2629 et
1142 2575 1490 2630 botrionibus
1524 2575 1700 2644 plenis

102 2665 437 2736 palmitibus,
465 2666 518 2720 in
543 2665 804 2720 silvarum
831 2666 1038 2721 umbris
1065 2676 1120 2722 et
1145 2668 1344 2737 palmis
1379 2669 1698 2736 virentibus,

101 2757 153 2813 in
181 2772 452 2828 equorum
486 2767 762 2813 etcanuni
788 2758 1058 2823 cursibus,
1094 2759 1146 2812 in
1194 2774 1480 2814 cervorum
1512 2771 1566 2814 et
1611 2774 1701 2814 ca-

100 2865 357 2921 prearum
389 2849 640 2915 saltibus,
675 2850 726 2904 in
758 2849 1079 2920 accipitrum
1111 2851 1408 2920 volatibus,
1455 2851 1508 2906 in
1541 2866 1706 2922 pavo-

100 2958 254 3009 num,
277 2942 692 3011 columbarum,
722 2951 1108 3014 turturumque
1138 2947 1334 3013 pennis
1357 2955 1412 2998 et
1438 2944 1620 3009 collis,
1655 2944 1707 2997 in

102 3035 393 3092 domorum
423 3037 724 3106 parietibus
771 3036 928 3106 pictis
979 3047 1034 3092 et
1079 3038 1428 3108 laquearibus
1455 3082 1470 3105 ,
1520 3039 1572 3092 in
1617 3052 1710 3093 or-

103 3144 372 3200 ganorum
404 3129 762 3198 omniumque
815 3129 1152 3184 musicorum
1192 3130 1467 3200 tympanis
1498 3138 1553 3184 et
1581 3143 1709 3184 can-

1799 1910 1944 1967 Deus
1975 1914 2040 1966 iis
2067 1914 2158 1984 qui
2191 1913 2426 1984 diligunt
2451 1915 2602 1971 illum
2633 1917 2654 1990 (
2681 1916 2859 1973 leuior.
2891 1934 3045 1988 LXIV;
3079 1920 3095 1974 Ι
3123 1920 3246 1976 Cor.
3297 1922 3406 1995 ιι).

1799 2005 1884 2062 Ad
1913 2008 2050 2064 hanc
2086 2007 2400 2065 felicitatem
2460 2012 2648 2066 multis
2693 2013 2884 2068 saeculi
2926 2013 3136 2070 divitiis
3199 2016 3410 2070 consti-

1800 2109 1956 2168 patus
2003 2099 2173 2154 David
2201 2100 2516 2166 anhelabat,
2572 2117 2695 2157 cum
2752 2103 3005 2161 diceret:
3064 2104 3206 2174 Quid
3249 2105 3399 2161 enim

1801 2191 1935 2247 mihi
1977 2201 2061 2247 est
2116 2193 2170 2248 in
2215 2195 2480 2250 cmlozet
2511 2211 2540 2250 a
2593 2205 2646 2252 te
2703 2197 2832 2267 quid
2876 2198 3026 2254 volui
3076 2214 3243 2270 super
3297 2210 3416 2256 ter-‘

1802 2301 1916 2341 ram
1948 2284 2129 2357 (Psal.
2163 2303 2308 2342 Lxxu
2335 2287 2376 2358 ).
2409 2288 2589 2342 Multis
2615 2299 2670 2344 et
2719 2291 3015 2361 regalibus,
3065 2291 3296 2361 dapibus
3355 2301 3413 2347 et

1807 2379 2182 2449 voluptatibus
2210 2380 2332 2435 aliis
2366 2380 2698 2450 abundabat,
2734 2390 2792 2436 et
2824 2383 3180 2438 nihilominus
3209 2385 3416 2440 clama-

1807 2472 1936 2526 bat:
1971 2472 2228 2527 Satiabor
2257 2488 2377 2528 cum
2408 2474 2734 2544 apparuerit
2752 2475 2886 2530 mihi
2913 2477 3089 2546 gloria
3120 2486 3207 2530 tua
3231 2475 3409 2548 (Ptol.

1808 2564 1955 2637 xvi).
1983 2571 2040 2620 et
2063 2581 2279 2620 rursum
2306 2584 2318 2620 :
2351 2565 2536 2620 Sitivit
2559 2566 2738 2622 anima
2773 2585 2893 2624 mea
2926 2567 2994 2624 ad
3018 2569 3187 2624 Deum
3217 2569 3415 2624 fortem

1809 2660 2016 2724 vivum,
2077 2660 2296 2730 quando
2333 2661 2550 2716 veniam
2603 2673 2658 2715 et
2714 2663 2991 2734 apparebo
3040 2672 3167 2718 ante
3221 2661 3414 2718 faciem

1810 2750 2111 2823 Dei(Psal.
2159 2768 2245 2807 xu
2270 2753 2323 2824 )?
2364 2768 2697 2824 rursumque
2736 2772 2750 2808 :
2801 2754 2904 2809 Hei
2938 2755 3071 2810 mihi
3103 2756 3232 2826 quia
3265 2756 3418 2810 inco-

1811 2843 2144 2920 latusmeus
2200 2845 2555 2916 prolongatus
2613 2854 2698 2901 est
2735 2845 2924 2916 (Psal.
2967 2845 3136 2919 cxrx).
3189 2847 3324 2902 Iliuc
3362 2857 3419 2902 et

1809 2935 2005 2991 Paulus
2035 2937 2355 3006 apostolus:
2393 2938 2760 3005 Desideriutn,
2794 2939 2992 3010 inquit,
3042 2940 3250 2995 habens
3296 2925 3410 2996 dis-

1812 3027 1975 3094 solvi,
2001 3037 2057 3083 et
2089 3045 2211 3084 cum
2244 3029 2467 3085 ChriSto
2494 3044 2618 3086 esse
2648 3032 2816 3086 multo
2849 3033 3044 3087 melius
3072 3031 3091 3104 (
3120 3031 3320 3103 Philip.
3349 3033 3412 3106 ι).

1815 3118 1911 3175 Ι-Ιὶε
1952 3120 2134 3190 itaque
2195 3120 2468 3184 decursis,
2513 3136 2838 3192 quamquam
2893 3125 3058 3178 multa
3115 3125 3418 3194 pranermi-

105 3222 273 3287 tibus,
309 3231 368 3277 et
399 3221 453 3276 in
489 3223 780 3278 mulierum
813 3223 1060 3278 venustis
1105 3223 1436 3292 aspectibus,
1493 3238 1712 3277 earum-
1740 3227 1786 3291 α
1816 3215 2005 3284 serim,
2036 3225 2240 3279 tamen,
2297 3222 2355 3269 ut
2395 3214 2527 3269 mihi
2556 3216 2796 3286 videtur,
2851 3215 3024 3272 hostis
3058 3218 3235 3272 nostri
3257 3217 3422 3274 fortia

104 3331 208 3384 que
236 3315 550 3385 superciliis
580 3324 636 3370 et
671 3315 940 3377 crinibus,
967 3315 1145 3370 oculis
1167 3326 1220 3370 et
1246 3317 1422 3385 genis,
1468 3326 1709 3385 gutture,

106 3406 286 3475 labiis,
321 3416 381 3462 et
412 3407 690 3473 manibus,
724 3418 891 3477 atque
923 3407 1042 3461 aliis
1067 3407 1421 3462 extrinsecus
1454 3405 1712 3462 adhibitis

104 3501 477 3568 ornamentis,
505 3501 765 3555 nimirum
786 3516 924 3555 auro
953 3510 1006 3555 et
1032 3501 1266 3569 gemmis
1295 3499 1568 3554 distinctis
1598 3513 1715 3554 mo-

106 3592 332 3662 nilibus,
361 3600 418 3647 et
460 3594 676 3648 caeteris
710 3592 1043 3664 huiusmodi,
1081 3609 1200 3662 qua:
1235 3593 1552 3664 singillatim
1589 3607 1715 3647 seu-

105 3696 198 3739 sus
227 3683 399 3740 modo
431 3684 677 3741 recolere
702 3701 807 3740 non
838 3694 1039 3755 potest.

371 3779 480 3835 Sed
507 3781 724 3836 caelestis
747 3797 895 3835 amor
921 3781 1105 3849 patrita
1131 3780 1405 3852 respondet
1441 3797 1457 3834 :

177 3872 234 3928 Si
262 3883 315 3928 te
338 3872 443 3928 ista
461 3889 584 3943 qua:
608 3873 710 3929 sub
741 3873 882 3930 casio
900 3882 1047 3940 sunt,
1079 3873 1214 3928 adeo
1242 3874 1588 3939 placent,cur
1607 3889 1714 3929 non

107 3969 281 4038 magis
308 3981 374 4023 ea
403 3982 526 4038 qua:
559 3968 610 4022 in
631 3969 773 4024 coelo
795 3978 942 4031 sunt,
975 3977 1027 4022 te
1054 3967 1363 4022 oblectant?
1387 3967 1443 4024 Si
1469 3982 1659 4024 carcer
1685 3983 1716 4023 a

111 4068 162 4117 te
181 4062 318 4118 tanti
336 4062 655 4130 aestimatur,
673 4063 866 4134 patria,
887 4062 1094 4128 civitas,
1110 4073 1162 4116 et
1175 4072 1373 4132 quanta
1391 4072 1473 4117 est
1486 4065 1508 4116 ?
1521 4063 1573 4118 Si
1595 4064 1720 4117 talia

1814 3319 2016 3374 castra,
2047 3310 2245 3380 quibus
2275 3309 2364 3382 pie
2410 3310 2661 3366 viventes
2709 3312 2760 3365 in
2806 3312 3025 3367 Christo
3073 3327 3178 3368 non
3220 3311 3425 3368 desiuit

1815 3403 2159 3473 impugnare,
2190 3417 2350 3473 quam
2383 3403 2625 3458 breviter
2667 3403 3070 3460 demonstravi.
3112 3405 3276 3473 Ecce,
3311 3405 3424 3460 fra-o

1816 3506 1900 3552 ter
1951 3496 2302 3562 charissime,
2347 3495 2492 3551 inter
2536 3505 2768 3551 caeteras
2825 3512 2974 3552 meas
3028 3499 3424 3567 occupationes

1818 3591 1962 3647 hunc
2012 3587 2105 3641 tibi
2153 3603 2469 3643 sermonem
2523 3588 2804 3643 nocturnis
2862 3589 3032 3657 horis,
3063 3589 3263 3643 inculta
3297 3589 3425 3645 licet

1821 3690 2130 3750 venustate,
2156 3681 2352 3737 dictavi
2383 3689 2545 3749 atque
2576 3680 2918 3748 conscripsi:
2949 3695 3110 3750 quem
3138 3680 3266 3748 quia
3306 3679 3423 3750 epi-

1818 3776 2084 3833 stolarum
2140 3773 2410 3830 excedere
2442 3770 2661 3826 modum
2686 3770 2938 3839 cognovi,
2970 3770 3211 3825 libellum
3243 3771 3422 3841 potius

1821 3869 1890 3926 de
1921 3868 2178 3923 vitiorum
2232 3865 2608 3933 virtutumque
2641 3861 2899 3918 conﬂictu
2947 3877 3261 3932 nuncupare
3303 3878 3422 3918 ma-

1823 3964 1896 4020 lui
1932 3980 1944 4016 :
1980 3963 2030 4016 in
2063 3975 2170 4030 quo
2193 3959 2239 4013 si
2269 3957 2653 4013 aediﬁcationis
2670 3954 2879 4025 aliquid
2907 3956 3201 4025 repereris,
3226 3963 3282 4010 et
3303 3954 3426 4010 aliis

1825 4060 2004 4129 ipsum
2034 4054 2327 4126 legendum
2359 4052 2573 4108 tradere
2614 4051 2850 4106 curabis.

117 4173 3429 4206 _____________________________________________________________.

1551 4317 1767 4378 LIBRI
1811 4314 1974 4379 DUO

597 4457 836 4578 DE
929 4451 2026 4586 VOCATIONE
2124 4452 2954 4582 GENTIUM.

1321 4781 1666 4872 LIBER
1739 4785 2227 4871 PRIMUS.

1613 4962 1964 4980 ﬂ

652 5091 882 5150 CAPUT
930 5089 1223 5148 PRIMUM.

121 5191 207 5247 De
257 5189 547 5263 quastione
591 5189 730 5242 inter
759 5186 1056 5256 defensores
1102 5185 1254 5239 liberi
1284 5185 1486 5239 arbitrii
1526 5192 1574 5238 et
1605 5197 1742 5253 prae—

198 5286 467 5340 dicatores
497 5282 683 5356 gratia:
736 5289 983 5346 tractata,
1039 5279 1202 5350 deque
1243 5295 1398 5350 scopo
1455 5295 1516 5330 ac
1563 5277 1746 5331 ordine

206 5389 468 5433 auctoris.

201 5473 365 5528 Inter
394 5469 721 5524 defensores
769 5465 933 5524 liberi
973 5463 1186 5520 arbitrii
1234 5471 1291 5519 et
1352 5461 1740 5532 praedicatores

126 5566 330 5639 gratiae
364 5564 493 5632 Dei,
531 5578 730 5632 magna
751 5571 804 5616 et
830 5559 1074 5617 dil’licilis
1105 5558 1307 5614 dudum
1344 5558 1576 5612 vertitur
1599 5571 1748 5626 qua:-

131 5661 269 5715 stio.
307 5658 590 5725 Quterilur
617 5657 762 5713 enim
790 5667 974 5712 utrum
1001 5653 1138 5710 velit
1167 5654 1316 5708 Deus
1340 5667 1530 5706 omnes
1570 5650 1745 5706 homi-

135 5771 245 5813 ues
279 5757 464 5810 salvos
489 5753 632 5809 ﬁeri.
660 5753 728 5808 Et
759 5753 887 5823 quia
911 5749 1101 5820 negari
1132 5749 1235 5803 hoc
1267 5762 1374 5802 non
1404 5754 1620 5817 potest:
1651 5759 1747 5799 cur

136 5851 409 5907 voluntas
456 5848 865 5921 Omnipoteutis
917 5861 1028 5903 non
1059 5844 1389 5915 impleatur,
1425 5839 1742 5912 inquiritur.

1759 5086 2084 5158 DCumque
2129 5087 2235 5144 hoc
2283 5085 2588 5144 secundum
2619 5087 2932 5143 voluntates
2982 5083 3268 5140 hominum
3321 5081 3440 5142 ﬁeri

1850 5180 2127 5247 videatur,
2160 5180 2339 5252 gratia
2383 5178 2599 5235 videtur
2624 5178 2843 5235 excludi
2875 5177 3057 5248 (Rom.
3089 5177 3204 5246 :1):
3252 5191 3376 5246 quae
3401 5177 3454 5234 si

1859 5275 2071 5331 meritis
2093 5275 2372 5344 redditur,
2397 5283 2617 5329 constat
2647 5289 2766 5327 eam
2793 5287 2903 5326 non
2934 5271 3139 5326 donum
3171 5284 3320 5337 esse,
3357 5271 3458 5328 sed

1852 5368 2118 5424 debitum.
2168 5367 2324 5424 Unde
2353 5367 2553 5421 iterum
2607 5363 2895 5434 quaeritur,
2921 5378 3020 5417 cur
3069 5361 3172 5417 hoc
3216 5360 3460 5432 donum,

1858 5464 1980 5518 sine
2009 5478 2118 5534 quo
2141 5477 2305 5518 nemo
2330 5461 2517 5515 salvus
2545 5467 2651 5521 est,
2684 5455 2754 5511 ab
2797 5470 2864 5509 eo
2914 5455 3004 5524 qui
3035 5469 3230 5512 omnes
3257 5455 3460 5512 salvari

1856 5554 1996 5622 vult,
2055 5569 2164 5609 non
2197 5552 2458 5609 omnibus
2505 5546 2844 5604 conferatur.
2878 5546 3060 5618 Atque
3111 5549 3186 5604 ita
3236 5558 3460 5605 contra-

1857 5648 2058 5704 riarum
2093 5643 2528 5717 disputationum
2583 5640 2764 5695 nullus
2815 5640 3090 5696 terminus
3140 5642 3460 5711 reperitur,

1858 5742 1986 5799 dum
2018 5759 2124 5797 non
2151 5737 2487 5796 discernitur
2536 5734 2667 5806 quid
2697 5733 3077 5804 manifestum,
3107 5735 3234 5807 quid
3268 5737 3341 5790 sit
3368 5750 3464 5792 oc-

1857 5841 2064 5895 cultum
2092 5837 2135 5907 (l
2163 5836 2302 5890 Tim.
2332 5835 2415 5902 ιι).
2442 5830 2520 5888 De
2543 5828 2647 5886 hac
2683 5829 2848 5899 igitur
2877 5829 3310 5902 compugnautia
3345 5828 3468 5900 opi-
