3958 6314
562 248 705 317 1075

1607 239 1955 310 APPENDIX
1999 243 2091 309 AD
2127 240 2361 309 MM
2401 243 2460 302 Β.
2505 243 2851 303 AHBROSII.

3646 252 3763 312 I038

562 362 816 439 nionum,
872 376 976 435 qua
1019 373 1277 428 mensura
1309 366 1363 414 et
1395 358 1757 430 temperantia
1812 357 2165 421 sentiendum
2196 358 2249 429 Α
2276 357 2345 413 tis
2372 357 2586 428 legibus
2618 365 2963 428 temperent,_
2983 357 3117 413 nihil
3147 372 3309 428 supra
3341 362 3597 425 11101100οω
3618 366 3765 437 gloria

569 455 661 523 sit,
693 463 961 529 quantum
1005 454 1265 523 psiminus
1297 452 1588 523 adjuverit,
1621 451 1840 517 adnitar
1864 452 2167 524 inquirere,

570 562 841 615 exercens
865 555 1029 618 atque
1064 545 1371 615 discutiens
1400 545 1681 609 modulum
1716 544 1996 609 facultatis
2034 560 2173 603 mete

571 640 627 707 in
655 640 721 705 iis
753 655 877 711 quae
904 638 1062 705 cordi
1091 653 1215 703 meo
1246 637 1432 703 sobrie
1461 638 1748 712 (quantum
1780 637 2046 709 arbitror)
2089 639 2175 697 iu-

573 735 891 801 lncserunt:
941 741 1002 795 ut
1031 733 1077 787 si
1107 732 1159 801 in
1202 745 1294 799 eas
1340 730 1555 803 regulas
1588 731 1924 801 processerit
1972 729 2171 802 stylus,

571 842 695 897 quae
720 826 853 893 nihil
881 824 1230 897 oﬂ‘ensionis,
1262 825 1402 893 nihil
1426 824 1666 889 habeant
1692 825 2019 895 pravitatis:
2065 840 2172 883 non

571 920 750 989 solum
781 920 973 988 nobis,
1004 919 1101 985 sed
1132 928 1186 975 et
1229 919 1351 984 aliis
1383 919 1521 983 utile
1566 920 1637 977 sit
1679 919 1745 983 ad
1796 919 2032 990 aliquem
2072 933 2173 981 nos

569 1013 803 1079 limitem
835 1012 1180 1085 pervenisse,
1213 1026 1378 1082 quem
1409 1026 1517 1076 non
1548 1012 1847 1075 debeamus
1880 1012 2167 1071 excedere.

571 1108 833 1169 Primitus
865 1107 1048 1178 itaque
1076 1106 1145 1167 de
1192 1106 1493 1165 voluntatis
1541 1105 1794 1167 humana:
1836 1104 2071 1165 motibus
2118 1112 2175 1161 et

567 1200 828 1269 gradibus
857 1197 1249 1271 disputandum
1291 1207 1396 1263 est.
1447 1197 1594 1261 Inter
1625 1213 1787 1268 quam
1835 1206 1892 1253 et
1937 1197 2173 1266 gratiam

571 1293 669 1351 Dei
703 1291 1068 1365 quorumdam
1099 1307 1209 1357 non
1233 1306 1361 1351 sana
1387 1289 1651 1357 discretio
1695 1298 1804 1350 est,
1847 1290 2175 1349 existiman-

575 1387 710 1455 tium
736 1385 881 1458 quod
910 1385 1307 1458 prauiieatiunc
1334 1386 1526 1456 gratia:
1554 1385 1788 1449 liberum
1821 1392 2049 1456 negetur
2088 1400 2176 1440 ar-.-

573 1482 829 1553 bitt-ium,
856 1497 958 1539 nec
986 1481 1388 1547 advertentium
1422 1480 1615 1541 eadem
1648 1480 1834 1550 regula
1880 1480 1984 1537 sibi
2012 1494 2175 1549 posse

574 1575 742 1646 objici
776 1575 923 1648 quod
949 1575 1184 1649 gratiam
1216 1584 1441 1649 negent,
1472 1588 1595 1636 cum
1631 1588 1752 1631 eam
1787 1573 2038 1635 immanm
2077 1588 2178 1629 vo-

582 1669 813 1736 luntatis
838 1685 945 1737 non
979 1669 1175 1731 ducem
1216 1668 1405 1729 volunt
1452 1682 1596 1736 esse,
1632 1666 1730 1727 sed
1782 1668 2060 1725 comitem.
2112 1667 2172 1723 8i

2280 454 2602 522 temporalis
2627 452 2936 524 acquirunt.
2989 454 3203 508 Etcum
3232 464 3515 525 prasentcta
3533 459 3674 515 vitam
3696 462 3767 518 de-

2277 556 2468 605 center
2497 559 2771 613 exornent
2793 589 2808 613 ,
2836 555 3057 603 :rternm
3112 557 3292 602 tamen
3324 547 3620 606 beatitudinis
3661 570 3769 622 pra-

2277 640 2447 699 mium
2470 656 2576 699 non
2607 639 2810 701 habent
2837 659 2850 695 :
2878 641 3003 711 quia
3036 648 3217 701 rectas
3245 640 3463 703 actiones
3482 652 3524 697 et
3553 644 3770 702 110110111-

2278 733 2365 791 dia
2398 748 2497 793 sua
2540 748 2646 793 non
2676 733 2744 793 ad
2792 732 2911 803 ejus
2942 732 3164 789 laudem
3194 741 3352 804 atque
3399 734 3621 792 honorem
3658 738 3769 795 refe.

2277 839 2426 895 runt,
2458 844 2489 884 a
2515 844 2622 898 qun
2651 836 3008 899 acceperunt,
3058 835 3117 883 ut
3169 826 3228 882 in
3257 827 3366 897 ipsa
3391 829 3582 885 animali
3611 831 3775 889 diaere-

2280 922 2427 977 tione
2480 920 2773 979 sublimius
2818 930 3102 990 saperent,
3157 929 3217 976 et
3245 921 3570 978 excellentius
3607 926 3775 982 ceteris

2277 1014 2670 1075 enitescercnt.
2701 1013 2841 1069 Cum
2872 1011 3020 1071 enim
3042 1011 3263 1083 quidam
3289 1027 3389 1069 11011
3410 1014 3563 1071 solun
3581 1016 3637 1070 ad
3658 1017 3775 1073 lasti-

2279 1118 2392 1169 tuta
2426 1107 2842 1167 utilissimarum
2873 1106 3100 1178 artium,
3146 1115 3205 1164 et
3247 1106 3502 1164 doctrinas
3527 1109 3773 1167 liberalia

2278 1201 2715 1272 disciplinarum,
2751 1202 2855 1258 sed
2883 1201 3056 1261 etiam
3103 1201 3175 1257 ad
3209 1201 3583 1273 inquisitionem
3629 1209 3775 1261 mni

2277 1293 2409 1359 boni
2429 1296 2602 1352 aciem
2624 1295 2825 1351 mentis
2842 1293 3201 1361 intenderim,
3231 1305 3284 1349 et
3310 1293 3573 1359 invisibilia
3596 1298 3693 1363 Dei,
3709 1314 3779 1369 per

2277 1403 2339 1449 ea
2368 1404 2489 1457 qua:
2516 1387 2658 1445 facta
2703 1396 2850 1453 sunt,
2886 1388 3164 1451 intellecta
3193 1387 3577 1458 eeaspeasriat,
3611 1404 3696 1443 aea
3735 1404 3776 1442 1ο

2276 1493 2470 1555 gentes
2493 1486 2703 1556 gratias
2732 1492 2914 1539 tamen
2946 1483 3082 1551 Deo,
3117 1498 3218 1539 nec
3239 1484 3535 1540 catulitcntes
3553 1483 3683 1543 11111111
3703 1485 3779 1541 sibi

2279 1590 2406 1632 esse
2438 1576 2599 1648 hujus
2631 1575 2906 1632 facultatis
2936 1584 3249 1645 auctorem,
3280 1575 3370 1631 sed
3395 1576 3607 1632 dicentes
3627 1592 3778 1634 seesse

2280 1670 2580 1741 sapientes,
2610 1670 2715 1726 hoc
2745 1679 2851 1737 est,
2902 1684 3013 1725 non
3042 1669 3098 1725 in
3145 1671 3277 1738 Deo,
3306 1670 3397 1725 sed
3443 1672 3490 1725 in
3535 1672 3779 1742 semetipsis

579 1764 727 1825 enim
762 1764 973 1829 tollitur
1003 1764 1281 1834 voluntas,
1328 1763 1415 1818 ubi
1446 1762 1565 1835 ipsa
1612 1771 1696 1820 est
1723 1778 1977 1821 verarum
2021 1763 2177 1833 origo
2206 1762 2257 1836 Β
2283 1762 2607 1834 gloriantes,
2631 1765 2786 1835 quasi
2817 1765 2884 1820 ad
2915 1765 3167 1820 veritatis
3194 1764 3561 1835 inspectionem
3583 1766 3676 1820 suis
3700 1775 3781 1821 sta-

574 1858 895 1924 virtuttttu?
925 1858 985 1925 Si
1014 1859 1226 1923 tollitur
1263 1859 1460 1930 gratia,
1508 1858 1599 1915 ubi
1638 1860 1755 1931 ipsa
1779 1867 1863 1915 est
1904 1860 2173 1915 bonorum

575 1967 738 2015 causa
767 1954 1135 2015 meritorum?

1225 2068 1454 2127 CAPUT
1481 2068 1547 2125 il.

573 2186 655 2242 De
684 2188 953 2242 voluntate
993 2186 1237 2240 humana:
1284 2186 1507 2253 1111111110,
1560 2195 1607 2240 et
1652 2184 1935 2257 qttotuplea:
1964 2184 2031 2241 ait
2080 2183 2176 2239 illa

644 2283 887 2335 voluntas
920 2296 939 2334 :
968 2287 1075 2333 tum
1113 2278 1254 2349 quod
1283 2276 1423 2332 Deus
1448 2294 1731 2350 numquam
1769 2293 1873 2332 non
1905 2277 2175 2333 hominum

646 2375 1004 2431 universorum
1032 2389 1211 2427 curam
1233 2382 1375 2444 agat.

645 2514 754 2573 Sed
805 2515 941 2585 jam,
989 2512 1290 2571 auxiliante
1328 2510 1584 2577 Christo,
1643 2510 1789 2581 quod
1831 2506 2173 2575 tractandum

573 2610 957 2679 concepimus,
1010 2606 1358 2673 inchoamus.
1416 2604 1580 2661 Omni
1632 2603 1831 2659 animus
1885 2601 2182 2667 humanm,

575 2713 838 2776 quantum
869 2702 1183 2773 intelligere
1207 2712 1372 2772 atque
1400 2699 1641 2772 experiri
1675 2699 1872 2764 datur,
1907 2699 2175 2754 naturali.-

575 2811 664 2855 ter
688 2800 1106 2871 qualiscumque
1131 2801 1271 2856 inest
1306 2800 1594 2855 voluntas:
1639 2815 1743 2870 qua
1771 2809 1864 2856 aut
1898 2801 2177 2872 appetitur

573 2896 717 2966 quod
749 2895 958 2967 placet,
1008 2903 1104 2951 aut
1133 2896 1443 2951 declinatur
1492 2895 1637 2965 quod
1675 2894 1952 2966 displicet.
2004 2894 2176 2964 llnjus

576 2988 900 3056 voluntatis,
937 2998 1205 3057 quantum
1237 2988 1303 3042 ad
1334 2988 1643 3042 naturalem
1677 2987 1917 3056 pertinet
1940 2995 2172 3053 motum,

574 3089 631 3135 et
658 3095 724 3136 ex
751 3082 886 3139 vitio
919 3081 1106 3150 prima:
1138 3079 1610 3150 prmvaricatimtis
1635 3080 1930 3148 inﬁrmum,
1962 3094 2170 3152 genera

2279 1856 2384 1912 diis
2439 1865 2608 1927 atque
2657 1856 2962 1919 rationibus
2994 1858 3477 1927 propinquassent,
3514 1868 3779 1919 evanuerunt

2280 1950 2334 2007 in
2353 1950 2784 2022 cogitationibus
2805 1951 2921 2006 suis
2950 1950 3128 2022 (110111.
3160 1952 3223 2021 1).
3247 1951 3312 2006 Et
3334 1951 3486 2021 quod,
3510 1952 3782 2011 illuminari!

2280 2044 2373 2099 Dei
2404 2043 2602 2115 gratia,
2634 2045 2975 2112 invenerant,
3000 2044 3324 2107 obcmcante
3349 2046 3599 2116 superbia,
3641 2046 3781 2116 perdi.

2280 2137 2519 2198 derunt:
2553 2136 2755 2209 relapsi
2790 2156 2819 2194 a
2864 2153 3103 2208 superna
3137 2138 3261 2194 luce
3311 2138 3376 2201 ad
3421 2139 3643 2193 tenebras
3673 2154 3781 2205 suas,

2279 2231 2384 2290 hoc
2404 2242 2520 2301 est,
2551 2232 2620 2289 ab
2664 2232 3101 2288 incommutabili
3148 2242 3317 2304 atque
3358 2242 3543 2293 1111011111
3584 2233 3705 2286 1111110
3736 2232 3785 2287 ad

2280 2325 2597 2383 mutabilem
2625 2326 3156 2398 corruptibilemqne
3180 2315 3442 2382 naturam.
3465 2326 3585 2380 Cum
3610 2335 3785 2394 ergata—

2282 2418 2363 2475 ics
2393 2419 2725 2477 iii-antorem
2746 2418 2832 2475 sui
2863 2417 3144 2487 recidunt,
3176 2432 3226 2474 et
3255 2419 3326 2474 ita
3357 2418 3557 2475 sibimet
3591 2416 3784 2488 placeat,

2281 2523 2337 2567 ut
2367 2521 2541 2569 totum
2569 2512 2714 2584 quod
2742 2513 2793 2567 in
2821 2526 2882 2569 se
2910 2511 3188 2569 laudabile
3208 2513 3464 2583 judicent,
3493 2526 3588 2568 11011
3612 2508 3788 2569 11ὐὰοη

2281 2606 2382 2667 Dei
2414 2607 2679 2674 referant,
2714 2605 2811 2662 sed
2834 2605 2939 2662 sibi
2969 2606 3292 2683 vendicent,
3334 2614 3384 2664 et
3412 2604 3576 2661 studio
3609 2603 3787 2673 proprie

2280 2702 2577 2757 Voluntatis
2603 2701 2903 2765 ascribant,
2930 2701 3120 2772 procul
3145 2701 3214 2756 ab
3244 2701 3333 2757 illa
3363 2700 3575 2772 spiritali
3597 2698 3789 2755 cassias!

2280 2798 2584 2865 voluntate,
2617 2806 2673 2852 et
2703 2796 2837 2852 nihil
2877 2796 2930 2850 in
2958 2811 3021 2851 se
3052 2794 3258 2851 habent
3302 2812 3402 2866 quo
3429 2796 3489 2848 ad
3528 2793 3676 2847 vitam
3702 2808 3791 2861 pre-

2278 2891 2551 2948 vebantur
2573 2902 2858 2956 aeternam,
2890 2890 3223 2961 incipientes
3254 2890 3306 2945 in
3345 2887 3628 2957 semetipsis
3666 2888 3791 2940 etia-

2280 2986 2369 3041 illa
2403 2987 2520 3058 ipsa
2556 2986 2872 3056 temporalia
2904 2984 2999 3040 Dei
3022 2984 3168 3041 dona
3190 2999 3548 3055 corrumpere,
3571 2994 3620 3037 et
3646 2980 3792 3037 abem

2278 3096 2469 3135 eorum
2486 3097 2587 3135 usu
2600 3081 2653 3137 iu
2670 3078 3120 3135 consuetudinem
3137 3078 3598 3143 innumerabilium
3610 3076 3794 3130 tramite

570 3182 700 3228 sunt
727 3172 858 3239 duo,
892 3171 1194 3229 secundum
1222 3190 1343 3242 quae
1384 3172 1637 3227 voluntas
1668 3172 1904 3228 hominis
1930 3183 2024 3228 aut
2048 3189 2173 3230 0011-
2202 3152 2249 3219 C
2282 3176 2559 3230 vitiorum.
2591 3175 2852 3244 Quamvis
2873 3174 3019 3228 enim
3048 3173 3315 3245 scriptum
3342 3174 3407 3227 sit
3435 3169 3611 3243 (Deut.
3645 3167 3791 3241 11111),

576 3267 770 3335 suaiis,
815 3275 908 3321 aut
934 3266 1189 3322 animalis
1220 3278 1321 3322 est.
1358 3266 1463 3323 Sed
1486 3281 1607 3320 eum
1652 3266 1803 3327 adest
1829 3268 2002 3337 gratia
2051 3268 2169 3334 Dei,

574 3358 787 3417 accedit
808 3359 857 3413 ei
886 3373 986 3430 per
1006 3359 1211 3414 denunt
1236 3358 1475 3428 Spiritus
1502 3358 1722 3413 tertium
1753 3375 1942 3430 genus,
1968 3367 2026 3415 ut
2044 3374 2173 3429 pos-

573 3452 648 3508 sit
676 3452 795 3507 ﬁeri
825 3451 1118 3525 spiritalis,
1162 3464 1217 3507 et
1248 3468 1345 3524 per
1390 3452 1534 3505 bu’nc
1564 3453 2015 3508 exeollontiorem
2055 3468 2172 3507 mo-

571 3556 685 3602 tum
718 3562 914 3603 omnes
944 3546 1177 3605 ail‘ectus
1235 3547 1620 3618 undecumque
1647 3557 1939 3602 nascentes
1981 3561 2171 3615 super-

572 3656 656 3703 me
680 3639 910 3696 rationis
933 3642 1054 3713 lege
1077 3640 1362 3712 dijudicet.
1387 3638 1676 3695 Sensualis
1710 3641 1872 3712 igitur
1893 3642 2166 3711 voluntas,

571 3752 735 3808 quam
767 3745 829 3792 et
855 3737 1137 3792 carnalem
1180 3749 1474 3807 possumus
1524 3734 1739 3805 dicere,
1787 3754 1894 3792 non
1942 3738 2171 3809 erigitur

570 3843 737 3899 supra
768 3844 892 3885 eum
926 3837 1138 3884 motum
1169 3829 1260 3899 qui
1304 3827 1376 3883 de
1405 3829 1660 3899 corporis
1692 3829 1949 3884 sensibus
1993 3830 2170 3885 nasci-

568 3932 677 3989 tur,
727 3924 905 3995 qualis
955 3934 1037 3978 est
1093 3923 1148 3978 in
1191 3921 1387 3978 animis
1438 3922 1833 3994 parvulorum:
1891 3924 1981 3993 qui
2041 3924 2169 3979 licet

564 4024 720 4080 nullo
745 4022 956 4094 judicio
987 4022 1217 4077 rationis
1255 4030 1499 4087 utantur,
1535 4020 1834 4075 ostendunt
1865 4030 2045 4076 tamen
2069 4021 2169 4077 ali—

562 4118 697 4189 quid
727 4133 786 4172 se
813 4117 980 4183 velle,
1005 4115 1210 4188 aliquid
1241 4116 1409 4183 nolle,
1436 4130 1557 4170 cum
1585 4114 1842 4181 videndo,
1871 4114 2164 4182 audiendo,

565 4209 875 4277 odorando,
896 4209 1190 4280 gustando,
1214 4208 1520 4279 tangendo,
1565 4218 1619 4263 et
1649 4224 1712 4262 ea
1753 4207 1953 4278 quibus
1978 4207 2168 4273 delec-

565 4314 756 4361 tantur
784 4314 992 4370 amant,
1041 4311 1098 4358 et
1146 4317 1211 4359 ea
1255 4303 1453 4374 quibus
1506 4302 1857 4358 offenduntur
1910 4301 2164 4357 oderunt.

566 4399 710 4469 Quid
757 4408 938 4454 autem
982 4405 1066 4453 est
1121 4412 1331 4467 aptare,
1369 4397 1477 4457 nisi
1530 4397 1709 4467 velle!
1764 4405 1859 4467 aut
1902 4397 2037 4468 quid
2084 4406 2167 4467 est

566 4490 775 4556 odisse,
809 4489 913 4545 nisi
946 4488 1132 4544 nolle?
1166 4488 1382 4543 Habent
1414 4503 1548 4560 ergo
1575 4489 1740 4544 etiam
1765 4488 1871 4558 ipsi
1914 4488 2165 4543 volunta-

2277 3271 2423 3342 quod
2472 3286 2596 3326 cum
2652 3270 2970 3340 dispertiret
3026 3268 3292 3325 Excelsus
3336 3279 3532 3338 gentes,
3591 3266 3795 3336 quemd-

2277 3365 2499 3419 modum
2532 3364 2793 3434 dispersit
2818 3361 2960 3417 ﬁlios
2985 3361 3184 3428 Adam,
3219 3361 3406 3417 statuit
3427 3362 3671 3415 terminos
3700 3374 3795 3431 gen-

2277 3459 2410 3513 tium
2435 3456 2738 3512 secundum
2774 3471 3062 3511 numerum
3108 3456 3429 3528 angelorum
3460 3455 3564 3521 Dei,
3602 3469 3651 3510 et
3693 3454 3795 3508 lacu

2275 3563 2360 3608 est
2408 3552 2593 3621 portio
2640 3550 2850 3607 Domini
2910 3548 3139 3621 populus
3168 3551 3301 3621 ’cjus
3348 3550 3529 3614 Jacob,
3577 3547 3797 3605 funiculus

2276 3644 2612 3701 hscreditatis
2645 3643 2763 3713 ejus
2815 3641 3014 3698 Israel:
3064 3652 3120 3699 et
3173 3645 3437 3714 scriptum
3466 3644 3531 3699 sit
3567 3643 3795 3698 Dormitas

2274 3739 2457 3794 dicere
2480 3738 2547 3792 ad
2587 3736 2791 3793 israel:
2826 3737 2992 3794 Erilis
3025 3737 3158 3792 mihi
3183 3739 3379 3805 sancti,
3411 3737 3531 3809 quia
3567 3752 3657 3808 ego
3677 3751 3794 3791 sanc-

2276 3843 2361 3887 tus
2391 3846 2512 3887 sum
2539 3829 2802 3885 Dominus
2832 3830 2975 3885 Deus
3001 3841 3204 3898 vester,
3228 3831 3328 3901 qui
3360 3832 3629 3903 segregari
3665 3827 3795 3883 rosab

2273 3924 2530 3979 omnibus
2557 3924 2814 3994 gentibus
2849 3937 2974 3978 esse
2998 3922 3132 3978 1111111
3168 3922 3357 3995 (Leuit.
3391 3923 3511 3997 tu);
3536 3921 3797 3995 etquamris

2272 4020 2536 4092 scriptum
2592 4020 2663 4075 sit
2708 4019 2761 4074 in
2794 4018 2936 4073 libro
2969 4003 3193 4087 Esther,
3226 4019 3447 4079 dicente
3474 4019 3795 4077 hiemare:

2271 4113 2487 4170 Gratias
2516 4112 2638 4179 tibi,
2667 4108 3213 4197 Dominenquouiam
3247 4111 3424 4167 1001011
3462 4126 3593 4166 nova
3622 4113 3743 4181 signa
3762 4116 3795 4162 et

2271 4209 2520 4291 prodigia
2543 4254 2556 4277 ,
2592 4207 2773 4279 qualia
2819 4192 2945 4261 non'
2964 4216 3091 4261 sunt
3143 4204 3299 4275 1111³111,
3331 4210 3386 4267 in
3434 4192 3675 4277 gentibus
3699 4203 3789 4259 diri-

2234 4306 2407 4376 ,dens
2453 4318 2615 4359 omne
2660 4301 2919 4358 saeculum
2961 4300 3015 4354 in
3048 4312 3229 4356 sortes
3261 4300 3418 4368 duas,
3453 4301 3655 4372 elegisti
3682 4311 3796 4352 uasa

2270 4400 2458 4472 populi
2486 4398 2589 4477 tui,
2638 4397 2903 4481 reliquam
2931 4395 3053 4463 aliis
3083 4395 3341 4466 gentibus
3366 4395 3386 4469 (
3412 4394 3629 4458 Euhan,
3650 4410 3674 4447 x
3694 4391 3737 4465 );
3760 4400 3797 4445 et

2269 4494 2474 4550 Paulus
2500 4502 2554 4547 et
2582 4490 2860 4546 Barnabas
2888 4488 3109 4543 dicant:
3144 4488 3210 4542 Et
3229 4504 3331 4542 nos
3363 4488 3796 4547 mortalessumus,

565 4593 678 4640 lem
708 4598 885 4648 suam.
916 4598 1040 4653 quae
1066 4582 1170 4638 θίδί
1205 4581 1526 4652 Ρτονῖάεηάί
1554 4592 1605 4636 εί
1638 4582 1961 4638 consulendi
1988 4582 2167 4655 impos
2189 4553 2245 4619 Β
2270 4587 2477 4646 similes
2507 4584 2666 4640 vobis
2690 4584 2960 4647 homines,
2990 4583 3384 4637 annuntiantes
3406 4581 3572 4638 ‘vobis
3607 4578 3806 4647 conveni

565 4686 734 4749 atque
765 4677 954 4747 ignara
983 4676 1075 4740 sit,
1102 4674 1155 4728 in
1185 4674 1268 4729 his
1299 4683 1487 4731 tamen
1518 4682 1665 4729 amat
1694 4689 1862 4746 agerc
1893 4690 2012 4759 quze
2049 4691 2167 4735 car-

566 4771 654 4826 nis
680 4768 937 4825 sensibus
962 4767 1341 4834 blandiuntur,
1368 4768 1548 4824 donec
1584 4768 1740 4837 vigor
1772 4769 2053 4824 rationalis
2084 4772 2168 4825 in-

564 4863 715 4936 genii
746 4877 845 4933 per
889 4860 1191 4916 maturiora
1232 4859 1537 4916 ministeria
1570 4860 1819 4931 corporis
1871 4862 2162 4932 excitetur,

564 4966 621 5014 et
651 4957 719 5013 ad
744 4955 1123 5012 famulantium
1147 4954 1248 5008 sibi
1272 4956 1639 5010 membrorum
1665 4970 1822 5011 usum
1848 4972 1955 5011 non
1983 4959 2162 5014 alieno

562 5059 723 5120 nutu,
749 5050 845 5107 sed
870 5064 970 5106 sua
1000 5049 1119 5120 lege
1142 5056 1446 5103 moveatur.
1489 5049 1573 5104 Ah
1614 5049 1720 5105 hoc
1764 5066 1894 5122 ergo
1925 5054 2163 5109 censuali

566 5144 835 5216 appetitu,
853 5145 908 5200 in
928 5158 1037 5215 quo
1060 5151 1346 5201 remanent
1369 5141 1409 5197 ii
1436 5157 1573 5214 quos
1598 5143 1759 5198 etiam
1793 5145 1844 5201 in
1868 5146 2025 5200 annis
2048 5161 2161 5200 ma-

562 5238 773 5310 joribus
818 5238 1093 5295 excordes
1145 5238 1394 5294 videmus
1425 5245 1481 5293 et
1528 5236 1729 5307 futues,
1761 5238 1829 5293 ad
1868 5238 2159 5296 animalem

561 5332 805 5402 surgitur
836 5332 1209 5388 voluntatem:
1264 5345 1387 5401 quae
1436 5330 1755 5402 priusquam
1807 5332 2003 5402 spiritu
2060 5334 2159 5391 Dei

563 5435 780 5497 agatur,
802 5427 967 5481 etiam
992 5428 1037 5482 si
1071 5441 1238 5497 supra
1272 5426 1583 5484 sensualem
1617 5435 1827 5482 motum
1850 5442 1973 5483 sese
1998 5428 2160 5483 attol-

560 5518 682 5573 lere
705 5515 908 5586 potest:
934 5528 1116 5575 tamen
1135 5520 1256 5575 sine
1283 5522 1481 5575 summi
1511 5519 1716 5576 amoris
1745 5522 2159 5592 participatione

561 5595 618 5664 in
652 5609 893 5665 terrenis
933 5611 1285 5683 occiduisque
1341 5624 1606 5670 versatur.
1662 5614 1718 5667 ln
1770 5613 1870 5668 hac
1922 5616 2157 5669 humana

560 5702 727 5757 etiam
752 5701 1025 5772 'ingeaia,
1058 5702 1107 5759 si
1137 5717 1417 5774 corporeae
1445 5708 1717 5779 voluptati
1768 5721 1879 5763 non
1922 5707 2157 5775 turpiter

563 5795 825 5862 serviant,
850 5805 904 5853 01
933 5794 1264 5866 cupiditates
1292 5813 1417 5856 suas
1444 5800 1675 5871 iustitia:
1704 5809 1867 5872 atque
1898 5799 2153 5855 honesta-

2269 4682 2338 4736 ab
2360 4680 2449 4746 [iis
2477 4678 2631 4745 vanis
2660 4676 2730 4732 ad
2750 4677 2920 4732 Deum
2946 4676 3152 4744 v'ivum,
3185 4676 3275 4747 qui
3308 4675 3438 4741 fecit
3459 4676 3646 4733 01010111
3660 4682 3796 4732 01101.

2268 4788 2411 4835 ram,
2444 4780 2499 4827 et
2523 4784 2674 4825 mare
2697 4777 2752 4824 et
2780 4768 2963 4823 omnia
2988 4782 3110 4837 qua:
3137 4767 3191 4823 in
3218 4768 3301 4823 eis
3341 4778 3492 4837 sunt,
3515 4768 3600 4840 qui
3628 4769 3674 4824 in
3700 4781 3797 4838 pr:-

2270 4866 2450 4925 teritis
2472 4863 2923 4936 generationibus
2963 4861 3170 4917 dimisit
3201 4876 3400 4918 omnes
3428 4873 3615 4933 gentes
3637 4856 3797 4932 ingredi

2264 4962 2381 5017 vias
2404 4974 2534 5015 suas
2562 4954 2863 5031 (Act.xiv);
2901 4955 3154 5025 quamvis
3174 4947 3307 5026 ergo
3341 4956 3457 5011 iure
3497 4967 3550 5012 et
3582 4954 3725 5011 multa
3746 4952 3798 5007 si-

2267 5056 2413 5110 milia
2442 5053 2690 5109 veritatis
2738 5051 3008 5119 soriptura
3040 5050 3382 5119 pronuntiet,
3430 5048 3710 5104 secundum
3743 5045 3796 5114 ip-

2265 5165 2383 5205 sam
2416 5159 2595 5203 tamen
2618 5145 2896 5202 credimus
2938 5154 2993 5200 et
3042 5143 3293 5215 piissime
3318 5144 3656 5207 conﬁtemur,
3695 5138 3795 5213 qod

2266 5257 2561 5314 numquam
2596 5239 2939 5299 universitati
2979 5238 3261 5295 hominum
3308 5239 3517 5297 divina:
3559 5236 3794 5309 provideo

2263 5337 2352 5392 tiae
2383 5351 2511 5392 cura
2543 5333 2798 5391 defuerit.
2831 5331 2961 5401 Quae
2993 5331 3122 5387 licet
3147 5341 3443 5403 exceptum
3472 5332 3577 5388 sibi
3598 5330 3794 5403 populea

2262 5428 2594 5499 Specialibus
2631 5430 2697 5480 ad
2727 5425 2987 5495 pietatem
3016 5424 3287 5479 direxerit
3309 5426 3591 5493 institutis,
3616 5423 3796 5479 111111111-

2260 5538 2387 5579 111011
2422 5520 2624 5575 nationi
2652 5517 2932 5574 hominum
2957 5518 3218 5572 bonitatis
3247 5532 3365 5573 sua
3388 5518 3529 5577 dona
3549 5512 3793 5575 subtratit,

2261 5625 2320 5669 ut.
2346 5612 2694 5685 propheticas
2725 5625 2891 5666 voces
2921 5620 2977 5666 et
3002 5621 3279 5682 praecepta
3323 5610 3520 5683 legalia
3564 5608 3797 5667 COIwa

2259 5719 2449 5766 rentur
2475 5709 2529 5763 in
2552 5708 2956 5763 elementorum
2979 5705 3264 5777 obsequiis
3292 5721 3361 5763 ac
3396 5703 3709 5762 testimoniis
3732 5712 3796 5754 ae-

2258 5802 2491 5873 cepisse.
2519 5798 2676 5858 Unde
2695 5807 2752 5858 et
2777 5798 3187 5859 inexcusabiles
3229 5800 3361 5858 facti
3384 5810 3535 5870 sunt,
3565 5794 3796 5872 quidem
