3958 6314
76 330 208 391 1077

1147 321 1240 380 DE
1283 321 1673 384 VOCATIONE
1713 324 2026 384 GENTIUM
2064 328 2197 385 LIB.
2230 330 2270 386 l.

3227 331 3372 394 10Ἰὸ

73 449 171 510 sibi
205 447 297 504 Dei
347 445 485 504 dona
535 443 816 501 fecerunt:
877 450 932 498 et
973 457 1090 513 quae
1145 448 1337 497 creata
1389 450 1544 498 erant
1591 442 1658 498 ad
1689 448 2056 514 Aappareat,
2087 445 2254 500 altius
2296 445 2349 503 id
2407 461 2518 504 non
2568 448 2750 518 pigeat
2808 448 3111 517 inquirere.
3166 447 3370 508 Omnes

74 542 363 607 utendum,
394 539 640 595 venerati
665 545 792 594 sunt
825 536 890 592 ad
922 535 1240 593 colendum.
1279 533 1334 589 In
1375 549 1535 605 quam
1568 535 1668 589 im-

76 639 331 708 pietatem
357 633 517 688 etiam
543 632 634 688 illa
657 645 792 702 gens
819 645 982 700 quam
1005 629 1111 684 sibi
1142 628 1211 684 ab
1239 627 1498 684 omnibus
1527 642 1666 696 gen—

76 730 214 789 tibus
243 727 508 782 Dominus
538 723 872 794 segregavit,
900 732 1011 776 tota
1045 719 1359 784 transisset,
1412 718 1517 772 nisi
1567 717 1668 772 mi-

74 817 384 876 sericordia:
415 832 526 870 sua?
577 814 916 885 propositum
948 811 1325 868 sustentandis
1364 811 1665 866 electorum

74 911 316 981 lapsibus
350 907 755 979 prietendisset.
788 906 920 960 Nam
956 907 1131 974 plena:
1161 912 1288 960 sunt
1321 904 1528 974 pagina)
1570 917 1663 957 ve-

73 1004 206 1060 teris
229 999 563 1056 Testamenti
599 999 668 1054 de
693 998 1006 1054 Israeliticae
1034 994 1360 1052 defectionis
1389 995 1585 1058 relatu,
1611 1003 1666 1050 ut

75 1105 264 1165 aperte
290 1101 550 1163 appareat
578 1093 779 1148 divinae
807 1105 1023 1160 semper
1057 1090 1226 1144 fuisse
1267 1089 1480 1158 gratia},
1514 1088 1661 1158 quod

71 1207 180 1248 non
217 1188 396 1247 omnis
422 1187 516 1242 ille
539 1185 770 1255 populus
800 1185 1061 1240 discessit
1092 1201 1119 1236 a
1153 1185 1413 1242 Domino.
1445 1183 1523 1240 Ita
1564 1184 1668 1240 ltu-

73 1299 228 1338 mana
250 1292 438 1336 natura
459 1281 512 1336 in
543 1279 700 1349 primi
726 1277 962 1334 hominis
985 1277 1436 1347 praevaricatione
1453 1275 1664 1338 vitiata,

79 1377 240 1434 etiam
275 1376 414 1434 inter
445 1370 727 1436 beneﬁcia,
758 1371 901 1425 inter
935 1379 1211 1440 praecepta
1236 1377 1292 1424 et
1317 1369 1520 1424 auxilia
1547 1367 1669 1434 Dei,

78 1483 296 1539 semper
353 1467 407 1522 in
435 1465 762 1522 deteriorem
816 1472 904 1518 est
958 1462 1254 1533 proclivior
1301 1461 1668 1529 voluntatem,

71 1565 155 1619 cui
187 1560 475 1626 committi,
513 1576 622 1615 non
662 1568 748 1614 est
775 1557 924 1613 aliud
952 1573 1113 1628 quam
1142 1557 1366 1614 dimitti.
1401 1556 1526 1614 Haec
1562 1555 1668 1612 ita-

69 1675 172 1729 quc
225 1659 485 1712 voluntas
546 1669 702 1725 vaga,
739 1654 971 1722 incerta,
1027 1652 1320 1719 instabilis,
1379 1651 1668 1722 imperita,

70 1754 286 1814 infirma
317 1749 384 1808 ad
417 1748 788 1816 efﬁciendum,
824 1747 1003 1804 facilis
1027 1748 1094 1803 ad
1117 1747 1460 1813 audendum,
1498 1747 1550 1802 in
1579 1760 1673 1802 cu-

1772 533 2019 590 bomines
2047 535 2100 590 in
2133 537 2313 604 primo
2339 538 2563 595 homine
2595 540 2715 596 sine
2745 541 2882 595 vitio
2913 540 3121 599 conditi
3149 557 3371 609 sumus,

1766 636 1822 682 et
1844 641 2037 682 omnes
2066 637 2278 684 natura:
2307 642 2510 687 nostra)
2543 632 2979 691 incolumitatem
3005 634 3253 705 ejusdem
3279 635 3374 689 ιω.

1768 719 1931 774 minis
1963 723 2424 790 praevaricatione
2456 726 2822 793 perdidimus.
2852 727 2982 784 Inde
3011 739 3188 785 tracta
3226 744 3377 788 mor-

1767 813 1976 878 talitas,
2009 813 2139 869 inde
2169 815 2460 886 multiplex
2492 821 2741 889 corporis
2764 821 3049 891 animique
3067 823 3374 891 corruptio,

1765 903 1891 960 inde
1913 904 2222 974 ignorantia
2252 913 2307 960 et
2328 906 2666 978 difﬁcilitas,
2690 927 2838 968 cura;
2873 914 3132 980 inutiles,
3167 914 3376 972 illicita:

1763 997 2124 1068 cupiditates,
2158 999 2415 1070 sacrilegi
2445 1015 2694 1069 errores,
2745 1005 2908 1064 timor
2953 1022 3160 1076 vanus,
3215 1021 3370 1066 amor

1764 1094 1986 1159 noxius,
2017 1094 2216 1165 injuste
2246 1095 2464 1165 gaudia,
2497 1099 2810 1166 ptenitenda
2863 1100 3128 1168 consilia,
3162 1109 3218 1158 et
3258 1117 3369 1158 non

1767 1187 1947 1242 minor
1990 1189 2344 1244 miseriarum
2379 1190 2677 1246 multitudo
2727 1207 2890 1262 quam
2935 1195 3247 1252 criminum.
3280 1196 3376 1252 His

1767 1293 1897 1350 ergo
1924 1289 2086 1350 atque
2117 1281 2240 1337 aliis
2271 1282 2434 1338 malis
2464 1283 2516 1336 in
2547 1293 2803 1340 naturam
2841 1286 3133 1342 humanam
3153 1288 3374 1347 irruen-

1769 1372 1937 1440 tibus,
1973 1374 2078 1430 ﬁde
2102 1376 2340 1444 perdita,
2373 1391 2472 1447 spe
2494 1377 2713 1444 relicta,
2769 1378 3136 1450 intelligentia
3186 1382 3375 1440 obcae-

1769 1474 1892 1520 cata
1912 1507 1927 1530 ,
1958 1466 2245 1522 voluntate
2274 1463 2514 1538 captiva,
2549 1485 2714 1528 nemo
2740 1471 2792 1526 in
2824 1486 2885 1528 se
2915 1474 3063 1531 unde
3093 1489 3382 1546 reparare-

1770 1565 1858 1613 tur
1888 1557 2132 1615 invenit:
2158 1561 2282 1627 quia
2309 1560 2415 1616 etsi
2445 1561 2543 1620 fuit
2573 1564 2666 1634 qui
2695 1564 2749 1619 in
2793 1564 3028 1622 naturali
3059 1566 3378 1627 intellectus

1771 1659 2003 1708 conatus
2033 1652 2107 1708 sit
2133 1651 2283 1708 vitiis
2329 1655 2615 1723 reluctari,
2647 1657 2814 1726 hujus
2867 1666 3077 1715 tantum
3116 1661 3383 1730 temporis

1774 1744 1944 1798 vitam
1977 1745 2243 1802 stcriliter
2287 1747 2586 1815 ordinavit,
2631 1749 2697 1806 ad
2728 1764 2888 1806 veras
2917 1759 3100 1808 autem
3153 1751 3387 1808 virtutes

71 1845 396 1918 piditatibus
424 1858 594 1912 caaca,
621 1844 674 1902 in
707 1843 1012 1897 honoribus
1043 1841 1274 1906 tumida,
1302 1840 1455 1895 euris
1480 1838 1667 1907 auxia,
1700 1831 1746 1892 Β
1775 1847 2148 1910 aeternamque
2187 1841 2583 1900 beatitudinem
2614 1858 2723 1899 non
2765 1842 3017 1913 profecit.
3069 1844 3203 1902 Sine
3232 1845 3385 1902 cultu

68 1937 487 2010 suspicionibus
519 1935 785 2004 inquieta,
818 1935 1011 2005 glorize
1056 1948 1218 2003 quam
1249 1933 1512 1989 virtutum
1554 1932 1669 1986 avi-
1715 2005 1724 2013 .

68 2033 212 2100 dior,
251 2031 427 2092 famae
472 2044 633 2098 quam
685 2027 1037 2084 conscientiae
1077 2026 1420 2096 diligentior,
1467 2034 1521 2081 et
1571 2040 1669 2094 per

69 2141 292 2183 omnem
325 2123 412 2180 sui
444 2122 838 2192 experientiam
870 2120 1147 2184 miserior,
1179 2118 1414 2174 fruendo
1443 2118 1507 2172 iis
1547 2133 1668 2187 qua}

69 2217 474 2289 concupiverit,
501 2232 668 2291 quam
699 2215 962 2279 carendo,
992 2214 1125 2270 nihil
1160 2216 1214 2270 in
1243 2214 1359 2271 suis
1393 2213 1557 2269 habet
1589 2212 1666 2270 vi-

67 2315 244 2379 ribus,
292 2311 398 2370 nisi
431 2309 656 2380 periculi
709 2307 1067 2364 facilitatem:
1112 2307 1376 2376 quoniam
1415 2307 1668 2362 voluntas

68 2408 350 2464 nmtabilis
370 2423 488 2476 quae
517 2422 623 2462 nou
651 2406 722 2462 ah
751 2404 1183 2474 incommutabili
1211 2403 1495 2461 voluntate
1522 2402 1667 2471 regi-

70 2522 178 2577 tur,
206 2519 359 2566 tanto
387 2511 549 2564 citius
582 2509 910 2580 propinquat
934 2506 1231 2577 iniquitati,
1260 2514 1468 2576 quanto
1486 2505 1670 2560 acrius

71 2603 376 2659 intenditur
405 2603 634 2660 actioni.
666 2588 936 2669 Quamdiu
959 2615 1092 2669 ergo
1113 2599 1323 2655 homini
1351 2614 1413 2654 ea
1451 2597 1670 2668 placent

69 2713 189 2767 quae
239 2697 352 2751 Deo
399 2695 720 2770 displicent,
773 2693 1030 2749 voluntas
1076 2695 1200 2762 ejus
1247 2691 1502 2748 animalis
1543 2699 1665 2748 est:

68 2793 193 2863 quia
227 2792 444 2850 etiamsi
476 2792 529 2846 in
556 2792 714 2848 bonis
744 2790 992 2849 moribus
1021 2799 1166 2860 agat,
1199 2790 1342 2847 male
1382 2789 1560 2843 adhuc
1588 2788 1668 2844 vi-

71 2888 165 2955 vit,
215 2887 262 2942 si
291 2900 402 2942 non
433 2887 486 2941 in
519 2886 610 2942 Dei
643 2883 873 2956 gloriam
905 2884 1064 2939 vivit.
1096 2883 1210 2938 Hoc
1240 2891 1326 2938 est
1355 2881 1497 2938 enim
1540 2895 1666 2951 pro-

43 2980 252 3050 _prium
287 2986 345 3034 et
373 2975 980 3049 prmeipuum'piorum,
1017 2985 1072 3030 ut
1092 2975 1145 3054 in
1173 2975 1407 3034 Domino
1431 2973 1668 3045 glorien-

75 3084 176 3138 tur,
206 3087 311 3127 nec
327 3085 386 3127 se
417 3071 521 3127 nisi
546 3072 598 3126 in
624 3067 735 3125 Deo
757 3069 1005 3140 diligant.
1035 3065 1184 3124 Bene
1205 3066 1351 3124 enim
1381 3081 1440 3122 se
1459 3076 1664 3133 amant,

72 3169 248 3239 quiin
273 3182 330 3222 se
349 3180 516 3236 opera
550 3165 644 3224 Dei
669 3173 874 3220 amant.
909 3163 1044 3219 Nam
1075 3171 1129 3219 et
1149 3163 1293 3218 Deus
1318 3160 1426 3216 hoc
1443 3169 1590 3215 amat
1610 3160 1666 3220 in

1772 1933 1918 1988 enim
1945 1935 2058 1989 veri
2092 1934 2212 2001 Dei,
2245 1936 2410 1992 etiam
2441 1936 2590 2008 quod
2616 1936 2795 1994 virtus
2819 1936 3043 1994 videtur
3066 1953 3218 2004 esse,
3250 1952 3384 2009 pec.
3475 1995 3482 2004 ,

1772 2036 1956 2082 catum
1986 2037 2103 2082 est:
2135 2043 2238 2084 nec
2271 2029 2490 2100 placere
2534 2030 2680 2086 nllus
2706 2029 2822 2086 Deo
2860 2033 2981 2087 sine
3013 2031 3130 2088 Deo
3179 2039 3387 2102 potest.

1771 2121 1874 2188 Qui
1907 2136 2039 2176 vero
2087 2121 2198 2176 Deo
2245 2138 2351 2177 non
2405 2123 2605 2192 placet,
2637 2122 2724 2180 cui
2780 2124 2885 2180 nisi
2928 2123 3035 2180 sibi
3081 2132 3134 2178 et
3165 2123 3387 2180 diabolo

1772 2214 1984 2284 placet?
2012 2215 2053 2270 A
2088 2229 2201 2284 quo
2233 2228 2357 2270 cum
2411 2215 2575 2272 homo
2624 2215 2995 2286 spoliaretur,
3041 2230 3152 2272 non
3180 2216 3379 2273 volun-

1774 2314 1905 2368 tate,
1937 2304 2032 2361 sed
2066 2306 2366 2362 voluntatis
2399 2308 2638 2365 sanitate
2669 2308 2917 2378 privatus
2955 2317 3079 2364 est:
3122 2309 3247 2378 quia
3278 2324 3380 2366 nec

1770 2397 1985 2453 detrudi
2020 2398 2088 2452 ab
2116 2399 2448 2455 innocentiae
2478 2408 2623 2456 statu
2662 2411 2875 2468 posset,
2928 2400 3036 2454 nisi
3096 2399 3382 2460 voluntate

1772 2503 2046 2561 peccaret.
2080 2492 2211 2558 Qum
2235 2507 2370 2562 ergo
2393 2501 2587 2549 natura
2613 2503 2728 2550 erat
2748 2493 2912 2560 bona,
2947 2493 3214 2563 qualitate
3236 2492 3375 2550 facta

1769 2597 1854 2641 est
1882 2586 2041 2642 mala.
2081 2584 2150 2639 Et
2175 2585 2266 2640 ille
2305 2587 2474 2641 animi
2507 2595 2694 2644 motus
2736 2587 2830 2657 qui
2862 2602 3164 2658 numquam
3193 2595 3376 2658 potest

1770 2679 1890 2735 sine
1919 2680 2105 2749 aliquo
2135 2694 2260 2736 esse
2281 2695 2492 2750 amore,
2530 2680 2638 2738 hoc
2665 2691 2773 2748 est,
2803 2682 2926 2738 sine
2951 2683 3134 2754 aliqua
3183 2682 3376 2742 volun—

1777 2781 1909 2839 tate,
1936 2791 2044 2832 non
2076 2773 2317 2845 perdidit
2338 2775 2669 2846 appetitum,
2703 2776 2798 2834 sed
2826 2777 3064 2834 mutavit
3086 2776 3374 2836 affectum:

1777 2867 1829 2924 id
1861 2867 2138 2937 recipiens
2168 2867 2466 2936 desiderio,
2499 2869 2644 2940 quod
2665 2869 2853 2927 debuit
2883 2870 3128 2928 refutare
3141 2870 3374 2940 judicio.

1771 2961 1910 3021 Cum
1945 2963 2110 3034 igitur
2138 2962 2302 3018 homo
2351 2962 2418 3018 ad
2449 2964 2711 3033 pietatem
2756 2963 2898 3022 redit
2942 2963 3042 3036 (de
3092 2979 3202 3034 quo
3250 2963 3378 3023 ideo

1782 3056 1987 3112 dictum
2036 3063 2150 3112 est:
2184 3053 2424 3126 Spiritus
2450 3055 2688 3120 vadens,
2715 3064 2771 3112 et
2794 3070 2901 3111 non
2940 3056 3162 3118 rediens
3193 3055 3374 3128 (Paul.

1777 3148 2039 3220 Lxxvn);
2090 3148 2215 3219 quia
2246 3149 2350 3204 nisi
2405 3148 2558 3206 illum
2615 3149 2762 3204 Deus
2818 3158 3215 3216 converteret,
3264 3165 3378 3210 non

73 3229 553 3332 nobis,quodipse
575 3259 732 3315 fecit:
758 3259 929 3316 ethoc
947 3258 1240 3328 odil,quod
1265 3257 1380 3326 ipse
1402 3271 1508 3310 non
1538 3255 1668 3314 fecit
1692 3229 1741 3294 ε
1773 3242 2003 3314 redil"31)
2055 3257 2163 3297 "0“
2189 3242 2247 3296 ίίι
2272 3257 2475 3299 “0mm
2509 3241 2853 3312 θειηθηιιιιην
2905 3257 3161 3314 novaque
3207 3258 3377 3304 crea~

73 3359 139 3429 (ll
167 3355 295 3414 Cor.
323 3357 402 3426 ιι).
421 3356 477 3412 Si
496 3370 628 3426 ergo
645 3370 782 3425 opus
807 3355 901 3410 Dei
916 3367 1161 3409 amanms
1183 3351 1237 3406 in
1258 3351 1436 3416 nobis,
1466 3350 1667 3404 bonam

72 3451 413 3509 voluntatem
446 3460 597 3505 recte
646 3463 894 3504 amamus
937 3447 992 3504 iu
1025 3446 1219 3502 nobis:
1254 3460 1375 3516 quae
1402 3443 1590 3512 utique
1622 3443 1669 3500 si

29 3589 34 3603 .
71 3558 212 3615 opus
241 3542 340 3600 Dei
371 3555 478 3600 non
507 3550 676 3600 esset.
713 3539 944 3619 amanda
978 3555 1086 3595 non
1123 3547 1290 3596 esset.
1323 3536 1456 3604 Quis
1485 3543 1670 3594 autem

30 3620 38 3625 ’
72 3637 266 3703 homo,
298 3635 406 3696 nisi
437 3634 599 3711 malae
629 3632 933 3693 voluntatis
962 3631 1144 3698 fuerit,
1172 3631 1369 3686 bonam
1400 3629 1455 3684 in
1477 3644 1536 3684 se
1559 3643 1671 3685 non

69 3739 220 3788 amat
243 3730 608 3796 voluntatem,
641 3743 761 3798 quae
788 3727 1008 3798 superni
1039 3725 1290 3796 agricola:
1312 3724 1490 3795 prima
1521 3723 1672 3792 pla-

72 3827 209 3882 tatio
231 3825 359 3885 est?
387 3825 613 3905 Dicente
654 3824 802 3878 enim
835 3818 1116 3877 V‘eritate:
1165 3817 1360 3875 Omnis
1403 3816 1673 3887 plantatio

70 3936 234 3991 quam
288 3933 400 3976 non
430 3916 703 3988 plantavit
751 3925 908 3986 pater
938 3929 1096 3971 meus
1125 3911 1394 3976 etulestis,
1429 3908 1675 3966 eradica-

72 4016 255 4072 bitur:
291 4011 562 4085 quidquid
596 4016 706 4068 non
740 4021 824 4066 est
870 4007 1284 4073 eradicandum,
1323 4005 1674 4061 manifestum

70 4117 155 4164 est
177 4125 210 4167 a
239 4114 396 4178 patre
425 4119 550 4162 esse
579 4107 883 4176 plantatum
921 4102 1137 4175 (Matth.
1171 4100 1284 4170 xv).
1314 4101 1464 4155 Bona
1490 4107 1673 4154 autem

70 4202 334 4256 voluntas
389 4198 638 4256 omnium
687 4199 952 4254 virtutum
1000 4210 1225 4267 germen
1274 4201 1360 4250 est
1414 4192 1674 4262 primum,

72 4311 198 4365 qu:c
238 4293 432 4353 innixa
454 4290 653 4361 origini
678 4283 896 4357 suteQin
924 4288 1018 4344 illa
1048 4297 1257 4344 acterna
1285 4297 1336 4342 et
1360 4285 1671 4342 incommu-

72 4385 534 4443 tabilivoluntate
563 4381 900 4452 requiescit,
950 4388 1011 4436 ut
1069 4394 1198 4435 vere
1252 4381 1323 4436 sit
1360 4365 1671 4450 spiritalis:

72 4479 340 4551 quoniam
362 4475 457 4548 qui
483 4474 728 4533 adlmret
762 4473 898 4540 Deo,
929 4486 1068 4530 unus
1093 4473 1317 4542 spiritus
1344 4482 1426 4527 eat
1473 4471 1520 4542 (ἰ
1546 4469 1669 4526 Cor.

72 4579 178 4645 vt),
210 4575 338 4634 dum
369 4589 470 4645 per
501 4569 942 4629 contmunionem
969 4568 1333 4624 illuminantis
1373 4574 1428 4623 et
1467 4564 1672 4621 illumi-

1771 3347 1892 3394 tura
1922 3381 1934 3403 ,
1973 3353 2080 3394 non
2105 3337 2213 3397 alia
2250 3339 2307 3394 in
2327 3353 2396 3396 eo
2426 3346 2651 3396 creatur
2672 3339 3018 3407 substantia,
3050 3339 3147 3398 sed
3175 3339 3376 3401 eadem

1770 3447 1893 3502 qua:
1929 3433 2110 3486 fuerat
2143 3430 2497 3495 labefactata,
2543 3441 2855 3500 reparatur.
2890 3430 3002 3486 Nec
3033 3431 3185 3490 aliud
3216 3433 3288 3486 ab
3306 3446 3377 3494 eo

1773 3525 2042 3589 aufertur,
2077 3525 2186 3580 nisi
2216 3525 2438 3588 vitium,
2470 3526 2617 3594 quod
2643 3533 2836 3582 natura
2860 3540 2969 3580 non
3007 3525 3224 3581 habuit.
3255 3525 3383 3586 Fuit

1773 3619 1920 3672 enim
1948 3618 2003 3669 in
2028 3617 2201 3672 Adam
2231 3629 2429 3672 natura
2466 3617 2588 3674 sine
2619 3616 2774 3681 vitio,
2805 3615 2897 3684 qui
2925 3631 3022 3685 per
3069 3615 3381 3678 voluntatis

1773 3711 2209 3769 inobedientiam
2240 3711 2384 3770 mala
2418 3710 2588 3765 multa
2616 3709 2923 3773 contraxit,
2957 3709 3088 3785 etin
3122 3718 3380 3780 posteros

1775 3809 1953 3876 magis
1985 3807 2269 3878 magisque
2314 3803 2740 3873 multiplicanda
2784 3801 3108 3859 transfudit.
3153 3803 3287 3872 olm
3321 3816 3381 3864 ut

1775 3903 2089 3970 vincantur,
2121 3908 2287 3969 atque
2321 3899 2376 3954 in
2406 3896 2643 3953 nihilum
2671 3895 3044 3958 deducantur.
3074 3910 3186 3952 non
3209 3893 3380 3956 efficit

1777 3997 1882 4051 nisi
1917 3994 2088 4065 gratia
2119 3991 2448 4057 Salvatoris,
2477 3989 2571 4060 qui
2594 4005 2734 4061 opus
2761 4003 2919 4044 suum
2947 4003 3122 4058 opere
3152 4002 3252 4048 suo
3284 4002 3379 4044 ιθ·

1777 4098 1952 4161 parat.
2000 4087 2151 4144 Sicut
2179 4087 2324 4142 enim
2358 4085 2497 4145 dicit
2536 4084 2780 4140 Joannes
2807 4082 3127 4152 apostolus:
3170 4081 3232 4141 In
3264 4081 3377 4144 hoc

1776 4183 2029 4255 apparuit
2056 4183 2232 4239 Filius
2256 4182 2377 4250 Dei,
2413 4191 2470 4236 ut
2495 4179 2674 4237 solvat
2696 4193 2867 4248 opera
2889 4177 3104 4240 diaboli
3139 4179 3180 4248 (Ι
3205 4175 3368 4238 lectu.

1777 4279 1878 4348 nt).
1912 4277 1978 4332 Et
2006 4277 2149 4331 sicut
2187 4274 2390 4346 rumpit
2416 4272 2634 4329 vincula
2661 4270 2888 4341 captivi,
2931 4269 3011 4326 sic
3054 4271 3226 4328 vestit
3273 4286 3378 4330 an.

1775 4371 2002 4428 ditatem
2029 4368 2277 4436 spoliati,
2301 4368 2382 4422 sic
2408 4374 2566 4422 sanat
2588 4365 2815 4422 vulnera
2846 4363 3076 4421 saueiati
3103 4380 3120 4422 ξ
3149 4371 3205 4419 ut
3232 4363 3381 4432 quod

1777 4466 1832 4521 in
1863 4466 1985 4536 ipso
2013 4462 2149 4535 agit,
2181 4463 2350 4520 etiam
2401 4476 2497 4531 per
2531 4460 2714 4529 ipsum
2758 4463 3003 4526 geratur.
3058 4455 3160 4514 Cui
3190 4457 3386 4526 utique

1778 4567 1967 4614 contra
1998 4557 2210 4614 hostem
2263 4571 2422 4610 suum
2469 4567 2577 4610 non
2626 4549 2845 4620 expedit
2893 4549 3019 4609 sine
3064 4558 3383 4620 protectore

72 4627 220 4739 nati,
273 4627 633 4742 jnaiiﬁcantis‘
678 4674 732 4721 et
781 4661 1098 4734 iustiﬁcati,
1157 4661 1396 4732 regentis
1439 4668 1494 4714 et
1541 4627 2096 4721 sub-Dconfligere.
2147 4645 2283 4704 Cum
2319 4646 2414 4700 illo
2453 4642 2604 4742 enim
2642 4640 2814 4700 habet
2858 4648 3164 4742 certamen,
3205 4654 3382 4742 aqua

72 4765 198 4830 diti,
251 4762 432 4821 omnis
475 4760 619 4816 actio
665 4757 734 4814 ad
765 4771 933 4812 unum
979 4755 1260 4810 refertur:
1301 4763 1357 4809 et
1403 4751 1545 4823 quod
1601 4750 1672 4805 ad

80 4873 256 4915 unum
304 4857 562 4918 refertur,
595 4852 878 4921 utriusque
907 4859 1020 4905 est:
1051 4848 1176 4919 quia
1201 4862 1303 4903 nec
1331 4861 1362 4900 a
1396 4845 1514 4913 Deo,
1544 4845 1674 4900 alie-

87 4953 216 5010 nari
241 4958 420 5025 potest
447 4946 593 5020 quod
622 4944 796 5009 dedit,
847 4957 949 4998 nec
993 4941 1062 4995 ab
1103 4939 1326 4998 homine
1376 4936 1523 5003 quod
1581 4951 1674 4992 ae-

73 5048 248 5121 cepit.

723 5131 949 5190 CAPUT
986 5129 1073 5187 ιιι.
1204 5197 1232 5217 Α

75 5237 158 5292 De
191 5235 350 5308 hujus
379 5230 686 5303 qutestioni‘a
719 5227 1027 5286 tractatione
1055 5241 1070 5279 :
1104 5209 1232 5280 Cum
1261 5224 1406 5278 bona:
1434 5223 1676 5277 volunta-

151 5329 222 5383 tis
255 5329 411 5382 homo
441 5341 552 5382 esse
577 5323 787 5385 incipit,
824 5335 948 5373 num
994 5317 1287 5387 corrigatur
1317 5317 1464 5386 prior
1493 5315 1679 5369 volun—

153 5433 254 5486 tas,
285 5437 354 5473 an
389 5418 496 5472 alia
520 5417 566 5471 ei
587 5415 777 5477 detur;
833 5419 878 5465 et
926 5412 978 5464 in
1008 5409 1169 5464 sacris
1203 5408 1406 5471 litteris,
1466 5407 1676 5471 Games,

151 5509 441 5580 aliquando
469 5523 566 5576 pro
589 5503 858 5575 Aliquibus
888 5503 1034 5556 dicti.

155 5607 257 5664 Hic
289 5600 638 5660 tractandum
665 5599 892 5658 videtur
924 5606 1104 5653 utrum
1132 5610 1254 5652 cum
1284 5596 1446 5650 bonae
1489 5594 1684 5650 volun-

83 5699 227 5756 latis.
250 5712 370 5754 esse
405 5695 573 5750 homo
628 5692 840 5762 incipit,
891 5689 1080 5746 eadem
1113 5705 1232 5758 qua:
1288 5689 1340 5744 iu
1370 5688 1491 5756 ipso
1541 5697 1682 5755 erat,

83 5791 398 5858 corrigatur
423 5786 708 5842 voluntas:
741 5800 810 5838 an
835 5782 943 5839 alia
974 5781 1026 5836 ei
1069 5796 1229 5850 quain
1271 5795 1379 5839 non
1422 5777 1682 5848 habebat,

1781 4741 2076 4814 aliquando
2097 4747 2386 4810 superatus
2415 4744 2523 4792 est.
2560 4733 2681 4790 Non
2714 4747 2846 4803 ergo
2901 4733 3035 4790 fidat
3065 4733 3134 4791 de
3168 4731 3384 4794 viribus

1781 4835 1920 4900 suis,
1948 4849 2072 4904 quae
2098 4833 2262 4886 etiam
2295 4844 2418 4886 cum
2441 4836 2630 4886 essent
2657 4827 2910 4898 integras,
2943 4840 3048 4882 non
3075 4832 3382 4884 steterunt:

1783 4927 1879 4984 sed
1910 4941 2007 4996 per
2037 4923 2192 4978 illum
2228 4930 2440 4992 quaerat
2468 4919 2760 4975 victoriam
2782 4961 2797 4986 ,
2841 4921 2935 4989 qui
2977 4918 3132 4973 solus
3163 4932 3274 4974 non
3299 4925 3387 4977 est

1785 5023 1980 5088 victus,
2008 5028 2061 5074 et
2093 5015 2350 5074 omnibus
2375 5014 2526 5070 vicit.
2560 5013 2630 5074 Et
2657 5013 2702 5070 si
2753 5014 2982 5082 quarrit,
3030 5024 3140 5066 non
3168 5009 3386 5072 dubitet

1782 5112 2063 5186 qurerendi
2093 5109 2348 5166 affectum
2382 5109 2451 5164 ab
2482 5107 2576 5169 illo
2608 5122 2668 5164 se
2714 5105 2998 5175 accepisse
3027 5117 3192 5172 quem
3235 5116 3386 5173 quam

1783 5211 1868 5264 rit.
1913 5206 2022 5263 Nec
2045 5205 2174 5277 quia
2197 5204 2396 5274 Spiritu
2420 5203 2517 5258 Dei
2543 5201 2740 5272 agitur,
2775 5200 2900 5253 ideo
2921 5212 2982 5258 se
3029 5202 3188 5266 putet
3232 5195 3371 5256 lihe~

1783 5316 1902 5357 rum
1945 5298 2235 5358 arbitrium
2286 5313 2396 5351 non
2427 5295 2662 5360 habere,
2689 5291 2835 5361 quod
2883 5304 2954 5344 ne
2987 5298 3116 5347 tunc
3162 5289 3388 5360 quidem

1784 5396 2024 5471 perdidit
2047 5394 2262 5465 quando
2287 5393 2512 5450 diabolo
2560 5389 2844 5446 voluntate
2874 5401 2936 5441 se
2976 5384 3160 5451 dedit,
3191 5399 3223 5440 a
3273 5400 3386 5455 quo

1782 5491 2054 5565 judicium
2081 5487 2383 5546 voluntatis
2418 5487 2773 5554 depravatum
2813 5486 2921 5543 est,
2964 5492 3070 5534 non
3114 5477 3382 5540 ablatum.

1786 5587 1947 5658 Quod
1989 5599 2124 5656 ergo,
2163 5598 2273 5644 non
2322 5577 2673 5636 interfectum
2715 5581 2796 5628 est
2847 5587 2943 5641 per
2976 5571 3390 5643 vulnerantem.

1789 5696 1898 5735 non
1951 5677 2156 5732 tollitur
2187 5689 2286 5745 per
2338 5671 2667 5727 medentem.
2721 5664 2924 5724 Vulnus
2977 5672 3225 5730 sanatur,
3278 5678 3390 5722 non

1790 5786 1988 5831 natura
2018 5777 2352 5828 removetur.
2384 5763 2494 5820 Sed
2519 5758 2661 5832 quod
2693 5758 2746 5816 in
2792 5766 2988 5818 natura
3035 5755 3220 5828 periit,
3266 5769 3383 5814 non.

83 5891 138 5938 ct
174 5848 296 5951 quin
329 5880 498 5950 priori
544 5885 827 5947 repugnet,
856 5875 1036 5930 detur.
1076 5848 1233 5941 Quod
1276 5884 1332 5927 ut
1375 5871 1692 5928 evidentius
1793 5868 2104 5926 restituitur
2136 5863 2239 5919 nisi
2264 5861 2332 5914 ab
2356 5869 2581 5914 auctore
2606 5864 2840 5918 naturae,
2869 5851 3016 5923 apud
3043 5864 3204 5920 quem
3237 5848 3384 5919 quod

2050 6049 2094 6070 ν
