3958 6314
86 361 211 420 1081

1156 346 1246 404 DE
1286 341 1679 404 VOCATIONE
1715 340 2025 403 GENTIUM
2062 344 2191 401 LIB.
2234 344 2273 400 Ι.

3228 340 3376 400 1082

87 478 249 534 Deum
277 467 479 539 (Galat.
505 466 570 540 ι).
613 465 669 523 Si
718 478 849 538 ergo
897 472 1026 520 tunc
1052 459 1398 520 Christianus
1431 456 1746 530 populusA
1772 454 1908 523 Quia
1955 454 2061 512 hoc
2106 465 2189 512 est
2238 464 2624 514 testamentum
2661 455 2804 529 quod
2847 456 3135 529 disponam
3179 455 3368 514 domui

83 571 362 631 didicerat,
409 572 463 618 et
512 561 591 617 illi
622 558 918 632 primitiva:
949 555 1236 622 Ecclesiae,
1283 566 1514 624 quorum
1547 557 1664 605 erat

82 677 237 721 unum
284 671 376 714 cor
423 664 479 712 et
524 669 630 710 una
676 653 855 707 anima
890 649 1026 722 (Act.
1061 650 1134 719 tv)
1161 690 1175 716 ,
1209 646 1292 702 sic
1341 643 1662 707 credebant,

82 770 137 816 ut
163 772 282 814 cum
304 753 553 809 viderent
583 748 892 821 quempiam
937 745 1003 800 ad
1049 743 1379 815 agnitionem
1421 736 1666 794 veritatis

80 854 143 909 ab
163 863 346 906 errore
367 858 714 911 conversum,
745 839 1122 913 'glm-ificarent
1176 836 1365 900 Deum,
1401 841 1457 887 et
1501 829 1661 885 fidem

79 947 304 1006 correcti
362 942 755 998 confiterentur
810 935 1054 992 muneris
1106 946 1228 988 esse
1273 927 1485 995 divini;
1546 926 1661 996 ipse

80 1034 287 1114 quoque
337 1035 597 1091 Dominus
655 1031 956 1102 discipulos
1024 1040 1155 1083 suos
1203 1023 1498 1095 magistros
1550 1033 1668 1074 om-

80 1135 220 1192 nium
264 1130 505 1203 gentium
572 1128 652 1182 sic
704 1125 974 1191 docebat,
1029 1122 1216 1177 dicens
1262 1136 1276 1174 :
1327 1115 1420 1173 Sic
1490 1114 1668 1169 luceat

79 1230 252 1286 lumen
343 1233 584 1280 vestrum
659 1235 842 1276 coram
903 1214 1250 1279 hominibus,
1309 1218 1370 1266 ut
1422 1207 1668 1264 videntes

78 1339 233 1396 Opera
283 1329 464 1376 vestra
531 1318 671 1372 bona
738 1312 1083 1384 magnilicent
1145 1309 1360 1364 Patrem
1425 1312 1667 1358 vestrum

77 1393 163 1491 qui
211 1416 264 1472 in
312 1414 466 1471 oculis
516 1419 598 1466 est
639 1407 878 1482 (Matth.
926 1421 955 1459 v
987 1406 1028 1476 ).
1082 1403 1216 1458 Fixa
1254 1414 1382 1468 ergo
1423 1398 1522 1452 hac
1561 1393 1668 1449 fide

79 1515 130 1568 in
175 1508 428 1566 cordibus
486 1503 710 1568 nostris,
770 1498 1158 1568 humiliterque
1228 1492 1490 1558 fundata,
1562 1503 1668 1560 qua

79 1602 434 1662 saluberrime
488 1598 768 1655 credimus
822 1596 1004 1650 omnia
1069 1591 1212 1646 bona
1246 1631 1261 1657 ,
1316 1602 1380 1642 ac
1434 1582 1670 1640 maxime

78 1714 138 1756 ea
167 1714 284 1769 qtne
312 1694 382 1751 ad
428 1693 595 1749 vitam
624 1700 887 1746 mternam
923 1685 1254 1759 provehunt,
1298 1681 1393 1737 Dei
1437 1690 1667 1734 munere

79 1795 280 1859 haberi,
327 1792 420 1849 Dei
464 1804 690 1847 munere
737 1785 955 1857 augeri,
1011 1783 1108 1838 Dei
1151 1795 1375 1836 munere
1428 1773 1668 1832 custodi—

1767 549 1937 606 lsrael
1971 559 2094 622 post
2122 551 2241 607 dies
2288 552 2435 621 illos,
2491 551 2623 609 dicit
2670 550 2985 607 Dominus:
3037 551 3186 607 Dabo
3219 550 3366 622 leges

1769 659 1919 701 meas
1942 644 1994 700 in
2025 660 2194 701 sensu
2225 646 2491 715 ipsorum,
2518 655 2573 703 et
2593 646 2646 702 in
2675 645 2842 702 corde
2864 646 3106 716 ipsorum
3125 645 3365 703 scribam

1768 751 1861 792 eas
1893 754 1906 790 :
1937 747 1990 792 et
2009 753 2108 794 ero
2139 738 2246 792 illis
2280 739 2333 793 in
2375 739 2571 807 Deum,
2603 747 2657 795 et
2703 739 2806 810 ipsi
2839 747 3002 795 erunt
3027 738 3158 794 mihi
3184 740 3234 794 in
3264 754 3363 810 po-

1770 832 1974 904 pulum.
1997 832 2066 888 Et
2086 847 2196 888 non
2215 833 2432 888 docebit
2463 834 2839 906 unusquisque
2855 836 3159 905 proximum
3182 849 3364 900 suum,

1770 936 1825 982 et
1857 928 2225 999 unusquisque
2250 926 2470 982 fratrem
2494 943 2672 992 suum,
2705 928 2893 984 dicens
2917 945 2928 982 :
2955 925 3233 998 Cognosce
3256 927 3366 982 Do-

1771 1021 1982 1075 minum
2007 1037 2019 1073 :
2045 1021 2170 1091 quia
2198 1034 2393 1075 omnes
2413 1030 2746 1092 cognoscent
2783 1036 2870 1077 me
2891 1036 2921 1076 a
2945 1021 3144 1091 pusillo
3173 1034 3366 1076 eorum

1770 1128 1945 1185 usque
1975 1113 2042 1168 ad
2073 1129 2329 1184 magnum
2363 1131 2376 1166 :
2402 1112 2528 1185 quia
2561 1115 2829 1185 propitius
2866 1129 2963 1170 ero
2994 1113 3368 1186 iniquitatibus

1771 1221 1988 1269 eorum,
2030 1215 2086 1261 Εῑ
2134 1215 2480 1277 peccatorum
2511 1221 2702 1262 eorum
2743 1222 2952 1262 memor
2995 1223 3102 1262 non
3133 1222 3249 1262 81⁵0.
3300 1206 3370 1262 Et

1771 1300 1912 1356 dabo
1940 1299 2050 1356 illis
2074 1301 2213 1355 viam
2238 1300 2492 1367 alteram,
2518 1308 2573 1356 et
2599 1315 2694 1356 cor
2725 1300 2871 1356 aliud
2898 1341 2913 1368 ,
2944 1309 3001 1355 ut
3024 1316 3110 1357 me
3142 1301 3370 1356 timeant

1771 1409 1963 1451 omnes
1985 1395 2106 1452 dies
2140 1396 2192 1450 in
2218 1394 2425 1451 bonum
2458 1394 2591 1466 ipsis
2619 1407 2672 1451 et
2711 1396 2838 1451 filiis
2859 1411 3048 1452 eorum
3079 1404 3201 1466 post
3218 1410 3314 1452 eos
3351 1413 3366 1451 :

1773 1497 1829 1544 et
1853 1488 2178 1544 consumam
2226 1489 2338 1544 illis
2368 1498 2756 1545 testamentum
2798 1498 3062 1545 aeternum
3088 1489 3230 1560 quod
3257 1505 3370 1545 non

1771 1589 2015 1636 avertam
2064 1591 2188 1651 post
2230 1596 2353 1647 eos,
2378 1591 2432 1638 et
2465 1583 2714 1638 timorem
2764 1597 2945 1638 meum
2988 1582 3130 1639 dabo
3173 1584 3227 1638 in
3273 1598 3371 1640 cor

1771 1688 1980 1740 eorum,
2016 1691 2083 1730 ne
2117 1675 2399 1732 discedant
2427 1691 2456 1731 a
2484 1692 2595 1744 me,
2640 1684 2696 1732 et
2723 1677 2954 1732 visitabo
2983 1692 3082 1733 eos
3109 1687 3167 1733 ut
3195 1677 3372 1734 bonos

1773 1782 1869 1824 eos
1901 1767 2094 1822 faciam
2148 1767 2368 1837 (λεν-ειη.
2407 1771 2598 1839 xxx").
2642 1768 2747 1825 Per
2777 1769 2995 1826 Esaiam
3046 1785 3261 1842 quoque
3304 1769 3376 1827 de

73 1892 159 1956 ri,
204 1899 332 1960 puto
381 1889 502 1958 pius
559 1897 753 1939 sensus
811 1895 918 1935 non
972 1877 1168 1933 debeat
1209 1888 1327 1929 mea
1375 1871 1675 1942 quaestione
1703 1865 1754 1928 B
1779 1860 1950 1933 gratia
1989 1878 2086 1917 sua
2109 1861 2396 1930 Dominus,
2423 1878 2525 1934 qua
2555 1878 2622 1918 ex
2653 1863 2908 1918 omnibus
2935 1863 3247 1918 hominibus
3275 1876 3375 1919 no-

77 1982 296 2050 turbari,
321 1996 442 2052 qua:
469 1978 535 2034 de
565 1975 837 2043 omnium,
890 1982 944 2028 et
979 1987 1088 2026 non
1115 1969 1183 2023 de
1216 1967 1458 2022 omnium
1493 1961 1670 2017 homi-

81 2093 201 2134 num
232 2073 591 2131 conversione
628 2077 938 2141 generatur,
987 2064 1030 2120 si
1066 2078 1128 2118 ea
1167 2077 1284 2132 quae
1325 2059 1476 2114 clara
1518 2061 1667 2120 sunt,

75 2187 174 2229 non
205 2171 273 2227 de
302 2171 391 2224 his
418 2183 540 2240 qua:
572 2168 784 2222 occulta
835 2169 982 2227 sunt,
1032 2159 1426 2220 obscurcmus;
1459 2161 1512 2207 et
1540 2151 1666 2206 dum

75 2263 376 2338 procaciter
399 2259 700 2316 insistimus
725 2249 1319 2322 clausis,exclndamur
1341 2249 1408 2302 ab
1431 2244 1665 2317 apertis;

73 2373 190 2415 cum
209 2355 465 2411 suflicere
492 2353 710 2416 debeat,
741 2359 800 2403 ut
827 2349 988 2411 ineo,
1024 2348 1076 2400 in
1113 2343 1257 2416 quod
1294 2340 1664 2412 pervenimus,

74 2451 428 2508 ambulemus.
465 2446 604 2516 Quid
660 2445 807 2500 enim
863 2440 1082 2505 mirum,
1135 2439 1177 2493 si
1230 2437 1296 2491 ad
1329 2434 1452 2490 vita:
1486 2447 1671 2488 sacra-

74 2551 245 2601 menta
280 2557 394 2598 non
449 2540 702 2603 veniunt,
733 2549 857 2591 cum
916 2531 1158 2602 plerique
1206 2528 1298 2600 qui
1346 2526 1672 2583 videbantur

73 2639 306 2706 venisse,
367 2632 683 2691 discedant?
734 2631 813 2686 De
859 2628 1055 2700 quibus
1107 2626 1352 2682 dicitur:
1393 2621 1473 2676 Ex
1515 2617 1673 2674 nobis

73 2731 272 2798 exiere,
310 2728 410 2785 sed
448 2742 554 2783 non
580 2734 734 2781 erant
783 2739 850 2778 ex
882 2723 1070 2786 nobis;
1105 2719 1148 2773 si
1171 2718 1314 2773 enim
1347 2714 1576 2770 fuissent
1604 2726 1672 2768 ex

73 2829 246 2893 nobis,
299 2823 634 2880 mansissent
679 2817 866 2889 utique
921 2816 1204 2871 nobiscum
1257 2810 1311 2883 (l
1355 2807 1526 2873 Joan,
1573 2805 1671 2877 ιι).

71 2921 312 2989 Quorum
347 2916 556 2972 similes
589 2921 716 2968 sunt
737 2919 795 2966 et
823 2910 924 2973 illi,
957 2908 1044 2976 qui
1072 2904 1394 2976 profitentur
1417 2916 1476 2956 se
1506 2900 1673 2954 Deum

73 3015 239 3080 scire,
281 3012 447 3069 factis
478 3019 659 3064 autem
689 3015 889 3077 negant
918 3001 1048 3077 (Tit.
1083 3002 1144 3073 ι).
1202 2999 1334 3055 Nam
1382 3012 1504 3051 cum
1535 2994 1674 3049 scri-

74 3120 216 3182 ptum
244 3109 320 3166 sit
348 3127 362 3163 :
386 3104 576 3162 Omnis
600 3104 689 3175 qui
715 3099 1054 3157 invocaverit
1080 3111 1278 3152 nomen
1303 3090 1536 3156 Domini,
1570 3089 1678 3146 sal-

71 3219 167 3261 vus
214 3202 320 3259 erit
347 3200 548 3274 (Rom.
577 3214 609 3252 x
635 3197 683 3267 );
710 3196 777 3251 de
801 3194 1002 3263 quibus
1029 3201 1213 3245 tamen
1256 3187 1517 3244 Dominus
1562 3185 1672 3239 ait:

1772 1976 1893 2015 vam
1946 1973 2252 2015 creaturam
2303 1959 2450 2026 facit,
2503 1959 2693 2015 eadem
2741 1961 3093 2030 praenuntiat,
3141 1958 3371 2016 dicens:

1773 2053 1918 2109 Ecce
1943 2053 2082 2108 facio
2116 2070 2254 2108 nova
2297 2069 2417 2125 quae
2457 2069 2602 2109 nunc
2629 2053 2894 2122 orientur,
2928 2066 2984 2110 et
3029 2052 3376 2124 cognoscetis

1773 2161 1834 2202 ea
1868 2164 1881 2200 :
1912 2146 1979 2201 Et
2007 2145 2198 2202 faciam
2241 2147 2296 2202 in
2319 2147 2536 2202 deserto
2565 2146 2731 2211 viam,
2764 2157 2818 2203 et
2846 2149 2900 2203 in
2924 2146 3067 2203 sicca
3096 2153 3244 2201 terra
3269 2145 3375 2200 flu-

1773 2241 1919 2295 mina
1947 2239 2102 2313 (lsai.
2121 2242 2298 2311 xun).
2330 2241 2662 2298 Benedicent
2683 2257 2769 2297 nte
2794 2241 2984 2297 bestiae
3007 2240 3144 2312 agri,
3175 2239 3375 2295 sirena:

1774 2343 1828 2389 et
1861 2333 1991 2388 filia:
2009 2335 2402 2401 struthionum,
2422 2336 2565 2405 quod
2588 2334 2827 2390 dederim
2850 2335 2901 2389 in
2917 2333 3135 2390 deserto
3155 2347 3377 2404 aquam,

1773 2427 2072 2483 etﬂumina
2103 2430 2156 2483 in
2184 2431 2330 2483 sicca
2384 2439 2527 2484 terra
2555 2427 2621 2482 ad
2655 2427 2948 2498 potandum
2993 2441 3162 2498 genus
3193 2440 3378 2482 meum

1774 2521 2030 2586 electum,
2065 2523 2327 2594 populum
2383 2538 2560 2578 meum
2613 2537 2773 2594 quem
2819 2521 2947 2577 mihi
2989 2521 3276 2593 acquisivi,
3319 2529 3380 2578 ut

1776 2624 2035 2669 enarrent
2064 2617 2296 2669 virtutes
2327 2629 2496 2669 meas.
2533 2614 2599 2668 Et
2656 2613 2890 2669 iterum:
2920 2614 3021 2669 Per
3063 2629 3152 2670 me
3201 2614 3378 2684 ipsum

1770 2708 1920 2779 juro,
1953 2708 2057 2763 nisi
2110 2708 2278 2764 exibit
2331 2707 2399 2762 de
2426 2723 2524 2763 ore
2555 2722 2678 2763 meo
2705 2707 2914 2778 jusutia
2935 2749 2948 2772 ,
2979 2716 3036 2762 et
3065 2707 3226 2763 verba
3258 2720 3380 2762 mea

1777 2818 1882 2858 non
1916 2811 2252 2867 avertantur,
2302 2802 2430 2872 quia
2481 2801 2611 2856 mihi
2658 2802 2908 2858 fleetetttr
2936 2816 3098 2856 omne
3129 2816 3292 2872 genu,
3323 2807 3381 2855 et

1778 2898 2128 2955 confitebitur
2155 2897 2332 2953 omnis
2373 2897 2554 2968 lingua
2578 2897 2691 2952 Deo
2719 2895 2852 2968 (Isti.
2878 2897 3024 2966 xu).
3053 2897 3107 2951 Si
3125 2911 3254 2966 ergo
3278 2895 3381 2949 im-

1780 2994 2047 3065 possibile
2092 3000 2176 3049 est
2206 2994 2311 3048 ista
2365 3008 2475 3048 non
2507 2992 2648 3058 fieri,
2699 2993 2830 3064 quia
2859 3007 2958 3048 nec
2997 2993 3199 3046 incerta
3237 3007 3380 3062 pra:-

1778 3085 2004 3142 scientia
2037 3085 2134 3141 Dei
2157 3096 2264 3154 est,
2293 3101 2393 3141 nec
2429 3084 2686 3141 mutabile
2716 3085 3038 3152 consilium,
3074 3100 3173 3140 nec
3202 3083 3379 3140 ineffi-

1780 3193 1880 3235 cax
1908 3180 2176 3247 voluntas,
2203 3195 2304 3234 nec
2327 3179 2462 3234 falsa
2486 3178 2774 3250 promissio
2802 3197 2812 3232 :
2845 3193 3034 3234 omnes
3059 3178 3146 3235 isti
3173 3179 3238 3233 de
3260 3179 3382 3248 qui-

70 3295 182 3352 Non
212 3295 396 3351 omnis
424 3293 512 3362 qui
540 3289 674 3345 dicit
715 3287 870 3355 mihi,
899 3286 1152 3352 Domine,
1176 3283 1426 3346 Domine,
1445 3278 1669 3334 intrabit
1697 3259 1744 3324 C
1779 3274 1877 3328 bus
1891 3274 2004 3328 haec
2029 3273 2283 3344 praedicta
2312 3273 2678 3346 sunt(Jerem.
2702 3272 2884 3345 xxxi),
2917 3274 3033 3328 sine
3059 3274 3378 3343 cujusquam

72 3389 124 3446 in
157 3405 391 3461 regnum
421 3386 709 3450 cwlorum,
741 3381 834 3437 sed
860 3381 951 3452 qui
985 3379 1115 3434 facit
1146 3378 1476 3432 voluntatem
1501 3371 1675 3427 Patris

74 3485 179 3542 mei
209 3485 304 3555 qui
334 3483 390 3538 in
424 3479 578 3537 caelis
602 3487 707 3542 est,
751 3476 870 3547 ipse
898 3473 1122 3528 intrabit
1171 3472 1223 3525 in
1251 3484 1477 3539 regnum
1504 3463 1673 3520 caelo-

73 3596 189 3634 rum
221 3575 446 3651 (Matth.
474 3571 604 3644 vn);
637 3582 732 3627 et:
776 3570 926 3624 Multi
955 3566 1087 3622 mihi
1117 3565 1302 3620 dicent
1325 3564 1378 3618 in
1412 3560 1504 3616 illa
1537 3559 1624 3615 die
1659 3576 1673 3612 :

75 3673 332 3744 Domine,
375 3670 622 3734 Domine,
658 3681 839 3722 nonne
866 3665 916 3718 in
950 3660 1168 3717 nomine
1217 3668 1308 3713 tuo
1333 3654 1678 3728 prophetavi-

72 3785 215 3835 mus,
258 3780 315 3824 et
366 3766 423 3821 in
455 3763 674 3820 nomine
718 3771 810 3814 tuo
867 3755 1129 3813 daemonia
1159 3753 1454 3823 ejecimns,
1513 3758 1569 3803 et
1624 3747 1678 3802 in

72 3865 296 3921 nomine
321 3872 418 3916 tuo
445 3861 676 3913 virtutes
711 3854 912 3910 multas
939 3847 1196 3906 fecimus?
1241 3857 1295 3901 et
1343 3855 1471 3900 tunc
1501 3842 1678 3898 dicam

70 3961 178 4016 illis
211 3978 224 4014 :
257 3957 568 4027 Numquam
605 3967 700 4006 vos
730 3947 994 4021 cognovi;
1035 3942 1296 3999 discedite
1324 3957 1352 3995 a
1389 3955 1476 3994 me
1502 3981 1517 4006 ,
1550 3952 1680 4009 ope-

71 4053 199 4109 rarii
232 4050 547 4121 iniquitatis
595 4043 810 4119 (Ibid.).
865 4039 1024 4095 Tales
1057 4052 1164 4092 non
1199 4038 1454 4091 invocant
1484 4046 1681 4086 nomen

71 4143 315 4212 Domini,
353 4141 445 4214 qui
479 4155 589 4196 non
635 4137 837 4191 habent
878 4133 1130 4202 spiritum
1180 4127 1492 4199 atIOplimtiS
1545 4123 1683 4179 filio-

70 4253 216 4301 rum,
271 4237 329 4290 in
391 4248 499 4298 quo
529 4231 855 4292 clamamus,
891 4224 1066 4292 Abba,
1117 4232 1269 4292 pater
1319 4219 1502 4289 (Rom.
1544 4218 1679 4286 rm).

69 4335 246 4391 Nemo
295 4329 444 4387 enim
493 4334 669 4397 potest
692 4324 874 4378 dicere
906 4318 1200 4374 Dominum
1231 4315 1438 4378 .lesum,
1473 4313 1574 4368 nisi
1629 4311 1683 4364 in

72 4429 284 4501 Spiritu
316 4431 510 4481 sancto
534 4422 577 4495 (l
599 4420 721 4475 Cor.
756 4417 879 4489 xtl).
915 4415 982 4470 Et
1006 4413 1339 4486 quicumque
1361 4409 1554 4479 Spiritu
1587 4406 1684 4460 Dei

71 4530 339 4594 aguntur,
366 4517 420 4573 1ιὶ
454 4514 548 4570 ﬁlii
591 4521 720 4568 sunt
772 4510 864 4565 Dei
897 4508 1078 4581 (Rom.
1105 4504 1244 4576 VIII),
1280 4504 1369 4574 qui
1400 4501 1466 4556 ad
1517 4501 1683 4554 Deum

73 4632 169 4689 per
204 4615 385 4670 Deum
409 4611 633 4666 veniunt
665 4625 678 4662 :
709 4615 764 4662 et
790 4605 991 4660 salvari
1028 4602 1300 4662 volentes,
1327 4597 1551 4652 omnino
1575 4593 1686 4648 sal-

71 4687 301 4775 vantur,
345 4706 472 4777 quia
504 4704 681 4774 ipsum
715 4695 1041 4754 desiderium
1080 4694 1270 4748 salutis
1293 4706 1362 4746 ex
1394 4689 1490 4743 Dei
1519 4687 1687 4756 inspi—

72 4805 296 4860 ratione
336 4798 690 4866 concipiunt,
743 4801 798 4848 ct
841 4806 936 4860 per
976 4785 1440 4842 illuminationem
1480 4794 1687 4834 vocan-

74 4899 144 4954 tis
175 4898 232 4951 in
275 4891 610 4965 agnitionem
651 4885 879 4940 veniunt
904 4878 1169 4936 veritatis.
1221 4875 1358 4931 Sunt
1413 4872 1558 4927 enim
1596 4868 1689 4922 lilii

75 4986 495 5062 promissionis,
524 4997 738 5040 merces
767 4977 913 5044 fidei,
939 4972 1186 5046 spiritale
1214 4983 1399 5025 semen
1429 4961 1686 5029 Abrahae,

73 5059 255 5156 genus
282 5080 553 5142 electum,
611 5071 792 5144 regale
832 5065 1224 5130 sacerdotium,
1271 5059 1584 5132 pra-scitum
1636 5063 1690 5108 et

76 5155 516 5247 prmordittzttutn
568 5170 623 5225 in
669 5169 836 5223 vitam
880 5172 1139 5219 (sternam
1170 5200 1184 5224 ,
1253 5155 1393 5211 sicut
1459 5157 1689 5208 testatur

72 5272 326 5345 Spiritus
347 5276 566 5324 sanctus
591 5279 685 5334 per
711 5259 1040 5318 Hieremiam
1086 5255 1407 5325 prophetam
1455 5248 1646 5303 dicens
1672 5260 1686 5299 :

76 5343 229 5422 Ecce
275 5364 399 5419 dies
435 5360 696 5427 veniunt,
747 5355 883 5411 dicit
935 5350 1237 5414 Dominus,
1302 5355 1352 5401 et
1399 5343 1686 5414 disponam

73 5461 279 5520 domui
307 5457 469 5515 Israel
489 5466 544 5512 et
566 5451 750 5510 domui
771 5449 923 5508 Judaa
940 5455 1326 5503 testamentum
1353 5451 1688 5503 novnm,non

77 5554 395 5613 secundum
466 5556 848 5607 testamentum
922 5539 1068 5612 quod
1133 5536 1376 5606 disposui
1448 5529 1690 5602 patribus

74 5666 281 5712 eorum
347 5648 398 5702 iu
432 5645 520 5701 die
555 5658 657 5712 qua
713 5634 1050 5711 apprehendi
1100 5645 1320 5686 manum
1351 5639 1545 5684 eorum
1577 5663 1591 5687 ,
1635 5630 1693 5677 nt

79 5749 395 5803 educerum
420 5739 544 5796 illos
566 5736 635 5792 de
665 5744 810 5790 terra
840 5724 1339 5802 Egypti,quiaipsi
1371 5735 1474 5774 non
1507 5732 1694 5787 perse-

80 5847 433 5896 veraverunt
466 5834 520 5886 in
564 5836 888 5886 testamento
922 5839 1066 5891 meo,
1114 5829 1168 5876 ct
1197 5833 1297 5888 ego
1327 5831 1424 5872 eos
1447 5813 1692 5885 neglexi,

81 5933 227 5992 dicit
275 5928 539 5986 Dominus
571 5924 611 5996 (1
645 5923 762 5979 Pet.
792 5938 828 5977 ιι
857 5939 869 5975 :
904 5919 1097 5975 Jerem.
1137 5929 1270 5969 xxxr
1302 5923 1348 5966 et
1382 5909 1517 5965 "eb.
1552 5907 1693 5976 vm).

1781 3368 2104 3438 exceptione
2143 3369 2442 3423 salvantur.
2469 3368 2569 3422 Dat
2600 3368 2745 3423 enim
2777 3369 2921 3438 leges
2959 3382 3083 3422 suas
3122 3370 3174 3420 in
3214 3382 3383 3422 sensu

1777 3461 2046 3532 ipSorum,
2078 3477 2282 3533 easque
2317 3464 2367 3516 in
2399 3460 2653 3517 cordibus
2683 3476 2873 3515 eorum
2916 3460 3084 3529 digito
3115 3473 3214 3513 suo
3244 3459 3382 3513 scri-

1776 3552 1876 3618 bit,
1908 3563 1964 3608 ut
1984 3553 2321 3624 agnitionem
2349 3555 2442 3608 Dei
2477 3568 2585 3607 non
2612 3553 2879 3607 doctrinae
2914 3554 3166 3605 humanzc
3191 3565 3382 3619 opere,

1780 3649 1874 3706 sed
1900 3651 2217 3721 magisterio
2247 3649 2444 3704 summi
2475 3649 2768 3703 eruditoris
2789 3646 3059 3716 accipiant
3089 3665 3100 3699 :
3128 3645 3251 3718 quia
3292 3662 3388 3701 ne-

1780 3759 1886 3814 que
1911 3745 2002 3815 qui
2040 3743 2270 3814 plantat,
2297 3757 2478 3813 neque
2502 3743 2590 3809 qui
2611 3741 2769 3812 rigat,
2794 3750 2878 3794 est
2916 3740 3142 3806 aliquid,
3173 3739 3266 3794 sed
3291 3739 3388 3807 qui

1783 3839 2176 3894 incrementum
2205 3836 2298 3891 dat
2345 3836 2484 3890 Deus
2508 3838 2524 3903 ζ
2553 3833 2713 3889 lCor.
2742 3848 2801 3887 ιιι
2827 3832 2867 3903 ).
2901 3831 3102 3887 omnes
3145 3829 3196 3885 lii
3224 3847 3251 3883 a
3278 3845 3379 3900 pu-

1784 3933 1906 3988 sillo
1940 3947 2108 4001 usque
2133 3931 2200 3985 ad
2228 3943 2479 4000 magnum
2502 3935 2837 3996 cognoscunt
2863 3925 3191 3995 Deum,quia
3217 3934 3272 3978 ut
3295 3939 3389 3979 ve-

1786 4027 1966 4083 nirent
1992 4025 2057 4080 ad
2084 4023 2385 4089 Christum,
2411 4039 2438 4078 a
2471 4023 2635 4076 Patre
2663 4021 2958 4075 audierunt
2987 4031 3149 4090 atque
3175 4018 3383 4074 didice-

1787 4126 1931 4174 runt.
1951 4117 2152 4172 Omnes
2170 4116 2353 4172 educti
2379 4115 2447 4170 ab
2467 4129 2660 4170 errore
2680 4113 2988 4182 diriguntur
3007 4113 3060 4166 in
3073 4113 3215 4166 viam
3239 4109 3386 4176 vitae,

1787 4213 2060 4277 omnibus,
2079 4209 2246 4266 corde
2269 4217 2497 4278 mutato,
2515 4221 2657 4264 recta
2679 4223 2870 4278 sapere
2889 4221 2944 4261 ct
2969 4215 3114 4262 recta
3136 4205 3278 4261 velle
3292 4204 3389 4259 do-

1789 4314 1968 4373 natur,
1993 4305 2250 4359 omnibus
2273 4304 2433 4356 timor
2448 4317 2556 4372 quo
2575 4301 2628 4355 in
2651 4301 2922 4356 mandatis
2942 4299 3389 4364 Deierudiantur,

1789 4401 2049 4456 inseritur
2078 4398 2300 4473 (Jerem.
2328 4416 2402 4466 ιι,
2454 4397 2613 4452 Joau.
2665 4413 2739 4467 vt,
2783 4395 2933 4451 Psal.
2962 4395 3172 4468 cxrtu).
3208 4394 3292 4449 Fit
3337 4395 3390 4450 in

1788 4493 2010 4549 deserto
2040 4491 2148 4560 via,
2197 4500 2252 4547 et
2301 4501 2442 4546 terra
2473 4491 2620 4545 arida
2668 4489 2982 4544 ﬂuminibus
3008 4487 3298 4558 irrigatur,
3337 4498 3396 4544 ut

1790 4587 1883 4658 qui
1927 4589 2076 4657 prius
2103 4587 2171 4641 ad
2219 4585 2590 4642 confitendum
2620 4585 2790 4640 Deum
2826 4598 2888 4638 os
2917 4599 3022 4636 non
3056 4582 3396 4653 aperiebant,

1715 4650 1769 4712 Ι)
1795 4691 1853 4737 et
1877 4683 2024 4737 velut
2049 4690 2199 4735 mula
2220 4691 2382 4751 atque
2419 4678 2812 4734 irrationabilia
2843 4650 3105 4732 animalia
3137 4678 3188 4732 in
3214 4675 3398 4729 ferita-

1797 4782 1905 4829 tem
1932 4775 2266 4829 transierant
2315 4775 2639 4838 bestiarum,
2681 4772 2994 4827 divinorum
3044 4767 3397 4839 eloquiorum

1798 4869 2042 4926 fontibus
2071 4869 2334 4936 mundati,
2365 4867 2693 4924 benedicant
2722 4877 2776 4922 et
2808 4866 3029 4922 laudent
3058 4865 3226 4918 Deum
3255 4859 3394 4932 (Ira.

1799 4965 1972 5038 mn),
2009 4975 2329 5021 enarrantcs
2351 4964 2578 5017 virtutes
2617 4971 2670 5016 et
2700 4959 2970 5016 mirabilia
3004 4952 3396 5012 misericordia:

1799 5058 1916 5129 ejus
1943 5056 2034 5127 qui
2059 5056 2224 5127 elegit
2251 5069 2368 5121 eos,
2393 5055 2514 5109 etin
2538 5054 2678 5108 filios
2719 5049 3014 5121 adoptavit,
3041 5061 3103 5100 ac
3138 5043 3264 5101 novi
3289 5052 3398 5098 tes-

1801 5151 2026 5209 tamenti
2059 5147 2451 5206 fecitharredes
2475 5146 2695 5219 (Epht’tt.
2720 5161 2760 5211 ι,
2792 5142 2969 5198 Gatat.
2991 5139 3094 5211 ιιι).
3123 5138 3180 5194 Si
3212 5146 3394 5193 autem

1799 5249 1882 5321 (ut
1903 5245 2198 5316 Apostolus
2227 5242 2487 5314 loquitur)
2522 5239 2761 5295 hominis
2813 5234 3188 5292 confirmatum
3237 5242 3403 5286 testa-

1798 5352 2042 5398 mentum
2055 5332 2783 5409 spernitautsuperordinat,
2798 5327 3071 5401 quomodo
3091 5326 3207 5381 fieri
3224 5333 3404 5396 potest

1800 5446 1858 5490 ut
1879 5450 1945 5490 ex
1974 5433 2082 5489 ulla
2123 5441 2280 5503 parte
2310 5429 2490 5484 divina
2531 5423 2818 5497 promissio
2849 5418 3186 5476 resolvatur?
3227 5416 3404 5474 Manet

1800 5542 2026 5602 prorsus
2070 5533 2126 5582 et
2169 5522 2410 5596 quotidie
2430 5519 2685 5590 impletur
2710 5515 2852 5587 quod
2877 5515 3110 5570 Ahraha:
3140 5511 3402 5567 Dominus

1798 5626 1918 5682 sine
1938 5623 2254 5681 conditione
2274 5617 2549 5690 promisit,
2575 5615 2692 5669 sine
2717 5615 2836 5684 lege
2856 5610 3078 5667 donavit
3104 5629 3117 5666 :
3149 5610 3272 5681 quia
3299 5610 3404 5665 etsi

1797 5719 2016 5792 quidam
2043 5716 2242 5789 quibus
2265 5713 2380 5766 haec
2399 5709 2686 5780 praedicata
2712 5716 2859 5774 sunt,
2877 5720 2982 5760 non
3009 5703 3364 5760 crediderunt
3389 5718 3403 5756 :

1799 5813 2160 5872 incredulitas
2207 5822 2394 5866 eorum
2451 5803 2611 5858 fidem
2661 5802 2754 5857 Dei
2796 5819 2906 5858 non
2956 5800 3259 5858 cvacuavit.
3304 5799 3404 5858 Est

1800 5910 1943 5966 enim
1967 5908 2114 5962 Deus
2137 5917 2321 5968 verax,
2351 5897 2530 5957 omnis
2551 5903 2734 5952 autem
2757 5895 2921 5953 homo
2953 5894 3190 5952 mendax
3216 5894 3401 5966 (Rom.
