3958 6314
569 313 714 375 1035

1611 316 1952 373 ΑΡΡΕΝΒΙΧ
1995 317 2086 374 AD
2126 316 2357 375 OPERA
2398 319 2458 376 Β.
2489 322 2827 381 ΑΜΗΠΟΒΙΙ.

3661 340 3754 396 IDBl

564 436 672 504 ιιι).
708 435 771 489 Et
802 434 877 488 illi
901 434 1228 504 quidemqui
1261 435 1444 492 audito
1486 435 1778 505 Evangelio
1815 435 2047 491 erodere
2078 451 2168 489 no.
2194 439 2246 497 Α
2275 434 2557 494 Effundam
2621 439 2689 493 de
2735 440 2923 510 spiritu
2966 457 3088 498 meo
3141 459 3302 515 super
3355 461 3546 505 omnem
3599 467 3758 511 carnem

569 529 811 592 luerunt,
857 528 1338 583 inexcusabiliores
1362 529 1482 585 facti
1512 540 1656 596 sunt,
1688 546 1846 601 quam
1886 531 1931 585 si
1962 532 2164 586 nullunt

572 623 911 692 praeconium
959 622 1205 677 veritatis
1251 622 1545 677 audissent.
1583 624 1687 679 Sed
1729 634 1935 678 certum
1967 634 2048 680 est
2074 639 2169 680 eos

575 717 718 786 apud
753 717 1148 786 praescientiam
1196 717 1311 778 Dei,
1365 718 1595 773 Abrabze
1643 718 1784 772 ﬁlios
1837 735 1942 774 non
1971 719 2164 784 fuisse,

575 824 679 866 nec
721 811 772 864 in
821 811 1033 865 illorum
1061 822 1209 866 sorte
1257 821 1593 879 numeratos,
1643 813 1711 867 de
1739 815 1936 883 quibus
1964 814 2167 870 dictum

571 911 659 956 est
692 919 704 955 :
740 901 1139 964 Benedicentnr
1168 903 1220 958 in
1247 906 1454 961 semine
1485 917 1576 959 tuo
1595 921 1789 962 omnes
1814 908 1986 965 tribus
2009 919 2170 963 terra:

573 995 757 1071 (Joan.
791 1015 879 1069 xv,
915 998 1044 1052 Gen.
1080 999 1238 1071 χιιι).
1271 999 1590 1056 Creditttros
1621 1003 1763 1058 enim
1797 1005 2046 1072 promisit
2079 1005 2169 1073 qui

574 1090 710 1146 dtxit
739 1110 751 1145 τ
781 1092 849 1146 Ει
881 1108 986 1148 non
1016 1093 1241 1150 docebit
1269 1098 1642 1166 unusquisque
1662 1096 1965 1166 proximum
1987 1113 2167 1166 suum,

574 1193 632 1239 et
660 1186 1037 1257 unusquisque
1062 1186 1282 1242 fratrem
1317 1203 1500 1253 suum,
1533 1189 1720 1244 dicens
1754 1209 1764 1243 :
1797 1190 2040 1260 COgosce
2070 1193 2173 1244 Do-

577 1276 786 1332 minum
817 1297 825 1330 :
852 1280 974 1350 quia
1007 1294 1200 1335 omnes
1225 1291 1561 1350 cognoscent
1597 1297 1684 1336 me
1706 1297 1733 1334 a
1761 1283 1955 1351 pusillo
1983 1299 2170 1337 eorum

574 1385 748 1442 usque
809 1373 874 1425 ad
921 1388 1197 1443 magnum.
1259 1373 1718 1428 Reconciliandos
1777 1375 2028 1445 promisit
2082 1376 2171 1444 qui

575 1462 714 1518 dixit
740 1481 752 1518 :
775 1464 1049 1533 Propitius
1077 1480 1170 1519 ero
1189 1465 1571 1535 iniquitatibus
1603 1481 1822 1533 eorum,
1847 1476 1899 1520 et
1924 1477 2177 1535 peceato-

576 1571 700 1611 rum
731 1572 942 1612 memor
967 1573 1074 1612 non
1103 1574 1198 1613 ero
1222 1559 1440 1626 (Jerem.
1463 1575 1610 1624 xum,
1632 1575 1809 1622 xxxtt;
1839 1559 2001 1614 Hebr.
2034 1560 2170 1631 vttt).

577 1649 905 1706 Ohedituros
935 1653 1185 1722 premisit
1212 1655 1303 1724 qui
1335 1653 1468 1709 dixit
1503 1672 1514 1708 :
1552 1655 1696 1708 Dabo
1729 1655 1835 1709 illis
1869 1658 2006 1709 viam
2037 1657 2177 1710 alte-

575 1759 692 1798 ram
727 1757 781 1806 et
813 1761 907 1800 cor
951 1745 1118 1807 aliud,
1155 1756 1210 1799 ιιι
1261 1747 1490 1802 timeant
1532 1763 1618 1802 me
1645 1763 1838 1802 omnes
1885 1749 2002 1803 dies
2034 1747 2173 1810 (Isa.

583 1836 736 1908 ην).
787 1837 1236 1894 Perseveraturos
1295 1839 1544 1908 promisit
1596 1840 1689 1908 qui
1736 1839 1871 1893 dixit
1917 1858 1928 1892 ε

580 1946 698 1989 rem
749 1947 927 1986 meum
976 1931 1114 1986 dabo
1161 1933 1212 1988 in
1272 1947 1369 1987 cor
1423 1947 1656 2000 eorum,
1714 1949 1783 1988 ne
1837 1933 2178 1989 discedanta

583 2037 673 2080 me
705 2039 716 2074 ε
750 2032 804 2077 et
848 2023 1077 2078 visitabo
1102 2039 1218 2090 eos,
1256 2033 1308 2078 ut
1337 2025 1516 2080 bonos
1538 2039 1630 2080 eos
1659 2024 1868 2080 faciam.
1897 2026 2181 2080 Postremo

583 2130 775 2170 omnes
820 2115 938 2172 sine
966 2117 1284 2187 cujusquam
1326 2119 1653 2188 exceptione
1686 2118 1789 2173 sibi
1820 2118 2181 2174 obsecuturos

585 2209 858 2282 promisit,
883 2211 973 2283 qui
1002 2211 1139 2267 dixit
1176 2231 1186 2264 :
1216 2211 1322 2268 Per
1353 2213 1734 2282 memetipsum
1758 2213 1905 2283 juro,
1933 2213 2036 2268 nisi
2067 2213 2182 2267 cxi-

580 2303 663 2364 bit
699 2303 768 2360 de
804 2318 901 2358 ore
931 2319 1052 2360 meo
1075 2304 1310 2373 justitia,
1352 2314 1407 2360 et
1431 2305 1599 2360 verba
1629 2320 1746 2359 mea
1781 2320 1888 2359 non
1930 2316 2182 2360 averten-

585 2407 694 2466 tur,
723 2399 848 2469 quia
887 2397 1021 2454 mihi
1048 2397 1294 2454 ﬂectetur
1337 2414 1498 2454 onme
1526 2414 1688 2469 genu,
1728 2408 1782 2453 et
1835 2399 2184 2453 conﬁtebitur

581 2494 762 2552 omnis
794 2493 973 2564 lingua
1009 2492 1140 2549 Deo.
1200 2493 1297 2548 llic
1346 2494 1388 2546 si
1447 2493 1692 2547 dicamus
1739 2508 1844 2547 non
1893 2493 2007 2547 ﬁeri
2035 2492 2180 2562 quod

584 2586 726 2644 Deus
749 2585 952 2656 juravit
987 2600 1108 2642 esse
1140 2586 1443 2641 faciendum
1482 2605 1492 2639 :
1543 2586 1835 2642 falsitatem
1868 2586 1981 2641 Deo
2013 2586 2182 2656 (quod

580 2680 747 2752 absit)
770 2689 826 2736 et
872 2681 1213 2737 mendacium
1260 2680 1580 2737 ascribimus
1609 2681 1846 2735 veritati.
1902 2679 1957 2735 Si
1999 2690 2183 2738 autem

583 2774 667 2846 (ut
689 2774 860 2843 pietas
890 2775 1132 2846 ﬁdesque
1161 2774 1510 2848 persuadent)
1556 2777 1652 2831 Dei
1691 2774 1856 2830 verba
1898 2789 2005 2830 non
2037 2773 2186 2829 exci-

583 2866 742 2932 dunt,
768 2876 825 2922 et
853 2869 909 2924 lit
935 2869 1160 2925 omnino
1187 2868 1333 2940 quod
1357 2869 1546 2925 statuit
1574 2868 1791 2940 (Matth.
1824 2867 2003 2939 xxiv);
2041 2882 2182 2938 quo-

582 2957 750 3014 modo
779 2958 938 3020 nobis
975 2961 1186 3015 veracis
1213 2959 1590 3030 promissionis
1619 2961 1848 3017 ﬁrmitas
1874 2962 2181 3031 apparebit,

582 3066 706 3106 cum
731 3053 894 3108 multa
917 3053 1091 3107 adhuc
1120 3053 1402 3110 hominum
1425 3054 1590 3110 millia
1612 3053 1898 3110 daemoniis
1921 3057 2184 3124 serviant,

586 3156 643 3202 et
672 3147 830 3204 idolis
869 3163 1009 3217 genu
1038 3148 1258 3204 flectant
1283 3190 1297 3213 ,
1331 3150 1434 3204 nisi
1477 3149 1784 3221 hujusmodi
1816 3152 2184 3209 denuntiatio-

2271 528 2432 598 (Joel.
2466 530 2567 601 tt);
2617 542 2709 587 aut
2737 535 2869 590 illud
2911 553 2921 588 :
2963 537 3179 593 Allcvat
3225 539 3457 596 Dominus
3502 561 3664 601 omnes
3703 553 3761 620 qui

2272 633 2551 692 corruunt,
2585 636 2638 680 et
2666 625 2820 695 erigit
2848 644 3038 685 onmes
3093 631 3255 686 elisos
3284 632 3438 702 (Paul.
3465 641 3630 708 thv):
3657 657 3764 696 ouat-

2271 716 2397 785 quid
2443 731 2551 772 non
2599 718 2670 772 ita
2730 722 3137 789 pronuntiatum
3189 733 3302 790 est,
3344 729 3479 796 quasi
3517 729 3763 791 abhocllei

2274 824 2496 864 munere
2548 826 2708 866 nemo
2765 813 3036 872 discretus
3088 818 3197 872 sit?
3256 817 3417 875 Habet
3444 838 3564 892 ergo
3598 829 3766 895 populus

2273 900 2371 955 Dei
2401 902 2790 970 plenitudinem
2823 921 2995 973 suam,
3039 917 3093 965 et
3116 911 3352 978 quamvis
3389 928 3564 982 magna
3588 931 3689 984 pars
3709 918 3770 971 lte-

2275 994 2502 1059 minum,
2533 997 2793 1052 salvautis
2816 1001 3042 1069 gratiam
3073 1011 3165 1056 aut
3206 1005 3422 1072 repellat
3466 1014 3552 1060 aut
3582 1009 3770 1079 negligat,

2272 1085 2324 1140 in
2353 1089 2539 1144 electis
2573 1102 2749 1146 tamen
2780 1103 2832 1148 et
2873 1095 3165 1164 prmscitls,
3190 1105 3348 1167 atque
3384 1099 3448 1154 ab
3485 1103 3771 1174 omnium”.

2275 1180 2561 1236 neralitate
2611 1183 2875 1251 discretis,
2905 1187 3161 1257 specialis
3207 1190 3441 1259 quaedam
3465 1198 3774 1249 censetur-ai-

2275 1276 2526 1341 versitas,
2557 1285 2613 1331 ut
2640 1277 2710 1333 de
2760 1288 2870 1333 toto
2914 1282 3120 1336 mundo
3160 1292 3301 1338 totus
3327 1284 3774 1352 mundnslibcntus,

2274 1374 2327 1421 et
2356 1370 2423 1422 de
2471 1371 2722 1428 omnibus
2751 1371 3061 1431 hominibus
3098 1390 3288 1432 omnes
3312 1377 3547 1436 homines
3570 1383 3776 1438 videantur

2275 1465 2535 1532 assutttpli
2569 1482 2583 1518 :
2617 1468 2753 1521 sicut
2781 1470 2944 1522 etiam
2976 1484 3098 1524 cum
3129 1471 3199 1527 de
3245 1473 3421 1542 impiis
3456 1490 3619 1531 serrae
3641 1479 3779 1543 est,ita

2278 1552 2604 1612 locutionem
2637 1573 2790 1614 suam
2829 1561 3044 1616 divinus
3084 1564 3260 1635 stylus
3290 1566 3518 1632 ordinat,
3561 1577 3781 1639 uteaqtta

2277 1645 2345 1701 de
2373 1648 2603 1716 quadam
2636 1662 2790 1721 parte
2833 1654 3109 1719 dicuntur,
3137 1656 3202 1710 ad
3236 1673 3423 1712 omnes
3452 1660 3671 1714 homian
3706 1677 3784 1730 prt-

2279 1741 2452 1796 tinere
2500 1743 2825 1800 videantur:
2860 1748 3024 1802 veluti
3048 1758 3132 1804 est
3160 1749 3290 1805 illttd
3333 1751 3475 1819 quod
3517 1755 3587 1808 ait
3619 1754 3784 1811 Joannes

1982 1839 2174 1894 Timo.
2202 1828 2252 1895 Β
2282 1833 2516 1902 Baptista
2543 1854 2554 1890 :
2583 1837 2684 1903 Qui
2709 1837 2775 1893 de
2803 1842 2943 1896 coelo
2969 1843 3138 1906 venit,
3169 1857 3331 1914 super
3356 1860 3541 1902 omnes
3562 1856 3635 1902 est
3657 1866 3667 1901 :
3691 1849 3784 1917 qud

2282 1928 2415 1983 vidit
2445 1940 2499 1985 ct
2545 1931 2768 1999 audivit,
2823 1935 3181 2003 testiﬁcatur,
3235 1947 3292 1993 et
3339 1940 3676 1996 testimonium
3714 1941 3787 2008 eius

2284 2038 2445 2078 nemo
2473 2027 2668 2095 accipit
2696 2027 2878 2097 (Joan.
2921 2030 3022 2100 ιιι).
3050 2031 3157 2086 Aut
3181 2031 3310 2086 illud
3345 2033 3580 2101 Apostoli
3611 2052 3622 2088 :
3653 2035 3788 2088 ιὶιιιιιεί

2282 2131 2401 2185 quae
2427 2131 2520 2172 sua
2552 2130 2679 2175 sunt
2727 2133 2998 2190 quarunt,
3029 2140 3135 2178 non
3167 2141 3290 2192 qum
3329 2125 3460 2184 Jesu
3490 2124 3668 2186 Christi
3690 2127 3792 2194 (Pii.

2281 2207 2379 2276 lip.
2411 2208 2491 2280 ιι).
2540 2211 2647 2267 Aut
2680 2212 2812 2270 illud
2860 2215 3000 2284 quod
3055 2218 3299 2285 psalmus
3348 2219 3628 2276 Davidicus
3662 2223 3788 2275 uno

2286 2300 2544 2358 Dominus
2575 2303 2644 2360 de
2685 2308 2825 2362 caalo
2876 2312 3158 2378 prospexit
3199 2327 3366 2381 super
3410 2313 3546 2369 ﬁlios
3570 2313 3791 2377 hominm,

2285 2406 2340 2446 ut
2368 2395 2551 2454 videat
2599 2399 2641 2452 si
2675 2410 2758 2455 est
2815 2400 3168 2470 intelligens,
3223 2415 3316 2460 aut
3383 2407 3651 2477 requirens
3686 2406 3794 2460 Deum

2287 2487 2465 2558 (Paul.
2515 2491 2650 2562 xttt).
2693 2493 2897 2549 Omnes
2943 2495 3396 2565 declinaverunt,
3457 2500 3613 2557 simul
3648 2500 3798 2556 inutiles

2284 2581 2413 2640 facti
2447 2595 2594 2652 sunt,
2647 2603 2753 2643 non
2782 2599 2867 2644 est
2893 2592 2984 2660 qui
3018 2594 3179 2648 faciat
3211 2594 3438 2661 bonum,
3471 2612 3573 2650 non
3595 2605 3667 2651 est
3688 2610 3798 2664 tam

2285 2677 2352 2732 ad
2383 2693 2571 2735 unum.
2615 2679 2715 2736 His
2747 2682 2912 2752 igitur
2936 2694 2990 2738 et
3039 2687 3163 2739 aliis
3194 2687 3533 2744 documentis
3583 2706 3684 2759 qua:
3720 2705 3799 2756 pns-

2283 2780 2408 2826 suut
2436 2773 2503 2828 ah
2533 2774 2934 2845 inquirentibus
2957 2780 3333 2836 numerosiora
3369 2782 3618 2852 proferri,
3641 2797 3722 2835 non
3739 2781 3800 2834 ds-

2285 2861 2373 2916 hie
2393 2863 2796 2924 demonstratur
2823 2868 3098 2926 interdum
3119 2881 3174 2927 et
3197 2888 3295 2941 pro
3321 2885 3472 2944 parte
3490 2883 3638 2932 ten-3
3648 2889 3798 2932 attines

2285 2968 2510 3026 terram,
2545 2973 2598 3017 et
2630 2977 2730 3032 pro
2757 2973 2911 3032 parte
2958 2966 3140 3026 mundi
3176 2978 3347 3024 totum
3375 2969 3648 3036 tutandum,
3678 2979 3803 3035 etpn
3893 2985 3895 3040 ι

2287 3063 2438 3121 parte
2489 3054 2766 3111 hominum
2792 3070 2983 3114 omnes
3030 3059 3280 3116 homines
3319 3062 3606 3126 nominari,
3643 3077 3802 3132 quam
3893 3083 3895 3090 ·

2287 3153 2467 3200 tamen
2497 3146 2879 3204 discretionem
2907 3151 3226 3222 plerumque
3257 3151 3652 3222 Scripturacito
3669 3152 3801 3221 aperit,

586 3253 684 3294 nos
713 3238 808 3294 Dei
841 3240 1136 3296 secundum
1169 3241 1315 3296 illam
1351 3242 1849 3300 incommutabilem
1895 3246 2182 3302 scientiam
2209 3225 2260 3291 ο
2292 3249 2346 3291 ut-
2385 3253 2575 3295 settstts
2619 3241 2845 3309 legentis
2887 3244 2958 3297 ab
3015 3246 3389 3302 Universitatis
3419 3247 3748 3316 appellatione
3763 3244 3802 3302 at

589 3332 766 3391 editas
799 3325 1128 3401 noverimus,
1161 3335 1212 3389 in
1245 3350 1349 3406 qua
1372 3335 1512 3406 apud
1547 3337 1694 3392 illum
1722 3338 1832 3407 jam
1860 3341 2183 3395 universitas

589 3425 821 3481 humana
861 3425 1096 3484 discreta
1128 3437 1232 3493 est,
1264 3438 1320 3486 et
1343 3429 1459 3485 sive
1479 3428 1549 3484 de
1578 3431 1757 3496 bonis,
1790 3433 1902 3486 sive
1928 3432 1996 3488 de
2027 3431 2186 3487 malis

587 3519 864 3588 loquatur,
899 3520 974 3573 ita
1018 3521 1173 3575 unius
1217 3523 1386 3590 partis
1417 3517 1686 3590 meminit,
1724 3526 1878 3593 quasi
1905 3525 2184 3581 nemiuem

586 3611 869 3670 hominum
902 3615 1311 3683 praetermittat?
1341 3613 1474 3670 Nam
1505 3631 1627 3671 cum
1667 3616 1797 3672 dicit
1840 3616 2132 3687 Apostolus
2166 3634 2181 3674 :

590 3705 783 3762 Vetera
803 3706 1166 3774 transierunt,
1185 3725 1309 3766 ecce
1330 3710 1469 3765 facta
1485 3712 1801 3766 suntomnia
1827 3727 1960 3767 nova
1977 3711 2042 3784 (ιι
2059 3710 2178 3768 Cor.

587 3800 644 3872 ν)
677 3820 692 3859 :
731 3802 989 3874 numquid
1037 3820 1144 3859 non
1187 3819 1376 3861 omnes
1420 3805 1690 3877 homines)
1718 3807 1934 3864 videtur
1980 3807 2185 3864 dixisse

597 3895 924 3952 renovatus?
952 3896 1058 3953 Aut
1087 3913 1211 3952 cum
1243 3898 1375 3953 dicit
1401 3917 1413 3953 :
1437 3898 1571 3966 Quia
1604 3901 1654 3954 in
1698 3899 1822 3969 ipso
1859 3900 2187 3971 complacuit

586 4003 803 4048 omnem
837 3991 1231 4061 plenitudinem
1263 3991 1532 4056 habitare,
1574 4001 1630 4050 et
1657 4009 1752 4062 per
1783 3995 1958 4064 ipsum
1989 4009 2184 4050 recon-

589 4079 761 4136 ciliari
807 4084 990 4140 omnia
1050 4084 1102 4138 in
1146 4085 1262 4155 ipso
1303 4083 1527 4154 ((Iotoss.
1565 4084 1627 4155 t)
1681 4103 1695 4138 :
1760 4086 2017 4155 numquid
2075 4102 2182 4144 non

593 4174 663 4227 ita
699 4174 934 4244 loquitur
978 4177 1130 4244 quasi
1161 4178 1433 4232 neminem
1471 4177 1599 4232 velit
1629 4185 1879 4237 exortem
1919 4179 2078 4248 hujus
2108 4193 2187 4234 re-

591 4268 990 4324 conciliationis
1011 4269 1274 4341 intelligi?
1305 4271 1412 4328 Aut
1437 4287 1558 4327 cum
1583 4273 1658 4328 ait
1684 4289 1699 4328 ι
1726 4273 2046 4333 Novissimis
2067 4274 2185 4331 istis

593 4345 784 4418 diebus
814 4361 1027 4418 locutus
1058 4372 1141 4419 est
1161 4363 1314 4420 nobis
1334 4363 1388 4418 in
1411 4365 1568 4432 Filio,
1589 4381 1750 4436 quem
1774 4367 2054 4424 constituit
2076 4366 2185 4423 bae-

589 4454 778 4511 redem
826 4455 1206 4514 universorum
1237 4456 1399 4529 (Heb.
1433 4462 1472 4529 ι)
1506 4476 1518 4512 :
1553 4459 1814 4530 numquid
1846 4458 1994 4516 aliud
2026 4469 2186 4516 sonat

591 4548 765 4609 forma
813 4553 1123 4617 sententiae,
1173 4569 1332 4623 quam
1388 4568 1580 4610 omnes
1610 4555 1859 4612 homines
1898 4557 1953 4611 in
1981 4553 2183 4614 Christi

591 4641 919 4700 haereditate
973 4659 1002 4698 a
1058 4644 1216 4701 Patre
1267 4660 1391 4703 esse
1434 4647 1827 4716 trauscriptos,
1879 4627 2263 4706 secundum!)

593 4737 931 4809 prophetiam
981 4737 1153 4793 David
1190 4739 1427 4800 dicentis
1463 4758 1477 4793 :
1509 4740 1732 4798 Postula
1762 4757 1791 4796 a
1822 4757 1932 4808 me,
1963 4753 2017 4799 et
2044 4742 2187 4799 dabo

592 4835 686 4891 tibi
702 4845 893 4906 gentes
913 4835 1291 4892 haereditatem
1325 4848 1491 4903 tuam,
1522 4849 1572 4894 et
1605 4839 2010 4908 possessionem
2041 4849 2186 4896 tuam

594 4933 858 4988 terminos
877 4939 1042 4987 terrae
1069 4931 1243 5001 (Psal.
1277 4930 1368 5003 tt);
1413 4931 1626 4989 dicente
1655 4935 1798 4989 enim
1827 4935 2054 4992 Domino
2080 4953 2092 4989 :
2127 4933 2187 4990 Si

590 5025 863 5081 exaltatus
894 5024 1048 5081 fuero
1068 5040 1099 5078 a
1127 5033 1267 5080 terra
1292 5067 1306 5090 ,
1335 5025 1513 5079 omnia
1547 5026 1754 5082 traham
1777 5027 1843 5082 ad
1875 5045 1958 5083 me
1982 5029 2000 5101 (
2021 5029 2181 5083 Joon.

592 5120 722 5191 xu):
747 5135 924 5176 nonne
952 5121 1328 5178 universorum
1349 5119 1564 5175 videtur
1589 5123 1854 5191 promissa
1874 5124 2186 5180 conversio?

592 5213 699 5268 Aut
715 5229 836 5269 cum
853 5213 922 5269 de
940 5213 1185 5269 Ecclesia
1211 5211 1564 5282 prophetatur
1581 5224 1632 5267 et
1646 5213 1842 5269 dicitur
1857 5234 1868 5270 :
1885 5215 2070 5270 Omnis
2083 5217 2189 5270 val-

591 5306 657 5362 lis
695 5306 1021 5377 replebitur,
1059 5306 1304 5364 etomnis
1331 5321 1486 5360 mons
1519 5316 1571 5361 et
1596 5306 1753 5362 collis
1785 5308 2184 5375 humiliahitur,

592 5410 648 5456 et
692 5410 848 5455 erunt
889 5415 1051 5470 prava
1093 5401 1144 5456 in
1176 5400 1399 5468 directa,
1443 5409 1499 5456 et
1524 5417 1713 5471 aspera
1759 5401 1810 5456 itt
1849 5403 1965 5456 vias
1998 5403 2186 5472 planas

595 5494 742 5564 (ha.
774 5511 843 5548 ιιι,
865 5495 882 5565 )
908 5513 920 5547 :
947 5496 1205 5566 tmmquid
1230 5497 1367 5552 nllus
1399 5496 1674 5550 hominum
1690 5495 1904 5551 videtur
1929 5499 2184 5563 omissus,

596 5584 689 5656 qui
742 5597 847 5637 non
898 5588 1233 5655 signiﬁcatus
1287 5589 1358 5643 sit
1396 5587 1615 5646 Christo
1659 5603 1781 5643 esse
1827 5588 2186 5646 subdeudns?

595 5675 737 5745 Quid
767 5689 890 5730 cum
941 5675 1172 5733 dicitur:
1207 5679 1273 5733 Et
1305 5680 1482 5736 veniet
1532 5681 1711 5736 omnis
1751 5697 1883 5737 caro
1929 5683 1979 5734 in
2029 5696 2186 5736 cons-

595 5779 754 5839 pectu
795 5781 917 5822 meo
956 5778 1014 5822 ut
1061 5770 1288 5825 adorent
1339 5773 1388 5825 in
1429 5773 1786 5840 Hierusalem,
1819 5773 1950 5828 dicit
1997 5773 2179 5829 Domi-

595 5877 694 5920 nus
736 5859 872 5933 (Ira.
904 5861 1048 5932 aut)
1077 5879 1091 5927 ;
1125 5871 1218 5920 aut
1267 5865 1437 5921 illud:
1467 5866 1532 5924 Et
1561 5867 1664 5926 erit
1718 5867 1772 5922 in
1821 5866 2012 5929 diebus
2039 5866 2145 5924 illis
2166 5911 2181 5936 ,

2288 3340 2494 3398 partem
2525 3348 2644 3401 quae
2685 3335 3037 3404 intelligenda
3062 3347 3146 3392 est
3180 3338 3539 3396 transferatur
3572 3357 3586 3394 :
3626 3343 3737 3394 sicut
3758 3349 3807 3390 ﬁt

2287 3425 2420 3480 illud
2444 3429 2691 3495 Apostoli
2716 3427 2947 3488 dicentis
2973 3448 2987 3486 :
3017 3431 3385 3488 Praedicamus
3399 3431 3582 3491 Jesum
3603 3431 3807 3488 Cirrata-

2285 3519 2638 3582 cruciﬁxum,
2692 3519 2895 3578 ludatis
2939 3521 3163 3592 quidem
3221 3523 3573 3590 scandalum,
3626 3525 3808 3594 gentiles

2285 3621 2465 3668 autem
2496 3612 2813 3681 stultitiam,
2844 3613 2975 3684 ipsis
3027 3631 3160 3672 vero
3217 3618 3424 3676 vocatis
3472 3617 3667 3672 «ιιιύδιίς
3703 3629 3809 3684 (tqu

2286 3701 2490 3758 Graecis
2542 3704 2818 3764 Christum
2849 3707 2943 3762 Dci
2991 3709 3282 3777 virtutem,
3333 3719 3389 3764 et
3429 3709 3520 3766 Dei
3559 3711 3810 3780 sapientia

2287 3795 2328 3868 (I
2361 3796 2478 3853 Cor.
2511 3800 2575 3867 ι).
2619 3799 2892 3868 Numquid
2945 3802 3078 3871 ipsis
3127 3801 3382 3860 Christus
3436 3804 3636 3867 virtus.
3679 3802 3811 3873 Qttibtti

2285 3891 2749 3948 scandalum?aut
2790 3893 2926 3963 ipsis
2956 3895 3245 3964 sapientia,
3274 3895 3475 3966 quibus
3492 3892 3813 3954 stultitia?Sel
3895 3901 3897 3966 ξ

2287 3984 2541 4052 quoniam
2568 3983 2788 4055 quidam
2813 4001 2878 4040 ex
2905 3985 3109 4042 eisdem
3137 3985 3582 4055 justiﬁeahuntur
3608 3988 3718 4054 ﬁde,
3735 3988 3812 4060 qni-

2286 4077 2411 4136 dam
2436 4088 2619 4138 autem
2656 4094 2752 4135 sua
2787 4080 3064 4149 impietate
3095 4081 3542 4142 obdurabuutur:
3578 4096 3815 4142 unumst:-
3895 4071 3897 4149 i

2287 4169 2532 4230 dentium
2571 4180 2628 4230 et
2664 4187 2772 4228 non
2815 4172 3154 4230 credentimu
3200 4189 3377 4244 genus
3419 4176 3520 4232 sub
3565 4184 3815 4230 vocatorum
3895 4169 3897 4236 ξ

2288 4266 2658 4336 appellatione
2710 4268 3012 4334 discrevit,
3059 4279 3116 4324 ut
3147 4284 3286 4339 quos
3331 4286 3364 4326 a
3392 4269 3497 4325 ﬁde
3540 4268 3817 4342 signiﬁcabat
3895 4269 3897 4336 ἰ

2287 4361 2518 4426 alienos,
2542 4375 2638 4418 eos
2671 4362 2914 4431 quamvis
2963 4361 3243 4424 audissent
3274 4361 3652 4434 Evangelium,
3693 4372 3817 4418 aster

2287 4454 2442 4510 deret
2472 4453 2772 4513 vocationis
2821 4463 3135 4514 extraneos.
3171 4455 3284 4512 Hac
3311 4458 3498 4527 regula
3539 4473 3636 4526 per
3668 4455 3817 4510 Esath

2288 4548 2553 4614 promittit
2594 4563 2777 4608 sermo
2817 4549 3058 4617 divinus,
3085 4549 3278 4611 dicens
3311 4568 3323 4603 :
3373 4551 3437 4606 Et
3470 4550 3661 4608 ducam
3703 4561 3819 4606 eam

2291 4645 2342 4698 iu
2370 4644 2510 4700 viam
2543 4661 2702 4714 quam
2717 4660 2825 4701 non
2850 4655 3139 4711 noverunt,
3162 4657 3214 4702 et
3238 4647 3614 4718 semitasquas
3637 4645 3820 4700 nescius!

2289 4737 2577 4793 calcabunt
2609 4756 2620 4792 :
2653 4748 2709 4793 et
2765 4738 2956 4794 faciam
3025 4739 3134 4792 illis
3191 4739 3443 4795 tenebras
3496 4738 3552 4793 in
3600 4738 3820 4798 lucem.tt

2291 4844 2452 4898 prava
2484 4830 2538 4886 in
2570 4829 2858 4888 directum.
2887 4829 3014 4890 Haec
3040 4831 3206 4887 verba
3237 4831 3456 4899 faciam,
3484 4842 3538 4890 et
3571 4847 3679 4893 non
3712 4832 3820 4884 dere-

2288 4920 2526 4993 linquant
2584 4938 2679 4979 cos
2724 4923 2859 4994 (lsa.
2889 4923 3043 4993 xui).
3088 4924 3196 4980 Sed
3244 4925 3388 4996 quod
3442 4928 3716 4996 sequitur:
3757 4919 3820 4990 lps‘

2287 5025 2466 5070 autem
2496 5018 2742 5072 conversi
2776 5029 2897 5072 sunt
2922 5027 3100 5083 retro;
3138 5018 3206 5072 ad
3239 5030 3450 5090 partem
3480 5019 3816 5090 quamdam:-

2293 5127 2379 5166 net
2397 5112 2440 5166 is
2461 5113 2706 5180 ipsorum
2735 5111 3084 5168 referendum
3106 5120 3215 5178 est,
3243 5128 3350 5168 non
3376 5113 3439 5168 ad
3469 5127 3569 5172 eos
3596 5112 3664 5167 de
3687 5109 3822 5182 quitus

2293 5208 2358 5262 ait
2401 5207 2559 5264 :Nott
2608 5207 2983 5276 derelinquam
3029 5222 3146 5264 eos.
3200 5208 3400 5266 lterum
3445 5208 3573 5265 dicit
3624 5209 3823 5264 Dominus

2293 5301 2536 5360 adlacob
2558 5299 2712 5375 (Isai.
2743 5300 2892 5370 xutt)
2919 5318 2932 5356 :
2955 5299 3072 5356 Noli
3103 5310 3370 5367 metuere,
3393 5303 3511 5373 quia
3534 5311 3704 5356 tecum
3722 5312 3819 5352 sum.

2289 5397 2372 5452 Ab
2399 5396 2622 5452 Oriente
2650 5396 2912 5452 adducam
2939 5411 3124 5452 semen
3157 5405 3331 5464 tuum,
3362 5406 3414 5452 et
3436 5397 3499 5451 ab
3525 5397 3722 5451 Occasu
3739 5391 3815 5447 ωιο

2291 5489 2450 5560 ligant
2482 5499 2554 5544 te.
2591 5490 2774 5546 Dicam
2801 5489 3082 5558 Aquiloni,
3109 5489 3288 5550 adhuc
3316 5509 3327 5543 :
3353 5501 3405 5546 et
3428 5490 3624 5556 Africo,
3650 5487 3745 5541 noli
3763 5501 3805 5540 tr

2295 5591 2430 5649 tare,
2471 5583 2647 5640 adhuc
2678 5583 2819 5640 ﬁlios
2844 5597 2992 5637 meos
3021 5581 3091 5637 de
3113 5589 3256 5640 terra
3278 5583 3587 5653 longinqua,
3637 5587 3688 5633 ct
3727 5577 3823 5630 ﬁlias

2294 5693 2442 5732 meas
2471 5692 2500 5732 a
2528 5691 2739 5732 smumo
2763 5685 2918 5732 terra:
2952 5692 2965 5729 :
2997 5689 3196 5732 omnes
3224 5675 3278 5730 itt
3304 5676 3496 5746 quibus
3522 5683 3747 5730 vocatum
3768 5677 3822 5722 est

2292 5786 2491 5827 nomen
2515 5785 2717 5826 meum.
2751 5769 2808 5824 lo
2842 5769 3067 5841 gloriam
3107 5769 3256 5824 enim
3289 5785 3462 5824 meam
3491 5767 3662 5838 paravi
3689 5762 3823 5820 illum.

2291 5875 2345 5920 et
2385 5867 2543 5931 tinxi,
2595 5875 2648 5920 et
2697 5863 2798 5921 feci
2846 5863 2996 5918 illum
3027 5860 3243 5934 (lbid.).
3275 5861 3430 5930 Quod
3485 5870 3652 5918 autem
3689 5855 3820 5926 εεφιὶυ
