3958 6314
81 325 213 386 1085

1127 319 1216 376 DE
1261 317 1655 376 VOCATIONE
1691 315 2024 377 GEN'TIUM.
2071 320 2200 377 LIB.
2244 322 2287 380 l.

3224 325 3362 381 1086

80 456 200 506 tur:
227 442 291 497 iit
319 439 547 511 produxi
579 438 788 508 plebem
819 452 1038 504 caecam,
1065 448 1117 492 et
1145 437 1286 492 oeuli
1316 453 1509 492 eorum
1540 444 1662 494 sunt
1690 435 1743 496 Δ
1770 437 1917 506 prius
1974 438 2156 494 traditi
2209 438 2428 496 merant
2475 442 2846 498 voluntatibus
2897 442 3043 508 suis,
3107 457 3248 497 nunc
3295 443 3365 498 de

72 535 216 601 CiCCi,
243 542 296 588 ct
317 531 510 587 surdas
543 547 700 586 aures
731 531 958 596 habent;
988 547 1092 585 non
1134 540 1312 600 potest
1333 532 1411 586 eis
1440 531 1545 586 ulla
1576 546 1661 585 ra-

72 637 212 688 tione
259 644 583 697 congruere,
627 643 762 696 quos
810 629 862 682 in
894 627 1116 698 gloriam
1168 644 1321 682 suam
1353 643 1572 698 parasse
1599 642 1660 684 se

67 725 214 780 dicit.
273 723 327 782 lu
366 721 434 776 iis
464 720 663 792 quippe
689 721 939 776 omnibus
967 720 1150 776 verbis
1179 736 1301 790 quae
1330 720 1398 776 de
1420 735 1528 776 uno
1556 720 1656 775 ho-

67 819 268 876 tninutn
315 830 518 884 genere
561 815 836 883 dicuntur,
871 815 992 870 aliis
1025 815 1281 885 personis
1305 816 1507 885 priora,
1537 815 1658 869 aliis

63 911 360 983 posteriora
387 907 908 978 convenittnt.Apud
942 908 1258 978 Apostolum
1281 923 1494 978 quoque
1513 909 1655 978 quotl

63 1005 115 1058 in
142 1011 291 1071 parte
315 1001 496 1071 populi
533 999 727 1070 agitur,
775 1002 876 1055 sub
928 1002 1092 1056 totius
1151 1001 1332 1072 populi
1380 1016 1656 1070 nuncupa-

63 1097 207 1158 tiouo
251 1105 542 1160 narratur,
588 1104 641 1150 et
688 1094 742 1149 in
783 1093 1006 1164 reliquis
1053 1092 1330 1163 plenitudo
1371 1101 1650 1149 censetur.

60 1190 191 1244 Cum
221 1189 364 1250 enim
408 1188 476 1246 de
505 1187 822 1244 Judaeorum
862 1188 1233 1244 obcaecatione
1254 1187 1572 1253 dissereret,
1598 1197 1654 1244 et

59 1281 319 1352 quosdam
357 1298 424 1338 ex
464 1282 593 1352 ipsis
636 1282 808 1352 gratia
839 1282 1017 1336 salvos
1049 1281 1162 1336 ﬁeri
1199 1281 1601 1336 demonstraret
1635 1299 1650 1335 :

58 1376 185 1441 Dico
215 1391 368 1446 ergo,
421 1376 620 1448 inquit,
665 1375 926 1446 numquid
958 1375 1158 1444 repulit
1199 1375 1344 1432 Deus
1391 1374 1649 1445 populum

55 1469 256 1526 Suum?
307 1471 486 1528 Absit.
543 1470 676 1525 Nam
724 1483 779 1526 et
843 1487 942 1541 ego
993 1471 1235 1526 Israelita
1293 1487 1410 1526 sum
1459 1485 1525 1525 ex
1565 1485 1648 1526 se-

55 1567 199 1622 mine
240 1566 517 1625 Abraham
569 1566 638 1622 de
689 1567 832 1622 tribu
882 1567 1167 1636 Benjamiu
1223 1586 1237 1623 ι
1290 1583 1399 1622 non
1454 1566 1651 1636 repulit

54 1659 194 1721 Deus
259 1660 472 1729 plebem
533 1675 685 1716 suam
737 1675 895 1730 quam
948 1661 1219 1730 praescivit
1273 1661 1469 1733 (Rom.
1525 1658 1646 1730 si).

51 1752 210 1808 Plebs
238 1767 371 1824 ergo
401 1753 673 1822 prtescita,
709 1753 862 1824 plebs
891 1768 998 1808 non
1047 1755 1287 1822 repulsa,
1341 1753 1374 1808 ii
1407 1753 1645 1822 suntqui

1765 531 2000 586 tenebris
2045 533 2097 588 in
2150 533 2330 590 lumen
2377 535 2700 590 admirabile
2754 535 3121 592 vocabantur?
3169 535 3362 593 Nonne

1761 624 1839 679 illi
1886 625 1996 692 jam
2049 624 2382 694 deiecerant,
2409 628 2520 697 jam
2551 629 2608 684 in
2641 627 2742 684 hoc
2791 628 2992 684 mundo
3022 645 3128 683 non
3173 636 3357 707 erant,

1759 731 1861 771 nec
1901 719 1970 771 ab
2013 731 2203 773 errore
2235 719 2301 772 ad
2352 721 2636 775 veritatem
2694 718 2904 775 reditus
2941 719 3072 774 olim
3130 719 3362 775 mortuis

1759 812 2124 881 suppetebat?
2155 809 2221 866 Et
2248 821 2428 866 tamen
2456 811 2599 882 quod
2625 821 2747 882 post
2772 812 2937 866 multa
2961 811 3160 867 sarcula
3183 811 3358 882 gratia

1756 902 1810 957 itt
1845 903 2076 973 posteris
2115 903 2406 974 impiorum
2455 903 2549 970 sit,
2577 903 2830 973 loquendi
2860 903 3198 959 consuetudo
3231 919 3357 972 per.

1756 998 1996 1063 strinxit,
2033 1007 2088 1052 ut
2114 997 2216 1068 ipsi
2249 997 2533 1053 videantur
2575 1013 2718 1056 nunc
2746 999 2892 1070 eligi,
2929 1000 3018 1069 qui
3061 999 3209 1070 prius
3239 997 3359 1054 fue-

1764 1100 1888 1145 rant
1917 1090 2180 1150 derelicti.
2217 1090 2496 1146 Pertineut
2525 1100 2706 1145 autem
2735 1090 2852 1146 haec
2888 1107 2999 1146 non
3029 1091 3096 1147 ad
3127 1091 3352 1148 eosdem

1755 1184 2025 1254 homines,
2077 1185 2172 1240 sed
2205 1185 2274 1239 ad
2305 1183 2554 1263 ejusdem
2579 1185 2757 1254 gentis
2781 1184 3030 1240 homines
3057 1201 3070 1238 :
3121 1194 3175 1241 et
3201 1199 3358 1240 voca-

1755 1280 1831 1335 tio
1880 1295 2002 1350 quin
2028 1279 2214 1334 illuxit
2263 1293 2434 1349 prope
2463 1278 2652 1334 mundi
2683 1280 2871 1347 ﬁnem,
2904 1279 2972 1335 ad
3019 1281 3353 1351 praeteritam

1753 1388 1862 1426 non
1893 1371 2127 1428 recurrit
2176 1380 2418 1426 mtatem.
2481 1369 2561 1425 ita
2592 1371 2757 1426 modo
2786 1371 3022 1441 quodam
3052 1382 3109 1427 et
3146 1373 3250 1441 ipsi
3301 1380 3358 1428 et

1754 1482 1862 1520 non
1895 1464 1999 1535 ipsi
2029 1472 2181 1533 sunt,
2226 1463 2294 1520 de
2344 1464 2540 1535 quibus
2586 1472 2644 1519 et
2689 1463 2885 1534 quibus
2937 1465 3038 1518 ista
3070 1465 3353 1534 dicuntur,

1753 1559 1878 1614 dum
1909 1560 1961 1613 in
1993 1559 2175 1628 aliquo
2220 1557 2447 1627 speciali
2478 1573 2508 1612 a
2541 1557 2895 1627 generalibus
2949 1573 3056 1612 nou
3098 1557 3354 1615 dividuu-

1752 1662 1858 1716 tur,
1893 1652 1943 1706 in
1976 1652 2161 1723 aliquo
2192 1667 2324 1712 vero
2350 1668 2379 1706 a
2406 1652 2793 1709 communibus
2823 1661 3173 1723 separantur.

2380 1743 2607 1800 CAPUT
2650 1743 2741 1801 IV.

53 1845 103 1902 in
130 1843 348 1904 Christo
371 1845 649 1915 justiﬁcati
680 1855 828 1902 sum,
883 1846 947 1900 Et
976 1845 1120 1917 quod
1165 1846 1234 1900 de
1267 1845 1414 1901 οιιηιί
1447 1844 1647 1902 Israele
1675 1824 1724 1890 Β
1751 1835 1921 1893 Solvit
1965 1838 2279 1892 eolnnmiam
2325 1839 2604 1894 dicentium
2660 1848 2920 1894 auctorem
2977 1857 3067 1913 per
3119 1840 3358 1911 superius

50 1936 152 1994 dici
181 1935 421 2004 videtur,
456 1937 515 1996 in
548 1937 612 1992 iis
639 1945 847 1994 tantum
895 1952 1034 2008 quos
1081 1936 1187 1991 sibi
1225 1937 1412 2007 gratiae
1452 1937 1650 1992 electio

51 2029 288 2098 reliquos
316 2027 462 2098 fecit,
497 2029 826 2096 ostenditur,
850 2029 989 2085 sicut
1019 2031 1302 2099 sequentia
1345 2028 1651 2100 Apostolici

50 2122 323 2188 Sermonis
344 2133 601 2185 enarrant
650 2123 860 2195 (lbid.).
897 2124 1156 2194 Adjungit
1185 2124 1328 2178 enim
1375 2131 1430 2178 et
1478 2123 1645 2178 dicit:

50 2221 132 2278 Au
162 2218 392 2278 nescitis
421 2219 475 2278 in
505 2219 620 2276 Elia
639 2219 770 2289 quid
806 2217 938 2274 dicit
965 2217 1268 2288 Scriptura,
1301 2216 1650 2288 quemadmo-

51 2313 177 2376 dum
205 2313 522 2383 interpellat
548 2314 719 2369 Deum
741 2313 1002 2372 adversus
1029 2311 1232 2368 lsrael?
1249 2311 1499 2378 Domine,
1526 2324 1652 2381 ιιι-ο·

52 2409 244 2476 pltetas
276 2416 400 2468 tuos
429 2406 772 2471 occiderunt,
820 2406 1012 2461 altaria
1065 2415 1151 2459 tua
1205 2403 1565 2469 suﬂoderunt,
1598 2413 1654 2458 et

52 2515 154 2570 ego
186 2500 416 2562 relictus
446 2515 565 2558 sum
591 2500 764 2564 solus,
803 2507 858 2555 et
897 2510 1144 2570 quierunt
1191 2500 1430 2555 animam
1476 2513 1652 2554 meam

54 2591 153 2659 (ill
188 2592 318 2666 Reg.
364 2592 502 2662 xix).
533 2592 642 2648 Sed
673 2591 800 2663 qttid
851 2591 980 2647 dicit
1008 2592 1081 2646 illi
1129 2607 1449 2662 responsum
1516 2591 1654 2646 divi-

54 2704 184 2744 num
210 2688 232 2742 ?
260 2687 474 2758 Reliqui
498 2686 629 2745 mihi
661 2698 870 2757 septem
913 2686 1076 2740 millia
1119 2688 1378 2752 virorum,
1425 2688 1514 2757 qui
1543 2704 1649 2744 non

56 2788 423 2840 curvaverant
453 2795 594 2850 genu
629 2779 752 2834 Baal
783 2779 959 2851 (Rern.
996 2780 1094 2847 st).
1141 2778 1230 2834 Sic
1263 2793 1414 2847 ergo,
1459 2777 1651 2848 inquit,

55 2879 108 2927 et
136 2873 188 2930 in
213 2871 316 2930 hoc
340 2882 586 2942 tempore
616 2870 854 2940 reliquiae
871 2885 967 2939 per
989 2869 1308 2924 electionem
1331 2869 1520 2940 gratiae
1545 2870 1655 2924 sal-

57 2983 132 3022 vtc
159 2967 314 3028 factm
347 2975 493 3026 sunt.
526 2965 582 3026 Si
628 2975 805 3024 autem
848 2963 1048 3034 gratia,
1085 2963 1196 3034 jam
1231 2981 1335 3018 nou
1363 2979 1430 3018 ex
1476 2964 1656 3033 operi~

56 3059 159 3118 bus
192 3079 204 3115 :
247 3059 493 3130 alioquin
550 3060 724 3130 gratia
749 3059 864 3129 jam
904 3074 1012 3114 nou
1045 3069 1125 3114 est
1156 3059 1352 3128 gratia.
1388 3057 1502 3113 Non
1525 3073 1658 3128 ergo

56 3154 236 3212 omnis
267 3152 435 3214 Israel
469 3152 816 3222 reprobatus,
868 3167 969 3208 nec
990 3151 1168 3206 omnis
1197 3151 1404 3206 electus
1426 3159 1530 3215 est,
1560 3149 1657 3212 sed

1821 1933 1959 1986 dicta
1986 1933 2338 1992 contradicere
2383 1932 2631 2004 Apostoto
2670 1932 2969 2000 deﬁnienti,
3023 1933 3163 2003 quod
3211 1932 3358 1988 Deus

1823 2024 1937 2079 velit
1967 2042 2140 2080 netues
2181 2024 2414 2082 homines
2454 2026 2625 2082 salvos
2673 2025 2811 2095 ﬁeri,
2867 2037 2914 2080 et
2940 2026 2993 2080 in
3035 2027 3355 2096 agnitionem

1830 2121 2058 2174 veritatis
2086 2120 2294 2184 venire;
2319 2130 2366 2174 et
2391 2119 2529 2191 quod
2547 2120 2876 2192 profunditas
2900 2119 3191 2178 divinorum
3217 2136 3356 2190 mys-

1825 2214 2070 2268 teriorum
2099 2223 2251 2284 atque
2271 2214 2594 2286 judicioruut
2634 2231 2667 2268 α
2711 2212 2856 2268 nobis
2901 2229 3004 2267 non
3046 2213 3112 2268 sit
3151 2214 3357 2286 perqui-

1825 2307 2006 2362 renda.

1827 2401 1933 2456 Sed
1963 2415 2085 2458 eum
2131 2400 2514 2472 iegerinthreo
2566 2400 2651 2456 vel
2708 2400 2984 2456 audierint
3035 2401 3128 2471 qui
3171 2409 3358 2456 amant

1754 2493 2091 2556 caluntniosa
2144 2493 2470 2560 certamina,
2523 2492 2707 2548 dicent
2745 2509 2847 2549 nos
2895 2509 2988 2564 per
3046 2493 3358 2564 huiusmodi

1755 2587 2150 2658 disputationes
2171 2587 2436 2659 Apostolu
2462 2588 2848 2644 contradicere
2869 2587 3172 2655 deiinienti,
3207 2586 3353 2658 quod

1756 2685 1898 2740 Deus
1932 2701 2120 2741 omnes
2150 2685 2397 2741 homines
2425 2685 2559 2746 velit
2579 2685 2758 2740 salvos
2783 2683 2922 2752 ﬁeri,
2955 2694 3010 2741 et
3035 2685 3087 2739 in
3129 2681 3359 2753 agnitio-

1759 2796 1887 2835 nem
1932 2779 2177 2834 veritatis
2218 2778 2408 2833 venire
2436 2776 2491 2848 (ι
2521 2776 2655 2831 Tim.
2708 2775 2791 2848 ιι).
2823 2776 2995 2844 Quam
3035 2775 3358 2846 particulam

1757 2874 2044 2930 verborum
2090 2871 2339 2943 Apostoli
2368 2871 2440 2924 ita
2464 2887 2564 2924 nos
2595 2871 2804 2938 integro
2825 2870 3096 2938 pleneque
3123 2865 3358 2936 suscipi-

1761 2984 1899 3034 mns,
1929 2979 1982 3022 ut
2015 2967 2145 3022 nihil
2172 2966 2222 3021 ei
2247 2966 2314 3020 de
2351 2965 2781 3036 praecedentibus
2808 2964 2922 3019 sive
2953 2962 3213 3032 subjectis
3235 2973 3359 3030 quae

1761 3061 1826 3115 ad
1857 3063 2025 3131 ipsam
2057 3059 2330 3128 pertinent
2374 3058 2761 3114 subtrahamus
2787 3075 2800 3110 :
2830 3057 3087 3128 quoniam
3143 3066 3198 3118 ut
3254 3068 3364 3108 cui.

1763 3165 1873 3209 tera
1904 3154 2216 3208 divinorum
2240 3152 2582 3221 eloquiorum
2603 3149 2913 3204 testimonia
2930 3154 3360 3218 sequestremus,

57 3255 269 3316 partem
291 3245 512 3308 caecitas
534 3221 842 3302 voluntaria
867 3243 1310 3313 avertit,parlem
1333 3244 1434 3299 sibi
1461 3242 1658 3298 illumiv
1683 3221 1733 3288 ο
1768 3249 1854 3304 hic
1887 3252 2036 3306 locus
2067 3246 2268 3302 sutt‘icit
2320 3246 2388 3300 ad
2419 3244 2792 3302 ovaCtltllttillm
2831 3242 2977 3314 quod
3025 3240 3364 3298 calumniose

55 3341 206 3404 natio
222 3340 460 3412 gratuita
476 3339 769 3406 reservat-it
791 3357 804 3396 ι
829 3346 884 3396 et
905 3348 1082 3395 tamen
1098 3339 1171 3393 ita
1190 3338 1257 3393 tie
1274 3340 1352 3394 eis
1369 3353 1546 3392 sermo
1574 3339 1660 3393 ha-

56 3433 238 3502 betur,
262 3443 392 3490 utet
413 3435 464 3492 iu
491 3435 556 3492 iis
578 3432 670 3503 qui
693 3441 944 3503 pereunt,
971 3443 1023 3494 et
1055 3432 1106 3487 in
1135 3432 1306 3503 iisqui
1338 3433 1471 3487 salvi
1496 3432 1654 3499 ﬁunt,

55 3526 132 3595 (ll
149 3525 270 3588 Cor.
289 3527 360 3595 ιι)
381 3526 705 3590 nullatotius
717 3525 933 3596 generis
949 3525 1196 3585 videatur
1220 3525 1354 3582 facta
1375 3525 1655 3580 discretio.

55 3620 190 3674 Natu
206 3635 330 3674 cum
351 3619 547 3691 legitur
575 3637 586 3672 :
612 3618 923 3680 Secundum
944 3617 1299 3688 Evangelium
1321 3619 1540 3688 quidem
1565 3619 1660 3673 ini:

53 3713 184 3774 mici
211 3723 438 3785 propter
464 3725 580 3778 vos,
603 3712 903 3774 secundum
925 3711 1248 3772 elecrionem
1273 3717 1452 3766 autem
1476 3709 1661 3765 dileCti

58 3813 290 3878 propter
320 3814 503 3876 patres
534 3803 554 3878 (
584 3804 736 3862 Rant.
767 3820 822 3866 ιι
849 3804 869 3875 )
903 3821 914 3858 ;
949 3802 1022 3858 ita
1070 3803 1274 3866 locutio
1303 3813 1483 3871 sonat,
1526 3813 1660 3857 tam-

58 3912 228 3967 quam
250 3894 471 3954 eosdem
490 3895 634 3955 dicat
662 3895 913 3962 dilectos,
933 3910 1072 3966 quos
1097 3895 1236 3954 dixit
1262 3894 1530 3950 inimicos.
1551 3893 1658 3950 Sed

54 3991 202 4048 hanc
224 3991 508 4062 caliginem
529 3989 824 4062 Apostolus
842 3991 957 4061 ipse
978 3990 1210 4050 tletersit
1231 3989 1462 4046 dicendo
1486 4008 1498 4044 :
1523 3989 1657 4056 Quia

52 4085 284 4150 caecitas
311 4099 378 4144 ex
409 4092 564 4154 parte
593 4082 647 4146 in
683 4083 847 4140 israel
872 4084 1105 4154 contigit
1135 4081 1328 4154 (Ibid)
1363 4101 1375 4137 :
1407 4092 1464 4138 ut
1492 4097 1656 4137 unum

51 4193 238 4249 genus
268 4178 321 4233 in
342 4177 478 4241 duas
505 4177 716 4248 species
753 4176 1177 4248 intelligeremus
1215 4192 1334 4233 esse
1382 4177 1656 4232 divisum:

53 4281 111 4329 et
139 4285 364 4334 omnem
386 4269 660 4334 hominem
682 4311 698 4338 ,
730 4285 946 4332 omnem
979 4269 1402 4340 plenitudinem,
1440 4283 1657 4324 omnem

53 4363 348 4433 lsraelcm,
396 4378 503 4424 non
562 4377 778 4433 semper
821 4361 889 4422 ad
921 4362 1352 4430 universitatem,
1399 4361 1492 4417 sed
1542 4361 1655 4431 ple-

53 4472 296 4529 rumque
315 4456 382 4518 ad.
403 4464 610 4527 partem
643 4471 767 4516 esse
794 4455 1162 4518 referendum.
1190 4455 1336 4516 Inter
1360 4455 1457 4518 has
1476 4466 1656 4517 autem

53 4550 331 4611 formulas
356 4550 714 4617 locutionum,
744 4550 910 4612 etiam
939 4550 1086 4614 illam
1111 4550 1165 4616 in
1204 4549 1502 4620 Scripturis
1544 4549 1656 4606 dio~

54 4642 274 4704 tionem
309 4641 572 4706 debemus
595 4642 903 4710 advertere,
926 4659 1030 4713 qua
1057 4644 1108 4706 id
1155 4644 1296 4715 quod
1325 4643 1393 4702 ad
1420 4643 1660 4702 diverso.

50 4750 184 4795 runt
233 4745 540 4805 temporum
594 4735 845 4799 homines
887 4737 1141 4808 pertinet,
1193 4737 1265 4798 ita
1308 4735 1659 4806 promittitur,

51 4827 227 4901 quasi
267 4828 336 4892 de
364 4845 469 4892 una
510 4829 760 4900 ejusdem
811 4831 984 4890 {etatis
1039 4830 1388 4900 generatione
1424 4829 1661 4898 dicatur,

48 4922 212 4984 sicut
232 4931 315 4985 est
340 4922 486 4995 quod
520 4931 744 4984 sanctus
773 4921 968 4986 Petrus
997 4922 1279 4993 apostolus
1307 4921 1555 4980 scribens
1579 4921 1663 4984 sui

51 5027 111 5076 et
165 5016 341 5080 futuri
387 5017 654 5089 temporis
694 5018 944 5089 gentibus
977 5018 1092 5076 ait:
1135 5017 1244 5076 Vos
1283 5027 1465 5081 autem
1497 5031 1666 5089 genus

49 5111 326 5181 electum,
359 5111 539 5181 regale
571 5111 970 5180 sacerdotium,
1009 5127 1145 5181 gens
1175 5122 1386 5179 sancta,
1433 5112 1665 5184 populus

49 5207 469 5278 acquisitionis,
504 5216 561 5264 ιιι
597 5212 828 5265 virtutes
857 5207 1193 5267 annuntietis
1220 5206 1335 5275 ejus
1371 5207 1461 5277 qui
1491 5207 1557 5262 de
1589 5217 1666 5268 te-

49 5302 262 5360 nebris
288 5318 384 5358 vos
412 5302 628 5358 vocavit
669 5303 722 5357 in
759 5301 1078 5360 admirabile
1109 5302 1291 5363 lumen
1341 5317 1496 5356 suum
1529 5319 1540 5353 :
1571 5301 1663 5370 qui

47 5397 364 5469 aliquando
413 5414 520 5456 non
574 5398 833 5470 pepulus,
873 5412 1018 5458 nunc
1048 5407 1232 5456 antem
1266 5397 1494 5466 populus
1530 5394 1659 5452 Dei:

43 5491 150 5561 qui
188 5505 299 5550 non
332 5492 609 5548 consecuti
643 5489 1094 5556 misericordiam,
1119 5503 1262 5544 nunc
1284 5498 1466 5544 autem
1502 5489 1662 5548 inise-

48 5581 368 5641 ricordiam
397 5587 679 5642 consecuti
711 5585 756 5657 (Ι
797 5583 912 5638 Pet.
949 5585 1032 5656 tt}.
1063 5583 1332 5652 Numquid
1363 5598 1484 5645 eum
1530 5599 1664 5654 prae-

48 5675 386 5731 dicerentur
445 5677 584 5745 haec,
636 5678 813 5738 adhuc
840 5676 919 5732 illi
948 5677 1204 5742 homines
1246 5676 1663 5746 Det'tuauebaut,

47 5782 211 5840 quos
242 5783 428 5825 omnes
447 5771 584 5830 Deus
599 5771 650 5826 in
667 5773 960 5843 praeteritis
980 5770 1420 5843 generationibus
1443 5769 1664 5828 dimise.

49 5872 146 5918 rat
195 5861 408 5932 ingredi
446 5865 560 5922 vias
597 5881 722 5923 suas
762 5866 911 5938 (Act.
940 5864 1091 5939 xtv),
1125 5877 1176 5922 et
1219 5865 1380 5921 iidem
1423 5865 1524 5938 ipsi
1573 5866 1664 5938 qui

1763 3342 2050 3412 objiciunt,
2080 3350 2133 3395 et
2161 3341 2227 3395 ad
2259 3339 2660 3394 defendendum
2686 3337 2828 3408 quod
2849 3337 3012 3408 impie
3041 3335 3363 3390 difﬁtentur.

1764 3434 2021 3490 Scriberis
2048 3435 2227 3503 itaque
2260 3432 2327 3487 ad
2355 3431 2699 3492 Timotheum
2727 3430 2930 3486 Paulus
2952 3428 3235 3499 apostolus
3256 3428 3366 3480 ait:

1763 3531 2004 3584 Obsecro
2056 3529 2217 3599 igitur
2245 3529 2423 3598 primo
2459 3529 2737 3589 omnium,
2772 3525 2888 3580 iieri
2932 3522 3364 3589 obsecrationes,

1765 3623 2181 3693 postulationes,
2213 3620 2511 3691 gratiarum
2542 3620 2788 3673 actiones
2836 3631 2932 3686 pro
2972 3614 3224 3669 omnibus
3260 3612 3365 3666 lto-.-

1765 3717 2024 3782 tuinihus,
2058 3731 2156 3785 pro
2209 3715 2428 3784 regibus
2456 3723 2510 3766 et
2558 3727 2654 3783 pro
2683 3714 2749 3767 iis
2789 3711 2881 3782 qui
2929 3712 2983 3764 in
3023 3707 3363 3768 sublimitate

1763 3821 1924 3868 sunt:
1959 3821 2014 3865 ut
2043 3811 2282 3879 quietam
2336 3818 2391 3862 et
2425 3805 2774 3876 tranquillam
2829 3805 2992 3858 vitam
3045 3817 3270 3872 agamus
3304 3799 3358 3856 iu

1762 3903 1909 3960 omni
1961 3903 2165 3974 pietate
2207 3909 2264 3966 et
2299 3900 2550 3955 castitate
2584 3896 2798 3970 (ibim).
2837 3896 2951 3951 iloc
2979 3896 3125 3950 enim
3155 3895 3362 3949 bonum

1761 4006 1843 4051 est
1881 4004 1936 4051 et
1974 4004 2253 4065 acceptum
2300 4009 2485 4048 coram
2539 3992 2761 4048 salutari
2823 3999 3008 4045 nostro
3063 3988 3213 4052 Deo,
3265 3987 3358 4055 qui

1761 4105 1950 4144 Omnes
1994 4088 2242 4152 homines
2275 4087 2390 4142 vult
2438 4086 2618 4143 salvos
2654 4086 2794 4149 fieri,
2829 4095 2883 4140 et
2926 4085 2980 4138 in
3020 4083 3355 4153 agnitionem

1760 4182 2005 4238 veritatis
2032 4181 2235 4244 venire.
2281 4179 2432 4237 Unus
2471 4180 2617 4235 etiim
2646 4182 2804 4243 Deus,
2837 4186 2892 4232 et
2923 4192 3060 4233 unus
3091 4175 3362 4231 mediator

1763 4278 1856 4334 Dei
1887 4288 1942 4340 et
1971 4279 2248 4338 hominum
2281 4279 2445 4334 homo
2481 4277 2728 4333 Christus
2755 4275 2937 4342 Jesus,
2968 4275 3058 4345 qui
3095 4271 3244 4328 dedit
3273 4285 3360 4327 re-

1760 4371 2136 4444 demptionem
2162 4372 2518 4442 semetipsum
2551 4385 2650 4442 pro
2684 4370 2959 4426 omnibus.
2993 4365 3072 4422 De
3100 4364 3203 4420 hac
3229 4379 3362 4433 ergo

1761 4468 2029 4524 doctrinae
2065 4466 2384 4537 apostolica)
2407 4466 2593 4536 regula
2620 4479 2724 4535 qua
2764 4461 3009 4518 Ecclesia
3033 4457 3364 4516 universalis

1765 4562 2048 4630 imbuitur,
2080 4576 2149 4616 ne
2197 4560 2250 4615 iu
2281 4559 2552 4615 diversum
2589 4557 2923 4612 intellectum
2946 4565 3138 4610 nostro
3168 4566 3362 4622 evages

1767 4651 2290 4724 murarbitrio,quid
2315 4653 2367 4707 in
2395 4651 2510 4722 ipsa
2535 4648 2856 4704 universalis
2886 4646 3127 4704 Ecclesia
3157 4643 3364 4706 sentiat

1767 4748 2108 4818 requiramus
2156 4763 2168 4798 :
2224 4745 2349 4816 quia
2407 4741 2540 4797 nihil
2601 4741 2828 4796 dubium
2882 4753 3004 4796 esse
3066 4736 3264 4810 poterit
3307 4736 3362 4791 in

1766 4848 2072 4912 praecepto,
2137 4837 2188 4896 si
2257 4835 2568 4894 obedientia
2635 4833 2936 4892 concordet
3016 4832 3073 4890 in
3155 4828 3361 4886 studio.

1767 4933 2032 5004 Praecepit
2058 4932 2240 5002 itaque
2259 4929 2573 5002 Apostolus,
2593 4927 2763 4985 immo
2788 4943 2883 4999 per
2913 4923 3231 4997 Αμωιοιυω
3255 4921 3361 4976 οο,

1770 5026 1953 5084 minus
1995 5026 2082 5096 qui
2146 5022 2466 5094 loquebatur
2513 5020 2565 5077 in
2610 5019 2876 5092 Apostolo
2917 5017 3006 5089 (ll
3033 5014 3153 5072 Cor.
3198 5011 3366 5083 xm),

1773 5123 1891 5180 ﬁeri
1929 5120 2337 5178 obsecrationes
2379 5126 2434 5175 et
2476 5116 2903 5188 postulationes,
2937 5111 3229 5183 gratiarum
3269 5122 3364 5162 ac.

1774 5220 1949 5274 tiones
1986 5233 2082 5287 pro
2136 5216 2390 5271 omnibus
2420 5214 2731 5268 hominibus
2751 5255 2764 5278 ,
2797 5224 2895 5280 pro
2920 5206 3135 5277 regibus
3163 5220 3228 5260 ac
3271 5218 3372 5273 pro

1773 5314 1840 5369 iis
1869 5311 1958 5383 qui
1978 5311 2028 5366 in
2043 5310 2374 5364 sublimitate
2401 5315 2547 5363 sunt.
2567 5307 2736 5374 Quam
2767 5305 2934 5373 legem
2961 5297 3375 5370 supplicationis

1776 5405 1847 5460 ita
1873 5405 2112 5460 omnium
2141 5401 2484 5457 sacerdotum
2531 5406 2586 5453 et
2621 5397 2860 5450 omnium
2891 5392 3124 5447 (idolium
3153 5391 3375 5452 devotio

1774 5498 2119 5555 concorditer
2163 5504 2346 5560 tenet,
2383 5503 2439 5547 ut
2472 5491 2615 5545 nulla
2645 5501 2768 5558 pars
2807 5483 2994 5539 mundi
3023 5484 3128 5550 sit,
3171 5484 3221 5537 in
3266 5498 3373 5552 qua

1773 5592 2082 5664 huiusmodi
2106 5590 2379 5646 orationes
2402 5601 2508 5641 non
2533 5583 2878 5639 celebrentur
2899 5595 2928 5634 a
2957 5577 3174 5649 populis
3194 5576 3373 5634 Chris-

1775 5688 1957 5748 tianis.
1990 5685 2270 5754 Supplicat
2299 5694 2432 5750 ergo
2461 5677 2658 5745 ubique
2705 5673 2946 5732 Ecclesia
2977 5671 3090 5728 Deo
3135 5685 3242 5734 non
3281 5685 3372 5732 eo.

1769 5783 1885 5844 lum
1915 5796 2016 5850 pro
2045 5777 2248 5835 sanctis
2278 5782 2332 5828 et
2378 5772 2431 5828 iu
2471 5767 2690 5828 Christo
2726 5767 2834 5837 jam
2885 5763 3239 5836 regeneratis.
3269 5763 3369 5824 sed

1771 5875 1934 5933 etiam
1981 5885 2084 5942 pro
2134 5865 2388 5928 omnibus
2443 5857 2756 5920 inﬁdeliqu
2800 5861 2846 5902 et
2898 5854 3138 5912 inimicis.
3185 5853 3370 5919 crucis
