3958 6314
558 264 698 327 ιθετ
1490 261 1841 322 APPENDIX
1877 263 1971 320 AD
2007 262 2121 323 0P!

2216 261 2243 320 λ
2284 261 2342 322 S.
2385 263 2736 323 AMBROSII.
3681 275 3779 332 ιιιι

557 376 766 436 Christi
796 377 1037 454 (Philip.
1064 379 1184 450 ιιι),
1234 391 1332 451 pro
1382 377 1634 435 omnibus
1681 377 1949 434 idolorum
1995 377 2160 435 culto-
2185 376 2239 439 Α
2265 376 2317 433 in
2346 379 2465 450 ipso
2490 390 2617 438 sunt
2639 381 2843 454 omnia,
2872 381 2977 454 ipsi
3001 383 3180 456 gloria
3207 384 3265 440 in
3292 384 3480 443 saecula
3503 387 3781 451 mulorum.

559 472 743 538 ribus,
783 488 884 544 pro
908 471 1160 528 omnibus
1183 472 1276 544 qui
1294 471 1572 528 Christum
1605 472 1656 526 in
1696 471 1955 528 membris
1986 471 2156 543 ipsius
2264 474 2460 530 Anien.

562 573 994 638 persequuntur,
1023 580 1121 637 pro
1156 563 1387 631 Judreis,
1434 580 1668 636 quorum
1699 564 1930 621 czecitati
1973 564 2155 621 lumen
2891 570 3124 628 CAPUT
3167 573 3230 628 V.

562 660 842 734 Evangelii
870 676 977 718 non
999 660 1252 732 refulget,
1285 676 1382 732 pro
1413 661 1683 717 haereticis
1712 670 1768 717 et
1798 660 2160 717 schismaticis
2262 656 2368 713 Cur
2396 661 2738 716 (interioribus
2760 662 2962 719 sa'culis
2992 663 3224 721 dimissa?
3250 667 3353 721 sint
3380 684 3540 726 omnes
3563 683 3711 745 gentes
3729 679 3788 728 ia-

563 758 654 828 qui
669 757 737 812 ab
749 758 950 813 unitate
969 756 1451 813 ﬁdeietcharitatis
1472 757 1798 814 alienisunt.
1823 757 1963 826 Quid
1979 767 2126 813 auter

2336 753 2481 824 gredi
2531 754 2639 808 vias
2679 771 2832 822 sitas,
2871 773 2974 811 uno
3019 767 3224 813 tantum
3272 759 3467 816 Israele
3510 777 3789 832 exceptant

563 865 663 924 pro
694 852 812 908 istis
845 853 1009 921 petit,
1042 852 1142 908 nisi
1173 863 1232 907 ut
1263 852 1468 909 relictis
1491 853 1770 910 erroribus
1796 854 1906 908 suis
1933 867 2164 910 conver-
2338 861 2497 916 quare
2535 845 2671 901 Deus
2715 848 2805 902 uni
2840 849 3036 905 homini
3074 851 3160 905 det
3208 854 3426 925 gratiam
3446 896 3460 922 ,
3497 855 3634 912 alteri
3671 872 3792 918 ante:

562 951 749 1000 tantur
769 944 837 1000 ad
864 945 1033 1000 Deum
1056 987 1071 1011 ,
1101 947 1370 1018 accipiant
1396 947 1554 1003 fidem
1572 988 1587 1013 ,
1627 948 1899 1018 accipiant
1926 949 2164 1004 charita-
2339 940 2571 1011 άεηεθθτ·

568 1047 773 1103 tem,et
793 1038 864 1094 de
895 1038 1211 1108 ignorantitn
1236 1042 1478 1097 tenebris
1509 1041 1720 1097 liberati
1751 1041 1804 1096 in
1832 1042 2163 1112 agnitionem
2340 1032 2625 1090 Praemissa
2669 1037 2814 1094 enim
2861 1039 3115 1098 docentis
3157 1044 3423 1113 assertio,
3471 1045 3633 1103 locum
3674 1049 3795 1107 dabat

570 1131 795 1188 veniant
837 1134 1079 1189 veritatis
1120 1133 1190 1203 (ll
1220 1134 1339 1190 Cor.
1371 1134 1492 1207 tv)?
1523 1135 1676 1203 Quod
1717 1138 1842 1206 quia
1883 1137 1984 1207 ipsi
2029 1152 2167 1207 ντω-
2270 1127 2599 1184 multimoda:
2628 1133 2941 1202 quaestioni,
2971 1146 3026 1190 ut
3058 1137 3284 1192 variata:
3316 1153 3412 1208 per
3442 1150 3516 1194 tot
3544 1143 3735 1212 populos
3755 1161 3798 1202 ae

572 1236 723 1283 litare
763 1226 863 1282 sibi
895 1237 1205 1298 nequeunt,
1262 1228 1417 1283 malae
1465 1228 1876 1285 consuetudinis
1928 1230 2168 1299 pondere
2273 1230 2515 1293 tempora
2557 1226 2745 1294 grati-'8
2778 1227 2872 1282 Dei
2911 1243 3074 1284 causa
3111 1243 3490 1301 quaereretur:
3529 1249 3620 1289 cur
3646 1237 3800 1293 scilicet

569 1323 775 1394 pressi,
824 1331 877 1378 et
921 1321 1125 1379 diaboli
1177 1323 1410 1379 vinculis
1459 1324 1703 1394 alligati,
1747 1339 1925 1394 neque
1974 1324 2172 1395 decep-
2270 1317 2636 1377 anteriorihus
2681 1321 2893 1376 sacculis
2939 1321 3181 1379 dimissa:
3227 1336 3414 1380 essent
3452 1342 3630 1382 omnes
3665 1341 3802 1398 gentes

570 1415 751 1471 tiones
778 1430 905 1472 suas
933 1416 1186 1472 evincere
1218 1417 1420 1485 valent,
1449 1418 1645 1489 quibus
1677 1429 1785 1474 tam
1817 1417 2170 1489 pertinaciter
2276 1413 2490 1484 ingredi
2538 1415 2652 1470 rios
2696 1429 2824 1470 suas
2857 1414 2998 1484 (Act.
3051 1418 3194 1486 διν),
3234 1433 3344 1472 uno
3392 1428 3588 1473 tantum
3618 1419 3801 1488 lsrscie,

570 1507 944 1576 inhaeserunt,
977 1519 1036 1564 ut
1057 1524 1316 1579 quantum
1346 1511 1575 1566 amanda
1598 1521 1683 1568 est
1708 1516 1932 1578 veritas,
1963 1521 2169 1568 tantum
2275 1507 2366 1578 qui
2397 1505 2597 1563 divinis
2627 1507 2856 1578 eloquiis
2880 1508 3213 1577 erudiretur,
3244 1522 3497 1582 excelsito,
3523 1525 3572 1568 et
3591 1516 3651 1568 ad
3673 1521 3807 1587 cogni-

573 1600 804 1672 diligant
853 1603 1193 1660 falsitatem:
1244 1605 1557 1661 misericors
1602 1614 1657 1662 et
1689 1605 1868 1676 justus
1915 1606 2172 1663 Dominus
2278 1599 2478 1656 tionem
2507 1599 2756 1656 veritatis
2789 1601 3003 1669 electO,
3035 1605 3193 1674 cujus
3236 1606 3528 1662 inﬁdelitas
3555 1610 3810 1665 locumlae-

575 1709 679 1768 pro
708 1697 961 1752 omnibus
991 1695 1098 1753 sibi
1127 1698 1238 1754 vult
1268 1697 1579 1754 hominibus
1609 1699 1937 1769 supplicari:
1964 1709 2022 1755 ut
2049 1715 2171 1755 cum
2278 1692 2403 1749 dem
2450 1694 2725 1750 salvandis
2770 1695 3023 1765 gentibus
3062 1697 3258 1753 fecerit
3288 1717 3301 1754 :
3338 1709 3603 1770 tamquam
3640 1705 3679 1757 si
3715 1722 3810 1760 unus

576 1790 826 1846 videmus
854 1792 922 1848 de
961 1801 1069 1847 tam
1115 1791 1396 1862 profundis
1442 1793 1598 1848 malis
1648 1793 1968 1850 innumeros
2008 1797 2124 1851 erui
2152 1842 2165 1865 ,
2199 1781 2251 1846 B
2279 1790 2508 1860 populus
2540 1791 2590 1844 in
2622 1788 2730 1845 ﬁde
2753 1791 2836 1845 sui
2866 1793 3082 1862 generis
3107 1805 3482 1864 permaneret,
3510 1797 3812 1854 misericordis

578 1899 690 1941 non
717 1885 1056 1956 ambigamus
1083 1886 1254 1943 Deum
1287 1887 1611 1959 praistitissc
1633 1930 1646 1953 ,
1679 1889 1826 1960 quod
1857 1900 1913 1944 ut
1957 1901 2175 1960 praesta-
2279 1883 2375 1940 Dei
2407 1886 2623 1941 creteris
2647 1900 2707 1942 se
2734 1886 3047 1944 nationibus
3091 1899 3358 1958 prtestare
3402 1906 3510 1946 non
3536 1903 3718 1962 posset.
3740 1893 3814 1948 Ctr

580 1989 670 2038 ret
690 1990 878 2037 oratus
905 1991 1028 2037 est:
1079 1992 1133 2038 et
1166 1983 1372 2050 gratias
1417 1992 1649 2054 agentes
1681 1998 1779 2054 pro
1809 1984 1874 2039 iis
1914 1985 2005 2055 qui
2037 1983 2176 2038 salvi
2279 1976 2516 2046 denique
2553 1976 2654 2047 ipsi
2690 1992 2921 2049 quorum
2961 1979 3254 2036 diminutio
3292 1982 3440 2038 salus
3469 1986 3698 2053 gentibus
3728 1997 3815 2052 est,

580 2073 710 2131 facti
743 2084 901 2142 sunt,
931 2090 1216 2147 speremus
1256 2077 1421 2132 etiam
1469 2091 1564 2133 eos
1589 2077 1680 2147 qui
1712 2076 1951 2133 nondum
1977 2076 2180 2132 illumi-
2280 2070 2348 2126 ab
2372 2069 2743 2128 obcaecatione
2771 2088 2870 2128 sua
2898 2090 3005 2130 non
3037 2075 3345 2132 liberentur
3367 2079 3664 2150 priusquam
3686 2081 3819 2152 ingre

582 2171 696 2226 nati
723 2179 871 2236 sunt,
899 2169 1094 2226 eodem
1127 2169 1322 2226 divinat
1351 2170 1544 2242 gratia:
1573 2185 1739 2241 opere
1769 2170 2090 2226 eximendos
2111 2171 2180 2226 de
2281 2162 2462 2220 diatur
2487 2164 2728 2236 gentium
2757 2165 3037 2237 plenitudo
3063 2187 3074 2222 :
3107 2171 3265 2240 quasi
3307 2169 3598 2226 illuminari
3617 2189 3718 2228 cum
3739 2189 3818 2228 ora

582 2272 854 2336 potestate
894 2263 1241 2320 tenebrarum
1265 2305 1279 2331 ,
1311 2276 1368 2320 ut
1407 2265 1460 2319 in
1486 2278 1714 2335 regnum
1746 2263 1840 2320 Dei
1869 2264 2180 2334 priusquam
2283 2256 2443 2312 nibus
2486 2269 2792 2328 nequeant,
2824 2260 2916 2330 qui
2948 2275 3162 2328 omnes,
3195 2261 3338 2318 facta
3370 2263 3608 2318 omnium
3635 2269 3817 2335 gentium

584 2354 656 2412 de
679 2355 780 2412 bac
805 2357 914 2411 vita
941 2366 1140 2413 exeant
1176 2355 1570 2414 transferantur
1600 2356 1824 2432 (Coloss.
1861 2356 1921 2430 t).
1954 2358 2108 2424 Quod
2135 2357 2180 2412 si
2282 2351 2596 2424 adoptione,
2620 2353 2864 2409 salvandi
2887 2363 3048 2421 sunt;
3081 2366 3176 2410 aut
3197 2357 3477 2426 quomodo
3498 2359 3817 2422 omniﬂsrtei,

584 2449 835 2520 aliquos,
880 2450 1024 2507 sicut
1075 2451 1322 2507 videmus
1365 2451 1644 2519 accidere,
1700 2450 1962 2506 salvantis
2010 2451 2182 2519 gratia
2284 2444 2505 2501 sublata
2535 2445 2931 2513 obcmcatione,
2963 2447 3262 2503 salvandus
3293 2448 3397 2516 sit,
3438 2451 3590 2520 cujus
3627 2453 3818 2506 inmune-

585 2546 940 2618 prmterierit,
971 2556 1028 2604 et
1056 2561 1154 2616 pro
1183 2547 1264 2602 eis
1287 2547 1464 2601 oratio
1503 2545 1762 2603 Ecclesiae
1807 2555 2027 2615 recepta
2073 2560 2181 2598 non
2286 2537 2476 2592 rabilis
2506 2538 2797 2594 multitudo
2824 2539 2878 2594 in
2900 2554 2994 2594 sua
3027 2541 3352 2597 infidelitate
3373 2541 3629 2600 deﬁciens
3648 2545 3702 2599 ad
3721 2555 3819 2600 tem-

585 2639 788 2697 fuerit:
823 2640 890 2697 ad
933 2641 1147 2697 occulta
1196 2641 1395 2696 divina:
1435 2640 1662 2712 justitite
1700 2640 1903 2711 judicia
1943 2637 2182 2693 referen-
2287 2645 2422 2700 pora
2451 2630 2727 2686 salvandis
2759 2634 3024 2703 promissa
3059 2649 3166 2690 non
3192 2637 3476 2706 pervenit;
3503 2639 3582 2693 vel
3612 2640 3820 2707 quorum;

585 2733 716 2790 dum
742 2776 757 2800 ,
789 2743 844 2791 et
866 2735 1270 2807 agnoscendum
1296 2744 1380 2790 est
1410 2735 1606 2790 secreti
1640 2733 1799 2804 hujus
1843 2731 2184 2804 profundita-
2287 2720 2525 2794 ipsarum
2555 2724 2828 2793 εεηιῑυιη,
2860 2741 3088 2796 quarum
3121 2728 3272 2794 Prius
3303 2744 3414 2784 non
3446 2741 3527 2786 est
3554 2730 3683 2786 facta
3707 2748 3820 2787 tot}

587 2837 698 2885 tem
741 2828 896 2884 nobis
941 2827 997 2884 in
1041 2828 1144 2883 hac
1186 2827 1292 2883 vita
1337 2839 1522 2898 patere
1563 2844 1667 2882 non
1701 2841 1882 2897 posse.
1915 2825 1999 2881 Ex
2033 2835 2184 2896 parte
2288 2820 2383 2887 tio,
2419 2819 2630 2875 dicatur
2661 2836 2804 2876 nunc
2849 2822 3061 2893 ingredi
3095 2824 3404 2894 plenitudo,
3434 2843 3553 2882 cum
3586 2838 3824 2899 tantapro-
3915 2819 3917 2870 ἶ

587 2923 736 2980 enim
767 2925 1002 2988 scimus,
1030 2931 1086 2979 et
1113 2938 1180 2978 ex
1211 2933 1368 2994 parte
1393 2924 1782 2994 prophetamus
1808 2939 1820 2974 :
1853 2929 1908 2977 et
1937 2920 2185 2975 videmus
2287 2914 2512 2969 miscute
2539 2916 2714 2970 :etatis
2743 2926 2798 2971 et
2819 2916 3152 2974 conditionis
3175 2919 3460 2976 hominum
3493 2923 3651 2978 millia
3678 2925 3722 2978 in
3743 2941 3824 2976 on-

589 3033 733 3073 nunc
779 3033 877 3088 per
923 3017 1201 3088 speculum
1246 3017 1297 3072 in
1331 3019 1615 3089 aenigmate
1653 3017 1697 3088 (Ι
1727 3015 1850 3071 Cor.
1899 3015 2039 3087 xm).
2072 3014 2184 3070 Nec
2289 3005 2446 3061 nibus
2489 3007 2798 3064 nationibus
2843 3024 2965 3080 qua:
3003 3019 3134 3065 sunt
3173 3013 3276 3068 sub
3315 3013 3495 3080 caelo,
3537 3016 3651 3071 sine
3673 3015 3824 3070 Christi

587 3109 952 3180 sapientiores
978 3119 1071 3164 aut
1098 3110 1424 3166 scientiores
1447 3109 1768 3179 beatissimo
1795 3109 2060 3180 Apostolo
2089 3123 2180 3163 suo
2222 3096 2677 3181 _.it15tiiicati0uc
2726 3103 3075 3158 moriantur?
3120 3103 3232 3161 Sed
3276 3105 3468 3162 horum
3506 3111 3824 3181 mysteriorum

591 3171 733 3267 ιηίιθ,
766 3202 858 3273 qui
884 3216 1006 3256 cum
1039 3201 1106 3256 de
1133 3203 1322 3273 gratim
1345 3175 1582 3272 poteniia
1611 3171 1934 3272 ἀίδρυιωῖει,
1966 3217 2186 3274 magno-
2212 3171 2261 3238 C
2287 3189 2724 3262 judiciorumque
2751 3208 2941 3249 causas
2964 3195 3085 3266 pius
3105 3205 3162 3252 et
3191 3197 3389 3255 doctus
3419 3203 3666 3272 magister
3688 3202 3826 3256 maluit

591 3311 713 3350 rum
763 3295 1147 3366 mysteriorum
1192 3296 1470 3366 ingressus
1510 3311 1809 3365 arcanum,
1844 3298 1908 3353 iis
1937 3315 2059 3370 quae
2087 3300 2154 3354 ini

2293 3285 2359 3340 ad
2391 3286 2736 3344 altitudinem
2770 3289 3080 3346 divitiarum
3109 3294 3394 3364 sapientia:
3421 3296 3517 3352 Dei
3539 3298 3825 3368 scientiaque

591 3388 856 3462 possibile
919 3397 1039 3444 erat
1109 3404 1408 3457 enarrare,
1475 3391 1779 3446 succubuit.
1838 3389 1972 3447 Cum
2042 3394 2185 3448 enim
2291 3386 3206 3459 suspendere,quamjustissimte
3234 3392 3482 3447 veritatis
3504 3395 3828 3449 ctmisericet-

592 3480 825 3537 dixisset
852 3479 1022 3536 :Nolo
1042 3496 1139 3538 vos
1166 3481 1440 3553 ignorare,
1471 3483 1691 3550 fratres,
1713 3485 2031 3555 mysterium
2058 3486 2182 3552 hoc,
2291 3477 2535 3535 dissima:
2562 3481 2820 3536 bonitatis
2845 3482 3185 3538 subtractum
3211 3484 3282 3540 ab
3323 3484 3555 3541 humana
3586 3489 3828 3557 cognitius:

593 3583 653 3634 ut
682 3592 789 3631 non
833 3574 951 3631 sitis
985 3576 1142 3632 vobis
1188 3578 1323 3648 ipsis
1363 3577 1670 3649 sapientes,
1703 3579 1829 3649 quia
1857 3580 2074 3635 caecitas
2123 3596 2186 3635 cx
2292 3584 2563 3628 secretum
2625 3575 2910 3630 temeraria
2964 3577 3321 3646 inquisitione
3379 3579 3648 3636 discutere
3689 3599 3700 3633 :
3741 3581 3830 3634 nihil

595 3676 750 3740 parte
789 3666 843 3724 in
884 3669 1049 3725 Israel
1090 3669 1348 3741 contigit,
1397 3670 1573 3726 donec
1621 3671 1900 3741 plenitudo
1944 3674 2187 3743 gentium
2294 3665 2550 3721 omittens
2576 3666 2643 3722 de
2675 3668 2740 3722 iis
2766 3683 2888 3738 quae
2911 3685 3018 3724 non
3044 3680 3265 3742 oportet
3289 3673 3531 3742 ignorari
3555 3716 3569 3739 ,
3605 3673 3721 3728 nihil
3743 3689 3832 3727 cos-

593 3760 829 3818 intraret
856 3761 1030 3836 (Rom.
1062 3763 1161 3834 xi).
1193 3775 1248 3820 et
1272 3765 1350 3820 sic
1376 3766 1555 3822 omnis
1582 3765 1747 3822 Israel
1778 3768 1961 3823 salvus
1989 3768 2143 3824 ﬁeret
2171 3815 2184 3836 ,
2299 3768 2536 3814 trectans
2564 3760 2632 3816 de
2678 3761 2743 3816 iis
2769 3777 2889 3833 quae
2917 3777 3023 3818 non
3056 3763 3188 3819 licet
3227 3765 3357 3821 sciri
3393 3766 3568 3837 (Rom.
3596 3770 3689 3834 xi).
3718 3767 3833 3822 luit:
3918 3763 3919 3810 ξ

594 3857 737 3913 sicut
760 3859 1022 3928 scripturn
1045 3859 1390 3916 est:Veniet
1415 3877 1480 3917 ex
1510 3862 1639 3918 Sion
1669 3864 1758 3934 qui
1781 3872 2009 3919 eruatet
2035 3879 2192 3920 aver-
2294 3853 2439 3908 0mm
2497 3864 2618 3909 ευηι
2677 3855 2730 3910 in
2784 3855 3196 3926 dispensatione
3251 3872 3482 3927 operum
3545 3858 3833 3913 dit'ittt‘rtlm-

595 3956 676 4004 tat
705 3950 1010 4020 impietates
1049 3951 1116 4006 ab
1145 3949 1332 4019 Jacnb,
1362 3962 1416 4009 et
1443 3952 1548 4009 hoc
1580 3955 1685 4009 illis
1717 3970 1747 4010 a
1779 3971 1865 4011 me
1895 3965 2192 4011 testamen-
2296 3961 2524 4017 quorum
2554 3948 2733 4002 causis
2763 3949 3059 4004 latentibus
3088 3950 3191 4006 soli
3232 3959 3615 4005 monstrantur
3642 3951 3834 4006 effectui.

596 4051 747 4110 tum,
774 4057 896 4100 cum
936 4043 1214 4100 abstulero
1253 4055 1471 4115 peccata
1511 4062 1699 4102 eorum
1731 4044 1890 4120 (Isai.
1932 4046 2065 4119 ιιι).
2097 4048 2159 4104 Sc

2296 4049 2354 4092 ut
2379 4054 2500 4094 cum
2530 4049 2715 4110 pateat
2736 4040 2880 4111 quod
2904 4042 3134 4113 geritur,
3170 4058 3277 4097 non
3312 4052 3504 4112 pateat
3531 4058 3625 4098 cur
3647 4055 3834 4114 geram:

594 4136 832 4192 cundum
875 4135 1225 4208 Evangelium
1275 4138 1495 4209 quidem
1537 4141 1747 4196 inimici
1791 4151 2012 4212 propter
2056 4156 2190 4208 vos,
2297 4133 2514 4204 negotio
2545 4133 2597 4188 in
2631 4133 2868 4189 medium
2912 4133 3170 4201 deducto,
3203 4142 3260 4190 et
3304 4136 3360 4190 in
3388 4135 3841 4190 occnltumratiar»:

596 4228 897 4285 secundum
955 4229 1280 4286 electionem
1328 4245 1462 4288 vero
1511 4232 1698 4290 dilecti
1748 4243 1968 4306 propter
2013 4247 2159 4306 patre

2297 4225 2560 4282 subducta
2589 4244 2601 4280 :
2647 4236 2704 4281 ut
2729 4227 2782 4282 in
2803 4226 2993 4282 eadem
3023 4242 3085 4283 re
3113 4238 3168 4283 et
3196 4227 3267 4284 de
3296 4229 3728 4284 inscrutabilibus
3751 4242 3842 4297 prt-

599 4319 780 4397 (Rom.
814 4323 914 4393 xt).
947 4323 1076 4379 Sine
1097 4324 1414 4395 pmnitentia
1445 4327 1593 4382 enim
1621 4337 1750 4383 sunt
1778 4328 1918 4383 dona
1947 4337 2003 4383 et
2029 4344 2193 4384 voca-
2298 4322 2538 4391 sumptio
2566 4323 2979 4392 comprimatur.
3009 4333 3065 4379 ει
3091 4321 3161 4379 de
3192 4324 3510 4379 manifestis
3529 4323 3722 4379 falsitas
3745 4324 3846 4377 πεῖν

599 4415 676 4472 ιῑο
704 4416 822 4473 Dei.
851 4417 1006 4474 Sicut
1035 4422 1178 4474 enim
1208 4419 1502 4491 aliquando
1531 4432 1590 4479 et
1615 4438 1714 4480 vos
1753 4439 1860 4480 non
1887 4425 2196 4482 credidistis
2302 4424 2462 4473 retur.
2488 4417 2675 4489 Neque
2696 4419 2843 4474 enim
2879 4418 2923 4474 si
2954 4417 3142 4474 nescio
3167 4432 3267 4474 cur
3295 4419 3391 4474 ille
3415 4419 3638 4475 Graecus
3660 4429 3842 4474 creetur.

600 4508 749 4577 Deo,
805 4526 946 4568 nunc
999 4520 1180 4568 autem
1236 4513 1674 4573 misericordiam
1725 4519 2006 4575 consecuti
2062 4521 2195 4574 estis
2222 4577 2262 4582 _
2302 4511 2388 4566 hic
2411 4511 2726 4567 Barbarus:
2759 4511 2862 4568 iste
2890 4513 2942 4566 in
2970 4511 3210 4579 divitiis,
3246 4511 3336 4567 ille
3360 4513 3413 4566 in
3445 4521 3684 4582 egestate
3705 4523 3847 4564 nasca-

599 4617 822 4678 propter
853 4607 1070 4665 illorum
1100 4609 1537 4669 incredulitatem
1565 4632 1579 4670 :
1612 4614 1686 4668 ita
1717 4624 1774 4669 et
1794 4613 1881 4669 isti
1914 4629 2059 4670 nunc
2086 4630 2193 4670 non
2220 4577 2276 4640 D
2305 4614 2390 4660 tur
2416 4621 2430 4659 =
2465 4603 2610 4659 hunc
2633 4605 2806 4660 valida
2832 4605 3050 4676 proceri
3081 4605 3333 4676 corporis
3353 4605 3698 4676 pulchritudo
3728 4601 3850 4659 subli-

597 4700 955 4759 crediderunt
975 4703 1028 4759 in
1058 4713 1236 4760 vestra
1265 4707 1661 4773 misericordia,
1683 4717 1814 4766 utet
1845 4710 1948 4780 ipsi
1979 4709 2195 4766 miseri-
2301 4707 2444 4765 meti
2488 4698 2640 4753 illum
2675 4697 2932 4753 debilium
2982 4697 3356 4754 membrorum
3384 4699 3604 4754 uilitas
3631 4708 3849 4753 00mm;

598 4799 841 4856 cordiam
884 4811 1305 4871 consequantur.
1347 4802 1632 4860 Conclusit
1661 4805 1806 4860 enim
1843 4806 1984 4862 Dens
2013 4805 2158 4860 omni

2301 4792 2572 4848 deformet
2604 4810 2615 4846 :
2649 4792 2751 4848 iste
2777 4807 2809 4846 a
2849 4790 3138 4847 catholicis
3169 4791 3352 4846 editus
3385 4793 3439 4847 in
3469 4792 3709 4848 veritatis
3730 4803 3851 4845 enitr

598 4891 654 4949 in
686 4873 1101 4960 incredulitate,
1153 4901 1212 4948 ut
1246 4895 1486 4950 omnium
1517 4896 1861 4956 misereatur.
1895 4899 2032 4954 Cum
2065 4914 2157 4969 erg

2301 4886 2444 4941 bulis
2473 4885 2768 4951 nutriatur,
2801 4884 2893 4940 ille
2922 4884 3308 4940 haereticorum
3334 4887 3625 4956 progenies
3646 4900 3754 4942 cum
3773 4885 3851 4952 ips:-

599 4984 720 5042 btec
766 4985 1076 5042 divinorum
1126 5002 1354 5057 operum
1400 4991 1654 5061 mysteria
1703 5007 1864 5062 supra
1908 5007 2193 5049 mensuras
2303 4982 2442 5038 lacte
2474 4981 2667 5038 matris
2689 4981 2904 5036 hauriat
2935 4980 3087 5036 virus
3117 4981 3325 5037 erroris
3361 4999 3374 5034 :
3409 4983 3456 5036 si
3497 4981 3724 5052 denique
3748 4978 3850 5033 utilis

599 5077 852 5136 humana:
903 5078 1277 5150 intelligentiae
1315 5082 1672 5150 excellentia,
1720 5085 1953 5155 quodam
1999 5088 2195 5143 mentis
2302 5078 2437 5133 alias
2457 5076 2790 5133 dideretltias
2817 5078 2873 5131 in
2897 5076 3087 5131 habitu
3117 5091 3438 5146 COrPOI‘Um.
3473 5076 3527 5130 in
3555 5073 3850 5148 qualitatum

597 5182 710 5226 sum
733 5169 1060 5239 profudisset
1081 5184 1330 5238 excessu,
1363 5181 1526 5228 totam
1548 5177 1903 5246 eXpositionis
1929 5181 2192 5235 rationem
2304 5173 2609 5227 animorum
2635 5213 2648 5237 ,
2689 5172 2744 5226 in
2789 5171 3104 5226 conditione
3144 5181 3456 5240 temporum
3477 5211 3492 5236 i
3525 5171 3580 5225 in
3625 5183 3760 5224 more
3790 5181 3850 5220 τε·

598 5262 879 5319 transtulit
928 5262 996 5318 ad
1035 5273 1315 5335 stuporem
1339 5306 1354 5332 ,
1407 5273 1462 5321 et
1497 5267 1796 5324 admirator
1845 5284 2032 5325 corum
2073 5288 2194 5343 quae
2301 5267 2523 5336 gionum
2553 5264 2856 5335 diiudicare
2889 5279 2995 5318 non
3030 5277 3248 5334 possum
3284 5281 3296 5316 :
3331 5264 3456 5319 ideo
3485 5264 3631 5333 quod
3665 5265 3850 5318 omnia:

597 5357 933 5428 protulerat,
963 5357 1289 5414 exclamavit
1331 5369 1385 5415 et
1413 5359 1584 5416 dixit:
1631 5363 1674 5417 0
1710 5363 1940 5420 altitudo
1979 5365 2192 5422 divitia-
2302 5363 2502 5418 horum
2535 5361 2679 5416 Deus
2720 5363 2792 5415 sit
2832 5359 3084 5416 conditor
3121 5369 3288 5430 atque
3333 5359 3645 5425 ordinator,
3690 5359 3848 5427 ignore

599 5463 722 5504 rum
762 5451 1048 5520 sapientia:
1073 5453 1400 5509 etscientia:
1429 5453 1556 5519 Dei,
1585 5469 1746 5526 quam
1779 5457 2194 5528 incomprehen-
2302 5457 2404 5525 Qui
2462 5456 2650 5527 utique
2698 5455 3038 5527 singulorum
3094 5453 3380 5508 hominum
3439 5453 3513 5506 ita
3571 5461 3625 5507 et
3674 5460 3850 5518 corpnrl

600 5541 779 5598 sibilia
808 5553 934 5598 sunt
969 5544 1171 5614 judicia
1193 5545 1348 5618 ejus,
1380 5557 1434 5603 et
1479 5547 1888 5620 investigabiles
1933 5551 2038 5605 vite
2077 5550 2194 5622 ejus
2302 5555 2508 5612 creavit
2550 5561 2606 5609 et
2655 5552 2909 5622 spiritus,
2961 5558 3020 5604 ut
3061 5557 3262 5619 ιιι-πίει
3306 5547 3455 5604 illam
3507 5555 3786 5602 secuturam
3807 5554 3848 5593 et

601 5641 827 5712 (lbid.)l
879 5643 1012 5710 Quis
1067 5646 1212 5704 enim
1254 5650 1512 5720 cognovit
1546 5665 1768 5707 sensum
1803 5649 2058 5706 Domini?
2103 5659 2196 5707 aut
2305 5648 2728 5719 uniuscujusque
2759 5645 2939 5702 studio
2966 5645 3333 5701 voluntariam
3363 5644 3748 5707 diversitatem,
3771 5641 3848 5706 ipsa

597 5739 722 5810 quis
749 5739 1096 5797 consiliarius
1135 5745 1252 5814 ejus
1279 5745 1422 5800 fuit?
1451 5757 1541 5802 aut
1569 5747 1690 5819 quis
1719 5746 1868 5817 prior
1897 5745 2049 5801 dedit
2076 5745 2190 5813 illi,
2304 5743 2632 5799 conditionis
2680 5741 2906 5798 exordia
2954 5739 3324 5796 dissimillima
3377 5739 3753 5796 numerositate
3789 5747 3848 5780 ri-

597 5841 656 5888 ει
695 5834 1024 5890 retribuetur
1059 5837 1145 5890 ei?
1174 5839 1439 5905 Quoniam
1470 5856 1534 5896 ex
1583 5843 1701 5910 ipso
1727 5851 1784 5898 et
1811 5857 1908 5910 per
1943 5841 2117 5912 ipsum
2143 5851 2197 5896 et
2306 5839 2494 5892 riarct.
2522 5835 2832 5892 Turbarent
2875 5845 3054 5892 autem
3095 5849 3198 5890 nos
3229 5845 3284 5889 et
3322 5833 3378 5890 in
3403 5834 3676 5891 diversum
3699 5829 3845 5886 dism-
