  <div class='ocr_page' id='page_1' title='image "/cluster/home/n/w/nwhite01/storage/ocr_20150623/17/hvd.32044015471329/550.png"; bbox 0 0 3958 6314; ppageno 0'>
   <div class='ocr_carea' id='block_1_1' title="bbox 72 346 206 408">
    <p class='ocr_par' dir='ltr' id='par_1_1' title="bbox 72 346 206 408">
     <span class='ocr_line' id='line_1_1' title="bbox 72 346 206 408; baseline 0.015 -2"><span class='ocrx_word' id='word_1_1' title='bbox 72 346 206 408; x_wconf 66' lang='lat'><strong>{089</strong></span> 
     </span>
    </p>
   </div>
   <div class='ocr_carea' id='block_1_2' title="bbox 1153 341 2317 412">
    <p class='ocr_par' dir='ltr' id='par_1_2' title="bbox 1153 341 2317 412">
     <span class='ocr_line' id='line_1_2' title="bbox 1153 341 2317 412; baseline -0.006 -2"><span class='ocrx_word' id='word_1_2' title='bbox 1153 352 1244 410; x_wconf 85' lang='lat' dir='ltr'><strong>DE</strong></span> <span class='ocrx_word' id='word_1_3' title='bbox 1287 346 1683 412; x_wconf 80' lang='lat' dir='ltr'><strong>VOCATIONE</strong></span> <span class='ocrx_word' id='word_1_4' title='bbox 1719 341 2034 406; x_wconf 83' lang='lat' dir='ltr'><strong>GENTIUM</strong></span> <span class='ocrx_word' id='word_1_5' title='bbox 2072 345 2202 406; x_wconf 81' lang='lat' dir='ltr'><strong>LIB.</strong></span> <span class='ocrx_word' id='word_1_6' title='bbox 2246 344 2317 406; x_wconf 84' lang='grc'><strong>1.’</strong></span> 
     </span>
    </p>
   </div>
   <div class='ocr_carea' id='block_1_3' title="bbox 3191 350 3360 413">
    <p class='ocr_par' dir='ltr' id='par_1_3' title="bbox 3191 350 3360 413">
     <span class='ocr_line' id='line_1_3' title="bbox 3191 350 3360 413; baseline 0.018 -3"><span class='ocrx_word' id='word_1_7' title='bbox 3191 350 3360 413; x_wconf 71' lang='grc'><strong>’1090</strong></span> 
     </span>
    </p>
   </div>
   <div class='ocr_carea' id='block_1_4' title="bbox 73 464 1694 544">
    <p class='ocr_par' dir='ltr' id='par_1_4' title="bbox 73 464 1694 544">
     <span class='ocr_line' id='line_1_4' title="bbox 73 464 1694 544; baseline 0.005 -23"><span class='ocrx_word' id='word_1_8' title='bbox 73 468 264 522; x_wconf 90' lang='lat' dir='ltr'><strong>herent</strong></span> <span class='ocrx_word' id='word_1_9' title='bbox 307 464 487 520; x_wconf 64' lang='lat' dir='ltr'><strong>multa:</strong></span> <span class='ocrx_word' id='word_1_10' title='bbox 527 465 939 538; x_wconf 88' lang='lat' dir='ltr'><strong>vaniloquorum</strong></span> <span class='ocrx_word' id='word_1_11' title='bbox 979 470 1265 540; x_wconf 76' lang='lat' dir='ltr'><strong>Opiniones</strong></span> <span class='ocrx_word' id='word_1_12' title='bbox 1291 517 1305 541; x_wconf 93' lang='lat'><strong>,</strong></span> <span class='ocrx_word' id='word_1_13' title='bbox 1339 474 1431 544; x_wconf 86' lang='lat' dir='ltr'><strong>qui</strong></span> <span class='ocrx_word' id='word_1_14' title='bbox 1475 472 1543 528; x_wconf 90' lang='lat' dir='ltr'><strong>de</strong></span> <span class='ocrx_word' id='word_1_15' title='bbox 1572 473 1694 529; x_wconf 75' lang='lat' dir='ltr'><strong>in-.</strong></span> 
     </span>
    </p>
   </div>
   <div class='ocr_carea' id='block_1_5' title="bbox 1799 464 3362 544">
    <p class='ocr_par' dir='ltr' id='par_1_5' title="bbox 1805 465 3362 540">
     <span class='ocr_line' id='line_1_5' title="bbox 1805 465 3362 540; baseline 0.007 -21"><span class='ocrx_word' id='word_1_16' title='bbox 1805 481 1908 519; x_wconf 90' lang='lat' dir='ltr'><strong>nne</strong></span> <span class='ocrx_word' id='word_1_17' title='bbox 1939 475 2118 522; x_wconf 87' lang='lat' dir='ltr'><strong>autem</strong></span> <span class='ocrx_word' id='word_1_18' title='bbox 2153 465 2383 537; x_wconf 89' lang='lat' dir='ltr'><strong>populus</strong></span> <span class='ocrx_word' id='word_1_19' title='bbox 2408 466 2500 522; x_wconf 86' lang='lat' dir='ltr'><strong>Dei</strong></span> <span class='ocrx_word' id='word_1_20' title='bbox 2527 483 2538 520; x_wconf 91' lang='lat'><strong>:</strong></span> <span class='ocrx_word' id='word_1_21' title='bbox 2565 480 2797 537; x_wconf 88' lang='lat' dir='ltr'><strong>quorum</strong></span> <span class='ocrx_word' id='word_1_22' title='bbox 2824 467 3114 540; x_wconf 77' lang='lat' dir='ltr'><strong>aliquando</strong></span> <span class='ocrx_word' id='word_1_23' title='bbox 3141 485 3248 526; x_wconf 90' lang='lat' dir='ltr'><strong>non</strong></span> <span class='ocrx_word' id='word_1_24' title='bbox 3275 481 3362 530; x_wconf 87' lang='lat' dir='ltr'><strong>est</strong></span> 
     </span>
    </p>
   </div>
   <div class='ocr_carea' id='block_1_6' title="bbox 73 560 1657 638">
    <p class='ocr_par' dir='ltr' id='par_1_6' title="bbox 73 560 1657 638">
     <span class='ocr_line' id='line_1_6' title="bbox 73 560 1657 638; baseline 0.003 -20"><span class='ocrx_word' id='word_1_25' title='bbox 73 562 524 631; x_wconf 83' lang='lat' dir='ltr'><strong>cognoscihilibus</strong></span> <span class='ocrx_word' id='word_1_26' title='bbox 552 560 782 618; x_wconf 93' lang='lat' dir='ltr'><strong>deﬁnire</strong></span> <span class='ocrx_word' id='word_1_27' title='bbox 820 563 1262 622; x_wconf 79' lang='lat' dir='ltr'><strong>inconvenientia</strong></span> <span class='ocrx_word' id='word_1_28' title='bbox 1291 582 1657 638; x_wconf 66' lang='lat' dir='ltr'><strong>prtcsumpse-</strong></span> 
     </span>
    </p>
   </div>
   <div class='ocr_carea' id='block_1_7' title="bbox 73 655 1660 735">
    <p class='ocr_par' dir='ltr' id='par_1_7' title="bbox 73 655 1660 735">
     <span class='ocr_line' id='line_1_7' title="bbox 73 655 1660 735; baseline 0.005 -25"><span class='ocrx_word' id='word_1_29' title='bbox 73 665 228 722; x_wconf 92' lang='lat' dir='ltr'><strong>runt,</strong></span> <span class='ocrx_word' id='word_1_30' title='bbox 261 667 310 711; x_wconf 87' lang='lat' dir='ltr'><strong>et</strong></span> <span class='ocrx_word' id='word_1_31' title='bbox 344 655 438 710; x_wconf 86' lang='lat' dir='ltr'><strong>has</strong></span> <span class='ocrx_word' id='word_1_32' title='bbox 468 657 758 726; x_wconf 88' lang='lat' dir='ltr'><strong>originales</strong></span> <span class='ocrx_word' id='word_1_33' title='bbox 780 659 1172 731; x_wconf 67' lang='lat' dir='ltr'><strong>inaequalitates</strong></span> <span class='ocrx_word' id='word_1_34' title='bbox 1198 663 1343 728; x_wconf 87' lang='lat' dir='ltr'><strong>fatis,</strong></span> <span class='ocrx_word' id='word_1_35' title='bbox 1370 679 1490 735; x_wconf 87' lang='lat' dir='ltr'><strong>quae</strong></span> <span class='ocrx_word' id='word_1_36' title='bbox 1513 663 1660 718; x_wconf 87' lang='lat' dir='ltr'><strong>nulla</strong></span> 
     </span>
    </p>
   </div>
   <div class='ocr_carea' id='block_1_8' title="bbox 72 747 1663 822">
    <p class='ocr_par' dir='ltr' id='par_1_8' title="bbox 72 747 1663 822">
     <span class='ocr_line' id='line_1_8' title="bbox 72 747 1663 822; baseline 0.005 -20"><span class='ocrx_word' id='word_1_37' title='bbox 72 758 228 813; x_wconf 83' lang='lat' dir='ltr'><strong>sunt,</strong></span> <span class='ocrx_word' id='word_1_38' title='bbox 269 757 324 802; x_wconf 88' lang='lat' dir='ltr'><strong>et</strong></span> <span class='ocrx_word' id='word_1_39' title='bbox 360 747 626 804; x_wconf 71' lang='lat' dir='ltr'><strong>sideribus</strong></span> <span class='ocrx_word' id='word_1_40' title='bbox 651 749 986 822; x_wconf 88' lang='lat' dir='ltr'><strong>deputarunt</strong></span> <span class='ocrx_word' id='word_1_41' title='bbox 1011 797 1025 817; x_wconf 88' lang='lat'><strong>,</strong></span> <span class='ocrx_word' id='word_1_42' title='bbox 1061 754 1165 810; x_wconf 90' lang='lat' dir='ltr'><strong>nisi</strong></span> <span class='ocrx_word' id='word_1_43' title='bbox 1195 757 1495 812; x_wconf 89' lang='lat' dir='ltr'><strong>certissima</strong></span> <span class='ocrx_word' id='word_1_44' title='bbox 1524 757 1663 812; x_wconf 92' lang='lat' dir='ltr'><strong>noti-</strong></span> 
     </span>
    </p>
   </div>
   <div class='ocr_carea' id='block_1_9' title="bbox 73 843 1664 925">
    <p class='ocr_par' dir='ltr' id='par_1_9' title="bbox 73 843 1664 925">
     <span class='ocr_line' id='line_1_9' title="bbox 73 843 1664 925; baseline 0.006 -28"><span class='ocrx_word' id='word_1_45' title='bbox 73 843 142 897; x_wconf 88' lang='lat' dir='ltr'><strong>tia</strong></span> <span class='ocrx_word' id='word_1_46' title='bbox 177 851 483 898; x_wconf 88' lang='lat' dir='ltr'><strong>teneremus</strong></span> <span class='ocrx_word' id='word_1_47' title='bbox 504 885 518 912; x_wconf 93' lang='lat'><strong>,</strong></span> <span class='ocrx_word' id='word_1_48' title='bbox 557 845 724 901; x_wconf 92' lang='lat' dir='ltr'><strong>Deum</strong></span> <span class='ocrx_word' id='word_1_49' title='bbox 757 857 1058 905; x_wconf 85' lang='lat' dir='ltr'><strong>creatorem</strong></span> <span class='ocrx_word' id='word_1_50' title='bbox 1087 851 1156 907; x_wconf 93' lang='lat' dir='ltr'><strong>de</strong></span> <span class='ocrx_word' id='word_1_51' title='bbox 1186 852 1471 908; x_wconf 87' lang='lat' dir='ltr'><strong>elementis</strong></span> <span class='ocrx_word' id='word_1_52' title='bbox 1498 854 1664 925; x_wconf 89' lang='lat' dir='ltr'><strong>origi-</strong></span> 
     </span>
    </p>
   </div>
   <div class='ocr_carea' id='block_1_10' title="bbox 75 933 1666 1014">
    <p class='ocr_par' dir='ltr' id='par_1_10' title="bbox 75 933 1666 1014">
     <span class='ocr_line' id='line_1_10' title="bbox 75 933 1666 1014; baseline 0.008 -25"><span class='ocrx_word' id='word_1_53' title='bbox 75 933 308 995; x_wconf 86' lang='lat' dir='ltr'><strong>nalibus.</strong></span> <span class='ocrx_word' id='word_1_54' title='bbox 342 944 503 1004; x_wconf 86' lang='lat' dir='ltr'><strong>prout</strong></span> <span class='ocrx_word' id='word_1_55' title='bbox 543 936 678 1006; x_wconf 74' lang='lat' dir='ltr'><strong>vult,</strong></span> <span class='ocrx_word' id='word_1_56' title='bbox 716 953 810 994; x_wconf 75' lang='lat' dir='ltr'><strong>vas</strong></span> <span class='ocrx_word' id='word_1_57' title='bbox 839 942 1264 1014; x_wconf 88' lang='lat' dir='ltr'><strong>unumquodque</strong></span> <span class='ocrx_word' id='word_1_58' title='bbox 1302 944 1570 1010; x_wconf 91' lang='lat' dir='ltr'><strong>formare,</strong></span> <span class='ocrx_word' id='word_1_59' title='bbox 1609 955 1666 1002; x_wconf 90' lang='lat' dir='ltr'><strong>et</strong></span> 
     </span>
    </p>
   </div>
   <div class='ocr_carea' id='block_1_11' title="bbox 73 1029 1663 1110">
    <p class='ocr_par' dir='ltr' id='par_1_11' title="bbox 73 1029 1663 1110">
     <span class='ocr_line' id='line_1_11' title="bbox 73 1029 1663 1110; baseline 0.009 -29"><span class='ocrx_word' id='word_1_60' title='bbox 73 1041 229 1082; x_wconf 91' lang='lat' dir='ltr'><strong>unam</strong></span> <span class='ocrx_word' id='word_1_61' title='bbox 255 1037 503 1083; x_wconf 89' lang='lat' dir='ltr'><strong>naturam</strong></span> <span class='ocrx_word' id='word_1_62' title='bbox 529 1029 830 1088; x_wconf 90' lang='lat' dir='ltr'><strong>animarum</strong></span> <span class='ocrx_word' id='word_1_63' title='bbox 855 1073 870 1099; x_wconf 90' lang='lat'><strong>,</strong></span> <span class='ocrx_word' id='word_1_64' title='bbox 907 1050 1066 1090; x_wconf 88' lang='lat' dir='ltr'><strong>unam</strong></span> <span class='ocrx_word' id='word_1_65' title='bbox 1097 1047 1346 1092; x_wconf 85' lang='lat' dir='ltr'><strong>naturam</strong></span> <span class='ocrx_word' id='word_1_66' title='bbox 1373 1053 1663 1110; x_wconf 82' lang='lat' dir='ltr'><strong>corporum</strong></span> 
     </span>
    </p>
   </div>
   <div class='ocr_carea' id='block_1_12' title="bbox 74 1122 1665 1206">
    <p class='ocr_par' dir='ltr' id='par_1_12' title="bbox 74 1122 1665 1206">
     <span class='ocr_line' id='line_1_12' title="bbox 74 1122 1665 1206; baseline 0.01 -30"><span class='ocrx_word' id='word_1_67' title='bbox 74 1122 284 1193; x_wconf 75' lang='lat' dir='ltr'><strong>placitis</strong></span> <span class='ocrx_word' id='word_1_68' title='bbox 312 1122 412 1178; x_wconf 90' lang='lat' dir='ltr'><strong>sibi</strong></span> <span class='ocrx_word' id='word_1_69' title='bbox 456 1131 768 1196; x_wconf 88' lang='lat' dir='ltr'><strong>temperare</strong></span> <span class='ocrx_word' id='word_1_70' title='bbox 798 1131 1086 1186; x_wconf 87' lang='lat' dir='ltr'><strong>mensuris.</strong></span> <span class='ocrx_word' id='word_1_71' title='bbox 1131 1131 1262 1201; x_wconf 74' lang='lat' dir='ltr'><strong>Quae</strong></span> <span class='ocrx_word' id='word_1_72' title='bbox 1288 1134 1476 1204; x_wconf 90' lang='lat' dir='ltr'><strong>utique</strong></span> <span class='ocrx_word' id='word_1_73' title='bbox 1502 1150 1665 1206; x_wconf 85' lang='lat' dir='ltr'><strong>opera</strong></span> 
     </span>
    </p>
   </div>
   <div class='ocr_carea' id='block_1_13' title="bbox 75 1213 1668 1295">
    <p class='ocr_par' dir='ltr' id='par_1_13' title="bbox 75 1213 1668 1295">
     <span class='ocr_line' id='line_1_13' title="bbox 75 1213 1668 1295; baseline 0.011 -29"><span class='ocrx_word' id='word_1_74' title='bbox 75 1213 165 1267; x_wconf 86' lang='lat' dir='ltr'><strong>Dei</strong></span> <span class='ocrx_word' id='word_1_75' title='bbox 195 1213 442 1271; x_wconf 72' lang='lat' dir='ltr'><strong>humanze</strong></span> <span class='ocrx_word' id='word_1_76' title='bbox 469 1216 842 1290; x_wconf 66' lang='lat' dir='ltr'><strong>intelligentia:</strong></span> <span class='ocrx_word' id='word_1_77' title='bbox 872 1237 981 1277; x_wconf 90' lang='lat' dir='ltr'><strong>non</strong></span> <span class='ocrx_word' id='word_1_78' title='bbox 1013 1224 1484 1295; x_wconf 91' lang='lat' dir='ltr'><strong>subtraherentnr,</strong></span> <span class='ocrx_word' id='word_1_79' title='bbox 1516 1228 1563 1283; x_wconf 97' lang='lat' dir='ltr'><strong>si</strong></span> <span class='ocrx_word' id='word_1_80' title='bbox 1586 1229 1668 1284; x_wconf 86' lang='lat' dir='ltr'><strong>in-</strong></span> 
     </span>
    </p>
   </div>
   <div class='ocr_carea' id='block_1_14' title="bbox 76 1310 1672 1393">
    <p class='ocr_par' dir='ltr' id='par_1_14' title="bbox 76 1310 1672 1393">
     <span class='ocr_line' id='line_1_14' title="bbox 76 1310 1672 1393; baseline 0.009 -30"><span class='ocrx_word' id='word_1_81' title='bbox 76 1317 357 1364; x_wconf 88' lang='lat' dir='ltr'><strong>notescere</strong></span> <span class='ocrx_word' id='word_1_82' title='bbox 384 1310 724 1378; x_wconf 87' lang='lat' dir='ltr'><strong>debuissent,</strong></span> <span class='ocrx_word' id='word_1_83' title='bbox 757 1325 811 1370; x_wconf 91' lang='lat' dir='ltr'><strong>et</strong></span> <span class='ocrx_word' id='word_1_84' title='bbox 835 1316 1282 1375; x_wconf 82' lang='lat' dir='ltr'><strong>manifestaretur</strong></span> <span class='ocrx_word' id='word_1_85' title='bbox 1302 1336 1399 1376; x_wconf 92' lang='lat' dir='ltr'><strong>cur</strong></span> <span class='ocrx_word' id='word_1_86' title='bbox 1421 1322 1490 1376; x_wconf 91' lang='lat' dir='ltr'><strong>ita</strong></span> <span class='ocrx_word' id='word_1_87' title='bbox 1513 1322 1672 1393; x_wconf 84' lang='lat' dir='ltr'><strong>quid-</strong></span> 
     </span>
    </p>
   </div>
   <div class='ocr_carea' id='block_1_15' title="bbox 76 1400 1671 1476">
    <p class='ocr_par' dir='ltr' id='par_1_15' title="bbox 76 1400 1671 1476">
     <span class='ocr_line' id='line_1_15' title="bbox 76 1400 1671 1476; baseline 0.01 -22"><span class='ocrx_word' id='word_1_88' title='bbox 76 1416 176 1471; x_wconf 87' lang='lat' dir='ltr'><strong>que</strong></span> <span class='ocrx_word' id='word_1_89' title='bbox 208 1400 391 1470; x_wconf 90' lang='lat' dir='ltr'><strong>ﬁeret,</strong></span> <span class='ocrx_word' id='word_1_90' title='bbox 421 1404 526 1459; x_wconf 90' lang='lat' dir='ltr'><strong>nisi</strong></span> <span class='ocrx_word' id='word_1_91' title='bbox 555 1406 698 1476; x_wconf 91' lang='lat' dir='ltr'><strong>quod</strong></span> <span class='ocrx_word' id='word_1_92' title='bbox 730 1409 802 1462; x_wconf 90' lang='lat' dir='ltr'><strong>ita</strong></span> <span class='ocrx_word' id='word_1_93' title='bbox 847 1408 996 1476; x_wconf 90' lang='lat' dir='ltr'><strong>ﬁeri,</strong></span> <span class='ocrx_word' id='word_1_94' title='bbox 1039 1413 1179 1468; x_wconf 90' lang='lat' dir='ltr'><strong>scire</strong></span> <span class='ocrx_word' id='word_1_95' title='bbox 1207 1412 1503 1470; x_wconf 87' lang='lat' dir='ltr'><strong>sufﬁceret.</strong></span> <span class='ocrx_word' id='word_1_96' title='bbox 1533 1414 1671 1470; x_wconf 84' lang='lat' dir='ltr'><strong>Dicit</strong></span> 
     </span>
    </p>
   </div>
   <div class='ocr_carea' id='block_1_16' title="bbox 76 1495 1671 1579">
    <p class='ocr_par' dir='ltr' id='par_1_16' title="bbox 76 1495 1671 1579">
     <span class='ocr_line' id='line_1_16' title="bbox 76 1495 1671 1579; baseline 0.008 -29"><span class='ocrx_word' id='word_1_97' title='bbox 76 1495 334 1552; x_wconf 91' lang='lat' dir='ltr'><strong>Dominus</strong></span> <span class='ocrx_word' id='word_1_98' title='bbox 361 1497 428 1553; x_wconf 84' lang='lat' dir='ltr'><strong>ad</strong></span> <span class='ocrx_word' id='word_1_99' title='bbox 457 1498 678 1572; x_wconf 81' lang='lat' dir='ltr'><strong>Moysen</strong></span> <span class='ocrx_word' id='word_1_100' title='bbox 713 1517 726 1554; x_wconf 89' lang='lat'><strong>:</strong></span> <span class='ocrx_word' id='word_1_101' title='bbox 753 1501 886 1570; x_wconf 85' lang='lat' dir='ltr'><strong>Quis</strong></span> <span class='ocrx_word' id='word_1_102' title='bbox 912 1502 1064 1559; x_wconf 86' lang='lat' dir='ltr'><strong>dedit</strong></span> <span class='ocrx_word' id='word_1_103' title='bbox 1090 1519 1152 1560; x_wconf 92' lang='lat' dir='ltr'><strong>os</strong></span> <span class='ocrx_word' id='word_1_104' title='bbox 1193 1506 1396 1562; x_wconf 90' lang='lat' dir='ltr'><strong>homini</strong></span> <span class='ocrx_word' id='word_1_105' title='bbox 1423 1549 1438 1574; x_wconf 95' lang='lat'><strong>,</strong></span> <span class='ocrx_word' id='word_1_106' title='bbox 1468 1515 1523 1562; x_wconf 89' lang='lat' dir='ltr'><strong>et</strong></span> <span class='ocrx_word' id='word_1_107' title='bbox 1549 1508 1671 1579; x_wconf 89' lang='lat' dir='ltr'><strong>quis</strong></span> 
     </span>
    </p>
   </div>
   <div class='ocr_carea' id='block_1_17' title="bbox 76 1589 1672 1656">
    <p class='ocr_par' dir='ltr' id='par_1_17' title="bbox 76 1589 1672 1656">
     <span class='ocr_line' id='line_1_17' title="bbox 76 1589 1672 1656; baseline 0.006 -12"><span class='ocrx_word' id='word_1_108' title='bbox 76 1589 203 1646; x_wconf 86' lang='lat' dir='ltr'><strong>fecit</strong></span> <span class='ocrx_word' id='word_1_109' title='bbox 229 1601 433 1648; x_wconf 91' lang='lat' dir='ltr'><strong>mutum</strong></span> <span class='ocrx_word' id='word_1_110' title='bbox 458 1603 512 1649; x_wconf 91' lang='lat' dir='ltr'><strong>et</strong></span> <span class='ocrx_word' id='word_1_111' title='bbox 539 1608 646 1650; x_wconf 91' lang='lat' dir='ltr'><strong>non</strong></span> <span class='ocrx_word' id='word_1_112' title='bbox 673 1595 1023 1652; x_wconf 87' lang='lat' dir='ltr'><strong>audientem?</strong></span> <span class='ocrx_word' id='word_1_113' title='bbox 1046 1599 1321 1655; x_wconf 78' lang='lat' dir='ltr'><strong>videntem</strong></span> <span class='ocrx_word' id='word_1_114' title='bbox 1351 1608 1405 1656; x_wconf 85' lang='lat' dir='ltr'><strong>et</strong></span> <span class='ocrx_word' id='word_1_115' title='bbox 1429 1601 1672 1656; x_wconf 73' lang='lat' dir='ltr'><strong>czecnm?</strong></span> 
     </span>
    </p>
   </div>
   <div class='ocr_carea' id='block_1_18' title="bbox 79 1685 1668 1767">
    <p class='ocr_par' dir='ltr' id='par_1_18' title="bbox 79 1685 1668 1767">
     <span class='ocr_line' id='line_1_18' title="bbox 79 1685 1668 1767; baseline 0.009 -30"><span class='ocrx_word' id='word_1_116' title='bbox 79 1698 255 1740; x_wconf 88' lang='lat' dir='ltr'><strong>nonne</strong></span> <span class='ocrx_word' id='word_1_117' title='bbox 277 1700 379 1757; x_wconf 90' lang='lat' dir='ltr'><strong>ego</strong></span> <span class='ocrx_word' id='word_1_118' title='bbox 398 1685 659 1742; x_wconf 89' lang='lat' dir='ltr'><strong>Dominus</strong></span> <span class='ocrx_word' id='word_1_119' title='bbox 674 1687 1058 1759; x_wconf 76' lang='lat' dir='ltr'><strong>Deus?(Exod.</strong></span> <span class='ocrx_word' id='word_1_120' title='bbox 1084 1693 1186 1767; x_wconf 84' lang='lat' dir='ltr'><strong>IV.)</strong></span> <span class='ocrx_word' id='word_1_121' title='bbox 1215 1693 1283 1749; x_wconf 86' lang='lat' dir='ltr'><strong>Et</strong></span> <span class='ocrx_word' id='word_1_122' title='bbox 1306 1710 1400 1766; x_wconf 90' lang='lat' dir='ltr'><strong>per</strong></span> <span class='ocrx_word' id='word_1_123' title='bbox 1416 1694 1629 1751; x_wconf 83' lang='lat' dir='ltr'><strong>Esaiam</strong></span> <span class='ocrx_word' id='word_1_124' title='bbox 1655 1713 1668 1752; x_wconf 94' lang='lat'><strong>:</strong></span> 
     </span>
    </p>
   </div>
   <div class='ocr_carea' id='block_1_19' title="bbox 80 1776 1671 1860">
    <p class='ocr_par' dir='ltr' id='par_1_19' title="bbox 80 1776 1671 1860">
     <span class='ocr_line' id='line_1_19' title="bbox 80 1776 1671 1860; baseline 0.007 -27"><span class='ocrx_word' id='word_1_125' title='bbox 80 1776 270 1835; x_wconf 86' lang='lat' dir='ltr'><strong>Nonne</strong></span> <span class='ocrx_word' id='word_1_126' title='bbox 309 1795 411 1851; x_wconf 92' lang='lat' dir='ltr'><strong>ego</strong></span> <span class='ocrx_word' id='word_1_127' title='bbox 453 1780 737 1838; x_wconf 90' lang='lat' dir='ltr'><strong>fecundam</strong></span> <span class='ocrx_word' id='word_1_128' title='bbox 770 1794 823 1840; x_wconf 93' lang='lat' dir='ltr'><strong>et</strong></span> <span class='ocrx_word' id='word_1_129' title='bbox 862 1787 1103 1842; x_wconf 87' lang='lat' dir='ltr'><strong>sterilem</strong></span> <span class='ocrx_word' id='word_1_130' title='bbox 1154 1790 1296 1844; x_wconf 87' lang='lat' dir='ltr'><strong>feci?</strong></span> <span class='ocrx_word' id='word_1_131' title='bbox 1325 1789 1454 1845; x_wconf 88' lang='lat' dir='ltr'><strong>dicit</strong></span> <span class='ocrx_word' id='word_1_132' title='bbox 1486 1789 1671 1860; x_wconf 83' lang='lat' dir='ltr'><strong>Domi-</strong></span> 
     </span>
    </p>
   </div>
   <div class='ocr_carea' id='block_1_20' title="bbox 1763 558 3358 636">
    <p class='ocr_par' dir='ltr' id='par_1_20' title="bbox 1763 558 3358 636">
     <span class='ocr_line' id='line_1_20' title="bbox 1763 558 3358 636; baseline 0.006 -23"><span class='ocrx_word' id='word_1_133' title='bbox 1763 558 2052 624; x_wconf 90' lang='lat' dir='ltr'><strong>misertus,</strong></span> <span class='ocrx_word' id='word_1_134' title='bbox 2109 575 2250 615; x_wconf 90' lang='lat' dir='ltr'><strong>nunc</strong></span> <span class='ocrx_word' id='word_1_135' title='bbox 2295 569 2475 616; x_wconf 89' lang='lat' dir='ltr'><strong>autem</strong></span> <span class='ocrx_word' id='word_1_136' title='bbox 2524 561 2812 617; x_wconf 83' lang='lat' dir='ltr'><strong>miseretur</strong></span> <span class='ocrx_word' id='word_1_137' title='bbox 2851 562 2893 634; x_wconf 94' lang='lat' dir='ltr'><strong>(I</strong></span> <span class='ocrx_word' id='word_1_138' title='bbox 2930 561 3076 617; x_wconf 81' lang='lat' dir='ltr'><strong>Petr.</strong></span> <span class='ocrx_word' id='word_1_139' title='bbox 3117 564 3199 636; x_wconf 89' lang='grc' dir='ltr'>ιι).</span> <span class='ocrx_word' id='word_1_140' title='bbox 3241 565 3358 622; x_wconf 86' lang='lat' dir='ltr'><strong>Non</strong></span> 
     </span>
    </p>
   </div>
   <div class='ocr_carea' id='block_1_21' title="bbox 1764 652 3362 724">
    <p class='ocr_par' dir='ltr' id='par_1_21' title="bbox 1764 652 3362 724">
     <span class='ocr_line' id='line_1_21' title="bbox 1764 652 3362 724; baseline 0.006 -19"><span class='ocrx_word' id='word_1_141' title='bbox 1764 665 1892 721; x_wconf 90' lang='lat' dir='ltr'><strong>ergo</strong></span> <span class='ocrx_word' id='word_1_142' title='bbox 1933 652 2141 706; x_wconf 86' lang='lat' dir='ltr'><strong>meritis</strong></span> <span class='ocrx_word' id='word_1_143' title='bbox 2169 652 2439 709; x_wconf 88' lang='lat' dir='ltr'><strong>minorum</strong></span> <span class='ocrx_word' id='word_1_144' title='bbox 2483 653 2737 711; x_wconf 86' lang='lat' dir='ltr'><strong>tribuitur</strong></span> <span class='ocrx_word' id='word_1_145' title='bbox 2779 655 2925 724; x_wconf 92' lang='lat' dir='ltr'><strong>quod</strong></span> <span class='ocrx_word' id='word_1_146' title='bbox 2966 671 3073 712; x_wconf 90' lang='lat' dir='ltr'><strong>non</strong></span> <span class='ocrx_word' id='word_1_147' title='bbox 3109 672 3362 715; x_wconf 87' lang='lat' dir='ltr'><strong>meruere</strong></span> 
     </span>
    </p>
   </div>
   <div class='ocr_carea' id='block_1_22' title="bbox 1765 743 3364 821">
    <p class='ocr_par' dir='ltr' id='par_1_22' title="bbox 1765 743 3364 821">
     <span class='ocr_line' id='line_1_22' title="bbox 1765 743 3364 821; baseline 0.008 -23"><span class='ocrx_word' id='word_1_148' title='bbox 1765 743 2032 814; x_wconf 86' lang='lat' dir='ltr'><strong>majores,</strong></span> <span class='ocrx_word' id='word_1_149' title='bbox 2067 761 2164 816; x_wconf 90' lang='lat' dir='ltr'><strong>par</strong></span> <span class='ocrx_word' id='word_1_150' title='bbox 2194 747 2337 801; x_wconf 90' lang='lat' dir='ltr'><strong>enim</strong></span> <span class='ocrx_word' id='word_1_151' title='bbox 2375 748 2626 818; x_wconf 90' lang='lat' dir='ltr'><strong>impietas</strong></span> <span class='ocrx_word' id='word_1_152' title='bbox 2655 758 2711 806; x_wconf 88' lang='lat' dir='ltr'><strong>et</strong></span> <span class='ocrx_word' id='word_1_153' title='bbox 2753 759 2936 821; x_wconf 87' lang='lat' dir='ltr'><strong>patres</strong></span> <span class='ocrx_word' id='word_1_154' title='bbox 2979 752 3266 809; x_wconf 87' lang='lat' dir='ltr'><strong>accusabat</strong></span> <span class='ocrx_word' id='word_1_155' title='bbox 3306 762 3364 811; x_wconf 91' lang='lat' dir='ltr'><strong>et</strong></span> 
     </span>
    </p>
   </div>
   <div class='ocr_carea' id='block_1_23' title="bbox 1766 835 3364 912">
    <p class='ocr_par' dir='ltr' id='par_1_23' title="bbox 1766 835 3364 912">
     <span class='ocr_line' id='line_1_23' title="bbox 1766 835 3364 912; baseline 0.009 -22"><span class='ocrx_word' id='word_1_156' title='bbox 1766 835 1912 892; x_wconf 89' lang='lat' dir='ltr'><strong>ﬁlios</strong></span> <span class='ocrx_word' id='word_1_157' title='bbox 1937 880 1954 904; x_wconf 96' lang='lat'><strong>,</strong></span> <span class='ocrx_word' id='word_1_158' title='bbox 1985 839 2285 911; x_wconf 88' lang='lat' dir='ltr'><strong>eademque</strong></span> <span class='ocrx_word' id='word_1_159' title='bbox 2317 842 2634 912; x_wconf 73' lang='lat' dir='ltr'><strong>ignorantiae</strong></span> <span class='ocrx_word' id='word_1_160' title='bbox 2657 843 2872 901; x_wconf 68' lang='lat' dir='ltr'><strong>caecitas</strong></span> <span class='ocrx_word' id='word_1_161' title='bbox 2901 861 3092 902; x_wconf 91' lang='lat' dir='ltr'><strong>omnes</strong></span> <span class='ocrx_word' id='word_1_162' title='bbox 3122 847 3286 903; x_wconf 89' lang='lat' dir='ltr'><strong>simul</strong></span> <span class='ocrx_word' id='word_1_163' title='bbox 3309 847 3364 905; x_wconf 91' lang='lat' dir='ltr'><strong>in</strong></span> 
     </span>
    </p>
   </div>
   <div class='ocr_carea' id='block_1_24' title="bbox 1767 932 3364 1005">
    <p class='ocr_par' dir='ltr' id='par_1_24' title="bbox 1767 932 3364 1005">
     <span class='ocr_line' id='line_1_24' title="bbox 1767 932 3364 1005; baseline 0.007 -18"><span class='ocrx_word' id='word_1_164' title='bbox 1767 932 1988 988; x_wconf 88' lang='lat' dir='ltr'><strong>eosdem</strong></span> <span class='ocrx_word' id='word_1_165' title='bbox 2031 935 2316 1005; x_wconf 83' lang='lat' dir='ltr'><strong>mergebat</strong></span> <span class='ocrx_word' id='word_1_166' title='bbox 2338 951 2576 994; x_wconf 90' lang='lat' dir='ltr'><strong>errores.</strong></span> <span class='ocrx_word' id='word_1_167' title='bbox 2609 937 2716 996; x_wconf 90' lang='lat' dir='ltr'><strong>Sed</strong></span> <span class='ocrx_word' id='word_1_168' title='bbox 2745 953 2841 995; x_wconf 90' lang='lat' dir='ltr'><strong>cur</strong></span> <span class='ocrx_word' id='word_1_169' title='bbox 2881 939 3100 996; x_wconf 91' lang='lat' dir='ltr'><strong>illorum</strong></span> <span class='ocrx_word' id='word_1_170' title='bbox 3131 956 3240 998; x_wconf 88' lang='lat' dir='ltr'><strong>non</strong></span> <span class='ocrx_word' id='word_1_171' title='bbox 3265 941 3364 998; x_wconf 78' lang='lat' dir='ltr'><strong>ini-</strong></span> 
     </span>
    </p>
   </div>
   <div class='ocr_carea' id='block_1_25' title="bbox 1767 1027 3367 1104">
    <p class='ocr_par' dir='ltr' id='par_1_25' title="bbox 1767 1027 3367 1104">
     <span class='ocr_line' id='line_1_25' title="bbox 1767 1027 3367 1104; baseline 0.008 -24"><span class='ocrx_word' id='word_1_172' title='bbox 1767 1035 1947 1081; x_wconf 90' lang='lat' dir='ltr'><strong>sertus</strong></span> <span class='ocrx_word' id='word_1_173' title='bbox 1973 1067 1986 1091; x_wconf 91' lang='lat'><strong>,</strong></span> <span class='ocrx_word' id='word_1_174' title='bbox 2021 1039 2077 1083; x_wconf 91' lang='lat' dir='ltr'><strong>et</strong></span> <span class='ocrx_word' id='word_1_175' title='bbox 2107 1027 2300 1083; x_wconf 92' lang='lat' dir='ltr'><strong>horum</strong></span> <span class='ocrx_word' id='word_1_176' title='bbox 2334 1029 2594 1086; x_wconf 90' lang='lat' dir='ltr'><strong>misertus</strong></span> <span class='ocrx_word' id='word_1_177' title='bbox 2639 1032 2710 1088; x_wconf 87' lang='lat' dir='ltr'><strong>sit</strong></span> <span class='ocrx_word' id='word_1_178' title='bbox 2741 1030 2885 1089; x_wconf 88' lang='lat' dir='ltr'><strong>Deus</strong></span> <span class='ocrx_word' id='word_1_179' title='bbox 2915 1051 2928 1088; x_wconf 92' lang='lat'><strong>:</strong></span> <span class='ocrx_word' id='word_1_180' title='bbox 2976 1049 3100 1104; x_wconf 69' lang='lat' dir='ltr'><strong>quae</strong></span> <span class='ocrx_word' id='word_1_181' title='bbox 3137 1034 3367 1092; x_wconf 91' lang='lat' dir='ltr'><strong>scientia</strong></span> 
     </span>
    </p>
   </div>
   <div class='ocr_carea' id='block_1_26' title="bbox 1771 1120 3370 1198">
    <p class='ocr_par' dir='ltr' id='par_1_26' title="bbox 1771 1120 3370 1198">
     <span class='ocr_line' id='line_1_26' title="bbox 1771 1120 3370 1198; baseline 0.006 -24"><span class='ocrx_word' id='word_1_182' title='bbox 1771 1120 2278 1190; x_wconf 89' lang='lat' dir='ltr'><strong>comprehendere,</strong></span> <span class='ocrx_word' id='word_1_183' title='bbox 2312 1138 2432 1194; x_wconf 69' lang='lat' dir='ltr'><strong>quae</strong></span> <span class='ocrx_word' id='word_1_184' title='bbox 2474 1133 2653 1194; x_wconf 78' lang='lat' dir='ltr'><strong>potest</strong></span> <span class='ocrx_word' id='word_1_185' title='bbox 2693 1124 3021 1198; x_wconf 89' lang='lat' dir='ltr'><strong>investigare</strong></span> <span class='ocrx_word' id='word_1_186' title='bbox 3060 1127 3370 1197; x_wconf 77' lang='lat' dir='ltr'><strong>sapientia?</strong></span> 
     </span>
    </p>
   </div>
   <div class='ocr_carea' id='block_1_27' title="bbox 1772 1213 3369 1297">
    <p class='ocr_par' dir='ltr' id='par_1_27' title="bbox 1772 1213 3369 1297">
     <span class='ocr_line' id='line_1_27' title="bbox 1772 1213 3369 1297; baseline 0.008 -27"><span class='ocrx_word' id='word_1_187' title='bbox 1772 1213 1931 1272; x_wconf 87' lang='lat' dir='ltr'><strong>Latet</strong></span> <span class='ocrx_word' id='word_1_188' title='bbox 1979 1217 2328 1274; x_wconf 88' lang='lat' dir='ltr'><strong>discretionis</strong></span> <span class='ocrx_word' id='word_1_189' title='bbox 2374 1220 2533 1276; x_wconf 71' lang='lat' dir='ltr'><strong>isﬁus</strong></span> <span class='ocrx_word' id='word_1_190' title='bbox 2577 1221 2748 1287; x_wconf 88' lang='lat' dir='ltr'><strong>ratio,</strong></span> <span class='ocrx_word' id='word_1_191' title='bbox 2799 1223 2895 1279; x_wconf 91' lang='lat' dir='ltr'><strong>sed</strong></span> <span class='ocrx_word' id='word_1_192' title='bbox 2940 1239 3045 1280; x_wconf 92' lang='lat' dir='ltr'><strong>non</strong></span> <span class='ocrx_word' id='word_1_193' title='bbox 3085 1224 3218 1281; x_wconf 89' lang='lat' dir='ltr'><strong>latet</strong></span> <span class='ocrx_word' id='word_1_194' title='bbox 3253 1226 3369 1297; x_wconf 88' lang='lat' dir='ltr'><strong>ipsa</strong></span> 
     </span>
    </p>
   </div>
   <div class='ocr_carea' id='block_1_28' title="bbox 1773 1307 3373 1385">
    <p class='ocr_par' dir='ltr' id='par_1_28' title="bbox 1773 1307 3373 1385">
     <span class='ocr_line' id='line_1_28' title="bbox 1773 1307 3373 1385; baseline 0.009 -24"><span class='ocrx_word' id='word_1_195' title='bbox 1773 1307 2049 1365; x_wconf 65' lang='lat' dir='ltr'><strong>discretio.</strong></span> <span class='ocrx_word' id='word_1_196' title='bbox 2102 1309 2221 1366; x_wconf 86' lang='lat' dir='ltr'><strong>Non</strong></span> <span class='ocrx_word' id='word_1_197' title='bbox 2261 1310 2618 1383; x_wconf 76' lang='lat' dir='ltr'><strong>intelligimus</strong></span> <span class='ocrx_word' id='word_1_198' title='bbox 2652 1313 2986 1385; x_wconf 88' lang='lat' dir='ltr'><strong>judicantem</strong></span> <span class='ocrx_word' id='word_1_199' title='bbox 3014 1361 3028 1385; x_wconf 86' lang='grc'><em>,</em></span> <span class='ocrx_word' id='word_1_200' title='bbox 3071 1317 3169 1375; x_wconf 91' lang='lat' dir='ltr'><strong>sed</strong></span> <span class='ocrx_word' id='word_1_201' title='bbox 3217 1317 3373 1375; x_wconf 83' lang='lat' dir='ltr'><strong>vide-</strong></span> 
     </span>
    </p>
   </div>
   <div class='ocr_carea' id='block_1_29' title="bbox 1774 1403 3367 1482">
    <p class='ocr_par' dir='ltr' id='par_1_29' title="bbox 1774 1403 3367 1482">
     <span class='ocr_line' id='line_1_29' title="bbox 1774 1403 3367 1482; baseline 0.006 -26"><span class='ocrx_word' id='word_1_202' title='bbox 1774 1415 1896 1456; x_wconf 92' lang='lat' dir='ltr'><strong>mus</strong></span> <span class='ocrx_word' id='word_1_203' title='bbox 1921 1411 2260 1472; x_wconf 88' lang='lat' dir='ltr'><strong>operantem.</strong></span> <span class='ocrx_word' id='word_1_204' title='bbox 2293 1403 2431 1471; x_wconf 87' lang='lat' dir='ltr'><strong>Quid</strong></span> <span class='ocrx_word' id='word_1_205' title='bbox 2463 1405 2857 1463; x_wconf 89' lang='lat' dir='ltr'><strong>calumniamur</strong></span> <span class='ocrx_word' id='word_1_206' title='bbox 2872 1409 3098 1479; x_wconf 73' lang='lat' dir='ltr'><strong>justitiae</strong></span> <span class='ocrx_word' id='word_1_207' title='bbox 3119 1410 3367 1482; x_wconf 71' lang='lat' dir='ltr'><strong>occultae,</strong></span> 
     </span>
    </p>
   </div>
   <div class='ocr_carea' id='block_1_30' title="bbox 1775 1495 3372 1566">
    <p class='ocr_par' dir='ltr' id='par_1_30' title="bbox 1775 1495 3372 1566">
     <span class='ocr_line' id='line_1_30' title="bbox 1775 1495 3372 1566; baseline 0.008 -19"><span class='ocrx_word' id='word_1_208' title='bbox 1775 1496 1864 1564; x_wconf 91' lang='lat' dir='ltr'><strong>qui</strong></span> <span class='ocrx_word' id='word_1_209' title='bbox 1894 1495 2095 1566; x_wconf 82' lang='lat' dir='ltr'><strong>gratias</strong></span> <span class='ocrx_word' id='word_1_210' title='bbox 2119 1495 2383 1552; x_wconf 87' lang='lat' dir='ltr'><strong>debemus</strong></span> <span class='ocrx_word' id='word_1_211' title='bbox 2404 1497 2796 1555; x_wconf 68' lang='lat' dir='ltr'><strong>misericordia:</strong></span> <span class='ocrx_word' id='word_1_212' title='bbox 2823 1503 3160 1558; x_wconf 73' lang='lat' dir='ltr'><strong>manifestze?</strong></span> <span class='ocrx_word' id='word_1_213' title='bbox 3189 1503 3372 1560; x_wconf 90' lang='lat' dir='ltr'><strong>Lauda</strong></span> 
     </span>
    </p>
   </div>
   <div class='ocr_carea' id='block_1_31' title="bbox 1776 1591 3375 1666">
    <p class='ocr_par' dir='ltr' id='par_1_31' title="bbox 1776 1591 3375 1666">
     <span class='ocr_line' id='line_1_31' title="bbox 1776 1591 3375 1666; baseline 0.008 -24"><span class='ocrx_word' id='word_1_214' title='bbox 1776 1596 1833 1643; x_wconf 89' lang='lat' dir='ltr'><strong>et</strong></span> <span class='ocrx_word' id='word_1_215' title='bbox 1880 1603 2140 1645; x_wconf 80' lang='lat' dir='ltr'><strong>venerare</strong></span> <span class='ocrx_word' id='word_1_216' title='bbox 2189 1591 2332 1662; x_wconf 88' lang='lat' dir='ltr'><strong>quod</strong></span> <span class='ocrx_word' id='word_1_217' title='bbox 2386 1592 2582 1663; x_wconf 87' lang='lat' dir='ltr'><strong>agitur,</strong></span> <span class='ocrx_word' id='word_1_218' title='bbox 2637 1595 2760 1666; x_wconf 82' lang='lat' dir='ltr'><strong>quia</strong></span> <span class='ocrx_word' id='word_1_219' title='bbox 2809 1604 2982 1651; x_wconf 83' lang='lat' dir='ltr'><strong>tutum</strong></span> <span class='ocrx_word' id='word_1_220' title='bbox 3029 1607 3112 1653; x_wconf 90' lang='lat' dir='ltr'><strong>est</strong></span> <span class='ocrx_word' id='word_1_221' title='bbox 3160 1599 3375 1656; x_wconf 85' lang='lat' dir='ltr'><strong>nescire</strong></span> 
     </span>
    </p>
   </div>
   <div class='ocr_carea' id='block_1_32' title="bbox 1776 1682 3376 1757">
    <p class='ocr_par' dir='ltr' id='par_1_32' title="bbox 1776 1682 3376 1757">
     <span class='ocr_line' id='line_1_32' title="bbox 1776 1682 3376 1757; baseline 0.009 -23"><span class='ocrx_word' id='word_1_222' title='bbox 1776 1682 1920 1752; x_wconf 91' lang='lat' dir='ltr'><strong>quod</strong></span> <span class='ocrx_word' id='word_1_223' title='bbox 1946 1683 2162 1754; x_wconf 90' lang='lat' dir='ltr'><strong>tegitur.</strong></span> <span class='ocrx_word' id='word_1_224' title='bbox 2198 1683 2429 1757; x_wconf 82' lang='lat' dir='ltr'><strong>Respice</strong></span> <span class='ocrx_word' id='word_1_225' title='bbox 2456 1698 2634 1744; x_wconf 89' lang='lat' dir='ltr'><strong>autem</strong></span> <span class='ocrx_word' id='word_1_226' title='bbox 2662 1700 2718 1746; x_wconf 90' lang='lat' dir='ltr'><strong>et</strong></span> <span class='ocrx_word' id='word_1_227' title='bbox 2747 1689 2814 1746; x_wconf 91' lang='lat' dir='ltr'><strong>ad</strong></span> <span class='ocrx_word' id='word_1_228' title='bbox 2843 1690 3204 1748; x_wconf 77' lang='lat' dir='ltr'><strong>universalem</strong></span> <span class='ocrx_word' id='word_1_229' title='bbox 3236 1693 3376 1749; x_wconf 87' lang='lat' dir='ltr'><strong>mul-</strong></span> 
     </span>
    </p>
   </div>
   <div class='ocr_carea' id='block_1_33' title="bbox 1779 1774 3378 1855">
    <p class='ocr_par' dir='ltr' id='par_1_33' title="bbox 1779 1774 3378 1855">
     <span class='ocr_line' id='line_1_33' title="bbox 1779 1774 3378 1855; baseline 0.007 -27"><span class='ocrx_word' id='word_1_230' title='bbox 1779 1774 2064 1831; x_wconf 90' lang='lat' dir='ltr'><strong>titudinem</strong></span> <span class='ocrx_word' id='word_1_231' title='bbox 2098 1776 2473 1847; x_wconf 84' lang='lat' dir='ltr'><strong>parvulorum,</strong></span> <span class='ocrx_word' id='word_1_232' title='bbox 2503 1779 2554 1834; x_wconf 93' lang='lat' dir='ltr'><strong>in</strong></span> <span class='ocrx_word' id='word_1_233' title='bbox 2587 1781 2784 1852; x_wconf 89' lang='lat' dir='ltr'><strong>quibus</strong></span> <span class='ocrx_word' id='word_1_234' title='bbox 2811 1793 3040 1854; x_wconf 81' lang='lat' dir='ltr'><strong>excepto</strong></span> <span class='ocrx_word' id='word_1_235' title='bbox 3067 1782 3167 1840; x_wconf 92' lang='lat' dir='ltr'><strong>illo</strong></span> <span class='ocrx_word' id='word_1_236' title='bbox 3190 1799 3299 1855; x_wconf 91' lang='lat' dir='ltr'><strong>quo</strong></span> <span class='ocrx_word' id='word_1_237' title='bbox 3321 1784 3378 1839; x_wconf 93' lang='lat' dir='ltr'><strong>in</strong></span> 
     </span>
    </p>
   </div>
   <div class='ocr_carea' id='block_1_34' title="bbox 83 1852 1694 1953">
    <p class='ocr_par' dir='ltr' id='par_1_34' title="bbox 83 1858 1671 1953">
     <span class='ocr_line' id='line_1_34' title="bbox 83 1858 1671 1953; baseline 0.008 -28"><span class='ocrx_word' id='word_1_238' title='bbox 83 1885 183 1926; x_wconf 90' lang='lat' dir='ltr'><strong>nus</strong></span> <span class='ocrx_word' id='word_1_239' title='bbox 217 1869 350 1940; x_wconf 76' lang='lat' dir='ltr'><strong>(Isa.</strong></span> <span class='ocrx_word' id='word_1_240' title='bbox 386 1873 558 1945; x_wconf 81' lang='lat' dir='ltr'><strong>LXVI).</strong></span> <span class='ocrx_word' id='word_1_241' title='bbox 591 1874 649 1930; x_wconf 90' lang='lat' dir='ltr'><strong>In</strong></span> <span class='ocrx_word' id='word_1_242' title='bbox 680 1875 819 1932; x_wconf 89' lang='lat' dir='ltr'><strong>libro</strong></span> <span class='ocrx_word' id='word_1_243' title='bbox 848 1876 1233 1936; x_wconf 85' lang='lat' dir='ltr'><strong>Ecclesiastico</strong></span> <span class='ocrx_word' id='word_1_244' title='bbox 1263 1881 1496 1953; x_wconf 87' lang='lat' dir='ltr'><strong>legitur:</strong></span> <span class='ocrx_word' id='word_1_245' title='bbox 1523 1858 1671 1938; x_wconf 88' lang='lat' dir='ltr'><strong>Bona</strong></span> 
     </span>
    </p>
   </div>
   <div class='ocr_carea' id='block_1_35' title="bbox 1799 1852 3380 1953">
    <p class='ocr_par' dir='ltr' id='par_1_35' title="bbox 1799 1868 3380 1943">
     <span class='ocr_line' id='line_1_35' title="bbox 1799 1868 3380 1943; baseline 0.006 -20"><span class='ocrx_word' id='word_1_246' title='bbox 1799 1868 2184 1927; x_wconf 89' lang='lat' dir='ltr'><strong>Iamnationem</strong></span> <span class='ocrx_word' id='word_1_247' title='bbox 2243 1871 2487 1928; x_wconf 90' lang='lat' dir='ltr'><strong>nascitur</strong></span> <span class='ocrx_word' id='word_1_248' title='bbox 2532 1888 2664 1943; x_wconf 90' lang='lat' dir='ltr'><strong>gens</strong></span> <span class='ocrx_word' id='word_1_249' title='bbox 2713 1877 2946 1931; x_wconf 89' lang='lat' dir='ltr'><strong>humana</strong></span> <span class='ocrx_word' id='word_1_250' title='bbox 2997 1876 3229 1940; x_wconf 88' lang='lat' dir='ltr'><strong>dellcto,</strong></span> <span class='ocrx_word' id='word_1_251' title='bbox 3277 1891 3380 1933; x_wconf 91' lang='lat' dir='ltr'><strong>nec</strong></span> 
     </span>
    </p>
   </div>
   <div class='ocr_carea' id='block_1_36' title="bbox 86 1963 1673 2041">
    <p class='ocr_par' dir='ltr' id='par_1_36' title="bbox 86 1963 1673 2041">
     <span class='ocr_line' id='line_1_36' title="bbox 86 1963 1673 2041; baseline 0.009 -23"><span class='ocrx_word' id='word_1_252' title='bbox 86 1971 137 2018; x_wconf 88' lang='lat' dir='ltr'><strong>et</strong></span> <span class='ocrx_word' id='word_1_253' title='bbox 166 1963 302 2018; x_wconf 86' lang='lat' dir='ltr'><strong>mala</strong></span> <span class='ocrx_word' id='word_1_254' title='bbox 323 2005 337 2028; x_wconf 92' lang='lat'><strong>,</strong></span> <span class='ocrx_word' id='word_1_255' title='bbox 362 1965 469 2020; x_wconf 91' lang='lat' dir='ltr'><strong>vita</strong></span> <span class='ocrx_word' id='word_1_256' title='bbox 512 1976 567 2022; x_wconf 93' lang='lat' dir='ltr'><strong>et</strong></span> <span class='ocrx_word' id='word_1_257' title='bbox 596 1983 742 2023; x_wconf 88' lang='lat' dir='ltr'><strong>mors</strong></span> <span class='ocrx_word' id='word_1_258' title='bbox 767 2011 780 2036; x_wconf 91' lang='lat'><strong>,</strong></span> <span class='ocrx_word' id='word_1_259' title='bbox 814 1981 1104 2041; x_wconf 89' lang='lat' dir='ltr'><strong>paupertas</strong></span> <span class='ocrx_word' id='word_1_260' title='bbox 1133 1983 1187 2028; x_wconf 92' lang='lat' dir='ltr'><strong>et</strong></span> <span class='ocrx_word' id='word_1_261' title='bbox 1226 1974 1484 2031; x_wconf 80' lang='lat' dir='ltr'><strong>honestas</strong></span> <span class='ocrx_word' id='word_1_262' title='bbox 1506 1990 1536 2029; x_wconf 91' lang='lat' dir='ltr'><strong>a</strong></span> <span class='ocrx_word' id='word_1_263' title='bbox 1560 1975 1673 2032; x_wconf 91' lang='lat' dir='ltr'><strong>Deo</strong></span> 
     </span>
    </p>
   </div>
   <div class='ocr_carea' id='block_1_37' title="bbox 86 2056 1674 2126">
    <p class='ocr_par' dir='ltr' id='par_1_37' title="bbox 86 2056 1674 2126">
     <span class='ocr_line' id='line_1_37' title="bbox 86 2056 1674 2126; baseline 0.008 -17"><span class='ocrx_word' id='word_1_264' title='bbox 86 2066 206 2111; x_wconf 89' lang='lat' dir='ltr'><strong>sunt</strong></span> <span class='ocrx_word' id='word_1_265' title='bbox 237 2056 428 2126; x_wconf 84' lang='lat' dir='ltr'><strong>(Eccli.</strong></span> <span class='ocrx_word' id='word_1_266' title='bbox 460 2059 557 2126; x_wconf 75' lang='grc' dir='ltr'>χι).</span> <span class='ocrx_word' id='word_1_267' title='bbox 588 2061 652 2115; x_wconf 82' lang='grc' dir='ltr'><strong>Εῑ</strong></span> <span class='ocrx_word' id='word_1_268' title='bbox 676 2061 779 2116; x_wconf 81' lang='lat' dir='ltr'><strong>Job</strong></span> <span class='ocrx_word' id='word_1_269' title='bbox 805 2061 936 2118; x_wconf 89' lang='lat' dir='ltr'><strong>dicit</strong></span> <span class='ocrx_word' id='word_1_270' title='bbox 963 2081 975 2117; x_wconf 93' lang='lat'><strong>:</strong></span> <span class='ocrx_word' id='word_1_271' title='bbox 1007 2063 1303 2122; x_wconf 82' lang='lat' dir='ltr'><strong>Ahundant</strong></span> <span class='ocrx_word' id='word_1_272' title='bbox 1331 2068 1674 2124; x_wconf 89' lang='lat' dir='ltr'><strong>tabernacula</strong></span> 
     </span>
    </p>
   </div>
   <div class='ocr_carea' id='block_1_38' title="bbox 84 2150 1678 2231">
    <p class='ocr_par' dir='ltr' id='par_1_38' title="bbox 84 2150 1678 2231">
     <span class='ocr_line' id='line_1_38' title="bbox 84 2150 1678 2231; baseline 0.007 -25"><span class='ocrx_word' id='word_1_273' title='bbox 84 2150 401 2222; x_wconf 64' lang='lat' dir='ltr'><strong>praedonum</strong></span> <span class='ocrx_word' id='word_1_274' title='bbox 429 2199 444 2224; x_wconf 87' lang='lat'><strong>,</strong></span> <span class='ocrx_word' id='word_1_275' title='bbox 475 2164 526 2210; x_wconf 92' lang='lat' dir='ltr'><strong>et</strong></span> <span class='ocrx_word' id='word_1_276' title='bbox 558 2155 816 2212; x_wconf 87' lang='lat' dir='ltr'><strong>audacter</strong></span> <span class='ocrx_word' id='word_1_277' title='bbox 844 2168 1145 2226; x_wconf 91' lang='lat' dir='ltr'><strong>provocant</strong></span> <span class='ocrx_word' id='word_1_278' title='bbox 1174 2161 1342 2216; x_wconf 91' lang='lat' dir='ltr'><strong>Deum</strong></span> <span class='ocrx_word' id='word_1_279' title='bbox 1365 2205 1378 2226; x_wconf 94' lang='lat'><strong>,</strong></span> <span class='ocrx_word' id='word_1_280' title='bbox 1409 2177 1531 2217; x_wconf 93' lang='lat' dir='ltr'><strong>cum</strong></span> <span class='ocrx_word' id='word_1_281' title='bbox 1563 2163 1678 2231; x_wconf 83' lang='lat' dir='ltr'><strong>ipse</strong></span> 
     </span>
    </p>
   </div>
   <div class='ocr_carea' id='block_1_39' title="bbox 85 2244 1676 2326">
    <p class='ocr_par' dir='ltr' id='par_1_39' title="bbox 85 2244 1676 2326">
     <span class='ocr_line' id='line_1_39' title="bbox 85 2244 1676 2326; baseline 0.007 -27"><span class='ocrx_word' id='word_1_282' title='bbox 85 2244 298 2300; x_wconf 85' lang='lat' dir='ltr'><strong>dederit</strong></span> <span class='ocrx_word' id='word_1_283' title='bbox 324 2247 503 2302; x_wconf 89' lang='lat' dir='ltr'><strong>omnia</strong></span> <span class='ocrx_word' id='word_1_284' title='bbox 539 2248 594 2302; x_wconf 93' lang='lat' dir='ltr'><strong>in</strong></span> <span class='ocrx_word' id='word_1_285' title='bbox 624 2249 874 2306; x_wconf 90' lang='lat' dir='ltr'><strong>manibus</strong></span> <span class='ocrx_word' id='word_1_286' title='bbox 906 2266 1093 2308; x_wconf 90' lang='lat' dir='ltr'><strong>eorum</strong></span> <span class='ocrx_word' id='word_1_287' title='bbox 1118 2252 1261 2326; x_wconf 83' lang='lat' dir='ltr'><strong>(Job.</strong></span> <span class='ocrx_word' id='word_1_288' title='bbox 1293 2254 1408 2326; x_wconf 81' lang='lat' dir='ltr'><strong>xu).</strong></span> <span class='ocrx_word' id='word_1_289' title='bbox 1445 2255 1511 2309; x_wconf 88' lang='lat' dir='ltr'><strong>Et</strong></span> <span class='ocrx_word' id='word_1_290' title='bbox 1535 2255 1676 2310; x_wconf 89' lang='lat' dir='ltr'><strong>idem</strong></span> 
     </span>
    </p>
   </div>
   <div class='ocr_carea' id='block_1_40' title="bbox 85 2337 1680 2418">
    <p class='ocr_par' dir='ltr' id='par_1_40' title="bbox 85 2337 1680 2418">
     <span class='ocr_line' id='line_1_40' title="bbox 85 2337 1680 2418; baseline 0.009 -25"><span class='ocrx_word' id='word_1_291' title='bbox 85 2337 150 2394; x_wconf 92' lang='lat' dir='ltr'><strong>de</strong></span> <span class='ocrx_word' id='word_1_292' title='bbox 185 2340 427 2395; x_wconf 92' lang='lat' dir='ltr'><strong>omnium</strong></span> <span class='ocrx_word' id='word_1_293' title='bbox 474 2357 656 2398; x_wconf 86' lang='lat' dir='ltr'><strong>rerum</strong></span> <span class='ocrx_word' id='word_1_294' title='bbox 698 2343 1051 2402; x_wconf 88' lang='lat' dir='ltr'><strong>humanarum</strong></span> <span class='ocrx_word' id='word_1_295' title='bbox 1099 2348 1348 2418; x_wconf 86' lang='lat' dir='ltr'><strong>profectu</strong></span> <span class='ocrx_word' id='word_1_296' title='bbox 1377 2358 1432 2405; x_wconf 89' lang='lat' dir='ltr'><strong>et</strong></span> <span class='ocrx_word' id='word_1_297' title='bbox 1467 2349 1680 2407; x_wconf 88' lang='lat' dir='ltr'><strong>defectu</strong></span> 
     </span>
    </p>
   </div>
   <div class='ocr_carea' id='block_1_41' title="bbox 86 2431 1684 2511">
    <p class='ocr_par' dir='ltr' id='par_1_41' title="bbox 86 2431 1684 2511">
     <span class='ocr_line' id='line_1_41' title="bbox 86 2431 1684 2511; baseline 0.01 -26"><span class='ocrx_word' id='word_1_298' title='bbox 86 2431 392 2501; x_wconf 81' lang='lat' dir='ltr'><strong>di5putans,</strong></span> <span class='ocrx_word' id='word_1_299' title='bbox 411 2449 710 2505; x_wconf 90' lang='lat' dir='ltr'><strong>omnesque</strong></span> <span class='ocrx_word' id='word_1_300' title='bbox 740 2440 1073 2495; x_wconf 90' lang='lat' dir='ltr'><strong>mutationes</strong></span> <span class='ocrx_word' id='word_1_301' title='bbox 1101 2441 1167 2496; x_wconf 89' lang='lat' dir='ltr'><strong>ad</strong></span> <span class='ocrx_word' id='word_1_302' title='bbox 1193 2440 1396 2511; x_wconf 89' lang='lat' dir='ltr'><strong>judicia</strong></span> <span class='ocrx_word' id='word_1_303' title='bbox 1421 2443 1519 2497; x_wconf 92' lang='lat' dir='ltr'><strong>Dei</strong></span> <span class='ocrx_word' id='word_1_304' title='bbox 1543 2444 1684 2500; x_wconf 89' lang='lat' dir='ltr'><strong>refe-</strong></span> 
     </span>
    </p>
   </div>
   <div class='ocr_carea' id='block_1_42' title="bbox 88 2530 1681 2605">
    <p class='ocr_par' dir='ltr' id='par_1_42' title="bbox 88 2530 1681 2605">
     <span class='ocr_line' id='line_1_42' title="bbox 88 2530 1681 2605; baseline 0.005 -21"><span class='ocrx_word' id='word_1_305' title='bbox 88 2543 216 2586; x_wconf 90' lang='lat' dir='ltr'><strong>rens</strong></span> <span class='ocrx_word' id='word_1_306' title='bbox 242 2548 253 2582; x_wconf 93' lang='lat'><strong>:</strong></span> <span class='ocrx_word' id='word_1_307' title='bbox 284 2530 442 2600; x_wconf 85' lang='lat' dir='ltr'><strong>Apud</strong></span> <span class='ocrx_word' id='word_1_308' title='bbox 467 2533 640 2602; x_wconf 92' lang='lat' dir='ltr'><strong>ipsum</strong></span> <span class='ocrx_word' id='word_1_309' title='bbox 663 2543 768 2601; x_wconf 88' lang='lat' dir='ltr'><strong>est,</strong></span> <span class='ocrx_word' id='word_1_310' title='bbox 794 2534 987 2605; x_wconf 90' lang='lat' dir='ltr'><strong>inquit,</strong></span> <span class='ocrx_word' id='word_1_311' title='bbox 1018 2536 1280 2605; x_wconf 85' lang='lat' dir='ltr'><strong>sapientia</strong></span> <span class='ocrx_word' id='word_1_312' title='bbox 1307 2549 1360 2593; x_wconf 91' lang='lat' dir='ltr'><strong>et</strong></span> <span class='ocrx_word' id='word_1_313' title='bbox 1384 2537 1643 2594; x_wconf 82' lang='lat' dir='ltr'><strong>fortitudo</strong></span> <span class='ocrx_word' id='word_1_314' title='bbox 1668 2555 1681 2592; x_wconf 90' lang='lat'><strong>:</strong></span> 
     </span>
    </p>
   </div>
   <div class='ocr_carea' id='block_1_43' title="bbox 89 2621 1685 2702">
    <p class='ocr_par' dir='ltr' id='par_1_43' title="bbox 89 2621 1685 2702">
     <span class='ocr_line' id='line_1_43' title="bbox 89 2621 1685 2702; baseline 0.006 -25"><span class='ocrx_word' id='word_1_315' title='bbox 89 2621 203 2694; x_wconf 89' lang='lat' dir='ltr'><strong>ipse</strong></span> <span class='ocrx_word' id='word_1_316' title='bbox 254 2624 418 2680; x_wconf 84' lang='lat' dir='ltr'><strong>habet</strong></span> <span class='ocrx_word' id='word_1_317' title='bbox 465 2625 754 2680; x_wconf 75' lang='lat' dir='ltr'><strong>consilium</strong></span> <span class='ocrx_word' id='word_1_318' title='bbox 798 2637 852 2682; x_wconf 91' lang='lat' dir='ltr'><strong>et</strong></span> <span class='ocrx_word' id='word_1_319' title='bbox 895 2627 1310 2698; x_wconf 84' lang='lat' dir='ltr'><strong>intelligentiam</strong></span> <span class='ocrx_word' id='word_1_320' title='bbox 1363 2628 1577 2702; x_wconf 84' lang='lat' dir='ltr'><strong>(Ibid.).</strong></span> <span class='ocrx_word' id='word_1_321' title='bbox 1627 2630 1685 2687; x_wconf 90' lang='lat' dir='ltr'><strong>Si</strong></span> 
     </span>
    </p>
   </div>
   <div class='ocr_carea' id='block_1_44' title="bbox 90 2716 1690 2794">
    <p class='ocr_par' dir='ltr' id='par_1_44' title="bbox 90 2716 1690 2794">
     <span class='ocr_line' id='line_1_44' title="bbox 90 2716 1690 2794; baseline 0.006 -21"><span class='ocrx_word' id='word_1_322' title='bbox 90 2716 463 2788; x_wconf 79' lang='lat' dir='ltr'><strong>destruxerit,</strong></span> <span class='ocrx_word' id='word_1_323' title='bbox 511 2735 673 2776; x_wconf 88' lang='lat' dir='ltr'><strong>nemo</strong></span> <span class='ocrx_word' id='word_1_324' title='bbox 711 2729 798 2777; x_wconf 88' lang='lat' dir='ltr'><strong>est</strong></span> <span class='ocrx_word' id='word_1_325' title='bbox 838 2723 927 2794; x_wconf 93' lang='lat' dir='ltr'><strong>qui</strong></span> <span class='ocrx_word' id='word_1_326' title='bbox 978 2723 1208 2780; x_wconf 75' lang='lat' dir='ltr'><strong>aedificet</strong></span> <span class='ocrx_word' id='word_1_327' title='bbox 1256 2743 1270 2780; x_wconf 91' lang='lat'><strong>:</strong></span> <span class='ocrx_word' id='word_1_328' title='bbox 1317 2724 1364 2780; x_wconf 94' lang='lat' dir='ltr'><strong>si</strong></span> <span class='ocrx_word' id='word_1_329' title='bbox 1409 2726 1690 2783; x_wconf 87' lang='lat' dir='ltr'><strong>incluserit</strong></span> 
     </span>
    </p>
   </div>
   <div class='ocr_carea' id='block_1_45' title="bbox 93 2807 1693 2888">
    <p class='ocr_par' dir='ltr' id='par_1_45' title="bbox 93 2807 1693 2888">
     <span class='ocr_line' id='line_1_45' title="bbox 93 2807 1693 2888; baseline 0.008 -24"><span class='ocrx_word' id='word_1_330' title='bbox 93 2807 407 2880; x_wconf 89' lang='lat' dir='ltr'><strong>hominem,</strong></span> <span class='ocrx_word' id='word_1_331' title='bbox 461 2813 641 2869; x_wconf 93' lang='lat' dir='ltr'><strong>nullus</strong></span> <span class='ocrx_word' id='word_1_332' title='bbox 687 2822 772 2870; x_wconf 91' lang='lat' dir='ltr'><strong>est</strong></span> <span class='ocrx_word' id='word_1_333' title='bbox 815 2815 905 2887; x_wconf 91' lang='lat' dir='ltr'><strong>qui</strong></span> <span class='ocrx_word' id='word_1_334' title='bbox 957 2819 1211 2888; x_wconf 88' lang='lat' dir='ltr'><strong>aperiat:</strong></span> <span class='ocrx_word' id='word_1_335' title='bbox 1264 2820 1307 2875; x_wconf 90' lang='lat' dir='ltr'><strong>si</strong></span> <span class='ocrx_word' id='word_1_336' title='bbox 1357 2821 1693 2876; x_wconf 90' lang='lat' dir='ltr'><strong>continuerit</strong></span> 
     </span>
    </p>
   </div>
   <div class='ocr_carea' id='block_1_46' title="bbox 92 2907 1692 2979">
    <p class='ocr_par' dir='ltr' id='par_1_46' title="bbox 92 2907 1692 2979">
     <span class='ocr_line' id='line_1_46' title="bbox 92 2907 1692 2979; baseline 0.008 -21"><span class='ocrx_word' id='word_1_337' title='bbox 92 2917 289 2974; x_wconf 86' lang='lat' dir='ltr'><strong>aquas,</strong></span> <span class='ocrx_word' id='word_1_338' title='bbox 322 2907 504 2962; x_wconf 89' lang='lat' dir='ltr'><strong>omnia</strong></span> <span class='ocrx_word' id='word_1_339' title='bbox 532 2907 882 2964; x_wconf 88' lang='lat' dir='ltr'><strong>siccabuntur</strong></span> <span class='ocrx_word' id='word_1_340' title='bbox 911 2927 924 2963; x_wconf 89' lang='lat'><strong>:</strong></span> <span class='ocrx_word' id='word_1_341' title='bbox 953 2911 997 2965; x_wconf 92' lang='lat' dir='ltr'><strong>si</strong></span> <span class='ocrx_word' id='word_1_342' title='bbox 1023 2911 1264 2967; x_wconf 85' lang='lat' dir='ltr'><strong>emiserit</strong></span> <span class='ocrx_word' id='word_1_343' title='bbox 1292 2927 1384 2969; x_wconf 89' lang='lat' dir='ltr'><strong>eas</strong></span> <span class='ocrx_word' id='word_1_344' title='bbox 1404 2955 1418 2979; x_wconf 91' lang='lat'><strong>,</strong></span> <span class='ocrx_word' id='word_1_345' title='bbox 1463 2915 1692 2970; x_wconf 88' lang='lat' dir='ltr'><strong>subver-</strong></span> 
     </span>
    </p>
   </div>
   <div class='ocr_carea' id='block_1_47' title="bbox 95 3001 1688 3078">
    <p class='ocr_par' dir='ltr' id='par_1_47' title="bbox 95 3001 1688 3078">
     <span class='ocr_line' id='line_1_47' title="bbox 95 3001 1688 3078; baseline 0.006 -26"><span class='ocrx_word' id='word_1_346' title='bbox 95 3007 208 3054; x_wconf 91' lang='lat' dir='ltr'><strong>tent</strong></span> <span class='ocrx_word' id='word_1_347' title='bbox 240 3012 464 3056; x_wconf 80' lang='lat' dir='ltr'><strong>terram.</strong></span> <span class='ocrx_word' id='word_1_348' title='bbox 495 3001 650 3071; x_wconf 83' lang='lat' dir='ltr'><strong>Apud</strong></span> <span class='ocrx_word' id='word_1_349' title='bbox 679 3002 856 3073; x_wconf 91' lang='lat' dir='ltr'><strong>ipsum</strong></span> <span class='ocrx_word' id='word_1_350' title='bbox 899 3012 980 3058; x_wconf 89' lang='lat' dir='ltr'><strong>est</strong></span> <span class='ocrx_word' id='word_1_351' title='bbox 1009 3003 1272 3060; x_wconf 88' lang='lat' dir='ltr'><strong>fortitudo</strong></span> <span class='ocrx_word' id='word_1_352' title='bbox 1309 3014 1366 3062; x_wconf 90' lang='lat' dir='ltr'><strong>et</strong></span> <span class='ocrx_word' id='word_1_353' title='bbox 1396 3007 1688 3078; x_wconf 89' lang='lat' dir='ltr'><strong>sapientia,</strong></span> 
     </span>
    </p>
   </div>
   <div class='ocr_carea' id='block_1_48' title="bbox 95 3092 1693 3168">
    <p class='ocr_par' dir='ltr' id='par_1_48' title="bbox 95 3092 1693 3168">
     <span class='ocr_line' id='line_1_48' title="bbox 95 3092 1693 3168; baseline 0.006 -21"><span class='ocrx_word' id='word_1_354' title='bbox 95 3092 208 3162; x_wconf 89' lang='lat' dir='ltr'><strong>ipse</strong></span> <span class='ocrx_word' id='word_1_355' title='bbox 234 3094 387 3148; x_wconf 85' lang='lat' dir='ltr'><strong>novit</strong></span> <span class='ocrx_word' id='word_1_356' title='bbox 416 3103 470 3150; x_wconf 92' lang='lat' dir='ltr'><strong>et</strong></span> <span class='ocrx_word' id='word_1_357' title='bbox 491 3094 876 3164; x_wconf 87' lang='lat' dir='ltr'><strong>decipientem,</strong></span> <span class='ocrx_word' id='word_1_358' title='bbox 906 3105 962 3152; x_wconf 91' lang='lat' dir='ltr'><strong>et</strong></span> <span class='ocrx_word' id='word_1_359' title='bbox 987 3111 1110 3152; x_wconf 93' lang='lat' dir='ltr'><strong>eum</strong></span> <span class='ocrx_word' id='word_1_360' title='bbox 1143 3099 1232 3168; x_wconf 91' lang='lat' dir='ltr'><strong>qui</strong></span> <span class='ocrx_word' id='word_1_361' title='bbox 1263 3098 1568 3168; x_wconf 85' lang='lat' dir='ltr'><strong>decipitur:</strong></span> <span class='ocrx_word' id='word_1_362' title='bbox 1596 3100 1693 3156; x_wconf 61' lang='lat' dir='ltr'><strong>ad-</strong></span> 
     </span>
    </p>
   </div>
   <div class='ocr_carea' id='block_1_49' title="bbox 96 3185 1694 3264">
    <p class='ocr_par' dir='ltr' id='par_1_49' title="bbox 96 3185 1694 3264">
     <span class='ocr_line' id='line_1_49' title="bbox 96 3185 1694 3264; baseline 0.007 -24"><span class='ocrx_word' id='word_1_363' title='bbox 96 3185 240 3240; x_wconf 88' lang='lat' dir='ltr'><strong>ducit</strong></span> <span class='ocrx_word' id='word_1_364' title='bbox 269 3187 612 3243; x_wconf 85' lang='lat' dir='ltr'><strong>consiliarios</strong></span> <span class='ocrx_word' id='word_1_365' title='bbox 638 3189 689 3243; x_wconf 95' lang='lat' dir='ltr'><strong>in</strong></span> <span class='ocrx_word' id='word_1_366' title='bbox 718 3191 940 3245; x_wconf 90' lang='lat' dir='ltr'><strong>stultum</strong></span> <span class='ocrx_word' id='word_1_367' title='bbox 968 3190 1154 3262; x_wconf 88' lang='lat' dir='ltr'><strong>ﬁnem,</strong></span> <span class='ocrx_word' id='word_1_368' title='bbox 1188 3202 1243 3248; x_wconf 91' lang='lat' dir='ltr'><strong>et</strong></span> <span class='ocrx_word' id='word_1_369' title='bbox 1259 3193 1469 3264; x_wconf 90' lang='lat' dir='ltr'><strong>judices</strong></span> <span class='ocrx_word' id='word_1_370' title='bbox 1497 3197 1549 3250; x_wconf 94' lang='lat' dir='ltr'><strong>in</strong></span> <span class='ocrx_word' id='word_1_371' title='bbox 1579 3205 1694 3250; x_wconf 88' lang='lat' dir='ltr'><strong>stu-</strong></span> 
     </span>
    </p>
   </div>
   <div class='ocr_carea' id='block_1_50' title="bbox 98 3281 1695 3360">
    <p class='ocr_par' dir='ltr' id='par_1_50' title="bbox 98 3281 1695 3360">
     <span class='ocr_line' id='line_1_50' title="bbox 98 3281 1695 3360; baseline 0.008 -27"><span class='ocrx_word' id='word_1_372' title='bbox 98 3293 304 3350; x_wconf 88' lang='lat' dir='ltr'><strong>porem.</strong></span> <span class='ocrx_word' id='word_1_373' title='bbox 345 3281 586 3337; x_wconf 86' lang='lat' dir='ltr'><strong>Balteum</strong></span> <span class='ocrx_word' id='word_1_374' title='bbox 627 3298 815 3354; x_wconf 91' lang='lat' dir='ltr'><strong>regum</strong></span> <span class='ocrx_word' id='word_1_375' title='bbox 871 3284 1140 3353; x_wconf 88' lang='lat' dir='ltr'><strong>dissolvit,</strong></span> <span class='ocrx_word' id='word_1_376' title='bbox 1175 3296 1229 3342; x_wconf 94' lang='lat' dir='ltr'><strong>et</strong></span> <span class='ocrx_word' id='word_1_377' title='bbox 1258 3287 1537 3360; x_wconf 80' lang='lat' dir='ltr'><strong>praecingit</strong></span> <span class='ocrx_word' id='word_1_378' title='bbox 1567 3290 1695 3346; x_wconf 89' lang='lat' dir='ltr'><strong>fune</strong></span> 
     </span>
    </p>
   </div>
   <div class='ocr_carea' id='block_1_51' title="bbox 97 3376 1698 3452">
    <p class='ocr_par' dir='ltr' id='par_1_51' title="bbox 97 3376 1698 3452">
     <span class='ocr_line' id='line_1_51' title="bbox 97 3376 1698 3452; baseline 0.004 -21"><span class='ocrx_word' id='word_1_379' title='bbox 97 3389 257 3432; x_wconf 91' lang='lat' dir='ltr'><strong>renes</strong></span> <span class='ocrx_word' id='word_1_380' title='bbox 295 3391 524 3444; x_wconf 88' lang='lat' dir='ltr'><strong>eorum,</strong></span> <span class='ocrx_word' id='word_1_381' title='bbox 560 3376 709 3432; x_wconf 91' lang='lat' dir='ltr'><strong>ducit</strong></span> <span class='ocrx_word' id='word_1_382' title='bbox 748 3377 1064 3434; x_wconf 87' lang='lat' dir='ltr'><strong>sacerdotes</strong></span> <span class='ocrx_word' id='word_1_383' title='bbox 1092 3379 1450 3449; x_wconf 87' lang='lat' dir='ltr'><strong>ingloriosos,</strong></span> <span class='ocrx_word' id='word_1_384' title='bbox 1476 3390 1530 3435; x_wconf 90' lang='lat' dir='ltr'><strong>et</strong></span> <span class='ocrx_word' id='word_1_385' title='bbox 1557 3383 1698 3452; x_wconf 80' lang='lat' dir='ltr'><strong>opti-</strong></span> 
     </span>
    </p>
   </div>
   <div class='ocr_carea' id='block_1_52' title="bbox 96 3471 1698 3544">
    <p class='ocr_par' dir='ltr' id='par_1_52' title="bbox 96 3471 1698 3544">
     <span class='ocr_line' id='line_1_52' title="bbox 96 3471 1698 3544; baseline 0.004 -19"><span class='ocrx_word' id='word_1_386' title='bbox 96 3477 268 3526; x_wconf 88' lang='lat' dir='ltr'><strong>mates</strong></span> <span class='ocrx_word' id='word_1_387' title='bbox 312 3471 625 3542; x_wconf 88' lang='lat' dir='ltr'><strong>supplantat</strong></span> <span class='ocrx_word' id='word_1_388' title='bbox 657 3488 670 3524; x_wconf 93' lang='lat'><strong>:</strong></span> <span class='ocrx_word' id='word_1_389' title='bbox 699 3481 1040 3528; x_wconf 90' lang='lat' dir='ltr'><strong>commutans</strong></span> <span class='ocrx_word' id='word_1_390' title='bbox 1079 3473 1281 3528; x_wconf 89' lang='lat' dir='ltr'><strong>labium</strong></span> <span class='ocrx_word' id='word_1_391' title='bbox 1310 3475 1580 3531; x_wconf 86' lang='lat' dir='ltr'><strong>veracium</strong></span> <span class='ocrx_word' id='word_1_392' title='bbox 1601 3519 1615 3544; x_wconf 89' lang='lat'><strong>,</strong></span> <span class='ocrx_word' id='word_1_393' title='bbox 1643 3486 1698 3532; x_wconf 84' lang='lat' dir='ltr'><strong>et</strong></span> 
     </span>
    </p>
   </div>
   <div class='ocr_carea' id='block_1_53' title="bbox 97 3564 1696 3640">
    <p class='ocr_par' dir='ltr' id='par_1_53' title="bbox 97 3564 1696 3640">
     <span class='ocr_line' id='line_1_53' title="bbox 97 3564 1696 3640; baseline 0.004 -20"><span class='ocrx_word' id='word_1_394' title='bbox 97 3564 403 3621; x_wconf 90' lang='lat' dir='ltr'><strong>doctrinam</strong></span> <span class='ocrx_word' id='word_1_395' title='bbox 431 3581 621 3621; x_wconf 90' lang='lat' dir='ltr'><strong>senum</strong></span> <span class='ocrx_word' id='word_1_396' title='bbox 653 3566 904 3623; x_wconf 84' lang='lat' dir='ltr'><strong>auferens</strong></span> <span class='ocrx_word' id='word_1_397' title='bbox 930 3584 942 3621; x_wconf 91' lang='lat'><strong>:</strong></span> <span class='ocrx_word' id='word_1_398' title='bbox 975 3567 1262 3624; x_wconf 84' lang='lat' dir='ltr'><strong>elfundens</strong></span> <span class='ocrx_word' id='word_1_399' title='bbox 1290 3569 1696 3640; x_wconf 89' lang='lat' dir='ltr'><strong>despectionem</strong></span> 
     </span>
    </p>
   </div>
   <div class='ocr_carea' id='block_1_54' title="bbox 97 3657 1698 3730">
    <p class='ocr_par' dir='ltr' id='par_1_54' title="bbox 97 3657 1698 3730">
     <span class='ocr_line' id='line_1_54' title="bbox 97 3657 1698 3730; baseline 0.005 -22"><span class='ocrx_word' id='word_1_400' title='bbox 97 3667 261 3726; x_wconf 89' lang='lat' dir='ltr'><strong>super</strong></span> <span class='ocrx_word' id='word_1_401' title='bbox 286 3657 583 3728; x_wconf 89' lang='lat' dir='ltr'><strong>principes,</strong></span> <span class='ocrx_word' id='word_1_402' title='bbox 608 3665 664 3712; x_wconf 91' lang='lat' dir='ltr'><strong>et</strong></span> <span class='ocrx_word' id='word_1_403' title='bbox 683 3671 778 3712; x_wconf 90' lang='lat' dir='ltr'><strong>eos</strong></span> <span class='ocrx_word' id='word_1_404' title='bbox 797 3658 890 3728; x_wconf 93' lang='lat' dir='ltr'><strong>qui</strong></span> <span class='ocrx_word' id='word_1_405' title='bbox 915 3660 1164 3730; x_wconf 81' lang='lat' dir='ltr'><strong>Oppressi</strong></span> <span class='ocrx_word' id='word_1_406' title='bbox 1188 3659 1398 3716; x_wconf 89' lang='lat' dir='ltr'><strong>fuerant</strong></span> <span class='ocrx_word' id='word_1_407' title='bbox 1427 3661 1698 3729; x_wconf 87' lang='lat' dir='ltr'><strong>relevans,</strong></span> 
     </span>
    </p>
   </div>
   <div class='ocr_carea' id='block_1_55' title="bbox 98 3749 1701 3823">
    <p class='ocr_par' dir='ltr' id='par_1_55' title="bbox 98 3749 1701 3823">
     <span class='ocr_line' id='line_1_55' title="bbox 98 3749 1701 3823; baseline 0.002 -19"><span class='ocrx_word' id='word_1_408' title='bbox 98 3749 190 3820; x_wconf 93' lang='lat' dir='ltr'><strong>qui</strong></span> <span class='ocrx_word' id='word_1_409' title='bbox 229 3749 442 3806; x_wconf 86' lang='lat' dir='ltr'><strong>revelat</strong></span> <span class='ocrx_word' id='word_1_410' title='bbox 484 3750 747 3819; x_wconf 82' lang='lat' dir='ltr'><strong>profunda</strong></span> <span class='ocrx_word' id='word_1_411' title='bbox 774 3750 840 3806; x_wconf 93' lang='lat' dir='ltr'><strong>de</strong></span> <span class='ocrx_word' id='word_1_412' title='bbox 872 3751 1140 3819; x_wconf 88' lang='lat' dir='ltr'><strong>tenebris,</strong></span> <span class='ocrx_word' id='word_1_413' title='bbox 1169 3761 1225 3808; x_wconf 92' lang='lat' dir='ltr'><strong>et</strong></span> <span class='ocrx_word' id='word_1_414' title='bbox 1255 3753 1502 3823; x_wconf 90' lang='lat' dir='ltr'><strong>producit</strong></span> <span class='ocrx_word' id='word_1_415' title='bbox 1529 3753 1583 3808; x_wconf 95' lang='lat' dir='ltr'><strong>in</strong></span> <span class='ocrx_word' id='word_1_416' title='bbox 1615 3753 1701 3808; x_wconf 89' lang='lat' dir='ltr'><strong>lu-</strong></span> 
     </span>
    </p>
   </div>
   <div class='ocr_carea' id='block_1_56' title="bbox 99 3843 1704 3919">
    <p class='ocr_par' dir='ltr' id='par_1_56' title="bbox 99 3843 1704 3919">
     <span class='ocr_line' id='line_1_56' title="bbox 99 3843 1704 3919; baseline 0.004 -21"><span class='ocrx_word' id='word_1_417' title='bbox 99 3856 218 3898; x_wconf 87' lang='lat' dir='ltr'><strong>cem</strong></span> <span class='ocrx_word' id='word_1_418' title='bbox 251 3843 500 3898; x_wconf 91' lang='lat' dir='ltr'><strong>umbram</strong></span> <span class='ocrx_word' id='word_1_419' title='bbox 535 3845 756 3910; x_wconf 90' lang='lat' dir='ltr'><strong>mortis,</strong></span> <span class='ocrx_word' id='word_1_420' title='bbox 789 3845 878 3915; x_wconf 93' lang='lat' dir='ltr'><strong>qui</strong></span> <span class='ocrx_word' id='word_1_421' title='bbox 900 3845 1222 3916; x_wconf 81' lang='lat' dir='ltr'><strong>multiplicat</strong></span> <span class='ocrx_word' id='word_1_422' title='bbox 1248 3856 1469 3916; x_wconf 84' lang='lat' dir='ltr'><strong>gentes,</strong></span> <span class='ocrx_word' id='word_1_423' title='bbox 1496 3854 1552 3903; x_wconf 92' lang='lat' dir='ltr'><strong>et</strong></span> <span class='ocrx_word' id='word_1_424' title='bbox 1582 3863 1704 3919; x_wconf 88' lang='lat' dir='ltr'><strong>per-</strong></span> 
     </span>
    </p>
   </div>
   <div class='ocr_carea' id='block_1_57' title="bbox 101 3939 1703 4013">
    <p class='ocr_par' dir='ltr' id='par_1_57' title="bbox 101 3939 1703 4013">
     <span class='ocr_line' id='line_1_57' title="bbox 101 3939 1703 4013; baseline 0.001 -17"><span class='ocrx_word' id='word_1_425' title='bbox 101 3939 182 3996; x_wconf 92' lang='lat' dir='ltr'><strong>dit</strong></span> <span class='ocrx_word' id='word_1_426' title='bbox 206 3957 336 4008; x_wconf 89' lang='lat' dir='ltr'><strong>eas,</strong></span> <span class='ocrx_word' id='word_1_427' title='bbox 367 3951 423 3997; x_wconf 90' lang='lat' dir='ltr'><strong>et</strong></span> <span class='ocrx_word' id='word_1_428' title='bbox 453 3941 743 3997; x_wconf 88' lang='lat' dir='ltr'><strong>subversas</strong></span> <span class='ocrx_word' id='word_1_429' title='bbox 774 3939 828 3994; x_wconf 88' lang='lat' dir='ltr'><strong>in</strong></span> <span class='ocrx_word' id='word_1_430' title='bbox 861 3941 1135 4012; x_wconf 89' lang='lat' dir='ltr'><strong>integrum</strong></span> <span class='ocrx_word' id='word_1_431' title='bbox 1166 3943 1431 4010; x_wconf 89' lang='lat' dir='ltr'><strong>restituit,</strong></span> <span class='ocrx_word' id='word_1_432' title='bbox 1478 3942 1568 4013; x_wconf 92' lang='lat' dir='ltr'><strong>qui</strong></span> <span class='ocrx_word' id='word_1_433' title='bbox 1603 3942 1703 3998; x_wconf 90' lang='lat' dir='ltr'><strong>im-</strong></span> 
     </span>
    </p>
   </div>
   <div class='ocr_carea' id='block_1_58' title="bbox 101 4034 1706 4106">
    <p class='ocr_par' dir='ltr' id='par_1_58' title="bbox 101 4034 1706 4106">
     <span class='ocr_line' id='line_1_58' title="bbox 101 4034 1706 4106; baseline -0.001 -15"><span class='ocrx_word' id='word_1_434' title='bbox 101 4044 280 4091; x_wconf 84' lang='lat' dir='ltr'><strong>mutat</strong></span> <span class='ocrx_word' id='word_1_435' title='bbox 309 4049 410 4090; x_wconf 86' lang='lat' dir='ltr'><strong>cor</strong></span> <span class='ocrx_word' id='word_1_436' title='bbox 436 4035 738 4104; x_wconf 88' lang='lat' dir='ltr'><strong>principum</strong></span> <span class='ocrx_word' id='word_1_437' title='bbox 772 4043 933 4089; x_wconf 75' lang='lat' dir='ltr'><strong>terra:</strong></span> <span class='ocrx_word' id='word_1_438' title='bbox 956 4076 972 4103; x_wconf 88' lang='lat'><strong>,</strong></span> <span class='ocrx_word' id='word_1_439' title='bbox 1006 4045 1061 4090; x_wconf 91' lang='lat' dir='ltr'><strong>et</strong></span> <span class='ocrx_word' id='word_1_440' title='bbox 1088 4034 1294 4106; x_wconf 90' lang='lat' dir='ltr'><strong>decipit</strong></span> <span class='ocrx_word' id='word_1_441' title='bbox 1328 4050 1422 4092; x_wconf 92' lang='lat' dir='ltr'><strong>eos</strong></span> <span class='ocrx_word' id='word_1_442' title='bbox 1444 4077 1459 4103; x_wconf 91' lang='lat'><strong>,</strong></span> <span class='ocrx_word' id='word_1_443' title='bbox 1491 4043 1551 4091; x_wconf 91' lang='lat' dir='ltr'><strong>ut</strong></span> <span class='ocrx_word' id='word_1_444' title='bbox 1594 4035 1706 4091; x_wconf 86' lang='lat' dir='ltr'><strong>fru-</strong></span> 
     </span>
    </p>
   </div>
   <div class='ocr_carea' id='block_1_59' title="bbox 102 4127 1708 4200">
    <p class='ocr_par' dir='ltr' id='par_1_59' title="bbox 102 4127 1708 4200">
     <span class='ocr_line' id='line_1_59' title="bbox 102 4127 1708 4200; baseline 0.001 -16"><span class='ocrx_word' id='word_1_445' title='bbox 102 4138 210 4184; x_wconf 88' lang='lat' dir='ltr'><strong>stra</strong></span> <span class='ocrx_word' id='word_1_446' title='bbox 252 4128 512 4184; x_wconf 87' lang='lat' dir='ltr'><strong>incedant</strong></span> <span class='ocrx_word' id='word_1_447' title='bbox 557 4142 652 4198; x_wconf 91' lang='lat' dir='ltr'><strong>per</strong></span> <span class='ocrx_word' id='word_1_448' title='bbox 684 4127 921 4192; x_wconf 90' lang='lat' dir='ltr'><strong>invium,</strong></span> <span class='ocrx_word' id='word_1_449' title='bbox 952 4128 1248 4199; x_wconf 87' lang='lat' dir='ltr'><strong>palpabunt</strong></span> <span class='ocrx_word' id='word_1_450' title='bbox 1276 4129 1429 4200; x_wconf 90' lang='lat' dir='ltr'><strong>quasi</strong></span> <span class='ocrx_word' id='word_1_451' title='bbox 1459 4129 1512 4184; x_wconf 94' lang='lat' dir='ltr'><strong>in</strong></span> <span class='ocrx_word' id='word_1_452' title='bbox 1554 4136 1708 4185; x_wconf 75' lang='lat' dir='ltr'><strong>telle-</strong></span> 
     </span>
    </p>
   </div>
   <div class='ocr_carea' id='block_1_60' title="bbox 105 4221 1704 4294">
    <p class='ocr_par' dir='ltr' id='par_1_60' title="bbox 105 4221 1704 4294">
     <span class='ocr_line' id='line_1_60' title="bbox 105 4221 1704 4294; baseline 0.001 -18"><span class='ocrx_word' id='word_1_453' title='bbox 105 4221 238 4289; x_wconf 90' lang='lat' dir='ltr'><strong>bris,</strong></span> <span class='ocrx_word' id='word_1_454' title='bbox 271 4231 332 4277; x_wconf 92' lang='lat' dir='ltr'><strong>et</strong></span> <span class='ocrx_word' id='word_1_455' title='bbox 353 4237 460 4276; x_wconf 83' lang='lat' dir='ltr'><strong>non</strong></span> <span class='ocrx_word' id='word_1_456' title='bbox 485 4221 540 4276; x_wconf 93' lang='lat' dir='ltr'><strong>in</strong></span> <span class='ocrx_word' id='word_1_457' title='bbox 569 4221 709 4288; x_wconf 88' lang='lat' dir='ltr'><strong>luce,</strong></span> <span class='ocrx_word' id='word_1_458' title='bbox 729 4231 783 4275; x_wconf 89' lang='lat' dir='ltr'><strong>et</strong></span> <span class='ocrx_word' id='word_1_459' title='bbox 811 4235 1000 4278; x_wconf 87' lang='lat' dir='ltr'><strong>errare</strong></span> <span class='ocrx_word' id='word_1_460' title='bbox 1026 4237 1121 4278; x_wconf 91' lang='lat' dir='ltr'><strong>eos</strong></span> <span class='ocrx_word' id='word_1_461' title='bbox 1143 4221 1306 4278; x_wconf 89' lang='lat' dir='ltr'><strong>faciet</strong></span> <span class='ocrx_word' id='word_1_462' title='bbox 1325 4223 1477 4294; x_wconf 89' lang='lat' dir='ltr'><strong>quasi</strong></span> <span class='ocrx_word' id='word_1_463' title='bbox 1501 4223 1704 4280; x_wconf 87' lang='lat' dir='ltr'><strong>ebrios.</strong></span> 
     </span>
    </p>
   </div>
   <div class='ocr_carea' id='block_1_61' title="bbox 106 4314 1710 4376">
    <p class='ocr_par' dir='ltr' id='par_1_61' title="bbox 106 4314 1710 4376">
     <span class='ocr_line' id='line_1_61' title="bbox 106 4314 1710 4376; baseline 0.002 -5"><span class='ocrx_word' id='word_1_464' title='bbox 106 4315 174 4372; x_wconf 83' lang='lat' dir='ltr'><strong>Et</strong></span> <span class='ocrx_word' id='word_1_465' title='bbox 202 4314 406 4371; x_wconf 89' lang='lat' dir='ltr'><strong>iterum</strong></span> <span class='ocrx_word' id='word_1_466' title='bbox 432 4316 572 4370; x_wconf 91' lang='lat' dir='ltr'><strong>idem</strong></span> <span class='ocrx_word' id='word_1_467' title='bbox 604 4316 793 4372; x_wconf 88' lang='lat' dir='ltr'><strong>dicens</strong></span> <span class='ocrx_word' id='word_1_468' title='bbox 839 4316 1169 4372; x_wconf 90' lang='lat' dir='ltr'><strong>voluntatem</strong></span> <span class='ocrx_word' id='word_1_469' title='bbox 1199 4316 1296 4372; x_wconf 85' lang='lat' dir='ltr'><strong>Dei</strong></span> <span class='ocrx_word' id='word_1_470' title='bbox 1336 4317 1541 4374; x_wconf 87' lang='lat' dir='ltr'><strong>irritam</strong></span> <span class='ocrx_word' id='word_1_471' title='bbox 1587 4334 1710 4376; x_wconf 89' lang='lat' dir='ltr'><strong>esse</strong></span> 
     </span>
    </p>
   </div>
   <div class='ocr_carea' id='block_1_62' title="bbox 108 4409 1710 4482">
    <p class='ocr_par' dir='ltr' id='par_1_62' title="bbox 108 4409 1710 4482">
     <span class='ocr_line' id='line_1_62' title="bbox 108 4409 1710 4482; baseline 0 -14"><span class='ocrx_word' id='word_1_472' title='bbox 108 4425 217 4468; x_wconf 87' lang='lat' dir='ltr'><strong>non</strong></span> <span class='ocrx_word' id='word_1_473' title='bbox 253 4424 458 4482; x_wconf 85' lang='lat' dir='ltr'><strong>posse:</strong></span> <span class='ocrx_word' id='word_1_474' title='bbox 490 4409 611 4481; x_wconf 86' lang='lat' dir='ltr'><strong>Ipse</strong></span> <span class='ocrx_word' id='word_1_475' title='bbox 653 4409 829 4475; x_wconf 87' lang='lat' dir='ltr'><strong>enim,</strong></span> <span class='ocrx_word' id='word_1_476' title='bbox 871 4409 1074 4481; x_wconf 92' lang='lat' dir='ltr'><strong>inquit,</strong></span> <span class='ocrx_word' id='word_1_477' title='bbox 1108 4411 1258 4467; x_wconf 92' lang='lat' dir='ltr'><strong>solus</strong></span> <span class='ocrx_word' id='word_1_478' title='bbox 1304 4421 1426 4481; x_wconf 89' lang='lat' dir='ltr'><strong>est,</strong></span> <span class='ocrx_word' id='word_1_479' title='bbox 1467 4422 1525 4468; x_wconf 90' lang='lat' dir='ltr'><strong>et</strong></span> <span class='ocrx_word' id='word_1_480' title='bbox 1550 4427 1710 4469; x_wconf 87' lang='lat' dir='ltr'><strong>nemo</strong></span> 
     </span>
    </p>
   </div>
   <div class='ocr_carea' id='block_1_63' title="bbox 109 4499 1711 4574">
    <p class='ocr_par' dir='ltr' id='par_1_63' title="bbox 109 4499 1711 4574">
     <span class='ocr_line' id='line_1_63' title="bbox 109 4499 1711 4574; baseline -0.001 -15"><span class='ocrx_word' id='word_1_481' title='bbox 109 4513 368 4559; x_wconf 90' lang='lat' dir='ltr'><strong>avertere</strong></span> <span class='ocrx_word' id='word_1_482' title='bbox 419 4512 598 4573; x_wconf 88' lang='lat' dir='ltr'><strong>potest</strong></span> <span class='ocrx_word' id='word_1_483' title='bbox 644 4499 1030 4572; x_wconf 83' lang='lat' dir='ltr'><strong>cegitationem</strong></span> <span class='ocrx_word' id='word_1_484' title='bbox 1078 4503 1230 4573; x_wconf 87' lang='lat' dir='ltr'><strong>ejus,</strong></span> <span class='ocrx_word' id='word_1_485' title='bbox 1270 4513 1325 4559; x_wconf 90' lang='lat' dir='ltr'><strong>et</strong></span> <span class='ocrx_word' id='word_1_486' title='bbox 1363 4505 1543 4558; x_wconf 87' lang='lat' dir='ltr'><strong>anima</strong></span> <span class='ocrx_word' id='word_1_487' title='bbox 1591 4505 1711 4574; x_wconf 86' lang='lat' dir='ltr'><strong>ejus</strong></span> 
     </span>
    </p>
   </div>
   <div class='ocr_carea' id='block_1_64' title="bbox 111 4595 1711 4670">
    <p class='ocr_par' dir='ltr' id='par_1_64' title="bbox 111 4595 1711 4670">
     <span class='ocr_line' id='line_1_64' title="bbox 111 4595 1711 4670; baseline 0.001 -18"><span class='ocrx_word' id='word_1_488' title='bbox 111 4598 498 4668; x_wconf 87' lang='lat' dir='ltr'><strong>quodcumque</strong></span> <span class='ocrx_word' id='word_1_489' title='bbox 524 4597 790 4666; x_wconf 89' lang='lat' dir='ltr'><strong>voluerit,</strong></span> <span class='ocrx_word' id='word_1_490' title='bbox 821 4595 926 4653; x_wconf 90' lang='lat' dir='ltr'><strong>hoc</strong></span> <span class='ocrx_word' id='word_1_491' title='bbox 964 4597 1057 4653; x_wconf 93' lang='lat' dir='ltr'><strong>ﬁet</strong></span> <span class='ocrx_word' id='word_1_492' title='bbox 1089 4597 1232 4668; x_wconf 82' lang='lat' dir='ltr'><strong>(Job.</strong></span> <span class='ocrx_word' id='word_1_493' title='bbox 1269 4601 1449 4670; x_wconf 68' lang='grc' dir='ltr'>χχιιι).</span> <span class='ocrx_word' id='word_1_494' title='bbox 1486 4598 1711 4655; x_wconf 86' lang='lat' dir='ltr'><strong>Libera-</strong></span> 
     </span>
    </p>
   </div>
   <div class='ocr_carea' id='block_1_65' title="bbox 1779 1963 3380 2033">
    <p class='ocr_par' dir='ltr' id='par_1_65' title="bbox 1779 1963 3380 2033">
     <span class='ocr_line' id='line_1_65' title="bbox 1779 1963 3380 2033; baseline 0.006 -17"><span class='ocrx_word' id='word_1_495' title='bbox 1779 1963 2053 2033; x_wconf 84' lang='lat' dir='ltr'><strong>praeterita</strong></span> <span class='ocrx_word' id='word_1_496' title='bbox 2084 1973 2313 2033; x_wconf 90' lang='lat' dir='ltr'><strong>possunt</strong></span> <span class='ocrx_word' id='word_1_497' title='bbox 2342 1966 2532 2020; x_wconf 88' lang='lat' dir='ltr'><strong>merita</strong></span> <span class='ocrx_word' id='word_1_498' title='bbox 2561 1981 2661 2022; x_wconf 91' lang='lat' dir='ltr'><strong>nec</strong></span> <span class='ocrx_word' id='word_1_499' title='bbox 2692 1966 2870 2022; x_wconf 89' lang='lat' dir='ltr'><strong>futura</strong></span> <span class='ocrx_word' id='word_1_500' title='bbox 2902 1970 3140 2025; x_wconf 90' lang='lat' dir='ltr'><strong>censeri.</strong></span> <span class='ocrx_word' id='word_1_501' title='bbox 3174 1969 3380 2026; x_wconf 88' lang='lat' dir='ltr'><strong>Omnes</strong></span> 
     </span>
    </p>
   </div>
   <div class='ocr_carea' id='block_1_66' title="bbox 1779 2057 3378 2128">
    <p class='ocr_par' dir='ltr' id='par_1_66' title="bbox 1779 2057 3378 2128">
     <span class='ocr_line' id='line_1_66' title="bbox 1779 2057 3378 2128; baseline 0.004 -17"><span class='ocrx_word' id='word_1_502' title='bbox 1779 2057 1926 2111; x_wconf 91' lang='lat' dir='ltr'><strong>enim</strong></span> <span class='ocrx_word' id='word_1_503' title='bbox 1958 2057 2025 2112; x_wconf 93' lang='lat' dir='ltr'><strong>de</strong></span> <span class='ocrx_word' id='word_1_504' title='bbox 2063 2057 2260 2128; x_wconf 90' lang='lat' dir='ltr'><strong>quibus</strong></span> <span class='ocrx_word' id='word_1_505' title='bbox 2299 2073 2444 2113; x_wconf 90' lang='lat' dir='ltr'><strong>nunc</strong></span> <span class='ocrx_word' id='word_1_506' title='bbox 2484 2058 2778 2127; x_wconf 88' lang='lat' dir='ltr'><strong>loquimur,</strong></span> <span class='ocrx_word' id='word_1_507' title='bbox 2810 2069 2936 2116; x_wconf 86' lang='lat' dir='ltr'><strong>ante</strong></span> <span class='ocrx_word' id='word_1_508' title='bbox 2981 2062 3149 2116; x_wconf 93' lang='lat' dir='ltr'><strong>ullum</strong></span> <span class='ocrx_word' id='word_1_509' title='bbox 3181 2061 3378 2119; x_wconf 88' lang='lat' dir='ltr'><strong>intelli-</strong></span> 
     </span>
    </p>
   </div>
   <div class='ocr_carea' id='block_1_67' title="bbox 1779 2148 3381 2224">
    <p class='ocr_par' dir='ltr' id='par_1_67' title="bbox 1779 2148 3381 2224">
     <span class='ocr_line' id='line_1_67' title="bbox 1779 2148 3381 2224; baseline 0.003 -20"><span class='ocrx_word' id='word_1_510' title='bbox 1779 2148 1977 2219; x_wconf 75' lang='lat' dir='ltr'><strong>gentia:</strong></span> <span class='ocrx_word' id='word_1_511' title='bbox 2027 2164 2221 2217; x_wconf 91' lang='lat' dir='ltr'><strong>usum,</strong></span> <span class='ocrx_word' id='word_1_512' title='bbox 2279 2161 2404 2206; x_wconf 88' lang='lat' dir='ltr'><strong>ante</strong></span> <span class='ocrx_word' id='word_1_513' title='bbox 2454 2149 2682 2207; x_wconf 84' lang='lat' dir='ltr'><strong>liberum</strong></span> <span class='ocrx_word' id='word_1_514' title='bbox 2723 2151 3018 2208; x_wconf 84' lang='lat' dir='ltr'><strong>voluntatis</strong></span> <span class='ocrx_word' id='word_1_515' title='bbox 3056 2153 3381 2224; x_wconf 88' lang='lat' dir='ltr'><strong>arbitrium,</strong></span> 
     </span>
    </p>
   </div>
   <div class='ocr_carea' id='block_1_68' title="bbox 1781 2242 3383 2319">
    <p class='ocr_par' dir='ltr' id='par_1_68' title="bbox 1781 2242 3383 2319">
     <span class='ocr_line' id='line_1_68' title="bbox 1781 2242 3383 2319; baseline 0.004 -22"><span class='ocrx_word' id='word_1_516' title='bbox 1781 2242 1873 2298; x_wconf 91' lang='lat' dir='ltr'><strong>alii</strong></span> <span class='ocrx_word' id='word_1_517' title='bbox 1919 2243 1986 2298; x_wconf 90' lang='lat' dir='ltr'><strong>ad</strong></span> <span class='ocrx_word' id='word_1_518' title='bbox 2037 2253 2297 2300; x_wconf 86' lang='lat' dir='ltr'><strong>aeternam</strong></span> <span class='ocrx_word' id='word_1_519' title='bbox 2346 2243 2744 2302; x_wconf 87' lang='lat' dir='ltr'><strong>beatitudinem</strong></span> <span class='ocrx_word' id='word_1_520' title='bbox 2795 2247 3129 2319; x_wconf 85' lang='lat' dir='ltr'><strong>regenerati,</strong></span> <span class='ocrx_word' id='word_1_521' title='bbox 3185 2247 3275 2304; x_wconf 89' lang='lat' dir='ltr'><strong>alii</strong></span> <span class='ocrx_word' id='word_1_522' title='bbox 3313 2246 3383 2304; x_wconf 88' lang='lat' dir='ltr'><strong>ad</strong></span> 
     </span>
    </p>
   </div>
   <div class='ocr_carea' id='block_1_69' title="bbox 1785 2341 3388 2418">
    <p class='ocr_par' dir='ltr' id='par_1_69' title="bbox 1785 2341 3388 2418">
     <span class='ocr_line' id='line_1_69' title="bbox 1785 2341 3388 2418; baseline 0.006 -26"><span class='ocrx_word' id='word_1_523' title='bbox 1785 2347 2100 2408; x_wconf 90' lang='lat' dir='ltr'><strong>perpetuam</strong></span> <span class='ocrx_word' id='word_1_524' title='bbox 2131 2341 2409 2396; x_wconf 89' lang='lat' dir='ltr'><strong>miseriam</strong></span> <span class='ocrx_word' id='word_1_525' title='bbox 2441 2350 2727 2398; x_wconf 91' lang='lat' dir='ltr'><strong>transeunt</strong></span> <span class='ocrx_word' id='word_1_526' title='bbox 2755 2359 2863 2400; x_wconf 92' lang='lat' dir='ltr'><strong>non</strong></span> <span class='ocrx_word' id='word_1_527' title='bbox 2893 2345 3088 2400; x_wconf 91' lang='lat' dir='ltr'><strong>renati.</strong></span> <span class='ocrx_word' id='word_1_528' title='bbox 3124 2343 3182 2399; x_wconf 91' lang='lat' dir='ltr'><strong>Si</strong></span> <span class='ocrx_word' id='word_1_529' title='bbox 3221 2345 3388 2418; x_wconf 88' lang='lat' dir='ltr'><strong>origi-</strong></span> 
     </span>
    </p>
   </div>
   <div class='ocr_carea' id='block_1_70' title="bbox 1786 2430 3384 2502">
    <p class='ocr_par' dir='ltr' id='par_1_70' title="bbox 1786 2430 3384 2502">
     <span class='ocr_line' id='line_1_70' title="bbox 1786 2430 3384 2502; baseline 0.005 -18"><span class='ocrx_word' id='word_1_530' title='bbox 1786 2430 1964 2486; x_wconf 87' lang='lat' dir='ltr'><strong>nalem</strong></span> <span class='ocrx_word' id='word_1_531' title='bbox 2006 2433 2218 2502; x_wconf 91' lang='lat' dir='ltr'><strong>culpam</strong></span> <span class='ocrx_word' id='word_1_532' title='bbox 2261 2433 2444 2489; x_wconf 88' lang='lat' dir='ltr'><strong>fateris</strong></span> <span class='ocrx_word' id='word_1_533' title='bbox 2465 2475 2482 2501; x_wconf 94' lang='lat'><strong>,</strong></span> <span class='ocrx_word' id='word_1_534' title='bbox 2512 2435 2692 2491; x_wconf 90' lang='lat' dir='ltr'><strong>omnis</strong></span> <span class='ocrx_word' id='word_1_535' title='bbox 2719 2451 2977 2493; x_wconf 89' lang='lat' dir='ltr'><strong>numerus</strong></span> <span class='ocrx_word' id='word_1_536' title='bbox 3001 2436 3055 2492; x_wconf 94' lang='lat' dir='ltr'><strong>in</strong></span> <span class='ocrx_word' id='word_1_537' title='bbox 3085 2445 3235 2492; x_wconf 89' lang='lat' dir='ltr'><strong>reatu</strong></span> <span class='ocrx_word' id='word_1_538' title='bbox 3261 2444 3384 2493; x_wconf 89' lang='lat' dir='ltr'><strong>est:</strong></span> 
     </span>
    </p>
   </div>
   <div class='ocr_carea' id='block_1_71' title="bbox 1789 2526 3388 2600">
    <p class='ocr_par' dir='ltr' id='par_1_71' title="bbox 1789 2526 3388 2600">
     <span class='ocr_line' id='line_1_71' title="bbox 1789 2526 3388 2600; baseline 0.004 -18"><span class='ocrx_word' id='word_1_539' title='bbox 1789 2527 1831 2582; x_wconf 92' lang='lat' dir='ltr'><strong>si</strong></span> <span class='ocrx_word' id='word_1_540' title='bbox 1865 2526 2127 2583; x_wconf 88' lang='lat' dir='ltr'><strong>moralem</strong></span> <span class='ocrx_word' id='word_1_541' title='bbox 2160 2529 2523 2584; x_wconf 88' lang='lat' dir='ltr'><strong>innocentiam</strong></span> <span class='ocrx_word' id='word_1_542' title='bbox 2556 2530 2758 2600; x_wconf 61' lang='lat' dir='ltr'><strong>quieris</strong></span> <span class='ocrx_word' id='word_1_543' title='bbox 2781 2573 2796 2599; x_wconf 96' lang='lat'><strong>,</strong></span> <span class='ocrx_word' id='word_1_544' title='bbox 2829 2533 3006 2586; x_wconf 89' lang='lat' dir='ltr'><strong>omnis</strong></span> <span class='ocrx_word' id='word_1_545' title='bbox 3032 2545 3246 2586; x_wconf 88' lang='lat' dir='ltr'><strong>summa</strong></span> <span class='ocrx_word' id='word_1_546' title='bbox 3269 2532 3388 2589; x_wconf 89' lang='lat' dir='ltr'><strong>sine</strong></span> 
     </span>
    </p>
   </div>
   <div class='ocr_carea' id='block_1_72' title="bbox 1789 2626 3389 2701">
    <p class='ocr_par' dir='ltr' id='par_1_72' title="bbox 1789 2626 3389 2701">
     <span class='ocr_line' id='line_1_72' title="bbox 1789 2626 3389 2701; baseline 0.004 -21"><span class='ocrx_word' id='word_1_547' title='bbox 1789 2627 1922 2680; x_wconf 90' lang='lat' dir='ltr'><strong>vitio</strong></span> <span class='ocrx_word' id='word_1_548' title='bbox 1943 2635 2043 2682; x_wconf 91' lang='lat' dir='ltr'><strong>est.</strong></span> <span class='ocrx_word' id='word_1_549' title='bbox 2070 2626 2184 2682; x_wconf 84' lang='lat' dir='ltr'><strong>Non</strong></span> <span class='ocrx_word' id='word_1_550' title='bbox 2211 2627 2417 2684; x_wconf 90' lang='lat' dir='ltr'><strong>invenit</strong></span> <span class='ocrx_word' id='word_1_551' title='bbox 2439 2628 2580 2700; x_wconf 88' lang='lat' dir='ltr'><strong>quod</strong></span> <span class='ocrx_word' id='word_1_552' title='bbox 2604 2627 2881 2685; x_wconf 91' lang='lat' dir='ltr'><strong>discernat</strong></span> <span class='ocrx_word' id='word_1_553' title='bbox 2903 2628 3137 2685; x_wconf 89' lang='lat' dir='ltr'><strong>humana</strong></span> <span class='ocrx_word' id='word_1_554' title='bbox 3154 2629 3389 2701; x_wconf 87' lang='lat' dir='ltr'><strong>jnstitia,</strong></span> 
     </span>
    </p>
   </div>
   <div class='ocr_carea' id='block_1_73' title="bbox 1791 2719 3388 2795">
    <p class='ocr_par' dir='ltr' id='par_1_73' title="bbox 1791 2719 3388 2795">
     <span class='ocr_line' id='line_1_73' title="bbox 1791 2719 3388 2795; baseline 0.003 -20"><span class='ocrx_word' id='word_1_555' title='bbox 1791 2719 1886 2776; x_wconf 87' lang='lat' dir='ltr'><strong>sed</strong></span> <span class='ocrx_word' id='word_1_556' title='bbox 1937 2720 2103 2776; x_wconf 85' lang='lat' dir='ltr'><strong>habet</strong></span> <span class='ocrx_word' id='word_1_557' title='bbox 2147 2720 2292 2792; x_wconf 91' lang='lat' dir='ltr'><strong>quod</strong></span> <span class='ocrx_word' id='word_1_558' title='bbox 2331 2721 2496 2794; x_wconf 90' lang='lat' dir='ltr'><strong>eligat</strong></span> <span class='ocrx_word' id='word_1_559' title='bbox 2542 2721 2928 2778; x_wconf 90' lang='lat' dir='ltr'><strong>inenarrabilis</strong></span> <span class='ocrx_word' id='word_1_560' title='bbox 2970 2725 3140 2795; x_wconf 86' lang='lat' dir='ltr'><strong>gratia</strong></span> <span class='ocrx_word' id='word_1_561' title='bbox 3185 2724 3298 2782; x_wconf 89' lang='lat' dir='ltr'><strong>Dei.</strong></span> <span class='ocrx_word' id='word_1_562' title='bbox 3331 2723 3388 2780; x_wconf 91' lang='lat' dir='ltr'><strong>In</strong></span> 
     </span>
    </p>
   </div>
   <div class='ocr_carea' id='block_1_74' title="bbox 1793 2813 3393 2890">
    <p class='ocr_par' dir='ltr' id='par_1_74' title="bbox 1793 2813 3393 2890">
     <span class='ocr_line' id='line_1_74' title="bbox 1793 2813 3393 2890; baseline 0.005 -22"><span class='ocrx_word' id='word_1_563' title='bbox 1793 2813 2116 2870; x_wconf 89' lang='lat' dir='ltr'><strong>abscondito</strong></span> <span class='ocrx_word' id='word_1_564' title='bbox 2137 2825 2218 2870; x_wconf 90' lang='lat' dir='ltr'><strong>est</strong></span> <span class='ocrx_word' id='word_1_565' title='bbox 2236 2816 2548 2886; x_wconf 85' lang='lat' dir='ltr'><strong>consilium,</strong></span> <span class='ocrx_word' id='word_1_566' title='bbox 2569 2815 2664 2873; x_wconf 90' lang='lat' dir='ltr'><strong>sed</strong></span> <span class='ocrx_word' id='word_1_567' title='bbox 2692 2832 2798 2872; x_wconf 90' lang='lat' dir='ltr'><strong>non</strong></span> <span class='ocrx_word' id='word_1_568' title='bbox 2823 2818 2957 2873; x_wconf 82' lang='lat' dir='ltr'><strong>latet</strong></span> <span class='ocrx_word' id='word_1_569' title='bbox 2985 2817 3186 2874; x_wconf 91' lang='lat' dir='ltr'><strong>donum</strong></span> <span class='ocrx_word' id='word_1_570' title='bbox 3217 2837 3231 2876; x_wconf 93' lang='lat'><strong>:</strong></span> <span class='ocrx_word' id='word_1_571' title='bbox 3255 2833 3393 2890; x_wconf 84' lang='lat' dir='ltr'><strong>opus</strong></span> 
     </span>
    </p>
   </div>
   <div class='ocr_carea' id='block_1_75' title="bbox 1793 2909 3391 2983">
    <p class='ocr_par' dir='ltr' id='par_1_75' title="bbox 1793 2909 3391 2983">
     <span class='ocr_line' id='line_1_75' title="bbox 1793 2909 3391 2983; baseline 0.004 -21"><span class='ocrx_word' id='word_1_572' title='bbox 1793 2909 1969 2963; x_wconf 80' lang='lat' dir='ltr'><strong>exerit</strong></span> <span class='ocrx_word' id='word_1_573' title='bbox 2016 2910 2222 2980; x_wconf 85' lang='lat' dir='ltr'><strong>pietas,</strong></span> <span class='ocrx_word' id='word_1_574' title='bbox 2265 2925 2483 2966; x_wconf 88' lang='lat' dir='ltr'><strong>causam</strong></span> <span class='ocrx_word' id='word_1_575' title='bbox 2528 2910 2784 2966; x_wconf 88' lang='lat' dir='ltr'><strong>obscurat</strong></span> <span class='ocrx_word' id='word_1_576' title='bbox 2828 2921 3094 2983; x_wconf 86' lang='lat' dir='ltr'><strong>potestas.</strong></span> <span class='ocrx_word' id='word_1_577' title='bbox 3143 2912 3249 2968; x_wconf 85' lang='lat' dir='ltr'><strong>Sed</strong></span> <span class='ocrx_word' id='word_1_578' title='bbox 3283 2924 3391 2968; x_wconf 90' lang='lat' dir='ltr'><strong>tam</strong></span> 
     </span>
    </p>
   </div>
   <div class='ocr_carea' id='block_1_76' title="bbox 1796 3001 3392 3076">
    <p class='ocr_par' dir='ltr' id='par_1_76' title="bbox 1796 3001 3392 3076">
     <span class='ocr_line' id='line_1_76' title="bbox 1796 3001 3392 3076; baseline 0.003 -20"><span class='ocrx_word' id='word_1_579' title='bbox 1796 3001 2094 3059; x_wconf 89' lang='lat' dir='ltr'><strong>indubitale</strong></span> <span class='ocrx_word' id='word_1_580' title='bbox 2123 3013 2208 3059; x_wconf 87' lang='lat' dir='ltr'><strong>est</strong></span> <span class='ocrx_word' id='word_1_581' title='bbox 2236 3003 2379 3074; x_wconf 92' lang='lat' dir='ltr'><strong>quod</strong></span> <span class='ocrx_word' id='word_1_582' title='bbox 2430 3020 2536 3059; x_wconf 92' lang='lat' dir='ltr'><strong>non</strong></span> <span class='ocrx_word' id='word_1_583' title='bbox 2582 3003 2817 3075; x_wconf 90' lang='lat' dir='ltr'><strong>videtur,</strong></span> <span class='ocrx_word' id='word_1_584' title='bbox 2849 3020 3009 3076; x_wconf 90' lang='lat' dir='ltr'><strong>quam</strong></span> <span class='ocrx_word' id='word_1_585' title='bbox 3051 3006 3192 3076; x_wconf 89' lang='lat' dir='ltr'><strong>quod</strong></span> <span class='ocrx_word' id='word_1_586' title='bbox 3240 3004 3392 3060; x_wconf 86' lang='lat' dir='ltr'><strong>vide-</strong></span> 
     </span>
    </p>
   </div>
   <div class='ocr_carea' id='block_1_77' title="bbox 1799 3097 3398 3171">
    <p class='ocr_par' dir='ltr' id='par_1_77' title="bbox 1799 3097 3398 3171">
     <span class='ocr_line' id='line_1_77' title="bbox 1799 3097 3398 3171; baseline 0.001 -18"><span class='ocrx_word' id='word_1_587' title='bbox 1799 3105 1884 3153; x_wconf 88' lang='lat' dir='ltr'><strong>tur</strong></span> <span class='ocrx_word' id='word_1_588' title='bbox 1912 3114 1926 3152; x_wconf 93' lang='lat'><strong>:</strong></span> <span class='ocrx_word' id='word_1_589' title='bbox 1968 3097 2092 3169; x_wconf 88' lang='lat' dir='ltr'><strong>quia</strong></span> <span class='ocrx_word' id='word_1_590' title='bbox 2125 3099 2333 3154; x_wconf 82' lang='lat' dir='ltr'><strong>auctori</strong></span> <span class='ocrx_word' id='word_1_591' title='bbox 2367 3097 2643 3154; x_wconf 86' lang='lat' dir='ltr'><strong>manifesti</strong></span> <span class='ocrx_word' id='word_1_592' title='bbox 2675 3099 2859 3170; x_wconf 87' lang='lat' dir='ltr'><strong>operis</strong></span> <span class='ocrx_word' id='word_1_593' title='bbox 2891 3101 3076 3171; x_wconf 67' lang='lat' dir='ltr'><strong>negari</strong></span> <span class='ocrx_word' id='word_1_594' title='bbox 3119 3097 3398 3156; x_wconf 87' lang='lat' dir='ltr'><strong>confessio</strong></span> 
     </span>
    </p>
   </div>
   <div class='ocr_carea' id='block_1_78' title="bbox 1799 3191 3399 3264">
    <p class='ocr_par' dir='ltr' id='par_1_78' title="bbox 1799 3191 3399 3264">
     <span class='ocr_line' id='line_1_78' title="bbox 1799 3191 3399 3264; baseline 0.002 -18"><span class='ocrx_word' id='word_1_595' title='bbox 1799 3191 1959 3246; x_wconf 86' lang='lat' dir='ltr'><strong>etiam</strong></span> <span class='ocrx_word' id='word_1_596' title='bbox 1991 3191 2279 3262; x_wconf 84' lang='lat' dir='ltr'><strong>incognitae</strong></span> <span class='ocrx_word' id='word_1_597' title='bbox 2303 3209 2410 3248; x_wconf 91' lang='lat' dir='ltr'><strong>non</strong></span> <span class='ocrx_word' id='word_1_598' title='bbox 2441 3203 2618 3263; x_wconf 73' lang='lat' dir='ltr'><strong>porest</strong></span> <span class='ocrx_word' id='word_1_599' title='bbox 2647 3192 2935 3264; x_wconf 63' lang='lat' dir='ltr'><strong>aequitatis.</strong></span> <span class='ocrx_word' id='word_1_600' title='bbox 2967 3192 3122 3262; x_wconf 86' lang='lat' dir='ltr'><strong>Quod</strong></span> <span class='ocrx_word' id='word_1_601' title='bbox 3161 3192 3210 3248; x_wconf 92' lang='lat' dir='ltr'><strong>si</strong></span> <span class='ocrx_word' id='word_1_602' title='bbox 3248 3201 3306 3250; x_wconf 90' lang='lat' dir='ltr'><strong>et</strong></span> <span class='ocrx_word' id='word_1_603' title='bbox 3330 3192 3399 3249; x_wconf 91' lang='lat' dir='ltr'><strong>ad</strong></span> 
     </span>
    </p>
   </div>
   <div class='ocr_carea' id='block_1_79' title="bbox 1801 3283 3400 3360">
    <p class='ocr_par' dir='ltr' id='par_1_79' title="bbox 1801 3283 3400 3360">
     <span class='ocr_line' id='line_1_79' title="bbox 1801 3283 3400 3360; baseline 0.004 -22"><span class='ocrx_word' id='word_1_604' title='bbox 1801 3283 1925 3338; x_wconf 85' lang='lat' dir='ltr'><strong>illos</strong></span> <span class='ocrx_word' id='word_1_605' title='bbox 1955 3283 2156 3356; x_wconf 90' lang='lat' dir='ltr'><strong>dirigas</strong></span> <span class='ocrx_word' id='word_1_606' title='bbox 2187 3285 2385 3342; x_wconf 89' lang='lat' dir='ltr'><strong>mentis</strong></span> <span class='ocrx_word' id='word_1_607' title='bbox 2410 3287 2694 3351; x_wconf 87' lang='lat' dir='ltr'><strong>intuitum,</strong></span> <span class='ocrx_word' id='word_1_608' title='bbox 2725 3287 2815 3356; x_wconf 89' lang='lat' dir='ltr'><strong>qui</strong></span> <span class='ocrx_word' id='word_1_609' title='bbox 2844 3287 3058 3360; x_wconf 87' lang='lat' dir='ltr'><strong>longam</strong></span> <span class='ocrx_word' id='word_1_610' title='bbox 3089 3297 3314 3360; x_wconf 83' lang='lat' dir='ltr'><strong>agentes</strong></span> <span class='ocrx_word' id='word_1_611' title='bbox 3345 3288 3400 3344; x_wconf 85' lang='lat' dir='ltr'><strong>in</strong></span> 
     </span>
    </p>
   </div>
   <div class='ocr_carea' id='block_1_80' title="bbox 1800 3376 3404 3452">
    <p class='ocr_par' dir='ltr' id='par_1_80' title="bbox 1800 3376 3404 3452">
     <span class='ocr_line' id='line_1_80' title="bbox 1800 3376 3404 3452; baseline 0.005 -21"><span class='ocrx_word' id='word_1_612' title='bbox 1800 3376 2018 3448; x_wconf 82' lang='lat' dir='ltr'><strong>flagitiis</strong></span> <span class='ocrx_word' id='word_1_613' title='bbox 2049 3388 2101 3432; x_wconf 93' lang='lat' dir='ltr'><strong>et</strong></span> <span class='ocrx_word' id='word_1_614' title='bbox 2127 3380 2427 3436; x_wconf 83' lang='lat' dir='ltr'><strong>sceleribus</strong></span> <span class='ocrx_word' id='word_1_615' title='bbox 2455 3390 2690 3446; x_wconf 78' lang='lat' dir='ltr'><strong>aetatem,</strong></span> <span class='ocrx_word' id='word_1_616' title='bbox 2726 3391 3070 3438; x_wconf 78' lang='lat' dir='ltr'><strong>sacramento</strong></span> <span class='ocrx_word' id='word_1_617' title='bbox 3102 3382 3404 3452; x_wconf 86' lang='lat' dir='ltr'><strong>baptisma-</strong></span> 
     </span>
    </p>
   </div>
   <div class='ocr_carea' id='block_1_81' title="bbox 1803 3470 3405 3544">
    <p class='ocr_par' dir='ltr' id='par_1_81' title="bbox 1803 3470 3405 3544">
     <span class='ocr_line' id='line_1_81' title="bbox 1803 3470 3405 3544; baseline 0.006 -20"><span class='ocrx_word' id='word_1_618' title='bbox 1803 3470 1871 3524; x_wconf 89' lang='lat' dir='ltr'><strong>tis</strong></span> <span class='ocrx_word' id='word_1_619' title='bbox 1911 3470 2114 3526; x_wconf 89' lang='lat' dir='ltr'><strong>Christi</strong></span> <span class='ocrx_word' id='word_1_620' title='bbox 2143 3473 2196 3527; x_wconf 91' lang='lat' dir='ltr'><strong>in</strong></span> <span class='ocrx_word' id='word_1_621' title='bbox 2226 3473 2344 3543; x_wconf 76' lang='lat' dir='ltr'><strong>ipso</strong></span> <span class='ocrx_word' id='word_1_622' title='bbox 2370 3474 2494 3528; x_wconf 85' lang='lat' dir='ltr'><strong>vitae</strong></span> <span class='ocrx_word' id='word_1_623' title='bbox 2536 3473 2642 3530; x_wconf 89' lang='lat' dir='ltr'><strong>ﬁne</strong></span> <span class='ocrx_word' id='word_1_624' title='bbox 2672 3484 3032 3544; x_wconf 83' lang='lat' dir='ltr'><strong>renovantur,</strong></span> <span class='ocrx_word' id='word_1_625' title='bbox 3061 3485 3118 3532; x_wconf 91' lang='lat' dir='ltr'><strong>et</strong></span> <span class='ocrx_word' id='word_1_626' title='bbox 3146 3478 3266 3534; x_wconf 90' lang='lat' dir='ltr'><strong>sine</strong></span> <span class='ocrx_word' id='word_1_627' title='bbox 3293 3477 3405 3534; x_wconf 92' lang='lat' dir='ltr'><strong>ullo</strong></span> 
     </span>
    </p>
   </div>
   <div class='ocr_carea' id='block_1_82' title="bbox 1801 3563 3406 3641">
    <p class='ocr_par' dir='ltr' id='par_1_82' title="bbox 1801 3563 3406 3641">
     <span class='ocr_line' id='line_1_82' title="bbox 1801 3563 3406 3641; baseline 0.007 -23"><span class='ocrx_word' id='word_1_628' title='bbox 1801 3563 2065 3633; x_wconf 72' lang='lat' dir='ltr'><strong>suffragio</strong></span> <span class='ocrx_word' id='word_1_629' title='bbox 2089 3563 2355 3622; x_wconf 90' lang='lat' dir='ltr'><strong>bonorum</strong></span> <span class='ocrx_word' id='word_1_630' title='bbox 2387 3582 2610 3638; x_wconf 91' lang='lat' dir='ltr'><strong>operum</strong></span> <span class='ocrx_word' id='word_1_631' title='bbox 2645 3569 2697 3624; x_wconf 92' lang='lat' dir='ltr'><strong>in</strong></span> <span class='ocrx_word' id='word_1_632' title='bbox 2731 3571 2884 3641; x_wconf 85' lang='lat' dir='ltr'><strong>regni</strong></span> <span class='ocrx_word' id='word_1_633' title='bbox 2911 3571 3150 3627; x_wconf 69' lang='lat' dir='ltr'><strong>cwlestis</strong></span> <span class='ocrx_word' id='word_1_634' title='bbox 3178 3587 3406 3629; x_wconf 87' lang='lat' dir='ltr'><strong>consor-</strong></span> 
     </span>
    </p>
   </div>
   <div class='ocr_carea' id='block_1_83' title="bbox 1803 3657 3402 3734">
    <p class='ocr_par' dir='ltr' id='par_1_83' title="bbox 1803 3657 3402 3734">
     <span class='ocr_line' id='line_1_83' title="bbox 1803 3657 3402 3734; baseline 0.006 -22"><span class='ocrx_word' id='word_1_635' title='bbox 1803 3658 1937 3713; x_wconf 88' lang='lat' dir='ltr'><strong>tium</strong></span> <span class='ocrx_word' id='word_1_636' title='bbox 1962 3657 2364 3715; x_wconf 88' lang='lat' dir='ltr'><strong>transferuntur</strong></span> <span class='ocrx_word' id='word_1_637' title='bbox 2389 3676 2404 3713; x_wconf 91' lang='lat'><strong>:</strong></span> <span class='ocrx_word' id='word_1_638' title='bbox 2436 3676 2543 3730; x_wconf 89' lang='lat' dir='ltr'><strong>quo</strong></span> <span class='ocrx_word' id='word_1_639' title='bbox 2566 3661 2842 3718; x_wconf 80' lang='lat' dir='ltr'><strong>intellectu</strong></span> <span class='ocrx_word' id='word_1_640' title='bbox 2865 3662 3107 3718; x_wconf 92' lang='lat' dir='ltr'><strong>divinum</strong></span> <span class='ocrx_word' id='word_1_641' title='bbox 3135 3664 3402 3734; x_wconf 85' lang='lat' dir='ltr'><strong>judicium</strong></span> 
     </span>
    </p>
   </div>
   <div class='ocr_carea' id='block_1_84' title="bbox 1803 3749 3407 3824">
    <p class='ocr_par' dir='ltr' id='par_1_84' title="bbox 1803 3749 3407 3824">
     <span class='ocr_line' id='line_1_84' title="bbox 1803 3749 3407 3824; baseline 0.004 -21"><span class='ocrx_word' id='word_1_642' title='bbox 1803 3749 2276 3819; x_wconf 90' lang='lat' dir='ltr'><strong>comprehendes,</strong></span> <span class='ocrx_word' id='word_1_643' title='bbox 2320 3750 2425 3805; x_wconf 92' lang='lat' dir='ltr'><strong>nisi</strong></span> <span class='ocrx_word' id='word_1_644' title='bbox 2461 3759 2517 3806; x_wconf 88' lang='lat' dir='ltr'><strong>ut</strong></span> <span class='ocrx_word' id='word_1_645' title='bbox 2563 3751 2932 3808; x_wconf 86' lang='lat' dir='ltr'><strong>indubitanter</strong></span> <span class='ocrx_word' id='word_1_646' title='bbox 2974 3767 3238 3823; x_wconf 88' lang='lat' dir='ltr'><strong>agnoscas</strong></span> <span class='ocrx_word' id='word_1_647' title='bbox 3281 3769 3407 3824; x_wconf 89' lang='lat' dir='ltr'><strong>gra-</strong></span> 
     </span>
    </p>
   </div>
   <div class='ocr_carea' id='block_1_85' title="bbox 1807 3843 3404 3904">
    <p class='ocr_par' dir='ltr' id='par_1_85' title="bbox 1807 3843 3404 3904">
     <span class='ocr_line' id='line_1_85' title="bbox 1807 3843 3404 3904; baseline 0.005 -8"><span class='ocrx_word' id='word_1_648' title='bbox 1807 3843 1940 3897; x_wconf 90' lang='lat' dir='ltr'><strong>tuita</strong></span> <span class='ocrx_word' id='word_1_649' title='bbox 1969 3857 2092 3900; x_wconf 89' lang='lat' dir='ltr'><strong>esse</strong></span> <span class='ocrx_word' id='word_1_650' title='bbox 2125 3843 2218 3901; x_wconf 91' lang='lat' dir='ltr'><strong>Dei</strong></span> <span class='ocrx_word' id='word_1_651' title='bbox 2253 3860 2477 3901; x_wconf 89' lang='lat' dir='ltr'><strong>munera</strong></span> <span class='ocrx_word' id='word_1_652' title='bbox 2507 3863 2521 3900; x_wconf 89' lang='lat'><strong>:</strong></span> <span class='ocrx_word' id='word_1_653' title='bbox 2556 3854 2612 3901; x_wconf 92' lang='lat' dir='ltr'><strong>et</strong></span> <span class='ocrx_word' id='word_1_654' title='bbox 2641 3848 2784 3901; x_wconf 89' lang='lat' dir='ltr'><strong>sicut</strong></span> <span class='ocrx_word' id='word_1_655' title='bbox 2821 3846 2966 3901; x_wconf 88' lang='lat' dir='ltr'><strong>nulla</strong></span> <span class='ocrx_word' id='word_1_656' title='bbox 3005 3857 3132 3901; x_wconf 89' lang='lat' dir='ltr'><strong>sunt</strong></span> <span class='ocrx_word' id='word_1_657' title='bbox 3171 3855 3278 3902; x_wconf 91' lang='lat' dir='ltr'><strong>tam</strong></span> <span class='ocrx_word' id='word_1_658' title='bbox 3306 3847 3404 3904; x_wconf 85' lang='lat' dir='ltr'><strong>de-</strong></span> 
     </span>
    </p>
   </div>
   <div class='ocr_carea' id='block_1_86' title="bbox 1807 3936 3408 4012">
    <p class='ocr_par' dir='ltr' id='par_1_86' title="bbox 1807 3936 3408 4012">
     <span class='ocr_line' id='line_1_86' title="bbox 1807 3936 3408 4012; baseline 0.006 -21"><span class='ocrx_word' id='word_1_659' title='bbox 1807 3936 2058 3993; x_wconf 90' lang='lat' dir='ltr'><strong>testanda</strong></span> <span class='ocrx_word' id='word_1_660' title='bbox 2105 3937 2382 4008; x_wconf 89' lang='lat' dir='ltr'><strong>facinora,</strong></span> <span class='ocrx_word' id='word_1_661' title='bbox 2436 3955 2557 4011; x_wconf 69' lang='lat' dir='ltr'><strong>qua:</strong></span> <span class='ocrx_word' id='word_1_662' title='bbox 2607 3940 2816 4010; x_wconf 54' lang='lat' dir='ltr'><strong>possint</strong></span> <span class='ocrx_word' id='word_1_663' title='bbox 2861 3939 3049 4012; x_wconf 73' lang='lat' dir='ltr'><strong>gratize</strong></span> <span class='ocrx_word' id='word_1_664' title='bbox 3089 3956 3278 3998; x_wconf 90' lang='lat' dir='ltr'><strong>arcere</strong></span> <span class='ocrx_word' id='word_1_665' title='bbox 3305 3941 3408 4000; x_wconf 92' lang='lat' dir='ltr'><strong>do-</strong></span> 
     </span>
    </p>
   </div>
   <div class='ocr_carea' id='block_1_87' title="bbox 1809 4030 3408 4106">
    <p class='ocr_par' dir='ltr' id='par_1_87' title="bbox 1809 4030 3408 4106">
     <span class='ocr_line' id='line_1_87' title="bbox 1809 4030 3408 4106; baseline 0.007 -23"><span class='ocrx_word' id='word_1_666' title='bbox 1809 4043 1970 4096; x_wconf 88' lang='lat' dir='ltr'><strong>num,</strong></span> <span class='ocrx_word' id='word_1_667' title='bbox 2021 4030 2091 4084; x_wconf 84' lang='lat' dir='ltr'><strong>ita</strong></span> <span class='ocrx_word' id='word_1_668' title='bbox 2133 4030 2277 4085; x_wconf 89' lang='lat' dir='ltr'><strong>nulla</strong></span> <span class='ocrx_word' id='word_1_669' title='bbox 2329 4045 2488 4102; x_wconf 88' lang='lat' dir='ltr'><strong>posse</strong></span> <span class='ocrx_word' id='word_1_670' title='bbox 2535 4042 2642 4086; x_wconf 93' lang='lat' dir='ltr'><strong>tam</strong></span> <span class='ocrx_word' id='word_1_671' title='bbox 2694 4031 2954 4103; x_wconf 68' lang='lat' dir='ltr'><strong>praeclara</strong></span> <span class='ocrx_word' id='word_1_672' title='bbox 2995 4049 3162 4104; x_wconf 89' lang='lat' dir='ltr'><strong>opera</strong></span> <span class='ocrx_word' id='word_1_673' title='bbox 3211 4035 3408 4106; x_wconf 76' lang='lat' dir='ltr'><strong>exire,</strong></span> 
     </span>
    </p>
   </div>
   <div class='ocr_carea' id='block_1_88' title="bbox 1810 4124 3413 4199">
    <p class='ocr_par' dir='ltr' id='par_1_88' title="bbox 1810 4124 3413 4199">
     <span class='ocr_line' id='line_1_88' title="bbox 1810 4124 3413 4199; baseline 0.004 -20"><span class='ocrx_word' id='word_1_674' title='bbox 1810 4125 2006 4195; x_wconf 81' lang='lat' dir='ltr'><strong>quibus</strong></span> <span class='ocrx_word' id='word_1_675' title='bbox 2046 4124 2150 4180; x_wconf 91' lang='lat' dir='ltr'><strong>hoc</strong></span> <span class='ocrx_word' id='word_1_676' title='bbox 2181 4124 2324 4195; x_wconf 91' lang='lat' dir='ltr'><strong>quod</strong></span> <span class='ocrx_word' id='word_1_677' title='bbox 2361 4126 2536 4197; x_wconf 88' lang='lat' dir='ltr'><strong>gratis</strong></span> <span class='ocrx_word' id='word_1_678' title='bbox 2575 4126 2853 4194; x_wconf 89' lang='lat' dir='ltr'><strong>tribuitur,</strong></span> <span class='ocrx_word' id='word_1_679' title='bbox 2895 4142 2991 4199; x_wconf 92' lang='lat' dir='ltr'><strong>per</strong></span> <span class='ocrx_word' id='word_1_680' title='bbox 3029 4127 3413 4186; x_wconf 83' lang='lat' dir='ltr'><strong>retributionis</strong></span> 
     </span>
    </p>
   </div>
   <div class='ocr_carea' id='block_1_89' title="bbox 1813 4217 3414 4296">
    <p class='ocr_par' dir='ltr' id='par_1_89' title="bbox 1813 4217 3414 4296">
     <span class='ocr_line' id='line_1_89' title="bbox 1813 4217 3414 4296; baseline 0.005 -22"><span class='ocrx_word' id='word_1_681' title='bbox 1813 4217 2074 4276; x_wconf 89' lang='lat' dir='ltr'><strong>indicium</strong></span> <span class='ocrx_word' id='word_1_682' title='bbox 2105 4219 2411 4276; x_wconf 87' lang='lat' dir='ltr'><strong>debeatur?</strong></span> <span class='ocrx_word' id='word_1_683' title='bbox 2445 4221 2746 4279; x_wconf 82' lang='lat' dir='ltr'><strong>Vilesceret</strong></span> <span class='ocrx_word' id='word_1_684' title='bbox 2773 4223 2918 4278; x_wconf 91' lang='lat' dir='ltr'><strong>enim</strong></span> <span class='ocrx_word' id='word_1_685' title='bbox 2951 4223 3257 4296; x_wconf 88' lang='lat' dir='ltr'><strong>redemptio</strong></span> <span class='ocrx_word' id='word_1_686' title='bbox 3285 4240 3414 4282; x_wconf 82' lang='lat' dir='ltr'><strong>san-</strong></span> 
     </span>
    </p>
   </div>
   <div class='ocr_carea' id='block_1_90' title="bbox 1812 4310 3414 4383">
    <p class='ocr_par' dir='ltr' id='par_1_90' title="bbox 1812 4310 3414 4383">
     <span class='ocr_line' id='line_1_90' title="bbox 1812 4310 3414 4383; baseline 0.006 -17"><span class='ocrx_word' id='word_1_687' title='bbox 1812 4312 1990 4383; x_wconf 88' lang='lat' dir='ltr'><strong>guinis</strong></span> <span class='ocrx_word' id='word_1_688' title='bbox 2036 4310 2274 4381; x_wconf 88' lang='lat' dir='ltr'><strong>Christi,</strong></span> <span class='ocrx_word' id='word_1_689' title='bbox 2319 4329 2420 4370; x_wconf 93' lang='lat' dir='ltr'><strong>nec</strong></span> <span class='ocrx_word' id='word_1_690' title='bbox 2472 4315 2864 4372; x_wconf 80' lang='lat' dir='ltr'><strong>misericordiae</strong></span> <span class='ocrx_word' id='word_1_691' title='bbox 2905 4315 3002 4372; x_wconf 89' lang='lat' dir='ltr'><strong>Dei</strong></span> <span class='ocrx_word' id='word_1_692' title='bbox 3049 4318 3414 4376; x_wconf 89' lang='lat' dir='ltr'><strong>humanorum</strong></span> 
     </span>
    </p>
   </div>
   <div class='ocr_carea' id='block_1_91' title="bbox 1815 4408 3415 4485">
    <p class='ocr_par' dir='ltr' id='par_1_91' title="bbox 1815 4408 3415 4485">
     <span class='ocr_line' id='line_1_91' title="bbox 1815 4408 3415 4485; baseline 0.005 -24"><span class='ocrx_word' id='word_1_693' title='bbox 1815 4421 2046 4478; x_wconf 91' lang='lat' dir='ltr'><strong>operum</strong></span> <span class='ocrx_word' id='word_1_694' title='bbox 2075 4408 2431 4480; x_wconf 68' lang='lat' dir='ltr'><strong>praerogativa</strong></span> <span class='ocrx_word' id='word_1_695' title='bbox 2452 4411 2852 4475; x_wconf 85' lang='lat' dir='ltr'><strong>succumberet,</strong></span> <span class='ocrx_word' id='word_1_696' title='bbox 2882 4412 2926 4465; x_wconf 92' lang='lat' dir='ltr'><strong>si</strong></span> <span class='ocrx_word' id='word_1_697' title='bbox 2952 4411 3271 4482; x_wconf 87' lang='lat' dir='ltr'><strong>justiﬁcatio</strong></span> <span class='ocrx_word' id='word_1_698' title='bbox 3293 4427 3415 4485; x_wconf 74' lang='lat' dir='ltr'><strong>quae</strong></span> 
     </span>
    </p>
   </div>
   <div class='ocr_carea' id='block_1_92' title="bbox 1816 4499 3416 4574">
    <p class='ocr_par' dir='ltr' id='par_1_92' title="bbox 1816 4499 3416 4574">
     <span class='ocr_line' id='line_1_92' title="bbox 1816 4499 3416 4574; baseline 0.004 -19"><span class='ocrx_word' id='word_1_699' title='bbox 1816 4499 1878 4556; x_wconf 89' lang='lat' dir='ltr'><strong>ﬁt</strong></span> <span class='ocrx_word' id='word_1_700' title='bbox 1915 4516 2013 4572; x_wconf 88' lang='lat' dir='ltr'><strong>per</strong></span> <span class='ocrx_word' id='word_1_701' title='bbox 2055 4502 2320 4574; x_wconf 88' lang='lat' dir='ltr'><strong>gratiam,</strong></span> <span class='ocrx_word' id='word_1_702' title='bbox 2366 4504 2577 4559; x_wconf 89' lang='lat' dir='ltr'><strong>meritis</strong></span> <span class='ocrx_word' id='word_1_703' title='bbox 2607 4503 3044 4573; x_wconf 77' lang='lat' dir='ltr'><strong>praecedentibus</strong></span> <span class='ocrx_word' id='word_1_704' title='bbox 3079 4503 3416 4562; x_wconf 89' lang='lat' dir='ltr'><strong>deberetur:</strong></span> 
     </span>
    </p>
   </div>
   <div class='ocr_carea' id='block_1_93' title="bbox 1819 4597 3418 4670">
    <p class='ocr_par' dir='ltr' id='par_1_93' title="bbox 1819 4597 3418 4670">
     <span class='ocr_line' id='line_1_93' title="bbox 1819 4597 3418 4670; baseline 0.002 -20"><span class='ocrx_word' id='word_1_705' title='bbox 1819 4605 1880 4650; x_wconf 94' lang='lat' dir='ltr'><strong>ut</strong></span> <span class='ocrx_word' id='word_1_706' title='bbox 1900 4611 2006 4652; x_wconf 92' lang='lat' dir='ltr'><strong>non</strong></span> <span class='ocrx_word' id='word_1_707' title='bbox 2030 4612 2230 4653; x_wconf 91' lang='lat' dir='ltr'><strong>munus</strong></span> <span class='ocrx_word' id='word_1_708' title='bbox 2251 4597 2554 4670; x_wconf 88' lang='lat' dir='ltr'><strong>largientis,</strong></span> <span class='ocrx_word' id='word_1_709' title='bbox 2583 4597 2681 4653; x_wconf 90' lang='lat' dir='ltr'><strong>sed</strong></span> <span class='ocrx_word' id='word_1_710' title='bbox 2710 4612 2922 4654; x_wconf 91' lang='lat' dir='ltr'><strong>merces</strong></span> <span class='ocrx_word' id='word_1_711' title='bbox 2944 4608 3091 4654; x_wconf 89' lang='lat' dir='ltr'><strong>esset</strong></span> <span class='ocrx_word' id='word_1_712' title='bbox 3118 4599 3418 4670; x_wconf 88' lang='lat' dir='ltr'><strong>operantis.</strong></span> 
     </span>
    </p>
   </div>
   <div class='ocr_carea' id='block_1_94' title="bbox 112 4659 3418 4765">
    <p class='ocr_par' dir='ltr' id='par_1_94' title="bbox 112 4659 3418 4765">
     <span class='ocr_line' id='line_1_94' title="bbox 112 4659 3418 4765; baseline 0.001 -19"><span class='ocrx_word' id='word_1_713' title='bbox 112 4659 201 4747; x_wconf 72' lang='lat' dir='ltr'><strong>tur</strong></span> <span class='ocrx_word' id='word_1_714' title='bbox 230 4705 361 4762; x_wconf 84' lang='lat' dir='ltr'><strong>pars</strong></span> <span class='ocrx_word' id='word_1_715' title='bbox 391 4659 673 4746; x_wconf 75' lang='lat' dir='ltr'><strong>boininum</strong></span> <span class='ocrx_word' id='word_1_716' title='bbox 707 4659 861 4762; x_wconf 73' lang='lat' dir='ltr'><strong>parte</strong></span> <span class='ocrx_word' id='word_1_717' title='bbox 892 4659 1177 4764; x_wconf 76' lang='lat' dir='ltr'><strong>pereunte.</strong></span> <span class='ocrx_word' id='word_1_718' title='bbox 1220 4691 1289 4748; x_wconf 87' lang='lat' dir='ltr'><strong>Et</strong></span> <span class='ocrx_word' id='word_1_719' title='bbox 1315 4694 1362 4748; x_wconf 89' lang='lat' dir='ltr'><strong>si</strong></span> <span class='ocrx_word' id='word_1_720' title='bbox 1392 4659 1496 4750; x_wconf 79' lang='lat' dir='ltr'><strong>hoc</strong></span> <span class='ocrx_word' id='word_1_721' title='bbox 1525 4695 1717 4750; x_wconf 85' lang='lat' dir='ltr'><strong>volun-</strong></span> <span class='ocrx_word' id='word_1_722' title='bbox 1742 4659 1798 4722; x_wconf 65' lang='grc' dir='ltr'><strong>Β</strong></span> <span class='ocrx_word' id='word_1_723' title='bbox 1824 4689 1977 4748; x_wconf 89' lang='lat' dir='ltr'><strong>Unde</strong></span> <span class='ocrx_word' id='word_1_724' title='bbox 2019 4701 2200 4749; x_wconf 90' lang='lat' dir='ltr'><strong>autem</strong></span> <span class='ocrx_word' id='word_1_725' title='bbox 2242 4703 2428 4764; x_wconf 91' lang='lat' dir='ltr'><strong>posset</strong></span> <span class='ocrx_word' id='word_1_726' title='bbox 2479 4692 2698 4764; x_wconf 90' lang='lat' dir='ltr'><strong>probari</strong></span> <span class='ocrx_word' id='word_1_727' title='bbox 2738 4691 2884 4765; x_wconf 89' lang='lat' dir='ltr'><strong>quod</strong></span> <span class='ocrx_word' id='word_1_728' title='bbox 2928 4693 2995 4748; x_wconf 91' lang='lat' dir='ltr'><strong>ad</strong></span> <span class='ocrx_word' id='word_1_729' title='bbox 3043 4693 3418 4750; x_wconf 89' lang='lat' dir='ltr'><strong>evacuandum</strong></span> 
     </span>
    </p>
   </div>
   <div class='ocr_carea' id='block_1_95' title="bbox 111 4785 1717 4859">
    <p class='ocr_par' dir='ltr' id='par_1_95' title="bbox 111 4785 1717 4859">
     <span class='ocr_line' id='line_1_95' title="bbox 111 4785 1717 4859; baseline 0.002 -16"><span class='ocrx_word' id='word_1_730' title='bbox 111 4795 289 4843; x_wconf 89' lang='lat' dir='ltr'><strong>tatum</strong></span> <span class='ocrx_word' id='word_1_731' title='bbox 323 4785 536 4842; x_wconf 87' lang='lat' dir='ltr'><strong>meritis</strong></span> <span class='ocrx_word' id='word_1_732' title='bbox 560 4786 792 4841; x_wconf 88' lang='lat' dir='ltr'><strong>velimus</strong></span> <span class='ocrx_word' id='word_1_733' title='bbox 809 4787 1108 4857; x_wconf 88' lang='lat' dir='ltr'><strong>ascribere,</strong></span> <span class='ocrx_word' id='word_1_734' title='bbox 1135 4795 1192 4841; x_wconf 90' lang='lat' dir='ltr'><strong>ut</strong></span> <span class='ocrx_word' id='word_1_735' title='bbox 1212 4786 1383 4842; x_wconf 91' lang='lat' dir='ltr'><strong>malos</strong></span> <span class='ocrx_word' id='word_1_736' title='bbox 1406 4787 1717 4859; x_wconf 84' lang='lat' dir='ltr'><strong>neglexisse</strong></span> 
     </span>
    </p>
   </div>
   <div class='ocr_carea' id='block_1_96' title="bbox 115 4881 1720 4954">
    <p class='ocr_par' dir='ltr' id='par_1_96' title="bbox 115 4881 1720 4954">
     <span class='ocr_line' id='line_1_96' title="bbox 115 4881 1720 4954; baseline 0.002 -17"><span class='ocrx_word' id='word_1_737' title='bbox 115 4882 296 4953; x_wconf 90' lang='lat' dir='ltr'><strong>gratia</strong></span> <span class='ocrx_word' id='word_1_738' title='bbox 317 4923 333 4948; x_wconf 94' lang='lat'><strong>,</strong></span> <span class='ocrx_word' id='word_1_739' title='bbox 369 4881 541 4937; x_wconf 89' lang='lat' dir='ltr'><strong>bonos</strong></span> <span class='ocrx_word' id='word_1_740' title='bbox 573 4892 752 4937; x_wconf 87' lang='lat' dir='ltr'><strong>autem</strong></span> <span class='ocrx_word' id='word_1_741' title='bbox 793 4881 1023 4954; x_wconf 87' lang='lat' dir='ltr'><strong>elegisse</strong></span> <span class='ocrx_word' id='word_1_742' title='bbox 1051 4881 1298 4938; x_wconf 88' lang='lat' dir='ltr'><strong>videatur</strong></span> <span class='ocrx_word' id='word_1_743' title='bbox 1325 4899 1340 4936; x_wconf 93' lang='lat'><strong>:</strong></span> <span class='ocrx_word' id='word_1_744' title='bbox 1376 4884 1592 4939; x_wconf 88' lang='lat' dir='ltr'><strong>resistet</strong></span> <span class='ocrx_word' id='word_1_745' title='bbox 1622 4899 1720 4940; x_wconf 87' lang='lat' dir='ltr'><strong>no-</strong></span> 
     </span>
    </p>
   </div>
   <div class='ocr_carea' id='block_1_97' title="bbox 117 4977 1722 5051">
    <p class='ocr_par' dir='ltr' id='par_1_97' title="bbox 117 4977 1722 5051">
     <span class='ocr_line' id='line_1_97' title="bbox 117 4977 1722 5051; baseline 0.002 -19"><span class='ocrx_word' id='word_1_746' title='bbox 117 4977 202 5033; x_wconf 91' lang='lat' dir='ltr'><strong>bis</strong></span> <span class='ocrx_word' id='word_1_747' title='bbox 249 4977 727 5033; x_wconf 87' lang='lat' dir='ltr'><strong>innumerabilium</strong></span> <span class='ocrx_word' id='word_1_748' title='bbox 772 4992 934 5034; x_wconf 89' lang='lat' dir='ltr'><strong>causa</strong></span> <span class='ocrx_word' id='word_1_749' title='bbox 976 4977 1329 5049; x_wconf 90' lang='lat' dir='ltr'><strong>populorum,</strong></span> <span class='ocrx_word' id='word_1_750' title='bbox 1379 4977 1574 5048; x_wconf 92' lang='lat' dir='ltr'><strong>quibus</strong></span> <span class='ocrx_word' id='word_1_751' title='bbox 1623 4995 1722 5051; x_wconf 88' lang='lat' dir='ltr'><strong>per</strong></span> 
     </span>
    </p>
   </div>
   <div class='ocr_carea' id='block_1_98' title="bbox 117 5071 1724 5131">
    <p class='ocr_par' dir='ltr' id='par_1_98' title="bbox 117 5071 1724 5131">
     <span class='ocr_line' id='line_1_98' title="bbox 117 5071 1724 5131; baseline 0.003 -4"><span class='ocrx_word' id='word_1_752' title='bbox 117 5079 202 5128; x_wconf 88' lang='lat' dir='ltr'><strong>tot</strong></span> <span class='ocrx_word' id='word_1_753' title='bbox 231 5073 435 5127; x_wconf 73' lang='lat' dir='ltr'><strong>saecula</strong></span> <span class='ocrx_word' id='word_1_754' title='bbox 483 5073 627 5128; x_wconf 89' lang='lat' dir='ltr'><strong>nulla</strong></span> <span class='ocrx_word' id='word_1_755' title='bbox 675 5072 917 5129; x_wconf 64' lang='lat' dir='ltr'><strong>caelestis</strong></span> <span class='ocrx_word' id='word_1_756' title='bbox 947 5072 1207 5128; x_wconf 70' lang='lat' dir='ltr'><strong>doetrinze</strong></span> <span class='ocrx_word' id='word_1_757' title='bbox 1251 5071 1593 5131; x_wconf 88' lang='lat' dir='ltr'><strong>annuutiatio</strong></span> <span class='ocrx_word' id='word_1_758' title='bbox 1629 5090 1724 5131; x_wconf 86' lang='lat' dir='ltr'><strong>co-</strong></span> 
     </span>
    </p>
   </div>
   <div class='ocr_carea' id='block_1_99' title="bbox 119 5165 1721 5240">
    <p class='ocr_par' dir='ltr' id='par_1_99' title="bbox 119 5165 1721 5240">
     <span class='ocr_line' id='line_1_99' title="bbox 119 5165 1721 5240; baseline 0.002 -19"><span class='ocrx_word' id='word_1_759' title='bbox 119 5167 398 5230; x_wconf 84' lang='lat' dir='ltr'><strong>ruscavit,</strong></span> <span class='ocrx_word' id='word_1_760' title='bbox 429 5180 530 5222; x_wconf 90' lang='lat' dir='ltr'><strong>nec</strong></span> <span class='ocrx_word' id='word_1_761' title='bbox 555 5165 810 5222; x_wconf 91' lang='lat' dir='ltr'><strong>meliores</strong></span> <span class='ocrx_word' id='word_1_762' title='bbox 841 5166 1005 5221; x_wconf 83' lang='lat' dir='ltr'><strong>fuisse</strong></span> <span class='ocrx_word' id='word_1_763' title='bbox 1034 5180 1220 5221; x_wconf 90' lang='lat' dir='ltr'><strong>eorum</strong></span> <span class='ocrx_word' id='word_1_764' title='bbox 1251 5177 1496 5237; x_wconf 89' lang='lat' dir='ltr'><strong>posteros</strong></span> <span class='ocrx_word' id='word_1_765' title='bbox 1525 5183 1721 5240; x_wconf 90' lang='lat' dir='ltr'><strong>possu-</strong></span> 
     </span>
    </p>
   </div>
   <div class='ocr_carea' id='block_1_100' title="bbox 122 5254 1725 5336">
    <p class='ocr_par' dir='ltr' id='par_1_100' title="bbox 122 5254 1725 5336">
     <span class='ocr_line' id='line_1_100' title="bbox 122 5254 1725 5336; baseline 0.003 -21"><span class='ocrx_word' id='word_1_766' title='bbox 122 5254 248 5316; x_wconf 82' lang='lat' dir='ltr'><strong>mus</strong></span> <span class='ocrx_word' id='word_1_767' title='bbox 278 5259 493 5329; x_wconf 86' lang='lat' dir='ltr'><strong>dicere,</strong></span> <span class='ocrx_word' id='word_1_768' title='bbox 523 5260 593 5317; x_wconf 91' lang='lat' dir='ltr'><strong>de</strong></span> <span class='ocrx_word' id='word_1_769' title='bbox 622 5260 816 5331; x_wconf 89' lang='lat' dir='ltr'><strong>quibus</strong></span> <span class='ocrx_word' id='word_1_770' title='bbox 835 5261 1093 5332; x_wconf 91' lang='lat' dir='ltr'><strong>scriptum</strong></span> <span class='ocrx_word' id='word_1_771' title='bbox 1123 5269 1242 5315; x_wconf 88' lang='lat' dir='ltr'><strong>est:</strong></span> <span class='ocrx_word' id='word_1_772' title='bbox 1277 5260 1527 5319; x_wconf 91' lang='lat' dir='ltr'><strong>Gentium</strong></span> <span class='ocrx_word' id='word_1_773' title='bbox 1551 5279 1725 5336; x_wconf 64' lang='lat' dir='ltr'><strong>popu«</strong></span> 
     </span>
    </p>
   </div>
   <div class='ocr_carea' id='block_1_101' title="bbox 123 5354 1730 5431">
    <p class='ocr_par' dir='ltr' id='par_1_101' title="bbox 123 5354 1730 5431">
     <span class='ocr_line' id='line_1_101' title="bbox 123 5354 1730 5431; baseline 0.007 -23"><span class='ocrx_word' id='word_1_774' title='bbox 123 5354 212 5409; x_wconf 89' lang='lat' dir='ltr'><strong>lus</strong></span> <span class='ocrx_word' id='word_1_775' title='bbox 239 5354 334 5424; x_wconf 93' lang='lat' dir='ltr'><strong>qui</strong></span> <span class='ocrx_word' id='word_1_776' title='bbox 357 5355 583 5411; x_wconf 89' lang='lat' dir='ltr'><strong>sedebat</strong></span> <span class='ocrx_word' id='word_1_777' title='bbox 621 5357 968 5423; x_wconf 90' lang='lat' dir='ltr'><strong>intenebris,</strong></span> <span class='ocrx_word' id='word_1_778' title='bbox 1001 5357 1174 5413; x_wconf 91' lang='lat' dir='ltr'><strong>lucem</strong></span> <span class='ocrx_word' id='word_1_779' title='bbox 1206 5357 1336 5412; x_wconf 88' lang='lat' dir='ltr'><strong>vidit</strong></span> <span class='ocrx_word' id='word_1_780' title='bbox 1362 5375 1608 5431; x_wconf 86' lang='lat' dir='ltr'><strong>magnam</strong></span> <span class='ocrx_word' id='word_1_781' title='bbox 1632 5402 1647 5428; x_wconf 93' lang='lat'><strong>,</strong></span> <span class='ocrx_word' id='word_1_782' title='bbox 1673 5371 1730 5419; x_wconf 89' lang='lat' dir='ltr'><strong>et</strong></span> 
     </span>
    </p>
   </div>
   <div class='ocr_carea' id='block_1_102' title="bbox 124 5448 1729 5512">
    <p class='ocr_par' dir='ltr' id='par_1_102' title="bbox 124 5448 1729 5512">
     <span class='ocr_line' id='line_1_102' title="bbox 124 5448 1729 5512; baseline 0.006 -9"><span class='ocrx_word' id='word_1_783' title='bbox 124 5448 452 5504; x_wconf 82' lang='lat' dir='ltr'><strong>sedentibus</strong></span> <span class='ocrx_word' id='word_1_784' title='bbox 490 5448 543 5504; x_wconf 90' lang='lat' dir='ltr'><strong>in</strong></span> <span class='ocrx_word' id='word_1_785' title='bbox 576 5450 816 5506; x_wconf 91' lang='lat' dir='ltr'><strong>tenebris</strong></span> <span class='ocrx_word' id='word_1_786' title='bbox 846 5459 901 5507; x_wconf 91' lang='lat' dir='ltr'><strong>et</strong></span> <span class='ocrx_word' id='word_1_787' title='bbox 926 5451 1116 5507; x_wconf 89' lang='lat' dir='ltr'><strong>umbra</strong></span> <span class='ocrx_word' id='word_1_788' title='bbox 1148 5453 1339 5507; x_wconf 91' lang='lat' dir='ltr'><strong>mortis</strong></span> <span class='ocrx_word' id='word_1_789' title='bbox 1367 5452 1458 5507; x_wconf 82' lang='lat' dir='ltr'><strong>lux</strong></span> <span class='ocrx_word' id='word_1_790' title='bbox 1499 5465 1616 5510; x_wconf 91' lang='lat' dir='ltr'><strong>orta</strong></span> <span class='ocrx_word' id='word_1_791' title='bbox 1647 5466 1729 5512; x_wconf 90' lang='lat' dir='ltr'><strong>est</strong></span> 
     </span>
    </p>
   </div>
   <div class='ocr_carea' id='block_1_103' title="bbox 125 5539 1723 5616">
    <p class='ocr_par' dir='ltr' id='par_1_103' title="bbox 125 5539 1723 5616">
     <span class='ocr_line' id='line_1_103' title="bbox 125 5539 1723 5616; baseline 0.006 -19"><span class='ocrx_word' id='word_1_792' title='bbox 125 5542 242 5597; x_wconf 89' lang='lat' dir='ltr'><strong>illis</strong></span> <span class='ocrx_word' id='word_1_793' title='bbox 293 5539 450 5614; x_wconf 85' lang='lat' dir='ltr'><strong>(Isai.</strong></span> <span class='ocrx_word' id='word_1_794' title='bbox 499 5544 600 5614; x_wconf 81' lang='lat' dir='ltr'><strong>ix).</strong></span> <span class='ocrx_word' id='word_1_795' title='bbox 647 5544 715 5599; x_wconf 88' lang='lat' dir='ltr'><strong>Et</strong></span> <span class='ocrx_word' id='word_1_796' title='bbox 742 5546 808 5600; x_wconf 87' lang='lat' dir='ltr'><strong>ad</strong></span> <span class='ocrx_word' id='word_1_797' title='bbox 845 5559 981 5616; x_wconf 90' lang='lat' dir='ltr'><strong>quos</strong></span> <span class='ocrx_word' id='word_1_798' title='bbox 1019 5547 1296 5616; x_wconf 88' lang='lat' dir='ltr'><strong>apostolus</strong></span> <span class='ocrx_word' id='word_1_799' title='bbox 1328 5547 1517 5602; x_wconf 85' lang='lat' dir='ltr'><strong>Petrus</strong></span> <span class='ocrx_word' id='word_1_800' title='bbox 1548 5547 1723 5607; x_wconf 90' lang='lat' dir='ltr'><strong>dicit:</strong></span> 
     </span>
    </p>
   </div>
   <div class='ocr_carea' id='block_1_104' title="bbox 134 5635 1725 5712">
    <p class='ocr_par' dir='ltr' id='par_1_104' title="bbox 134 5635 1725 5712">
     <span class='ocr_line' id='line_1_104' title="bbox 134 5635 1725 5712; baseline 0.004 -20"><span class='ocrx_word' id='word_1_801' title='bbox 134 5635 245 5692; x_wconf 86' lang='lat' dir='ltr'><strong>Vos</strong></span> <span class='ocrx_word' id='word_1_802' title='bbox 301 5648 484 5694; x_wconf 90' lang='lat' dir='ltr'><strong>autem</strong></span> <span class='ocrx_word' id='word_1_803' title='bbox 533 5654 705 5710; x_wconf 91' lang='lat' dir='ltr'><strong>genus</strong></span> <span class='ocrx_word' id='word_1_804' title='bbox 757 5641 1032 5708; x_wconf 91' lang='lat' dir='ltr'><strong>electum,</strong></span> <span class='ocrx_word' id='word_1_805' title='bbox 1090 5643 1272 5712; x_wconf 88' lang='lat' dir='ltr'><strong>regale</strong></span> <span class='ocrx_word' id='word_1_806' title='bbox 1323 5641 1725 5710; x_wconf 88' lang='lat' dir='ltr'><strong>sacerdotium,</strong></span> 
     </span>
    </p>
   </div>
   <div class='ocr_carea' id='block_1_105' title="bbox 128 5735 1736 5806">
    <p class='ocr_par' dir='ltr' id='par_1_105' title="bbox 128 5735 1736 5806">
     <span class='ocr_line' id='line_1_105' title="bbox 128 5735 1736 5806; baseline 0.002 -16"><span class='ocrx_word' id='word_1_807' title='bbox 128 5750 268 5806; x_wconf 87' lang='lat' dir='ltr'><strong>gens</strong></span> <span class='ocrx_word' id='word_1_808' title='bbox 300 5742 486 5790; x_wconf 88' lang='lat' dir='ltr'><strong>sancta</strong></span> <span class='ocrx_word' id='word_1_809' title='bbox 509 5775 526 5802; x_wconf 93' lang='lat'><strong>,</strong></span> <span class='ocrx_word' id='word_1_810' title='bbox 578 5735 808 5806; x_wconf 79' lang='lat' dir='ltr'><strong>pepulus</strong></span> <span class='ocrx_word' id='word_1_811' title='bbox 846 5736 1246 5806; x_wconf 85' lang='lat' dir='ltr'><strong>acquisitionis,</strong></span> <span class='ocrx_word' id='word_1_812' title='bbox 1283 5745 1341 5792; x_wconf 92' lang='lat' dir='ltr'><strong>ut</strong></span> <span class='ocrx_word' id='word_1_813' title='bbox 1379 5735 1610 5792; x_wconf 89' lang='lat' dir='ltr'><strong>virtutes</strong></span> <span class='ocrx_word' id='word_1_814' title='bbox 1637 5753 1736 5793; x_wconf 87' lang='lat' dir='ltr'><strong>au-</strong></span> 
     </span>
    </p>
   </div>
   <div class='ocr_carea' id='block_1_106' title="bbox 129 5826 1738 5900">
    <p class='ocr_par' dir='ltr' id='par_1_106' title="bbox 129 5826 1738 5900">
     <span class='ocr_line' id='line_1_106' title="bbox 129 5826 1738 5900; baseline 0.001 -16"><span class='ocrx_word' id='word_1_815' title='bbox 129 5827 408 5884; x_wconf 86' lang='lat' dir='ltr'><strong>nnntietis</strong></span> <span class='ocrx_word' id='word_1_816' title='bbox 433 5827 552 5898; x_wconf 87' lang='lat' dir='ltr'><strong>ejus</strong></span> <span class='ocrx_word' id='word_1_817' title='bbox 582 5829 674 5900; x_wconf 90' lang='lat' dir='ltr'><strong>qui</strong></span> <span class='ocrx_word' id='word_1_818' title='bbox 698 5828 766 5886; x_wconf 90' lang='lat' dir='ltr'><strong>de</strong></span> <span class='ocrx_word' id='word_1_819' title='bbox 794 5829 1033 5886; x_wconf 85' lang='lat' dir='ltr'><strong>tenebris</strong></span> <span class='ocrx_word' id='word_1_820' title='bbox 1060 5845 1158 5886; x_wconf 90' lang='lat' dir='ltr'><strong>vos</strong></span> <span class='ocrx_word' id='word_1_821' title='bbox 1187 5826 1403 5886; x_wconf 89' lang='lat' dir='ltr'><strong>vocavit</strong></span> <span class='ocrx_word' id='word_1_822' title='bbox 1431 5829 1486 5884; x_wconf 91' lang='lat' dir='ltr'><strong>in</strong></span> <span class='ocrx_word' id='word_1_823' title='bbox 1511 5839 1618 5886; x_wconf 85' lang='lat' dir='ltr'><strong>tam</strong></span> <span class='ocrx_word' id='word_1_824' title='bbox 1641 5831 1738 5886; x_wconf 82' lang='lat' dir='ltr'><strong>ad-</strong></span> 
     </span>
    </p>
   </div>
   <div class='ocr_carea' id='block_1_107' title="bbox 129 5919 1734 5996">
    <p class='ocr_par' dir='ltr' id='par_1_107' title="bbox 129 5919 1734 5996">
     <span class='ocr_line' id='line_1_107' title="bbox 129 5919 1734 5996; baseline 0.001 -16"><span class='ocrx_word' id='word_1_825' title='bbox 129 5919 394 5980; x_wconf 84' lang='lat' dir='ltr'><strong>mirabile</strong></span> <span class='ocrx_word' id='word_1_826' title='bbox 424 5921 604 5980; x_wconf 88' lang='lat' dir='ltr'><strong>lumen</strong></span> <span class='ocrx_word' id='word_1_827' title='bbox 636 5938 790 5979; x_wconf 91' lang='lat' dir='ltr'><strong>suum</strong></span> <span class='ocrx_word' id='word_1_828' title='bbox 827 5939 840 5976; x_wconf 75' lang='grc' dir='ltr'><em>τ</em></span> <span class='ocrx_word' id='word_1_829' title='bbox 873 5923 964 5994; x_wconf 92' lang='lat' dir='ltr'><strong>qui</strong></span> <span class='ocrx_word' id='word_1_830' title='bbox 1005 5923 1276 5994; x_wconf 91' lang='lat' dir='ltr'><strong>quondam</strong></span> <span class='ocrx_word' id='word_1_831' title='bbox 1317 5938 1424 5981; x_wconf 80' lang='lat' dir='ltr'><strong>non</strong></span> <span class='ocrx_word' id='word_1_832' title='bbox 1465 5924 1734 5996; x_wconf 89' lang='lat' dir='ltr'><strong>populus,</strong></span> 
     </span>
    </p>
   </div>
   <div class='ocr_carea' id='block_1_108' title="bbox 1821 4786 3425 4858">
    <p class='ocr_par' dir='ltr' id='par_1_108' title="bbox 1821 4786 3425 4858">
     <span class='ocr_line' id='line_1_108' title="bbox 1821 4786 3425 4858; baseline 0.003 -19"><span class='ocrx_word' id='word_1_833' title='bbox 1821 4786 2089 4856; x_wconf 84' lang='lat' dir='ltr'><strong>originale</strong></span> <span class='ocrx_word' id='word_1_834' title='bbox 2112 4794 2395 4858; x_wconf 87' lang='lat' dir='ltr'><strong>peccatum</strong></span> <span class='ocrx_word' id='word_1_835' title='bbox 2423 4786 2569 4843; x_wconf 92' lang='lat' dir='ltr'><strong>nulla</strong></span> <span class='ocrx_word' id='word_1_836' title='bbox 2604 4786 2795 4844; x_wconf 90' lang='lat' dir='ltr'><strong>idonea</strong></span> <span class='ocrx_word' id='word_1_837' title='bbox 2825 4798 2971 4846; x_wconf 88' lang='lat' dir='ltr'><strong>esset</strong></span> <span class='ocrx_word' id='word_1_838' title='bbox 3000 4788 3293 4857; x_wconf 85' lang='lat' dir='ltr'><strong>industria,</strong></span> <span class='ocrx_word' id='word_1_839' title='bbox 3317 4787 3425 4845; x_wconf 90' lang='lat' dir='ltr'><strong>nisi</strong></span> 
     </span>
    </p>
   </div>
   <div class='ocr_carea' id='block_1_109' title="bbox 1823 4879 3425 4953">
    <p class='ocr_par' dir='ltr' id='par_1_109' title="bbox 1823 4879 3425 4953">
     <span class='ocr_line' id='line_1_109' title="bbox 1823 4879 3425 4953; baseline 0.003 -19"><span class='ocrx_word' id='word_1_840' title='bbox 1823 4887 1880 4934; x_wconf 90' lang='lat' dir='ltr'><strong>et</strong></span> <span class='ocrx_word' id='word_1_841' title='bbox 1905 4879 2057 4951; x_wconf 91' lang='lat' dir='ltr'><strong>impii</strong></span> <span class='ocrx_word' id='word_1_842' title='bbox 2087 4890 2141 4937; x_wconf 91' lang='lat' dir='ltr'><strong>et</strong></span> <span class='ocrx_word' id='word_1_843' title='bbox 2169 4880 2464 4938; x_wconf 82' lang='lat' dir='ltr'><strong>facinerosi</strong></span> <span class='ocrx_word' id='word_1_844' title='bbox 2502 4897 2600 4953; x_wconf 89' lang='lat' dir='ltr'><strong>per</strong></span> <span class='ocrx_word' id='word_1_845' title='bbox 2639 4882 2912 4938; x_wconf 91' lang='lat' dir='ltr'><strong>lavacrum</strong></span> <span class='ocrx_word' id='word_1_846' title='bbox 2939 4881 3143 4939; x_wconf 90' lang='lat' dir='ltr'><strong>Christi</strong></span> <span class='ocrx_word' id='word_1_847' title='bbox 3179 4897 3425 4939; x_wconf 85' lang='lat' dir='ltr'><strong>assume-</strong></span> 
     </span>
    </p>
   </div>
   <div class='ocr_carea' id='block_1_110' title="bbox 1823 4976 3424 5050">
    <p class='ocr_par' dir='ltr' id='par_1_110' title="bbox 1823 4976 3424 5050">
     <span class='ocr_line' id='line_1_110' title="bbox 1823 4976 3424 5050; baseline 0.003 -20"><span class='ocrx_word' id='word_1_848' title='bbox 1823 4984 2014 5032; x_wconf 93' lang='lat' dir='ltr'><strong>rentur</strong></span> <span class='ocrx_word' id='word_1_849' title='bbox 2044 4976 2096 5030; x_wconf 93' lang='lat' dir='ltr'><strong>in</strong></span> <span class='ocrx_word' id='word_1_850' title='bbox 2123 4993 2349 5048; x_wconf 89' lang='lat' dir='ltr'><strong>regnum</strong></span> <span class='ocrx_word' id='word_1_851' title='bbox 2365 5017 2382 5045; x_wconf 92' lang='lat'><strong>,</strong></span> <span class='ocrx_word' id='word_1_852' title='bbox 2406 4985 2876 5050; x_wconf 90' lang='lat' dir='ltr'><strong>agnoscerentque</strong></span> <span class='ocrx_word' id='word_1_853' title='bbox 2896 4979 2988 5050; x_wconf 91' lang='lat' dir='ltr'><strong>qui</strong></span> <span class='ocrx_word' id='word_1_854' title='bbox 3011 4978 3065 5034; x_wconf 89' lang='lat' dir='ltr'><strong>in</strong></span> <span class='ocrx_word' id='word_1_855' title='bbox 3089 4991 3184 5034; x_wconf 89' lang='lat' dir='ltr'><strong>sua</strong></span> <span class='ocrx_word' id='word_1_856' title='bbox 3210 4977 3424 5048; x_wconf 88' lang='lat' dir='ltr'><strong>justitia</strong></span> 
     </span>
    </p>
   </div>
   <div class='ocr_carea' id='block_1_111' title="bbox 1825 5069 3427 5145">
    <p class='ocr_par' dir='ltr' id='par_1_111' title="bbox 1825 5069 3427 5145">
     <span class='ocr_line' id='line_1_111' title="bbox 1825 5069 3427 5145; baseline 0.005 -23"><span class='ocrx_word' id='word_1_857' title='bbox 1825 5069 2158 5142; x_wconf 87' lang='lat' dir='ltr'><strong>gloriantur,</strong></span> <span class='ocrx_word' id='word_1_858' title='bbox 2198 5087 2361 5141; x_wconf 86' lang='lat' dir='ltr'><strong>quam</strong></span> <span class='ocrx_word' id='word_1_859' title='bbox 2404 5070 2540 5128; x_wconf 87' lang='lat' dir='ltr'><strong>nihil</strong></span> <span class='ocrx_word' id='word_1_860' title='bbox 2578 5073 2800 5145; x_wconf 90' lang='lat' dir='ltr'><strong>dignum</strong></span> <span class='ocrx_word' id='word_1_861' title='bbox 2841 5087 3002 5144; x_wconf 88' lang='lat' dir='ltr'><strong>agere</strong></span> <span class='ocrx_word' id='word_1_862' title='bbox 3035 5073 3246 5143; x_wconf 86' lang='lat' dir='ltr'><strong>possint</strong></span> <span class='ocrx_word' id='word_1_863' title='bbox 3293 5072 3427 5130; x_wconf 82' lang='lat' dir='ltr'><strong>ado-</strong></span> 
     </span>
    </p>
   </div>
   <div class='ocr_carea' id='block_1_112' title="bbox 1829 5166 3430 5240">
    <p class='ocr_par' dir='ltr' id='par_1_112' title="bbox 1829 5166 3430 5240">
     <span class='ocr_line' id='line_1_112' title="bbox 1829 5166 3430 5240; baseline 0.001 -17"><span class='ocrx_word' id='word_1_864' title='bbox 1829 5169 2016 5238; x_wconf 91' lang='lat' dir='ltr'><strong>ptione</strong></span> <span class='ocrx_word' id='word_1_865' title='bbox 2043 5166 2277 5223; x_wconf 88' lang='lat' dir='ltr'><strong>ﬁliorum</strong></span> <span class='ocrx_word' id='word_1_866' title='bbox 2308 5167 2436 5236; x_wconf 87' lang='lat' dir='ltr'><strong>Dei,</strong></span> <span class='ocrx_word' id='word_1_867' title='bbox 2478 5168 2524 5224; x_wconf 88' lang='lat' dir='ltr'><strong>si</strong></span> <span class='ocrx_word' id='word_1_868' title='bbox 2553 5168 2621 5224; x_wconf 89' lang='lat' dir='ltr'><strong>ad</strong></span> <span class='ocrx_word' id='word_1_869' title='bbox 2649 5167 3077 5240; x_wconf 86' lang='lat' dir='ltr'><strong>regenerationis</strong></span> <span class='ocrx_word' id='word_1_870' title='bbox 3101 5180 3208 5223; x_wconf 90' lang='lat' dir='ltr'><strong>non</strong></span> <span class='ocrx_word' id='word_1_871' title='bbox 3237 5181 3430 5238; x_wconf 87' lang='lat' dir='ltr'><strong>perve-</strong></span> 
     </span>
    </p>
   </div>
   <div class='ocr_carea' id='block_1_113' title="bbox 1831 5261 3430 5334">
    <p class='ocr_par' dir='ltr' id='par_1_113' title="bbox 1831 5261 3430 5334">
     <span class='ocr_line' id='line_1_113' title="bbox 1831 5261 3430 5334; baseline 0.001 -16"><span class='ocrx_word' id='word_1_872' title='bbox 1831 5261 2015 5318; x_wconf 89' lang='lat' dir='ltr'><strong>nerint</strong></span> <span class='ocrx_word' id='word_1_873' title='bbox 2042 5273 2438 5320; x_wconf 89' lang='lat' dir='ltr'><strong>sacramentum</strong></span> <span class='ocrx_word' id='word_1_874' title='bbox 2471 5282 2483 5320; x_wconf 88' lang='lat'><strong>:</strong></span> <span class='ocrx_word' id='word_1_875' title='bbox 2530 5280 2652 5321; x_wconf 92' lang='lat' dir='ltr'><strong>cum</strong></span> <span class='ocrx_word' id='word_1_876' title='bbox 2697 5265 2886 5320; x_wconf 90' lang='lat' dir='ltr'><strong>eadem</strong></span> <span class='ocrx_word' id='word_1_877' title='bbox 2916 5277 3020 5334; x_wconf 88' lang='lat' dir='ltr'><strong>qua</strong></span> <span class='ocrx_word' id='word_1_878' title='bbox 3051 5263 3430 5320; x_wconf 86' lang='lat' dir='ltr'><strong>scelestissimi</strong></span> 
     </span>
    </p>
   </div>
   <div class='ocr_carea' id='block_1_114' title="bbox 1834 5356 3432 5430">
    <p class='ocr_par' dir='ltr' id='par_1_114' title="bbox 1834 5356 3432 5430">
     <span class='ocr_line' id='line_1_114' title="bbox 1834 5356 3432 5430; baseline -0.001 -14"><span class='ocrx_word' id='word_1_879' title='bbox 1834 5368 2152 5430; x_wconf 90' lang='lat' dir='ltr'><strong>peccatores</strong></span> <span class='ocrx_word' id='word_1_880' title='bbox 2193 5358 2502 5417; x_wconf 90' lang='lat' dir='ltr'><strong>conditione</strong></span> <span class='ocrx_word' id='word_1_881' title='bbox 2549 5367 2837 5414; x_wconf 90' lang='lat' dir='ltr'><strong>teneantur</strong></span> <span class='ocrx_word' id='word_1_882' title='bbox 2880 5373 2895 5412; x_wconf 89' lang='lat'><strong>:</strong></span> <span class='ocrx_word' id='word_1_883' title='bbox 2943 5371 3105 5428; x_wconf 85' lang='lat' dir='ltr'><strong>pares</strong></span> <span class='ocrx_word' id='word_1_884' title='bbox 3153 5356 3321 5413; x_wconf 89' lang='lat' dir='ltr'><strong>futuri</strong></span> <span class='ocrx_word' id='word_1_885' title='bbox 3377 5359 3432 5415; x_wconf 90' lang='lat' dir='ltr'><strong>in</strong></span> 
     </span>
    </p>
   </div>
   <div class='ocr_carea' id='block_1_115' title="bbox 1836 5449 3432 5522">
    <p class='ocr_par' dir='ltr' id='par_1_115' title="bbox 1836 5449 3432 5522">
     <span class='ocr_line' id='line_1_115' title="bbox 1836 5449 3432 5522; baseline -0.001 -13"><span class='ocrx_word' id='word_1_886' title='bbox 1836 5453 2298 5519; x_wconf 87' lang='lat' dir='ltr'><strong>sanctiﬁcatione,</strong></span> <span class='ocrx_word' id='word_1_887' title='bbox 2339 5453 2385 5508; x_wconf 88' lang='lat' dir='ltr'><strong>si</strong></span> <span class='ocrx_word' id='word_1_888' title='bbox 2423 5450 2660 5508; x_wconf 88' lang='lat' dir='ltr'><strong>adfuerit</strong></span> <span class='ocrx_word' id='word_1_889' title='bbox 2685 5451 3051 5522; x_wconf 88' lang='lat' dir='ltr'><strong>regeneratio,</strong></span> <span class='ocrx_word' id='word_1_890' title='bbox 3092 5449 3258 5508; x_wconf 88' lang='lat' dir='ltr'><strong>simul</strong></span> <span class='ocrx_word' id='word_1_891' title='bbox 3285 5449 3432 5522; x_wconf 90' lang='lat' dir='ltr'><strong>peri-</strong></span> 
     </span>
    </p>
   </div>
   <div class='ocr_carea' id='block_1_116' title="bbox 1839 5544 3436 5620">
    <p class='ocr_par' dir='ltr' id='par_1_116' title="bbox 1839 5544 3436 5620">
     <span class='ocr_line' id='line_1_116' title="bbox 1839 5544 3436 5620; baseline -0.001 -16"><span class='ocrx_word' id='word_1_892' title='bbox 1839 5549 1944 5604; x_wconf 92' lang='lat' dir='ltr'><strong>turi</strong></span> <span class='ocrx_word' id='word_1_893' title='bbox 1975 5548 2023 5604; x_wconf 92' lang='lat' dir='ltr'><strong>si</strong></span> <span class='ocrx_word' id='word_1_894' title='bbox 2052 5545 2343 5605; x_wconf 80' lang='lat' dir='ltr'><strong>cessaverit</strong></span> <span class='ocrx_word' id='word_1_895' title='bbox 2370 5544 2620 5601; x_wconf 77' lang='lat' dir='ltr'><strong>ablutio?</strong></span> <span class='ocrx_word' id='word_1_896' title='bbox 2668 5544 2723 5602; x_wconf 88' lang='lat' dir='ltr'><strong>Si</strong></span> <span class='ocrx_word' id='word_1_897' title='bbox 2750 5559 2881 5616; x_wconf 88' lang='lat' dir='ltr'><strong>ergo</strong></span> <span class='ocrx_word' id='word_1_898' title='bbox 2909 5545 3073 5601; x_wconf 91' lang='lat' dir='ltr'><strong>etiam</strong></span> <span class='ocrx_word' id='word_1_899' title='bbox 3113 5561 3182 5604; x_wconf 82' lang='lat' dir='ltr'><strong>ex</strong></span> <span class='ocrx_word' id='word_1_900' title='bbox 3211 5547 3436 5620; x_wconf 83' lang='lat' dir='ltr'><strong>nequis-</strong></span> 
     </span>
    </p>
   </div>
   <div class='ocr_carea' id='block_1_117' title="bbox 1839 5637 3434 5713">
    <p class='ocr_par' dir='ltr' id='par_1_117' title="bbox 1839 5637 3434 5713">
     <span class='ocr_line' id='line_1_117' title="bbox 1839 5637 3434 5713; baseline 0 -17"><span class='ocrx_word' id='word_1_901' title='bbox 1839 5639 1995 5697; x_wconf 90' lang='lat' dir='ltr'><strong>simis</strong></span> <span class='ocrx_word' id='word_1_902' title='bbox 2025 5641 2077 5696; x_wconf 92' lang='lat' dir='ltr'><strong>in</strong></span> <span class='ocrx_word' id='word_1_903' title='bbox 2108 5640 2225 5713; x_wconf 88' lang='lat' dir='ltr'><strong>ipso</strong></span> <span class='ocrx_word' id='word_1_904' title='bbox 2254 5640 2380 5695; x_wconf 70' lang='lat' dir='ltr'><strong>vitae</strong></span> <span class='ocrx_word' id='word_1_905' title='bbox 2407 5638 2555 5694; x_wconf 79' lang='lat' dir='ltr'><strong>exitu</strong></span> <span class='ocrx_word' id='word_1_906' title='bbox 2585 5638 2760 5710; x_wconf 90' lang='lat' dir='ltr'><strong>gratia</strong></span> <span class='ocrx_word' id='word_1_907' title='bbox 2791 5637 3000 5694; x_wconf 88' lang='lat' dir='ltr'><strong>invenit</strong></span> <span class='ocrx_word' id='word_1_908' title='bbox 3024 5654 3161 5712; x_wconf 88' lang='lat' dir='ltr'><strong>quos</strong></span> <span class='ocrx_word' id='word_1_909' title='bbox 3188 5641 3434 5713; x_wconf 77' lang='lat' dir='ltr'><strong>adoptat,</strong></span> 
     </span>
    </p>
   </div>
   <div class='ocr_carea' id='block_1_118' title="bbox 1842 5730 3440 5802">
    <p class='ocr_par' dir='ltr' id='par_1_118' title="bbox 1842 5730 3440 5802">
     <span class='ocr_line' id='line_1_118' title="bbox 1842 5730 3440 5802; baseline 0 -11"><span class='ocrx_word' id='word_1_910' title='bbox 1842 5750 1966 5792; x_wconf 90' lang='lat' dir='ltr'><strong>cum</strong></span> <span class='ocrx_word' id='word_1_911' title='bbox 1998 5743 2178 5791; x_wconf 90' lang='lat' dir='ltr'><strong>tamen</strong></span> <span class='ocrx_word' id='word_1_912' title='bbox 2224 5732 2375 5788; x_wconf 87' lang='lat' dir='ltr'><strong>multi</strong></span> <span class='ocrx_word' id='word_1_913' title='bbox 2405 5730 2568 5787; x_wconf 90' lang='lat' dir='ltr'><strong>etiam</strong></span> <span class='ocrx_word' id='word_1_914' title='bbox 2599 5731 2688 5802; x_wconf 93' lang='lat' dir='ltr'><strong>qui</strong></span> <span class='ocrx_word' id='word_1_915' title='bbox 2739 5731 2920 5788; x_wconf 91' lang='lat' dir='ltr'><strong>minus</strong></span> <span class='ocrx_word' id='word_1_916' title='bbox 2967 5742 3226 5790; x_wconf 88' lang='lat' dir='ltr'><strong>nocentes</strong></span> <span class='ocrx_word' id='word_1_917' title='bbox 3250 5732 3440 5791; x_wconf 86' lang='lat' dir='ltr'><strong>viden-</strong></span> 
     </span>
    </p>
   </div>
   <div class='ocr_carea' id='block_1_119' title="bbox 1845 5824 3440 5900">
    <p class='ocr_par' dir='ltr' id='par_1_119' title="bbox 1845 5824 3440 5900">
     <span class='ocr_line' id='line_1_119' title="bbox 1845 5824 3440 5900; baseline 0 -15"><span class='ocrx_word' id='word_1_918' title='bbox 1845 5836 1969 5896; x_wconf 91' lang='lat' dir='ltr'><strong>tur,</strong></span> <span class='ocrx_word' id='word_1_919' title='bbox 2009 5827 2139 5885; x_wconf 89' lang='lat' dir='ltr'><strong>doni</strong></span> <span class='ocrx_word' id='word_1_920' title='bbox 2167 5827 2326 5900; x_wconf 86' lang='lat' dir='ltr'><strong>hujus</strong></span> <span class='ocrx_word' id='word_1_921' title='bbox 2361 5825 2525 5883; x_wconf 90' lang='lat' dir='ltr'><strong>alieni</strong></span> <span class='ocrx_word' id='word_1_922' title='bbox 2562 5824 2677 5882; x_wconf 89' lang='lat' dir='ltr'><strong>sint</strong></span> <span class='ocrx_word' id='word_1_923' title='bbox 2707 5842 2724 5884; x_wconf 90' lang='lat'><strong>:</strong></span> <span class='ocrx_word' id='word_1_924' title='bbox 2754 5825 2876 5898; x_wconf 88' lang='lat' dir='ltr'><strong>quis</strong></span> <span class='ocrx_word' id='word_1_925' title='bbox 2906 5825 3011 5884; x_wconf 91' lang='lat' dir='ltr'><strong>hoc</strong></span> <span class='ocrx_word' id='word_1_926' title='bbox 3035 5837 3130 5883; x_wconf 91' lang='lat' dir='ltr'><strong>aut</strong></span> <span class='ocrx_word' id='word_1_927' title='bbox 3171 5827 3293 5884; x_wconf 86' lang='lat' dir='ltr'><strong>sine</strong></span> <span class='ocrx_word' id='word_1_928' title='bbox 3324 5826 3440 5886; x_wconf 89' lang='lat' dir='ltr'><strong>dis-</strong></span> 
     </span>
    </p>
   </div>
   <div class='ocr_carea' id='block_1_120' title="bbox 1849 5917 3440 5994">
    <p class='ocr_par' dir='ltr' id='par_1_120' title="bbox 1849 5917 3440 5994">
     <span class='ocr_line' id='line_1_120' title="bbox 1849 5917 3440 5994; baseline -0.001 -15"><span class='ocrx_word' id='word_1_929' title='bbox 1849 5921 2172 5994; x_wconf 90' lang='lat' dir='ltr'><strong>pensatione</strong></span> <span class='ocrx_word' id='word_1_930' title='bbox 2201 5920 2297 5978; x_wconf 87' lang='lat' dir='ltr'><strong>Dei</strong></span> <span class='ocrx_word' id='word_1_931' title='bbox 2331 5918 2448 5976; x_wconf 86' lang='lat' dir='ltr'><strong>ﬁeri</strong></span> <span class='ocrx_word' id='word_1_932' title='bbox 2478 5961 2493 5991; x_wconf 88' lang='lat'><strong>,</strong></span> <span class='ocrx_word' id='word_1_933' title='bbox 2519 5925 2613 5976; x_wconf 87' lang='lat' dir='ltr'><strong>aut</strong></span> <span class='ocrx_word' id='word_1_934' title='bbox 2647 5918 2768 5977; x_wconf 89' lang='lat' dir='ltr'><strong>sine</strong></span> <span class='ocrx_word' id='word_1_935' title='bbox 2799 5918 3067 5994; x_wconf 83' lang='lat' dir='ltr'><strong>profunda</strong></span> <span class='ocrx_word' id='word_1_936' title='bbox 3098 5917 3243 5978; x_wconf 87' lang='lat' dir='ltr'><strong>dicat</strong></span> <span class='ocrx_word' id='word_1_937' title='bbox 3273 5917 3440 5994; x_wconf 74' lang='lat' dir='ltr'><strong>aequi-</strong></span> 
     </span>
    </p>
   </div>
  </div>
