3958 6314
557 303 694 362 ιοτδι

1597 303 1944 362 ΑΡΡΕΝΒΙΧ
1985 302 2078 361 ΑΒ
2115 301 2348 364 OPEBA
2390 305 2448 364 S.
2483 309 2832 370 AMBROSII.

3687 319 3794 380 if?!

553 431 663 477 tate
713 422 976 477 decerni?
1001 421 1154 492 Quod
1207 423 1390 492 utique
1439 437 1547 478 non
1601 421 1728 478 ideo
1757 423 1998 491 iniquum
2035 431 2148 490 est,
2179 423 2234 484 Α
2259 425 2486 484 oriatur.
2519 429 2588 484 Et
2609 429 2872 500 incipiunt
2901 430 2966 485 ad
2989 437 3308 502 perpetuam
3339 433 3558 503 gloriam
3585 437 3794 505 MﬁCm

550 515 677 584 quia
709 514 982 572 occultum
1013 523 1094 570 est
1129 535 1140 568 :
1173 516 1272 570 sed
1307 516 1428 571 ideo
1459 533 1674 586 aequum
1705 525 1817 586 est,
1854 519 1978 589 quia
2006 517 2154 586 judi-

551 607 695 662 cium
725 605 821 662 Dei
861 621 984 662 esse
1023 623 1130 662 non
1169 607 1392 664 dubium
1419 619 1524 664 est.
1553 609 1709 678 Quod
1741 611 1886 666 enim
1909 609 1978 665 ab
2009 609 2152 664 illius

552 701 752 771 pendet
797 703 1064 768 arbitrio,
1133 719 1236 776 qua
1295 707 1568 762 sententia
1623 706 1861 777 judicari
1920 706 2148 774 debeat,

547 797 860 866 priusquam
901 795 1174 867 judicetur
1220 799 1488 854 incertum
1529 809 1636 856 est.
1677 799 1812 856 Cum
1851 807 2030 856 autem
2063 811 2152 856 res

546 885 613 942 ad
651 889 810 942 ﬁnem
841 901 995 944 suum
1025 891 1274 960 venerit,
1309 891 1514 946 nemini
1535 891 1768 948 liberum
1795 899 1878 947 est
1909 892 1978 946 de
2001 889 2150 946 exitu

547 982 848 1052 conqueri:
903 982 1030 1054 quid
1083 985 1450 1042 certissimum
1491 993 1576 1042 est
1615 986 1750 1041 nihil
1787 985 1938 1040 aliter
1979 985 2150 1041 Deum

545 1073 729 1130 facere
755 1075 1009 1132 debuisse
1033 1117 1048 1144 ,
1082 1093 1243 1148 quam
1293 1079 1500 1135 fecerit.
1536 1077 1638 1148 Qui
1681 1077 2024 1134 multimoda:
2049 1093 2152 1132 vo-

543 1169 774 1225 cationis
799 1171 1116 1226 varietatem
1167 1171 1233 1226 ad
1276 1188 1438 1226 unam
1479 1173 1710 1244 gratiam
1743 1174 2106 1240 pertinentem
2134 1209 2150 1238 ,

539 1261 706 1320 etiam
751 1259 836 1316 illa
885 1263 1068 1334 regula
1102 1264 1440 1336 evangelica:
1473 1265 1899 1335 comparationis
1927 1264 2148 1336 (Matth.

539 1357 636 1428 xx)
681 1357 950 1423 aStruxit,
995 1373 1100 1428 qua
1147 1358 1388 1415 ostendit
1441 1359 1892 1430 patremfamilias
1933 1359 2150 1414 diverso

538 1459 790 1522 tempore
819 1451 1218 1508 conducentem
1251 1452 1536 1524 Oper-aries
1561 1454 1739 1509 vinea
1769 1453 1870 1508 sub
1893 1453 2150 1524 pactione

537 1539 776 1608 denarii,
809 1559 917 1615 quo
947 1543 1074 1598 vita:
1104 1553 1326 1600 aeterna:
1357 1545 1696 1614 signiﬁcatur
1725 1546 2030 1617 aequalitas,
2059 1545 2148 1600 ubi

541 1633 662 1692 sine
691 1635 858 1692 dubio
887 1636 1015 1692 liora
1051 1637 1340 1694 undecima
1371 1639 1668 1696 intromissi
1692 1637 1748 1694 in
1775 1639 1988 1695 vineam
2015 1679 2032 1706 ,
2067 1648 2150 1692 to-

539 1729 646 1784 tius
669 1725 774 1785 diei
796 1731 1069 1800 cperariis
1091 1732 1358 1802 exmquati
1377 1773 1390 1798 ,
1423 1731 1656 1786 istorum
1679 1731 1748 1788 de
1779 1732 1978 1803 quibus
2005 1747 2150 1788 nunc

2257 531 2354 588 per
2377 519 2536 576 ﬁdem
2555 563 2570 588 ,
2603 523 2692 594 qui
2727 523 2814 578 vix
2839 522 2906 578 ad
2936 527 3292 593 temporalem
3325 539 3474 580 vana
3499 525 3658 581 laudis
3681 537 3798 597 poti:-

2255 625 2380 670 rant
2427 617 2712 686 pervenire
2749 618 3082 674 mercedem.
3117 619 3246 675 Sive
3299 619 3442 676 enim
3469 619 3668 676 Judreos
3695 621 3798 694 iege

2254 707 2482 764 scientia
2511 719 2748 776 tumens,
2775 711 2888 768 sive
2913 710 3140 768 Gre-cus
3171 711 3352 768 studio
3385 713 3654 784 sapientiai
3681 725 3798 772 nata-

2255 803 2385 860 ralis
2409 803 2647 874 inﬂatus,
2665 804 2974 876 priusquam
2989 805 3326 876 justiﬁcetur
3343 821 3436 876 per
3455 807 3606 861 ﬁdem
3617 807 3799 876 Christi,

2254 897 2546 954 conclusus
2573 907 2659 954 est
2701 897 2804 954 sub
2835 908 3058 968 peccato
3081 897 3126 964 (l
3153 897 3281 954 Cor.
3315 911 3366 964 ι,
3409 897 3560 954 Rom.
3597 898 3634 970 ι)
3661 917 3672 952 :
3705 909 3748 954 et
3769 903 3800 956 si

2259 991 2310 1046 in
2357 1007 2452 1046 sua
2485 991 2808 1048 inﬁdelitate
2855 992 3192 1064 perstiterit,
3229 994 3304 1046 ira
3339 992 3434 1050 Dei
3479 1001 3644 1048 manet
3679 1005 3804 1064 super

2253 1101 2378 1142 cum
2407 1083 2587 1158 (Joan.
2623 1085 2726 1158 ιιι).
2759 1085 2850 1141 illa
2889 1085 3108 1142 scilicet
3137 1085 3192 1140 in
3233 1084 3368 1140 Adae
3407 1086 3800 1156 przevsricataeae

2253 1187 2554 1244 contracta,
2581 1177 2648 1234 de
2669 1193 2772 1250 qua
2801 1178 3096 1249 Apostolus
3113 1177 3376 1250 loquitur,
3405 1175 3622 1234 dicens:
3651 1179 3710 1234 Et
3731 1195 3803 1234 vos

2253 1285 2378 1327 cum
2411 1271 2604 1327 essetis
2651 1272 2852 1326 mortui
2903 1271 3124 1326 delictis
3159 1279 3216 1327 et
3257 1269 3500 1342 peccetis
3539 1273 3742 1334 vostris.
3767 1274 3803 1326 in

2253 1365 2452 1437 quibus
2505 1365 2800 1436 aliquando
2861 1365 3184 1422 ambulastis
3239 1365 3541 1422 secundum
3595 1367 3803 1422 ominis

2256 1459 2440 1514 mundi
2472 1458 2634 1530 Itttjﬂs
2661 1499 2676 1526 ,
2707 1459 3002 1514 secundum
3047 1459 3354 1529 principem
3395 1459 3672 1530 petestatis

2256 1549 2418 1622 hujus
2445 1593 2460 1618 ,
2489 1551 2714 1621 spiritus
2743 1551 2834 1622 qui
2865 1567 3009 1606 nunc
3038 1561 3300 1622 operatur
3341 1552 3396 1605 in
3425 1551 3564 1606 ﬁlios
3603 1551 3806 1607 difideoe

2255 1643 2344 1698 tiae
2365 1683 2380 1711 ,
2413 1645 2465 1698 in
2491 1645 2692 1714 quibus
2720 1651 2776 1700 et
2802 1659 2902 1700 nos
2927 1645 3224 1716 aliquando
3253 1645 3562 1700 conversati
3583 1657 3748 1700 sumas
3771 1645 3808 1699 is

2255 1735 2546 1792 desideriis
2581 1739 2764 1792 carnis
2803 1745 3004 1792 nostra
3028 1777 3044 1802 ,
3077 1735 3350 1792 facientes
3375 1737 3694 1792 voluntatem
3723 1751 3810 1792 car-

543 1821 837 1894 loqnimur,
863 1825 1160 1895 praeferunt
1195 1835 1400 1882 sortem
1420 1867 1435 1890 ,
1484 1841 1624 1897 quos
1659 1827 1730 1882 ad
1761 1827 2154 1882 commendan-
2181 1823 2232 1886 B
2261 1831 2344 1886 nis
2371 1839 2427 1885 et
2447 1830 2836 1902 cogitationum
2857 1869 2870 1894 ,
2895 1841 2948 1886 et
2971 1845 3193 1888 eramus
3219 1840 3416 1886 natura
3445 1831 3544 1886 ﬁlii
3573 1832 3688 1894 ira,
3707 1831 3812 1884 sicut

543 1917 670 1974 dam
699 1918 889 1988 gratiae
918 1919 1302 1975 excellentiam
1349 1921 1400 1974 in
1442 1919 1660 1976 defectu
1689 1919 1800 1976 diei
1837 1929 1893 1975 et
1930 1920 2156 1974 conclu-

549 2013 702 2068 sione
730 2017 857 2068 vitre
884 2013 1064 2069 divina
1097 2013 1431 2086 indulgentia
1463 2015 1808 2070 muneravit:
1843 2029 1950 2068 non
1979 2013 2154 2068 labori

545 2109 784 2179 pretium
815 2109 1074 2176 solvens,
1119 2109 1216 2164 sed
1261 2107 1484 2164 divitias
1527 2107 1790 2164 bonitatis
1821 2121 1934 2162 suae
1977 2107 2028 2160 in
2059 2119 2157 2162 eos

545 2217 685 2274 quos
706 2203 823 2258 sine
847 2203 1110 2274 operibus
1134 2201 1330 2274 elegit,
1362 2201 1650 2258 effundens
1677 2221 1690 2258 ς
1721 2213 1778 2257 ιιι
1805 2201 1974 2258 etiam
2001 2201 2036 2258 ii
2065 2197 2158 2270 qui

549 2295 604 2350 in
633 2296 806 2352 multo
835 2295 1024 2352 labore
1050 2295 1322 2351 sudarunt
1348 2337 1362 2362 ,
1405 2311 1504 2350 nec
1527 2295 1762 2366 amplius
1787 2309 1947 2366 quam
1977 2293 2158 2349 novis-

545 2389 670 2444 simi
704 2397 1070 2458 acceperunt,
1107 2389 1418 2460 intelligant
1447 2387 1652 2442 donum
1693 2403 1752 2443 se
1789 2387 2014 2458 gratim,
2047 2401 2156 2442 non

549 2497 775 2552 Operum
799 2483 1083 2552 accepisse
1111 2485 1446 2538 mercedem.
1477 2481 1634 2538 Unde
1675 2481 1724 2536 si
1759 2491 1814 2536 et
1847 2497 1946 2536 nos
1969 2480 2158 2537 adver—

549 2589 670 2630 sum
720 2573 1166 2646 patremfamilias
1195 2591 1598 2630 murmuremus
1625 2615 1640 2640 ,
1689 2590 1756 2630 eo
1793 2573 1938 2644 quod
1977 2573 2158 2629 novis—

550 2669 690 2725 sime
741 2669 916 2724 vocati
967 2670 1129 2725 totius
1174 2669 1282 2726 diei
1327 2669 1596 2738 operariis
1634 2679 2010 2739 corequentur,
2055 2682 2158 2724 nec

551 2761 784 2834 amplius
823 2763 994 2819 multa
1035 2779 1199 2834 opera
1227 2779 1390 2835 quam
1437 2779 1576 2833 pene
1605 2764 1752 2818 nulla
1793 2771 2108 2818 mereantur
2142 2781 2154 2816 :

551 2853 765 2912 dicetur
787 2857 945 2912 nobis
963 2855 1106 2927 quod
1125 2857 1215 2910 uni
1235 2871 1423 2912 eorum
1449 2871 1772 2926 reSponsuin
1795 2863 1878 2910 est
1902 2871 1916 2908 :
1945 2855 2153 2918 Amice,

553 2963 662 3004 non
695 2943 833 3004 facio
865 2945 961 3004 tibi
990 2945 1271 3018 injuriam,
1301 2963 1486 3004 nonne
1508 2964 1574 3004 ex
1603 2949 1830 3004 denario
1853 2947 2156 3002 convenisti

553 3043 804 3099 mecum?
838 3041 990 3097 Tolle
1019 3042 1162 3112 quod
1193 3051 1339 3098 tuum
1371 3053 1491 3122 est,
1533 3053 1588 3098 et
1617 3043 1752 3099 vade
1779 3062 1791 3098 :
1833 3043 1954 3098 volo
1975 3053 2154 3098 autem

533 3117 608 3190 ἐι
655 3133 780 3190 huic
813 3135 1108 3190 novissimo
1137 3135 1266 3190 dare
1304 3117 1540 3190 sicut—et
1580 3136 1696 3192 tibi.
1725 3136 1832 3191 Aut
1877 3151 1984 3190 non
2030 3137 2156 3192 licet

2257 1933 2314 1982 et
2339 1927 2528 1981 caueri
2551 1925 2774 1996 (Epiros.
2810 1923 2894 1998 ιι).
2928 1926 2994 1980 Et
3019 1925 3218 1981 iterum
3249 1925 3582 1993 :Quieratis
3609 1925 3810 1980 illotus-

2257 2033 2394 2090 pore
2417 2019 2538 2074 sine
2561 2017 2801 2085 Christo,
2825 2017 3052 2074 alienati
3133 2019 3557 2073 conversatione
3583 2017 3754 2079 Israel.
3775 2031 3812 2070 ει

2256 2111 2506 2182 hospites
2557 2119 3010 2166 testamentorum
3041 2151 3058 2175 ,
3113 2111 3498 2181 promissionis
3553 2124 3690 2180 spem
3731 2121 3813 2166 nos

2257 2207 2552 2276 habentes,
2585 2217 2636 2262 et
2661 2207 2781 2262 sine
2812 2205 2922 2262 Deo
2957 2206 3012 2260 in
3037 2205 3242 2262 mundo
3273 2205 3497 2277 Ubii).
3525 2205 3594 2260 Et
3619 2205 3812 2260 iterum:

2258 2301 2440 2356 Eratis
2483 2299 2776 2368 aliquando
2807 2301 3048 2356 tenebrae
3069 2339 3086 2366 ,
3133 2315 3282 2354 nunc
3315 2309 3501 2354 autem
3547 2299 3638 2354 ιι
3663 2299 3710 2352 in
3739 2297 3814 2351 De-

2259 2395 2408 2448 niino
2432 2391 2654 2464 (Epher.
2687 2393 2764 2463 v).
2797 2393 2862 2448 Et
2907 2393 3104 2448 iterum
3135 2409 3150 2446 :
3179 2391 3404 2447 Gratias
3431 2401 3652 2462 agentes
3671 2391 3813 2452 Patri,

2257 2485 2348 2556 qui
2381 2485 2574 2558 dignos
2603 2501 2702 2540 nos
2731 2487 2856 2540 fecit
2893 2487 2946 2540 in
2989 2494 3200 2556 partem
3243 2485 3414 2540 sortis
3459 2495 3746 2540 seruatorem
3777 2483 3814 2537 is

2259 2579 2498 2646 lumine,
2525 2582 2616 2650 qui
2649 2581 2850 2650 eripuit
2881 2595 2978 2634 nos
3009 2581 3076 2635 de
3101 2579 3376 2646 tenebris,
3407 2591 3462 2634 et
3491 2589 3736 2650 potestate
3759 2589 3816 2634 te-

2259 2677 2554 2730 nebrarum
2577 2711 2592 2742 ,
2625 2685 2680 2729 et
2714 2673 2998 2728 transtulit
3038 2673 3092 2728 in
3143 2689 3376 2743 regnum
3403 2673 3530 2728 Filii
3553 2669 3816 2726 dilectionis

2257 2781 2370 2824 suae.
2400 2765 2622 2836 (Colon.
2653 2764 2713 2836 ι).
2751 2765 2816 2820 Et
2837 2767 3032 2822 iterum
3069 2783 3080 2818 :
3119 2767 3350 2820 Eramus
3371 2775 3430 2821 et.
3457 2781 3556 2820 nos
3577 2763 3816 2834 aliquando

2259 2859 2580 2928 insipientes
2601 2901 2616 2926 ,
2667 2859 2964 2924 increduli,
3011 2867 3296 2924 errantes,
3326 2861 3628 2914 servientes
3649 2859 3818 2911 deside-

2259 2953 2388 3020 riis,
2432 2965 2490 3008 et
2533 2952 2904 3022 voluptatibus
2947 2951 3154 3016 variis,
3209 2951 3266 3006 in
3319 2951 3526 3006 malitia
3567 2961 3620 3005 et
3653 2949 3816 3006 invidit

2259 3054 2516 3116 agentes,
2545 3045 2778 3100 odibiles
2798 3087 2813 3112 ,
2847 3045 3094 3098 odientes
3138 3045 3376 3100 invicem
3419 3043 3550 3116 (Tit.
3581 3045 3678 3114 ιιι).
3711 3041 3814 3098 Cen

2259 3150 2440 3196 autem
2475 3141 2782 3212 benignitas
2813 3151 2868 3195 et
2911 3138 3224 3194 humanitas
3265 3140 3524 3210 pparuit
3569 3139 3816 3194 Salvater's

553 3227 688 3284 mihi
739 3229 807 3284 de
856 3245 915 3284 re
962 3243 1079 3284 mea
1111 3229 1291 3286 facere
1328 3231 1472 3300 quod
1513 3231 1676 3286 volo?
1710 3233 1790 3286 An
1820 3234 2006 3288 oenlus
2037 3245 2157 3290 tuus
2183 3215 2228 3278 θ
2263 3237 2432 3290 nostri
2469 3253 2480 3286 :
2515 3250 2620 3290 non
2651 3249 2716 3290 ex
2749 3233 3010 3306 operibus
3033 3233 3264 3304 justitiaa
3289 3249 3416 3305 quae
3457 3233 3674 3288 fecimus
3707 3243 3816 3294 eos,

554 3337 787 3394 nequam
821 3332 934 3392 est,
966 3323 1092 3394 quia
1116 3338 1216 3394 ego
1238 3324 1416 3380 benus
1439 3325 1599 3380 sum?
1628 3323 1819 3398 (Ibid.)
1845 3325 2006 3382 Certe
2031 3327 2156 3384 huic

554 3413 938 3472 calumniatori
969 3415 1168 3486 injusta
1199 3415 1480 3473 videbatur
1510 3418 1626 3474 [nec
1653 3419 1898 3490 largitas.
1934 3421 2000 3474 Et
2025 3419 2152 3490 quid

551 3509 877 3566 eruditionis
903 3511 1129 3566 retulit?
1155 3511 1282 3582 quid
1305 3511 1534 3568 rationis
1563 3513 1814 3584 accepit?
1847 3513 1962 3568 Non
1993 3523 2076 3568 est
2103 3514 2152 3570 ei

551 3603 974 3673 dispensationis
1018 3605 1179 3674 hujus
1217 3608 1459 3662 revelata
1485 3607 1694 3678 justitia
1714 3651 1730 3676 ,
1765 3623 1864 3663 nec
1885 3607 1952 3661 ad
1981 3607 2155 3678 inspe-

548 3699 784 3778 ctionem
811 3699 1007 3756 secreti
1037 3701 1257 3756 latentis
1279 3701 1548 3756 admissus
1568 3711 1684 3757 est:
1715 3700 1808 3756 sed
1839 3710 1946 3756 uta
1974 3700 2155 3756 discu-

553 3793 750 3848 tiendis
779 3789 876 3850 Dei
895 3793 1120 3864 judiciis
1150 3795 1492 3862 abstineret,
1526 3795 1772 3866 opposita
1801 3804 1886 3850 est
1915 3795 1966 3850 ei
1995 3795 2152 3849 boni-

553 3895 635 3942 tas
665 3885 980 3942 miserantis
1001 3930 1015 3954 ,
1043 3895 1099 3942 et
1123 3886 1353 3942 volentis
1383 3897 1622 3956 potestas
1647 3929 1664 3954 ,
1692 3889 1846 3958 quasi
1888 3888 1962 3941 illi
2003 3899 2056 3942 et
2085 3885 2154 3941 ab

553 3979 818 4051 Apostolo
845 3979 1120 4037 diceretur
1151 3999 1164 4034 :
1206 3979 1251 4036 0
1280 3979 1462 4045 immo,
1491 3991 1544 4035 tu
1573 3981 1694 4050 quis
1725 3996 1784 4036 es
1811 3981 1901 4050 qui
1927 3994 2155 4050 respon-

550 4073 680 4128 deas
713 4071 860 4128 Deo?
884 4071 1155 4144 Numquid
1190 4072 1324 4128 dicit
1351 4073 1668 4142 ﬁgmentum
1694 4075 1740 4128 ei
1765 4071 2150 4142 quiseﬁnxit:

549 4165 732 4234 Quare
758 4183 843 4223 me
866 4167 1043 4223 fecisti
1075 4165 1152 4222 sic
1181 4165 1358 4238 (Rom.
1393 4165 1508 4239 1x)?
1528 4166 1799 4222 Omnibus
1819 4180 1949 4236 ergo
1981 4161 2154 4220 homi-

553 4257 712 4314 nibus
752 4257 1042 4328 cujuslibet
1091 4259 1340 4330 generis,
1389 4259 1682 4328 cujuslibet
1731 4257 2060 4313 conditionis
2099 4263 2154 4312 et

551 4353 730 4410 artatis
756 4369 918 4410 causa
947 4353 1310 4424 percipienda:
1356 4356 1542 4424 gratia:
1581 4353 1835 4410 voluntas
1887 4353 1980 4408 Dei
2029 4359 2147 4422 est,

550 4447 690 4518 apud
721 4463 882 4519 quam
933 4447 1074 4503 ratio
1122 4445 1408 4502 electionis
1452 4445 1769 4502 abscondita
1817 4453 1928 4511 est,
1981 4443 2048 4498 ab
2087 4458 2150 4499 ea

545 4541 719 4612 gratia
775 4535 1158 4610 incipientibus
1208 4539 1460 4606 meritis,
1513 4553 1676 4609 quam
1725 4551 1986 4608 accepere
2029 4536 2149 4592 sine

2260 3329 2354 3384 sed
2383 3328 2682 3384 secundum
2715 3343 2866 3382 suam
2899 3325 3336 3382 misericordiam
3369 3326 3552 3380 salvus
3591 3337 3681 3378 nos
3719 3321 3816 3376 fecit

2259 3439 2354 3492 per
2387 3423 2660 3478 lavacrum
2695 3419 3128 3492 regenerationis
3167 3419 3404 3490 Spiritus
3449 3420 3648 3482 sancti,
3689 3431 3815 3487 quem

2257 3517 2448 3574 effudit
2477 3517 2528 3571 in
2562 3529 2662 3571 nos
2703 3515 2920 3570 abunde
2951 3529 3046 3584 per
3089 3513 3278 3570 Iesum
3317 3513 3600 3568 Christum
3625 3510 3816 3565 saltato-

2257 3625 2372 3664 rem
2415 3618 2690 3674 nostrum,
2737 3617 2794 3662 ut
2831 3607 3112 3678 justiﬁcati
3149 3605 3324 3675 gratia
3371 3606 3580 3675 ipsius,
3619 3601 3816 3658 heredes

2257 3704 2430 3760 simus
2459 3705 2762 3760 secundum
2795 3717 2948 3773 spem
2969 3702 3094 3757 vita:
3115 3709 3358 3756 acterna}.

2875 3793 3108 3852 CAPUT
3152 3792 3240 3848 VI.

2516 3888 2701 3956 Qualis
2717 3892 2784 3944 sit
2809 3899 2999 3944 natura
3027 3888 3260 3944 humana
3278 3889 3394 3942 sine
3412 3887 3603 3958 gratia.

2329 3985 2396 4040 Et
2427 3993 2484 4039 ut
2511 3985 2834 4040 brevissime
2863 3991 3048 4054 pateat
3089 3983 3268 4052 qualis
3305 3983 3376 4036 sit
3405 3993 3598 4036 natura
3623 3979 3818 4034 humana

2254 4077 2374 4134 sine
2399 4077 2592 4147 gratia,
2625 4078 2774 4132 dicat
2803 4075 2968 4132 ludas
2991 4075 3272 4146 apostolus
3295 4075 3426 4146 quid
3454 4083 3578 4143 agat
3601 4073 3676 4128 vel
3705 4071 3822 4141 igno-

2255 4173 2430 4227 rantia
2464 4173 2860 4242 imperitorum,
2896 4171 2980 4224 vel
3019 4168 3273 4226 doctrina
3301 4168 3648 4238 sapientium.
3675 4165 3822 4219 Ilitu-

2257 4273 2389 4331 teni,
2417 4265 2612 4336 inquit,
2646 4279 3002 4335 quaecumque
3051 4263 3270 4334 quidem
3305 4263 3582 4333 ignorant,
3611 4261 3822 4330 blasphe-

2253 4367 2404 4414 niant
2439 4373 2454 4410 :
2483 4373 2838 4428 quaecumque
2879 4366 3062 4412 autem
3091 4355 3444 4412 'naturaliter
3475 4367 3534 4410 ut
3573 4363 3710 4409 muta
3735 4349 3822 4405 ani

2255 4451 2412 4506 malia
2441 4459 2662 4517 norunt,
2711 4451 2764 4505 in
2812 4450 2896 4506 his
2925 4457 3354 4518 corrumpuntur
3407 4448 3592 4518 (ludia
3617 4448 3672 4517 ι).
3705 4445 3824 4500 Dia!

2254 4543 2418 4598 etiam
2447 4544 2550 4598 sub
2595 4543 2778 4598 verbis
2823 4543 3103 4598 Zachariae
3133 4541 3474 4612 evangelista
3503 4540 3698 4606 Lucas,
3725 4545 3824 4591 ante

548 4633 782 4689 ῐηθΐίῑίεο
812 4629 944 4700 QUID
976 4632 1021 4687 Si
1062 4639 1288 4704 Possem
1314 4631 1459 4687 bona
1504 4645 1627 4686 9559
1657 4631 1775 4686 Sine
1801 4630 1972 4701 gratia
1992 4670 2006 4696 ν
2039 4643 2146 4684 ῐιοιι
2175 4605 2226 4666 D
2251 4637 2702 4694 illuminationem
2733 4637 2922 4710 gratia:
2963 4636 3020 4692 in
3044 4652 3152 4708 qua
3179 4636 3480 4692 humanum
3511 4649 3676 4708 genu
3701 4641 3826 4688 mea

544 4727 857 4785 diceretur:
891 4725 1002 4782 Nisi
1030 4723 1149 4796 quis
1173 4735 1393 4781 renatus
1423 4723 1582 4780 fuerit
1607 4739 1674 4780 ex
1698 4739 1836 4795 aqua
1867 4734 1916 4778 et
1943 4721 2147 4794 Spiritu

543 4831 756 4892 sancto,
804 4837 914 4878 non
938 4819 1166 4877 intrabit
1195 4823 1248 4875 in
1277 4835 1501 4892 regnum
1532 4817 1795 4874 cmlorum
1829 4813 2009 4890 (Joan.
2041 4815 2144 4886 nt);

541 4931 644 4974 et:
693 4915 809 4973 Nisi
865 4911 1327 4970 manducaveritis
1374 4927 1595 4970 carnem
1641 4911 1737 4967 ﬁlii
1776 4909 2048 4978 hominis,
2093 4919 2149 4966 et

539 5011 789 5070 biberitis
838 5009 1158 5082 sanguinem
1211 5009 1364 5080 ejus,
1412 5021 1522 5064 non
1574 5005 1843 5062 habebitis
1881 5007 2046 5062 vitam
2089 5003 2144 5062 in

537 5103 692 5163 vobis
724 5103 907 5178 (Joan.
940 5103 1040 5176 vt);
1069 5103 1165 5159 Sed
1199 5101 1472 5159 diceretur
1503 5120 1516 5156 :
1549 5095 1663 5157 Nisi
1715 5101 1837 5171 quis
1869 5095 2032 5154 fuerit
2056 5100 2144 5168 ju-

538 5207 654 5256 stus
698 5209 751 5252 et
780 5195 985 5266 bonus,
1021 5197 1211 5254 beatus
1253 5197 1304 5250 in
1337 5207 1603 5252 aeternum
1626 5209 1749 5250 esse
1781 5209 1885 5248 non
1919 5193 2138 5264 poterit.

536 5287 648 5351 Nec
667 5307 803 5366 opus
831 5301 976 5349 esset
1000 5309 1096 5363 per
1127 5307 1322 5362 aquam
1352 5299 1407 5346 et
1429 5289 1680 5360 spiritum
1705 5289 1936 5354 renasci,
1969 5287 2013 5341 si
2045 5302 2141 5358 per

537 5387 850 5444 mandatum
900 5387 1179 5444 sufﬁceret
1215 5381 1439 5442 erudiri.
1472 5381 1541 5439 Et
1580 5393 1932 5439 evacuaretur
1964 5381 2100 5438 ﬁdes
2121 5425 2137 5450 ,

535 5495 656 5548 quae
683 5475 856 5535 credit
885 5495 983 5550 per
1011 5479 1340 5550 baptismum
1368 5477 1552 5535 omnia
1579 5485 1799 5550 peccata
1827 5475 2056 5542 dimitti,
2088 5473 2135 5530 si

533 5567 706 5640 gratia
733 5585 838 5626 non
869 5571 1024 5626 malis
1055 5581 1110 5628 et
1141 5571 1320 5644 impiis
1345 5615 1360 5640 ,
1395 5569 1492 5628 sed
1523 5571 1680 5627 bonis
1709 5579 1760 5624 et
1789 5569 1950 5625 ret-tis
1972 5567 2133 5624 doce-

533 5671 685 5722 retur
735 5661 992 5734 impendi.
1019 5665 1180 5740 Origo
1221 5665 1406 5739 itaque
1433 5683 1578 5724 vera:
1607 5665 1734 5722 vitae
1763 5679 2017 5735 veraeque
2039 5663 2132 5732 ju-

531 5759 696 5816 stitia:
718 5760 772 5814 in
790 5759 1222 5828 regenerationis
1247 5771 1330 5834 est
1359 5761 1534 5831 posita
1564 5766 1927 5826 sacramento,
1959 5765 2016 5813 ut
2043 5753 2132 5813 ubi

531 5853 695 5912 homo
725 5853 1056 5921 renascitur,
1083 5851 1153 5910 ibi
1185 5849 1346 5911 etiam
1381 5855 1613 5926 ipsarum
1641 5853 1899 5913 virtutum
1927 5855 2131 5912 veritas

2251 4741 2522 4799 versetur,
2555 4741 2610 4786 et
2637 4731 2706 4787 de
2731 4731 2926 4802 quibus
2949 4731 3274 4802 ignorantia:
3287 4731 3538 4787 tenebris
3565 4729 3656 4786 Dei
3689 4740 3826 4798 pape-

2251 4825 2334 4881 lus
2365 4827 2570 4881 eruitur
2606 4843 2619 4880 :
2655 4825 2726 4882 Et
2751 4837 2830 4894 tu,
2861 4825 3070 4897 inquit,
3099 4840 3260 4897 puer,
3307 4824 3576 4896 propheta
3595 4819 3826 4879 Altissiiai

2251 4919 2554 4988 vocaberis,
2591 4919 2810 4988 praeibis
2833 4921 2978 4975 enim
3009 4927 3134 4976 ante
3185 4919 3382 4976 faciem
3419 4917 3636 4974 Domini
3661 4925 3826 4986 parm

2249 5009 2361 5066 vias
2390 5011 2530 5082 ejus,
2563 5011 2629 5064 ad
2671 5011 2902 5068 dandam
2945 5013 3234 5068 scientiam
3275 5011 3478 5069 salutis
3513 5008 3706 5082 popqu
3731 5009 3822 5074 ejus

2247 5105 2300 5160 iu
2334 5107 2716 5162 remissionem
2741 5116 3090 5177 peccatorum
3113 5107 3380 5174 ipsorum,
3439 5113 3658 5176 propter
3681 5103 3824 5157 visce-

2243 5213 2304 5252 ra
2328 5197 2718 5254 misericordia:
2745 5199 3052 5266 Domini,in
3071 5199 3270 5270 quibus
3285 5199 3530 5254 visitavit
3549 5211 3646 5252 nos
3669 5195 3822 5250 oriens
3915 5253 3917 5268 Ι

2245 5307 2312 5346 ex
2343 5291 2472 5360 alto,
2502 5291 2690 5346 lucere
2721 5291 2788 5346 iis
2838 5291 2930 5362 qui
2951 5291 3006 5346 in
3039 5269 3280 5348 tenebris
3333 5303 3390 5349 et
3449 5291 3640 5348 umbra
3662 5285 3821 5343 [110113

2243 5387 2468 5454 sedent,
2501 5387 2568 5441 ad
2599 5385 2918 5456 dirigendos
2963 5387 3132 5458 pedes
3159 5397 3378 5444 nostros
3417 5388 3476 5442 in
3525 5387 3666 5442 viam
3701 5379 3822 5454 paci!

2249 5477 2400 5550 (Luc.
2436 5481 2500 5550 l),
2533 5479 2660 5535 Hace
2699 5489 2883 5536 autem
2915 5481 3126 5536 viscera
3155 5479 3560 5537 misericordia:
3597 5477 3820 5534 Domina

2240 5587 2348 5626 non
2376 5571 2442 5626 ad
2472 5577 2630 5628 unius
2671 5583 2882 5628 tantum
2917 5573 3097 5644 populi
3119 5573 3584 5645 redemptionem,
3613 5569 3700 5628 sed
3725 5585 3816 5626 oar

2239 5664 2390 5720 nium
2441 5667 2720 5722 nationum
2755 5667 3022 5740 impendit
3065 5669 3330 5738 salutem,
3359 5669 3584 5726 dicente
3609 5669 3816 5736 Evange-

2241 5757 2362 5814 lista
2398 5778 2410 5814 :
2442 5760 2578 5830 Quia
2604 5761 2760 5818 Jcsus
2792 5762 3090 5818 moriturus
3119 5773 3237 5818 erat
3261 5777 3366 5833 pro
3391 5772 3578 5834 gente,
3605 5775 3704 5816 non
3727 5769 3816 5814 tal-

2241 5860 2352 5907 tum
2387 5871 2484 5926 pro
2514 5865 2700 5927 gente,
2730 5857 2824 5914 sed
2854 5855 3020 5914 etiam
3049 5865 3106 5910 ut
3132 5856 3276 5914 ﬁlios
3293 5855 3396 5916 Dei
3421 5847 3812 5932 diapersoseoa'
