3958 6314
100 285 224 349 tests

1127 280 1249 351 ’ΒΕ
1290 293 1689 355 νοιιΑτιοΝΕ
1729 289 2044 358 GENTIUM
2084 297 2213 360 LIB.
2257 295 2299 360 I.

3237 272 3378 366 teat

93 413 340 477 gregaret
374 406 426 460 in
456 421 619 462 unum
675 407 860 478 (Joan.
895 408 980 480 ιι).
1035 409 1145 466 Hoc
1175 411 1318 467 enim
1351 413 1427 468 ait
1457 412 1544 470 illa
1575 429 1679 470 vox
1706 417 1758 478 Α
1783 431 2109 486 gnoscamus
2131 436 2318 477 verum
2352 419 2544 488 Deum,
2575 427 2628 479 et
2655 423 2824 481 simus
2852 425 2903 481 in
2928 438 3058 482 vero
3089 425 3224 482 Filio
3257 428 3379 497 ejus

97 500 321 567 Domini,
349 515 468 571 qua:
501 516 596 572 per
623 503 909 573 quamdam
943 505 1156 574 pietatis
1213 507 1394 562 tubam
1426 518 1538 564 toto
1561 515 1672 564 ter-

93 606 265 646 rarum
291 591 422 648 orbe
452 602 823 662 resonantem,
873 611 1062 652 omnes
1095 596 1347 654 homines
1372 610 1425 656 et
1457 600 1672 667 invitat,

92 693 142 740 et
165 686 432 740 convenit.
467 686 598 742 Nam
629 705 748 743 cum
768 690 996 746 dixisset
1027 708 1039 744 :
1070 691 1340 749 Conﬁteor
1367 695 1485 763 tibi,
1516 696 1677 753 Pater

92 778 310 834 Domine
333 780 457 835 cceli
485 791 538 836 et
559 789 740 851 teme,
767 785 888 854 quia
917 784 1245 842 abscondisti
1271 788 1388 844 haec
1413 803 1442 843 a
1460 791 1677 860 sapien-

90 871 232 924 tibus
287 883 339 928 et
391 875 797 943 prudentibus,
857 886 910 932 et
959 879 1219 936 revelain
1275 896 1338 936 ea
1393 885 1673 952 parvulis:

89 963 157 1018 ita
214 966 389 1032 Pater,
447 971 704 1038 quoniam
756 977 836 1026 sic
883 973 1283 1043 beneplacitum
1328 987 1410 1033 est
1446 988 1573 1034 ante
1622 988 1676 1036 te

89 1057 302 1126 (Matth.
333 1057 434 1131 ιι);
462 1061 677 1117 addidit
711 1081 720 1116 :
747 1064 936 1119 Omnia
972 1068 1102 1122 mihi
1135 1069 1330 1124 tradita
1361 1079 1492 1126 sunt
1513 1087 1540 1124 a
1577 1071 1677 1127 Pa-

89 1159 164 1205 tre
189 1166 346 1208 meo:
387 1162 438 1208 et
474 1170 635 1210 nemo
689 1159 841 1212 novit
888 1159 1082 1215 Filium
1135 1162 1241 1217 nisi
1287 1163 1468 1233 Pater,
1502 1179 1676 1236 neque

88 1242 296 1300 Patrem
323 1247 447 1316 quis
477 1251 631 1304 novit
661 1250 767 1306 nisi
799 1252 992 1316 Filius,
1031 1262 1086 1309 et
1127 1257 1214 1310 cui
1246 1257 1477 1313 voluerit
1509 1259 1675 1314 Filius

87 1339 341 1394 revelare.
364 1341 431 1395 Et
452 1341 650 1399 deinde
675 1344 872 1415 adjecit
902 1365 914 1400 :
941 1348 1131 1404 Venite
1151 1351 1218 1405 ad
1243 1367 1351 1418 me,
1372 1368 1564 1410 omnes
1585 1355 1676 1424 qui

85 1431 335 1488 laboratis
362 1443 417 1489 et
445 1437 656 1492 onerati
677 1439 839 1506 estis,
865 1451 920 1495 et
948 1455 1049 1512 ego
1069 1457 1167 1498 vos
1194 1443 1456 1500 reﬁciam.
1481 1446 1678 1504 Tollite

79 1524 259 1594 jugum
309 1541 486 1582 meum
519 1544 685 1599 super
721 1546 839 1598 vos,
876 1543 930 1588 et
956 1533 1148 1591 discite
1175 1552 1205 1591 a
1239 1551 1344 1605 tne,
1376 1541 1498 1610 quia
1531 1541 1678 1596 mitis

82 1633 196 1672 sum
228 1629 283 1674 et
310 1618 528 1677 humilis
547 1623 740 1691 corde,
796 1637 849 1680 et
879 1627 1170 1686 invenietis
1193 1632 1434 1701 requiem
1466 1635 1675 1689 anima-

82 1710 176 1765 bus
195 1713 416 1768 vestris.
445 1713 642 1785 Iugum
671 1718 817 1772 enim
865 1735 1044 1775 tneum
1091 1737 1257 1779 suave
1303 1735 1408 1790 est,
1454 1732 1510 1780 et
1540 1742 1676 1783 onus

1779 506 1823 579 (ι
1854 508 2011 565 Joan.
2042 511 2123 583 v).

2381 606 2609 664 CAPUT
2658 608 2766 664 VII.

1779 690 1884 747 Cur
1915 693 2159 749 Salvator
2187 697 2413 752 omnium
2462 716 2564 755 non
2593 701 2830 756 omnibus
2861 701 3058 758 dederit
3106 714 3162 760 ut
3188 723 3378 776 cogno-

1851 799 2041 842 scerent
2069 805 2242 842 verum
2273 788 2458 857 Deum,
2487 811 2579 847 cur
2597 791 2752 850 etiam
2772 797 2988 868 quidam
3018 801 3222 870 parvuli
3251 797 3379 856 salvi

1849 881 1978 949 ﬁant
2008 883 2194 949 renati,
2220 882 2314 938 alii
2345 896 2550 955 pereant
2571 905 2670 944 non
2689 890 2874 945 renati.

1849 974 1907 1030 Si
1927 989 2058 1030 vero
2087 983 2354 1045 quaeritur
2401 994 2498 1034 cur
2527 980 2775 1038 Salvator
2819 984 3062 1040 omnium
3096 985 3379 1042 hominum

1779 1083 1887 1123 non
1908 1070 2162 1125 omnibus
2190 1070 2405 1126 dederit
2447 1073 2588 1128 hunc
2620 1090 2864 1142 sensum,
2901 1087 2958 1130 ut
2988 1087 3385 1147 cognoscerent

1779 1175 1969 1216 verum
2002 1163 2192 1230 Deum,
2220 1173 2498 1232 etessent,
2536 1164 2587 1219 id
2617 1175 2720 1233 est,
2746 1177 3133 1237 permanerent
3159 1170 3214 1225 In
3253 1159 3385 1227 vero

1781 1252 1918 1310 Filio
1967 1255 2086 1325 ejus
2131 1275 2143 1310 :
2204 1258 2450 1328 quamvis
2509 1258 2801 1314 credamus
2869 1261 3027 1316 nullis
3070 1262 3387 1320 hominibus

1778 1360 1937 1418 Opem
1966 1349 2156 1419 gratiae
2186 1351 2237 1404 in
2263 1360 2434 1405 totum
2456 1350 2623 1407 fuisse
2645 1351 2977 1408 subtractam
2996 1396 3012 1422 ,
3044 1353 3112 1410 de
3132 1370 3241 1424 quo
3269 1355 3386 1426 ple-

1780 1439 1901 1495 nius
1926 1441 1980 1494 in
2012 1441 2362 1512 sequentibus
2387 1441 2720 1499 disseremus
2753 1451 2972 1498 :tantett
2997 1444 3070 1500 ita
3111 1444 3251 1502 forte
3281 1445 3385 1502 hoc

1777 1535 2016 1590 velatum
2048 1536 2140 1602 sit,
2173 1536 2313 1590 sicut
2365 1536 2496 1592 illud
2549 1536 2928 1593 absconditum
2959 1548 3064 1605 est,
3097 1555 3195 1595 cur
3223 1551 3385 1596 antea

1778 1628 2032 1683 omnibus
2063 1630 2318 1700 gentibus
2349 1631 2757 1700 praetermissis,
2792 1647 2958 1686 unum
2996 1632 3249 1702 pOpulum
3282 1627 3386 1688 sibi

1779 1735 1939 1788 quem
1967 1721 2032 1774 ad
2068 1723 2314 1777 veritatis
2358 1723 2724 1793 cognitionem
2786 1723 3032 1780 erudiret
3059 1725 3335 1795 exceperit.
3368 1719 3383 1778 ὲ

83 1819 254 1860 meum
305 1807 425 1863 leve
477 1817 563 1864 est
606 1809 816 1883 αὐδά).
870 1813 1110 1870 Joannes
1165 1829 1296 1872 vero
1339 1818 1577 1888 Baptista
1619 1822 1670 1877 in
1704 1819 1750 1882 Β
1780 1813 1847 1868 de
1876 1814 2208 1885 quojudicio
2241 1817 2332 1872 Dei
2367 1819 2413 1872 si
2442 1818 2562 1872 non'
2599 1819 3174 1888 estcouquerendum,
3211 1820 3385 1876 multo

81 1897 608 1970 EvangelioJoannis
635 1903 954 1974 prophetico
986 1909 1180 1977 spiritu
1202 1921 1555 1978 protestetur,
1585 1915 1671 1968 di-

79 2004 203 2046 cens
230 2009 242 2045 :
271 1993 374 2060 Qui
406 1994 475 2050 de
505 1996 648 2052 cmlo
676 1999 848 2062 venit,
880 2016 1044 2069 super
1071 2017 1261 2057 omnes
1282 2013 1386 2069 est,
1420 2005 1562 2074 quod
1592 2007 1671 2060 vi-

79 2084 156 2139 dit
175 2095 229 2140 et
263 2088 490 2157 audivit,
512 2093 858 2158 testiﬁcatur,
883 2100 938 2148 ct
969 2094 1338 2151 testimonium
1361 2097 1482 2167 ejus
1513 2113 1674 2155 nemo

77 2179 286 2248 accipit.
314 2181 413 2249 Qui
441 2184 638 2252 accipit
691 2187 1062 2243 testimonium
1104 2189 1245 2258 ejus,
1281 2190 1516 2261 signavit
1540 2207 1676 2263 quo-

80 2272 220 2326 niam
255 2274 403 2331 Deus
431 2291 595 2331 verax
625 2288 710 2334 est
735 2277 916 2348 (Joan.
951 2284 1054 2352 ιιι).
1083 2281 1250 2352 Igitur
1271 2295 1531 2354 quantum
1559 2287 1677 2340 atti-

78 2376 165 2419 net
191 2367 258 2422 ad
287 2372 507 2424 humani
540 2374 758 2441 generis
787 2375 1111 2443 caecitatem,
1149 2376 1308 2447 longa
1355 2379 1676 2448 ignorantiae

76 2473 128 2515 et
151 2464 421 2533 superbia:
460 2475 622 2521 nocte
648 2477 1018 2535 contractam,
1053 2471 1204 2526 venit
1261 2471 1316 2527 in
1346 2472 1489 2529 ltunc
1520 2491 1677 2529 mun-

77 2556 199 2610 dum
223 2557 452 2614 Creator
482 2562 692 2630 mundi,
724 2573 779 2617 et
810 2565 1046 2619 mundus
1083 2583 1211 2620 eum
1261 2584 1367 2624 non
1398 2571 1673 2639 cognovit.

78 2647 186 2704 Lux
215 2649 361 2706 lucet
410 2653 463 2707 in
491 2655 752 2723 tenebris,
787 2667 842 2712 et
870 2659 1112 2713 tenebrae
1139 2675 1256 2715 eam
1285 2675 1391 2716 non
1420 2675 1674 2732 compre-

79 2743 380 2800 henderunt
404 2747 582 2817 (Joatt.
613 2752 676 2819 t).
705 2749 809 2817 Qui
836 2765 1000 2821 super
1047 2767 1237 2808 omnes
1264 2763 1367 2819 est,
1423 2755 1564 2825 quod
1593 2757 1673 2812 vi-

76 2836 152 2891 dit
180 2847 234 2893 et
272 2840 499 2906 audivit,
535 2842 877 2909 testiﬁcatur,
923 2852 977 2900 et
1029 2846 1402 2902 testimonium
1430 2851 1547 2919 ejus
1577 2865 1676 2906 nc-

76 2934 383 3002 muaocipit
432 2933 617 3002 (Joan.
653 2941 756 3005 ιιι).
788 2935 895 2992 Sed
950 2938 1079 3008 quia
1119 2955 1228 2994 non
1273 2939 1473 2995 frustra
1533 2943 1677 3000 Deus

79 3024 170 3080 Dei
205 3025 379 3080 Filius
419 3031 570 3082 venit
624 3030 678 3082 in
711 3032 999 3097 mundum,
1041 3041 1096 3087 et
1142 3032 1295 3088 dedit
1323 3034 1677 3104 semetipsum

76 3135 172 3190 pro
197 3121 476 3190 omnibus,
509 3135 862 3196 mortuusque
892 3134 976 3182 est
1005 3141 1112 3182 non
1137 3135 1347 3182 tantum
1374 3144 1473 3199 pro
1495 3138 1676 3201 gente,

1780 1909 1960 1964 minus
2009 1909 2077 1964 de
2102 1909 2207 1964 hoc
2234 1910 2376 1979 quod
2411 1927 2533 1965 ctnn
2562 1911 2831 1967 electione
2862 1914 3103 1968 omnium
3137 1915 3383 1985 gentium

1777 2002 2456 2073 geritur,munnurandum
2477 2004 2719 2071 cst.Quae
2733 2005 3026 2060 enimDeus
3040 2006 3254 2060 occulta
3271 2022 3284 2059 t
3303 2021 3392 2063 ssc

1781 2095 1947 2149 voluit
1969 2111 2076 2149 non
2106 2104 2233 2150 suttt
2254 2097 2544 2151 scrutanda
2574 2111 2726 2167 :qum
2741 2106 2920 2152 autem
2937 2097 3219 2153 manifesta
3238 2097 3387 2166 fecit,

1780 2201 1890 2242 non
1915 2197 2039 2242 sunt
2070 2187 2338 2258 neganda,
2370 2203 2438 2243 ne
2467 2197 2521 2244 et
2562 2191 2618 2244 in
2649 2188 2756 2244 illis
2789 2190 2976 2245 illicito
3005 2190 3304 2254 curiosi,et
3331 2191 3387 2246 in

1781 2279 1900 2336 istis
1929 2283 2318 2338 danmabiliter
2362 2283 2711 2338 inveniamur
2755 2284 2973 2354 ingrati.
3035 2282 3152 2338 Non
3203 2293 3384 2339 autem

1781 2377 2094 2446 ignoramus
2134 2392 2254 2431 esse
2285 2378 2552 2447 quosdam
2606 2384 2716 2431 tam
2773 2376 3194 2432 inconsiderata:
3247 2389 3386 2446 prae-

1779 2470 2132 2540 sumptionis,
2183 2479 2240 2525 et
2268 2478 2380 2525 tam
2437 2471 2688 2541 superbae
2735 2470 3082 2539 arrogantite,
3129 2479 3187 2524 ut
3243 2469 3388 2540 quod

1784 2564 2092 2634 prtecipuus
2121 2564 2380 2634 magister
2423 2565 2664 2634 gentium
2698 2580 2808 2617 non
2851 2564 2918 2618 ab
2948 2563 3262 2618 hominibus
3293 2578 3392 2619 ne-

1781 2674 1888 2728 que
1919 2675 2013 2728 per
2045 2658 2346 2727 hominem,
2399 2656 2496 2713 sed
2543 2657 2801 2713 divinitus
2817 2656 3062 2713 eruditus
3093 2655 3292 2728 (Galat.
3327 2657 3392 2727 ι),

1782 2766 1950 2822 supra
2005 2766 2316 2807 mensuram
2367 2750 2610 2806 scientiae
2651 2765 2766 2805 sua!
2799 2751 2956 2822 longe
2986 2761 3040 2806 et
3081 2751 3188 2806 alte
3212 2767 3392 2805 remo-

1781 2855 1897 2902 tum
1919 2859 2044 2901 esse
2071 2845 2355 2900 confessus
2388 2853 2499 2910 est,
2531 2844 2767 2899 audeant
2798 2845 2916 2899 falsi
2962 2844 3196 2899 nominis
3225 2855 3394 2901 teme-

1782 2955 1910 2994 rare
1937 2938 2293 3005 doetrina,et
2323 2937 2461 2992 nihil
2511 2937 2624 2993 illic
2673 2937 2973 3006 occultum,
3037 2937 3170 2992 nihil
3229 2938 3401 2993 νριὶιιι

1785 3048 1908 3090 esse
1939 3040 2235 3099 secretum,
2267 3033 2358 3088 ubi
2391 3032 2688 3102 Apostolus
2736 3047 2839 3086 non
2869 3031 2999 3103 quid
3024 3031 3393 3101 ;sentiendum

1783 3143 1911 3186 esse
1937 3129 2170 3200 aperuit,
2203 3128 2298 3184 sed
2344 3127 2473 3199 quid
2498 3141 2602 3183 non
2649 3127 3004 3183 scrutandum
3029 3135 3178 3183 esset
3209 3135 3396 3182 osten-

73 3215 164 3268 sed
190 3215 355 3270 etiam
385 3226 442 3270 ut
467 3216 605 3271 ﬁlios
632 3217 723 3272 Dei
752 3219 1033 3289 dispersos
1053 3233 1408 3294 congregaret
1431 3224 1484 3278 in
1512 3239 1677 3279 unum
1709 3210 1755 3275 C
1787 3223 1886 3278 dit.
1929 3222 2102 3278 Nullis
2143 3222 2348 3278 etenim
2373 3220 2542 3292 (quod
2568 3235 2731 3293 supra
2751 3221 2863 3291 jam
2889 3220 3152 3289 diximus)
3175 3221 3395 3290 studiis,

72 3308 197 3379 (Tit.
233 3325 294 3376 ιι;
321 3308 478 3366 Joan.
504 3318 588 3381 ιι),
618 3321 673 3367 et
717 3315 985 3369 universis
1032 3315 1204 3371 dicit:
1232 3316 1426 3373 Venite
1466 3319 1532 3372 ad
1565 3335 1675 3385 me,

72 3415 261 3457 omnes
313 3405 405 3474 qui
448 3405 707 3460 laboratis
731 3416 786 3462 et
837 3409 1049 3473 onerati
1072 3409 1207 3464 estis
1238 3407 1453 3478 (Matth.
1490 3410 1550 3483 ιι)
1577 3430 1592 3464 z
1623 3423 1680 3467 et

70 3507 292 3551 servato
333 3496 440 3552 sibi
473 3499 916 3569 incognoscibilis
953 3501 1241 3556 electionis
1288 3502 1535 3568 arbitrio,
1587 3503 1681 3559 dat

69 3591 151 3644 sui
199 3591 489 3662 Patrisque
546 3593 792 3647 notitiam
825 3594 1025 3664 quibus
1077 3610 1200 3650 eam
1231 3595 1466 3650 voluerit
1512 3612 1676 3652 reve—

70 3682 181 3740 lare
210 3701 223 3738 :
259 3699 454 3740 omnes
484 3685 578 3740 ﬁlii
627 3686 784 3752 lucis,
820 3687 918 3741 lilii
948 3689 1347 3758 promissionis,
1375 3689 1474 3744 ﬁlii
1506 3690 1681 3745 Abra-

67 3779 171 3844 hae,
217 3781 320 3835 lilii
365 3781 480 3849 Dei,
529 3796 701 3851 genus
741 3783 978 3838 elecmm
1009 3826 1024 3849 ,
1071 3785 1253 3854 regale
1299 3784 1677 3840 sacerdotium

67 3873 108 3943 (l
138 3874 288 3930 I‘etr.
343 3875 426 3946 ιι),
460 3877 574 3931 veri
627 3877 905 3944 Israelita,
969 3879 1279 3948 praecogniti
1328 3891 1382 3934 et
1423 3880 1680 3950 putandi-

67 3969 176 4023 nati
213 3969 268 4025 in
307 3985 532 4041 regnum
569 3970 686 4038 Dei,
717 3971 811 4040 qui
856 3985 954 4027 eos
991 3973 1206 4026 vocavit
1247 3989 1352 4026 non
1403 3974 1577 4028 solum
1610 3989 1678 4029 ex

63 4062 296 4133 Judaeis,
326 4063 419 4119 sed
443 4065 608 4119 etiam
633 4079 696 4119 ex
731 4065 1016 4136 gentibus:
1047 4065 1418 4120 testimonium
1451 4065 1568 4135 ejus
1586 4066 1677 4136 qui

67 4157 133 4213 de
157 4159 308 4215 caelo
335 4159 486 4213 venit
513 4159 798 4230 accipiunt
823 4157 1018 4230 (Joan.
1068 4157 1182 4229 ιιι),
1216 4159 1496 4230 signantes
1551 4163 1678 4232 quia

68 4250 213 4307 Deus
247 4265 413 4307 verax
444 4260 548 4318 est,
585 4251 636 4305 id
657 4261 761 4319 est,
790 4266 1052 4322 expresse
1083 4253 1455 4323 signiﬁcantes
1510 4255 1560 4309 in
1591 4253 1678 4308 sui

63 4345 372 4400 salvatione
398 4346 653 4415 quoniam
681 4345 823 4400 Deus
852 4360 1018 4401 verax
1047 4357 1150 4414 est,
1179 4346 1412 4418 implens
1433 4357 1486 4404 et
1518 4348 1680 4419 perﬁ-

63 4440 220 4494 ciens
242 4438 392 4510 qttud
417 4438 674 4506 promisit
705 4439 937 4495 Abrahae
957 4441 1202 4496 onmium
1232 4442 1473 4511 gentium
1499 4443 1674 4513 patri:

61 4534 154 4602 qui
190 4533 490 4603 pollicente
520 4533 630 4588 Deo
655 4533 803 4604 quod
829 4533 1006 4590 haeres
1039 4534 1253 4590 futurus
1281 4545 1431 4591 esset
1453 4535 1674 4604 mundi,

1783 3317 1949 3374 nullis
2003 3318 2236 3390 ingeniis
2258 3317 2518 3388 indagare
2542 3331 2864 3373 concessum
2891 3326 2976 3374 est
3023 3332 3133 3389 quo
3161 3317 3392 3388 judicio,

1783 3426 1961 3481 quove
1983 3411 2218 3466 consilio
2249 3411 2394 3466 Deus
2417 3411 2943 3466 ineommutabiliter
2969 3409 3167 3478 bonus,
3189 3412 3396 3466 income

1784 3503 2126 3558 mutabiliter
2151 3502 2358 3572 justus,
2388 3516 2608 3572 semper
2637 3503 2933 3572 prtescius,
2970 3517 3189 3572 semper
3220 3503 3398 3558 omni-

1783 3609 2002 3667 potens,
2037 3597 2161 3651 ideo
2193 3598 2373 3651 omnia
2407 3596 2458 3650 in
2512 3596 2894 3650 incredulitate
2953 3597 3306 3663 concluserit,
3335 3602 3395 3652 ut

1785 3691 2028 3746 omnium
2053 3691 2377 3748 misereatur
2405 3691 2584 3764 (Rom.
2616 3688 2719 3760 ιιι),
2745 3699 2799 3744 et
2832 3698 3013 3745 tamen
3042 3691 3154 3746 illis
3177 3691 3396 3747 saeculis

1786 3787 1979 3857 quibus
2008 3802 2176 3840 unum
2211 3785 2466 3840 Israelem
2501 3785 2809 3849 erudiebat,
2841 3783 3270 3840 innumerabiles
3301 3799 3400 3853 po—

1787 3879 1945 3947 pulos
1966 3877 2254 3947 impiorum
2284 3877 2593 3931 illuminare
2617 3876 2934 3943 distulerit,
2971 3889 3024 3932 et
3058 3893 3203 3932 nunc
3234 3893 3394 3932 eum-

1785 3971 1910 4026 dem
1937 3970 2214 4035 lsraelem,
2249 3971 2424 4025 donec
2469 3968 2804 4023 universitas
2834 3968 3084 4039 gentium
3127 3969 3395 4038 introeat,

1786 4066 2119 4120 obcaacatum
2151 4077 2276 4120 esse
2300 4063 2558 4134 patiatur,
2593 4071 2917 4132 pereuntem
2953 4064 3008 4115 in
3043 4071 3121 4116 tot
3152 4061 3399 4118 millibus

1788 4159 2128 4214 nascentium
2184 4164 2348 4229 atque
2389 4156 2765 4221 morientium,
2795 4163 2852 4210 et
2881 4155 3206 4210 salvaudum
3236 4155 3288 4209 in
3318 4155 3400 4210 eis

1784 4268 1924 4322 quos
1951 4251 2137 4307 mundi
2185 4251 2308 4304 ﬁnis
2336 4248 2628 4305 invenerit.
2658 4248 2776 4317 Quo
2805 4250 3067 4321 mysterio
3100 4247 3399 4320 totoIScri-

1788 4356 2069 4417 pturarum
2113 4359 2343 4416 corpore
2393 4345 2640 4412 dilatato,
2690 4345 2931 4399 innotuit
2970 4344 3192 4416 quidem
3238 4343 3400 4400 nobis

1786 4439 1915 4510 quid
1948 4441 2144 4495 factum
2178 4439 2271 4508 sit,
2330 4438 2460 4510 quid
2514 4437 2628 4505 ﬁat,
2661 4436 2860 4508 quidve
2913 4435 3223 4492 faciendum
3275 4437 3398 4492 sit:

1785 4531 1879 4588 sed
1909 4546 2082 4602 quare
2115 4532 2188 4586 ita
2212 4531 2327 4587 ﬁeri
2362 4531 2656 4602 placuerit,
2699 4529 2767 4584 ab
2798 4527 3046 4583 humanae
3089 4527 3398 4600 intelligen-

61 4641 171 4681 non
199 4627 476 4682 haesitavit
527 4626 856 4695 difﬁdentia,
899 4626 995 4683 sed
1044 4629 1384 4684 confortatus
1425 4641 1509 4685 est
1538 4630 1666 4697 ﬁde,
1697 4616 1752 4678 D
1778 4626 1870 4682 tiae
1899 4626 2368 4696 contemplatione
2418 4625 2760 4689 subtractum
2813 4634 2917 4678 est.
2950 4623 3046 4680 Isti
3101 4633 3279 4680 autem
3305 4623 3398 4693 qui

60 4721 202 4776 dans
243 4721 478 4792 gloriam
513 4722 648 4789 Deo,
701 4731 758 4778 et
815 4722 1137 4792 plenissime
1188 4725 1370 4779 sciens
1409 4726 1667 4796 quoniam

58 4816 202 4886 quod
221 4817 490 4886 promisit,
512 4830 709 4888 potens
733 4825 820 4873 est
835 4827 891 4872 et
909 4818 1087 4874 facere
1103 4819 1278 4892 (Rom.
1310 4820 1403 4890 ιν).
1423 4821 1557 4889 Quis
1573 4837 1667 4877 au—

61 4919 169 4964 tem
198 4920 313 4964 tam
339 4911 551 4967 alienus
579 4922 664 4966 est
687 4927 716 4966 a
744 4913 848 4967 ﬁde
877 4913 1128 4981 Abrahae,
1150 4913 1270 4983 quis
1295 4923 1402 4968 tam
1433 4917 1667 4984 degener

58 5005 128 5058 ab
166 5003 554 5060 universarum
605 5005 846 5075 gentium
881 5015 1061 5076 patre,
1110 5005 1204 5074 qui
1251 5007 1666 5076 promissionem

63 5097 157 5152 Dei
193 5107 291 5152 aut
320 5115 427 5152 non
476 5096 712 5167 impleri,
748 5106 842 5152 aut
887 5099 955 5151 ab
1004 5098 1111 5152 alio
1160 5107 1356 5166 praeter
1399 5114 1521 5154 eum
1574 5101 1664 5170 qui

58 5189 338 5259 promisit,
380 5191 526 5246 dicat
575 5191 822 5260 impleri?
873 5191 964 5246 llic
993 5191 1209 5261 quidem
1248 5193 1354 5246 erit
1404 5195 1660 5263 mendax,

57 5283 207 5339 Deus
226 5293 412 5340 autent
440 5296 522 5341 est
558 5300 724 5339 verax
755 5284 935 5357 (Rom.
974 5285 1072 5355 ιιι).
1110 5285 1174 5340 Et
1201 5286 1377 5340 omnis
1399 5288 1490 5356 qui
1529 5289 1667 5342 acci-

54 5378 137 5445 pit
173 5376 551 5433 testimonium
574 5377 690 5448 ejus
718 5376 898 5449 (Joan.
934 5376 1037 5448 ιιι),
1089 5375 1191 5432 hoc
1233 5379 1428 5448 signat,
1465 5379 1564 5434 hoc
1588 5380 1670 5434 in-

54 5470 235 5531 dicat,
272 5469 417 5537 qttud
450 5486 542 5537 per
588 5472 761 5525 lucem
811 5470 1202 5526 illuminantem
1241 5469 1416 5524 factus
1460 5480 1543 5525 est
1587 5471 1673 5524 vi-

53 5563 222 5626 deus,
265 5564 438 5618 l'actus
463 5573 546 5618 est
575 5564 861 5631 obediens,
889 5564 1062 5619 factus
1089 5574 1172 5618 est
1192 5563 1523 5634 intelligens,
1564 5563 1672 5619 sic-

54 5666 115 5711 ut
181 5655 431 5712 Joannes
487 5658 829 5728 Evaugelista
882 5667 1138 5724 test-itur,
1183 5658 1373 5713 dicens
1411 5658 1670 5714 :Scimus

55 5749 189 5818 quia
212 5750 456 5803 mundus
487 5759 629 5806 totus
666 5751 720 5804 in
752 5751 990 5821 maligno
1022 5752 1232 5820 positus
1263 5758 1369 5817 est,
1395 5760 1447 5804 et
1469 5751 1674 5807 scimus

56 5842 190 5910 quia
227 5838 403 5895 Filius
433 5839 524 5896 Dei
549 5841 717 5910 venit,
746 5852 802 5899 et
828 5841 982 5900 dedit
1018 5842 1179 5899 nobis
1215 5856 1456 5911 sensum,
1495 5849 1552 5896 ut
1581 5854 1675 5898 co-

1778 4719 1996 4775 nescire
2021 4717 2224 4788 aliquid
2255 4719 2627 4786 erubescunt,
2661 4725 2717 4772 et
2740 4729 2841 4787 per
2870 4718 3222 4773 occasionem
3262 4714 3396 4771 obsa

1781 4812 2033 4868 caritatis
2085 4811 2316 4865 tendunt
2349 4812 2574 4880 laqueos
2626 4810 2990 4881 deceptionie,
3033 4823 3255 4866 omnem
3285 4807 3398 4863 dis-

1778 4905 2079 4962 cretionem
2125 4919 2228 4975 qua
2275 4903 2417 4959 Deus
2451 4905 2590 4959 alios
2631 4903 2806 4975 eligit,
2861 4905 3110 4974 aliosque
3159 4916 3270 4958 non
3297 4899 3400 4955 eli.

1778 5002 1859 5072 git
1910 5001 2089 5075 (multi
2139 5001 2286 5056 enim
2338 5008 2470 5056 sunt
2513 4999 2691 5056 vocati
2725 5042 2740 5067 ,
2787 4999 2948 5070 pauci
3005 5006 3185 5051 autem
3235 4993 3398 5050 electi

1783 5099 2004 5171 (Matth.
2039 5101 2132 5171 xx)
2189 5099 2257 5154 ad
2289 5101 2480 5156 merita
2513 5099 2766 5155 humanae
2805 5099 3052 5155 referunt
3075 5093 3394 5164 voluntatis,

1781 5195 2041 5250 docentes
2069 5194 2279 5249 scilicet
2306 5196 2580 5250 neminem
2603 5193 2798 5265 gratis,
2828 5191 2924 5246 sed
2949 5207 3012 5246 ex
3038 5187 3400 5245 retributione

1783 5289 2002 5356 salvari,
2038 5288 2161 5358 quia
2205 5288 2526 5344 naturaliter
2557 5285 2812 5342 omnibus
2853 5285 2927 5339 sit
2963 5285 3210 5348 insitum,
3242 5290 3304 5336 ut
3347 5280 3398 5337 si

1783 5383 1972 5445 velint,
2003 5383 2216 5453 possint
2231 5383 2486 5438 veritatis
2506 5395 2630 5436 esse
2651 5376 2963 5449 participes,
2988 5377 3176 5447 eisque
3198 5375 3397 5430 attines

1786 5491 1847 5530 re
1869 5476 2119 5546 gratiam,
2167 5492 2196 5530 a
2229 5477 2428 5546 quibus
2456 5474 2624 5529 fuerit
2673 5471 2938 5538 expetita.
2971 5469 3102 5537 Quae
3147 5467 3400 5524 deﬁnitio

1788 5571 1870 5634 (ut
1902 5567 2120 5622 interim
2153 5568 2218 5622 de
2247 5567 2440 5639 gratia:
2473 5563 2710 5618 veritate
2741 5563 3007 5634 taceatur)
3032 5562 3101 5618 de
3139 5561 3224 5618 his
3246 5560 3404 5616 videa

1789 5666 1876 5712 tur
1903 5658 2141 5729 aliquam
2166 5666 2444 5713 ostentare
2499 5654 2890 5719 ratiunculam,
2922 5655 3011 5724 qui
3044 5653 3216 5710 libero
3238 5662 3403 5707 utun-

1791 5761 1881 5804 tur
1905 5751 2156 5806 arbitrio.
2191 5751 2267 5804 De
2297 5748 2544 5820 parvulis
2572 5761 2705 5802 vero
2730 5745 2929 5816 quibus
2953 5748 3072 5803 sine
3096 5748 3209 5804 ullo
3239 5747 3408 5803 bona:

1788 5844 2084 5901 voluntatis
2138 5842 2332 5898 merito
2362 5840 2418 5897 in
2464 5839 2722 5912 originali
2748 5837 2980 5898 vulnere
3015 5853 3138 5898 oua
3189 5837 3412 5901 emori.
