4082 6322
561 236 706 304 1095

1586 242 1937 308 APPENDIX
1974 246 2068 308 AD
2107 240 2341 308 OPERA
2381 242 2444 303 S.
2487 238 2833 304 AMBROSII.

3738 242 3880 306 1096

561 353 884 415 mortalibus
914 367 1075 413 causa
1107 358 1414 416 communis
1435 369 1539 432 est,
1562 363 1698 422 nihil
1727 375 1908 435 potest
1946 367 2159 439 exposi-
2189 370 2239 429 Α
2266 365 2368 420 sita
2391 373 2474 420 est
2491 363 2647 419 vobis
2671 364 2723 420 in
2737 363 2890 421 calis
2914 360 3286 438 (Coloss.t).Et
3314 369 3374 420 ut
3399 362 3503 420 alia
3530 362 3674 421 bona
3693 361 3767 419 ab
3788 379 3883 420 eo-

562 449 728 506 tionis
758 449 962 520 afferri,
990 467 1092 524 qua
1115 453 1492 512 doceaturcur
1517 455 1604 514 isti
1637 459 1770 514 salvi
1805 460 1937 516 ﬁant
1964 461 2162 529 renati,

558 540 638 598 illi
665 556 884 614 pereant
922 561 1029 602 non
1056 548 1250 614 renati,
1304 549 1406 605 sub
1431 550 1578 607 illius
1604 553 1936 621 providentia
1960 564 2165 611 etom-

560 635 887 709 nipOtetttia,
918 639 971 695 iu
995 641 1151 710 cujus
1181 658 1342 698 manu
1374 653 1456 699 est
1483 645 1663 701 anima
1695 646 1876 702 omnis
1908 646 2162 715 viventis,

557 741 615 789 et
643 733 868 804 Spiritus
913 735 1183 793 universa
1212 738 1392 794 carnis
1443 739 1700 805 hominis,
1730 750 1786 797 et
1806 742 1891 796 cui
1915 740 2113 796 dicitur
2147 757 2160 794 :

557 823 767 883 Breves
796 828 919 884 dies
949 829 1186 885 hominis
1211 843 1622 898 sunt,numerus
1645 833 1856 889 dierum
1878 834 1996 905 ejus
2022 833 2162 905 apud

559 929 616 980 te
639 935 724 980 est
753 924 1147 997 (Job.xn).Non
1171 939 1350 982 autem
1368 937 1496 999 puto
1528 928 1663 984 istos
1693 928 2030 985 voluntatum
2065 944 2160 999 pa-

562 1025 774 1085 tronos,
801 1019 1150 1088 simplicitate
1181 1021 1401 1076 illorum
1428 1032 1534 1077 tam
1581 1023 1924 1089 impudenter
1943 1037 2161 1092 usuros,

559 1119 735 1167 utaut
765 1111 992 1168 fortuitu
1023 1114 1123 1168 ista
1154 1113 1336 1170 dicant
1367 1115 1638 1182 accidere,
1688 1127 1781 1172 aut
1807 1131 1918 1171 non
1945 1126 2164 1174 renatos

558 1215 810 1261 asserant
842 1219 949 1261 non
984 1207 1180 1276 perire.
1214 1206 1422 1278 Aperte
1448 1209 1592 1264 enim
1625 1217 1717 1263 aut
1759 1225 1885 1264 cum
1940 1210 2163 1280 paganis

557 1299 1016 1354 convincerentur
1036 1298 1241 1355 sentire
1288 1299 1356 1355 de
1379 1299 1514 1364 fato,
1560 1310 1654 1356 aut
1703 1316 1830 1356 cum
1863 1300 2166 1374 Pelagianis

558 1390 890 1447 transfusum
935 1391 987 1448 in
1023 1402 1271 1463 posteros
1302 1392 1435 1449 Ada
1459 1410 1657 1465 negare
1689 1406 1993 1466 peccatum.
2029 1394 2165 1451 Fato

559 1494 740 1541 autem
782 1500 891 1540 non
921 1485 1182 1556 baptizari
1219 1486 1473 1554 parvulos
1520 1502 1620 1543 nec
1668 1487 1945 1559 Pelagiani
1975 1499 2166 1558 potue-

559 1589 690 1636 runt
711 1580 918 1648 dicere,
953 1580 1046 1636 sed
1067 1581 1192 1651 quia
1216 1596 1309 1637 eos
1337 1581 1538 1637 liberos
1563 1598 1594 1636 a
1628 1591 1852 1652 peccato
1890 1585 2008 1638 ausi
2039 1592 2167 1638 sunt

558 1673 826 1744 proﬁteri,
878 1688 1130 1729 meruere
1155 1672 1423 1730 damnari.
1451 1673 1588 1730 Cum
1633 1684 1812 1731 autem
1862 1675 1932 1732 de
1970 1676 2167 1733 discre-

2267 457 2390 514 dem
2425 458 2690 513 honorum
2717 467 2944 513 auctore
2972 458 3300 528 percipiant,
3357 459 3488 530 quid
3535 475 3632 530 pro
3659 459 3744 514 eis
3763 466 3886 514 oret

2268 566 2564 607 enarrans:
2593 550 2741 619 Ideo,
2765 551 2961 623 inquit,
2984 558 3040 606 et
3077 565 3175 605 nos
3203 566 3271 607 ex
3298 567 3402 623 qua
3428 551 3516 608 die
3544 551 3882 616 audivimus,

2267 660 2374 700 non
2426 659 2709 700 cessamus
2755 659 2854 715 pro
2887 644 3048 700 vobis
3076 653 3296 700 orantes
3324 654 3381 701 et
3425 645 3795 716 postulantes,
3825 651 3886 699 ut

2269 739 2598 810 impleamini
2631 739 2908 810 agnitione
2937 738 3242 794 voluntatis
3263 738 3380 810 ejus
3407 739 3459 793 in
3481 739 3630 794 omni
3663 738 3885 807 sapien-

2269 833 2344 888 tia
2391 844 2448 889 et
2496 833 2779 890 intellectu
2807 834 3064 904 spiritali,
3096 843 3156 890 ttt
3207 834 3498 890 ambuletis
3542 833 3735 904 digne,
3771 833 3882 888 Deo

2267 927 2565 1000 placentes,
2621 928 2676 983 in
2727 932 2876 984 omni
2923 943 3092 998 opere
3148 929 3292 985 bono
3343 930 3739 984 fructiﬁcantes
3772 969 3788 992 ,
3829 937 3887 983 et

2281 1031 2595 1077 crescentes
2628 1021 2680 1076 in
2709 1021 2934 1077 scientia
2968 1021 3084 1090 Dei,
3112 1022 3164 1076 in
3195 1021 3345 1078 omni
3368 1023 3569 1078 virtute
3590 1021 3884 1077 confortati

2267 1117 2566 1176 secundum
2601 1120 2898 1189 potentiam
2921 1117 3193 1174 claritatis
3222 1118 3361 1189 ejus.
3387 1118 3441 1174 in
3483 1118 3632 1173 omni
3662 1118 3880 1188 patien-

2271 1212 2346 1266 tia
2398 1218 2453 1267 et
2500 1212 2914 1281 longanimitate
2971 1228 3091 1267 cum
3143 1212 3338 1284 gaudio
3388 1211 3607 1285 (lbid.).
3643 1212 3779 1269 Item
3818 1212 3885 1268 ad

2269 1303 2832 1370 Thessalonicenses,
2884 1305 2975 1376 qui
3044 1305 3238 1375 spiritu
3290 1306 3418 1360 ﬁdei
3463 1306 3889 1378 dilectionisque

2269 1396 2581 1452 serviebant
2607 1415 2620 1451 :
2651 1397 2870 1454 Gratias
2893 1398 3128 1468 agimus,
3162 1399 3358 1469 inquit,
3393 1399 3502 1455 Deo
3528 1415 3756 1471 semper
3787 1417 3888 1470 pro

2270 1489 2522 1544 omnibus
2553 1488 2730 1555 vobis,
2761 1493 3082 1546 memoriam
3137 1491 3306 1546 vestri
3339 1490 3602 1548 facientes
3655 1495 3710 1548 in
3763 1509 3890 1549 ora-

2271 1586 2513 1642 tionibus
2541 1587 2743 1642 nostris
2773 1587 2892 1642 sine
2924 1589 3358 1658 intermissione,
3391 1605 3671 1646 memores
3698 1591 3888 1660 operis

2284 1679 2412 1734 ﬁdei
2429 1690 2625 1736 vestra
2646 1688 2702 1737 et
2723 1681 2927 1736 laboris
2943 1690 2998 1736 et
3019 1681 3305 1737 charitatis
3327 1691 3382 1736 et
3402 1683 3750 1739 sustinentia
3771 1684 3888 1755 spei

556 1767 706 1824 tione
735 1767 975 1824 omnium
1035 1768 1312 1826 hominum
1363 1771 1592 1841 quastio
1632 1769 1949 1836 ventiletur,
1999 1779 2054 1826 et
2082 1771 2150 1826 ah
2181 1777 2229 1840 Β
2257 1771 2794 1830 DomininostriJesu
2811 1773 3143 1830 Christiante
3160 1773 3619 1832 DeumetPatrem
3637 1789 3887 1833 nostrum

558 1861 814 1917 omnibus
848 1860 1160 1917 hominibus
1209 1863 1416 1932 parvuli
1473 1872 1748 1934 nequeant
1790 1863 2060 1935 separari,
2087 1863 2162 1919 si-

557 1953 778 2024 mulque
799 1953 868 2011 de
909 1956 1074 2010 totius
1105 1957 1284 2011 atatis
1315 1955 1629 2013 hominibus
1659 1957 1878 2012 Veritas
1923 1956 2159 2012 dixerit:

557 2045 730 2103 Filius
750 2048 988 2104 hominis
1005 2048 1155 2104 venit
1181 2064 1430 2120 quarere
1452 2060 1510 2106 et
1533 2051 1745 2106 salvare
1761 2050 1902 2121 quod
1929 2050 2166 2122 perierat

558 2141 712 2214 (Luc.
743 2143 882 2213 xu),
911 2142 1113 2199 frustra
1158 2143 1580 2214 profunditatem
1635 2145 2008 2200 inscrutahilis
2034 2159 2162 2217 gra-

559 2237 650 2294 tia
691 2255 788 2309 per
821 2239 1053 2295 liberum
1107 2240 1394 2296 arbitrium
1445 2251 1713 2297 conantur
1763 2241 1975 2312 aperire
2005 2282 2020 2307 ,
2073 2239 2163 2309 qui

549 2347 770 2391 causam
801 2334 1094 2392 electionis
1127 2336 1180 2391 in
1215 2351 1405 2393 eorum
1437 2338 1780 2392 constituunt
1830 2335 2042 2391 meritis
2068 2336 2161 2406 qui

555 2427 924 2499 eliguntur.Et
951 2445 1074 2486 cum
1107 2429 1279 2485 multa
1311 2430 1378 2486 de
1401 2430 1668 2501 majorum
1693 2430 1976 2485 voluntate
1996 2443 2060 2483 ac
2077 2428 2164 2496 ju-

554 2521 700 2578 dicio
719 2523 903 2594 inepta
923 2535 977 2580 et
1000 2523 1130 2579 falsa
1153 2523 1504 2596 protulerint,
1529 2523 1582 2578 in
1607 2522 1952 2593 parvulorum
1978 2529 2160 2577 tamen

553 2614 890 2672 discretione
921 2615 1202 2679 deﬁciunt,
1228 2633 1328 2674 nec
1356 2626 1584 2688 possunt
1608 2616 1677 2672 de
1701 2617 1820 2688 ejus
1846 2615 2161 2687 quastiouis

555 2710 770 2767 ratione
800 2711 1010 2768 reddita
1038 2711 1286 2784 gloriari,
1319 2727 1442 2783 qua
1474 2713 1542 2769 de
1566 2712 1819 2768 omnibus
1853 2711 2162 2767 hominibus

553 2812 842 2872 tractatur,
869 2814 1056 2864 etnon
1089 2807 1158 2864 de
1185 2807 1442 2863 omnibus
1469 2807 1778 2876 espeditur.
1815 2805 2162 2862 Multiformi-

555 2904 641 2953 tas
677 2908 860 2954 autem
891 2908 945 2954 et
968 2898 1282 2971 magnitudo
1331 2898 1530 2954 divina
1577 2899 1764 2970 gratia
1798 2899 1992 2968 prohat
2023 2898 2160 2952 istos

549 3002 739 3049 contra
768 2993 1057 3049 veritatem
1097 2993 1260 3048 etiam
1283 2992 1430 3064 quod
1457 2992 1527 3048 de
1572 2993 1837 3062 majorum
1865 2990 2159 3046 voluntati-

553 3087 662 3145 bus
689 3088 1008 3161 loquuntur,
1033 3088 1341 3150 adstruere.
1371 3102 1674 3158 eorumque
1708 3087 2048 3156 persuasioui
2076 3085 2160 3140 di-

2285 1868 2325 1935 (l
2356 1868 2584 1944 Tltess.t)
2608 1888 2621 1924 :
2650 1869 2717 1926 Et
2740 1870 2878 1926 infra
2906 1889 2918 1925 :
2952 1870 3081 1928 Ideo
3112 1883 3165 1926 et
3190 1886 3290 1927 nos
3311 1874 3513 1943 gratias
3535 1873 3751 1942 agimus
3773 1873 3888 1929 Deo

2272 1963 2394 2019 sine
2426 1964 2856 2030 intermissione,
2875 1965 3130 2036 quoniam
3151 1982 3271 2020 cum
3294 1967 3648 2037 accepissetis
3668 1982 3700 2022 a
3726 1966 3888 2022 nobis

2269 2056 2498 2112 verbum
2520 2057 2738 2112 auditus
2766 2057 2880 2123 Dei,
2909 2059 3202 2129 accepistis
3232 2073 3337 2114 non
3369 2069 3427 2114 ut
3450 2060 3677 2116 verbum
3703 2059 3889 2116 homi-

2269 2167 2423 2216 num,
2445 2151 2540 2206 sed
2571 2152 2734 2222 (sicut
2759 2160 2846 2206 est
2876 2152 3033 2224 vere)
3062 2153 3288 2208 verbum
3335 2153 3453 2221 Dei,
3501 2153 3594 2224 qui
3621 2163 3890 2224 operatur

2269 2242 2321 2297 itt
2343 2242 2500 2298 vobis
2528 2243 2620 2314 qui
2667 2243 2982 2298 credidistis
3027 2243 3071 2316 (l
3105 2243 3282 2300 Thess.
3311 2244 3393 2316 tt).
3443 2245 3630 2300 Potuit
3680 2260 3754 2302 ne
3777 2247 3889 2317 ple-

2269 2339 2393 2394 nius
2421 2347 2519 2392 aut
2565 2337 2873 2394 evidentius
2917 2337 3280 2394 demonstrari
3327 2338 3422 2394 Dei
3467 2353 3592 2396 esse
3648 2340 3884 2408 donum,

2267 2431 2610 2486 credentium
2649 2429 2834 2498 ﬁdem,
2869 2446 3036 2500 quant
3092 2440 3150 2485 ut
3193 2430 3318 2486 ideo
3350 2443 3651 2502 agerentur
3685 2432 3887 2504 gratia

2271 2526 2404 2594 Deo,
2453 2526 2712 2596 quoniam
2761 2525 2797 2580 ii
2845 2526 3041 2596 quibus
3075 2525 3298 2581 verbum
3339 2525 3436 2580 Dei
3486 2541 3583 2595 per
3629 2526 3888 2582 homines

2269 2618 2688 2690 praedicabatur,
2721 2631 2828 2672 non
2858 2619 3013 2688 quasi
3039 2618 3107 2672 de
3124 2618 3408 2672 hominum
3427 2632 3688 2675 sermone
3715 2618 3885 2673 dubi-

2268 2721 2472 2780 tarunt,
2495 2712 2592 2767 sed
2619 2720 2892 2782 tamquam
2918 2711 3031 2768 Deo
3050 2711 3289 2783 loquenti
3312 2727 3411 2782 per
3436 2711 3886 2768 bominescredi-

2267 2805 2496 2872 derunt,
2525 2805 2615 2875 qui
2657 2806 2709 2860 in
2756 2806 2889 2875 ipsis
2917 2815 3005 2860 est
3031 2817 3292 2878 operatus
3337 2818 3387 2860 ut
3442 2805 3792 2862 crederent?
3827 2805 3887 2862 in

2265 2899 2501 2956 secunda
2526 2914 2743 2970 quoque
2764 2898 2832 2953 ad
2860 2900 3081 2955 eosdem
3106 2899 3628 2958 Tltessalonicenses
3647 2903 3885 2970 epistola

2265 2991 2333 3048 de
2361 2992 2468 3047 ﬁde
2497 2993 2551 3046 in
2581 2990 2796 3047 Christo
2815 2991 3214 3062 proficientium
3249 2993 3320 3047 ita
3348 2993 3645 3064 Apostolus
3695 2995 3884 3066 loqui-

2269 3096 2391 3142 tur:
2419 3087 2632 3144 Gratias
2660 3102 2821 3158 agere
2850 3085 3110 3142 debemus
3153 3088 3262 3142 Deo
3293 3104 3511 3159 semper
3559 3105 3659 3160 pro
3695 3089 3882 3155 vobis,

549 3182 800 3238 vittorum
846 3183 1185 3252 eloquiorum
1234 3181 1546 3237 testimonia
1578 3196 1903 3252 repugnare.
1945 3179 2076 3248 Qua
2103 3180 2149 3234 si
2182 3184 2228 3248 C
2262 3180 2480 3251 fratres,
2505 3181 2578 3236 ita
2603 3188 2660 3234 ut
2681 3178 2902 3250 dignunt
2935 3189 3042 3246 est,
3073 3180 3329 3252 quoniam
3353 3181 3884 3251 supercrescitﬁdes

554 3276 740 3332 omnia
761 3277 999 3332 sermoni
1024 3285 1213 3331 nostro
1233 3275 1467 3332 velimus
1491 3287 1805 3338 aunectere,
1830 3273 2024 3329 modus
2048 3287 2155 3327 non

553 3371 663 3427 erit
687 3369 1032 3427 disserendo.
1064 3369 1196 3438 Qua
1229 3379 1409 3426 tamen
1440 3369 1487 3424 si
1527 3384 1587 3426 se
1628 3367 1994 3425 recordationi
2024 3366 2158 3422 olfe-

550 3472 701 3534 ruttt,
734 3479 841 3520 non
865 3463 1186 3518 omittentur
1221 3471 1299 3530 ut,
1328 3468 1592 3532 quantum
1617 3461 1752 3517 satis
1773 3467 1879 3526 est,
1930 3459 2159 3514 manife-

550 3565 724 3614 stetur
764 3572 929 3613 omne
953 3556 1189 3612 hominis
1211 3555 1415 3611 bonum
1442 3555 1697 3612 meritum
1727 3553 1796 3610 ab
1842 3553 2001 3609 initio
2031 3552 2157 3609 ﬁdei

549 3665 720 3724 usque
771 3649 840 3706 ad
884 3648 1310 3722 perseverantia
1358 3647 2153 3715 consummationem,donum

542 3754 708 3818 atque
738 3758 876 3817 opus
897 3759 1024 3801 esse
1045 3744 1311 3799 divinum.

1145 3836 1375 3894 CAPUT
1425 3835 1562 3893 Vlll.

737 3931 901 3990 Fides
927 3931 1066 3990 unde
1089 3940 1355 4000 nascatur,
1390 3940 1437 3986 et
1466 3930 1604 3986 unde
1630 3932 1951 4003 acquiratur.

625 4027 794 4100 Igitur
818 4028 958 4082 ﬁdes
977 4041 1100 4098 qua
1131 4025 1288 4082 bona
1314 4023 1612 4079 voluntatis
1655 4032 1708 4079 et
1733 4023 1898 4094 justa
1924 4021 2156 4078 actionis

545 4129 638 4180 est
684 4121 945 4193 genitrix,
997 4135 1106 4190 quo
1159 4117 1279 4188 ipsa
1329 4115 1480 4172 fonte
1533 4126 1808 4184 nascatur,
1857 4116 2154 4186 Apostolus

549 4214 752 4272 Paulus
778 4223 1039 4286 exponat,
1072 4213 1165 4285 qui
1216 4227 1314 4284 pro
1360 4212 1727 4267 Romanorum
1759 4211 1864 4269 fide
1893 4212 2010 4268 Deo
2035 4229 2157 4284 gra-

547 4310 650 4365 tias
681 4310 817 4382 agit,
843 4311 1074 4366 dicens:
1109 4309 1350 4366 Primum
1391 4307 1612 4380 quidem
1655 4308 1859 4379 gratias
1893 4324 1994 4381 ago
2043 4309 2156 4366 Deo

548 4417 674 4460 meo
713 4419 811 4475 per
850 4402 1038 4460 Jesum
1065 4401 1346 4458 Christum
1388 4416 1487 4471 pro
1523 4402 1781 4457 omnibus
1819 4401 1994 4466 vobis,
2029 4401 2154 4472 quia

545 4499 684 4556 ﬁdes
707 4510 886 4557 vestra
907 4498 1256 4556 annuntiatur
1273 4500 1326 4553 in
1353 4497 1615 4555 universo
1627 4497 1829 4552 mundo
1883 4495 2063 4568 (Rom.
2090 4495 2152 4569 t).

2266 3282 2469 3340 vestra,
2511 3284 2563 3326 et
2588 3271 2826 3326 abundat
2867 3271 3106 3327 cbaritas
3159 3272 3586 3343 uniuscujusque
3632 3283 3883 3329 vestrum

2264 3366 2316 3420 itt
2348 3363 2605 3430 invicem,
2633 3364 2703 3418 ita
2738 3374 2795 3420 ut
2839 3374 2893 3421 et
2923 3380 3022 3421 nos
3056 3365 3156 3436 ipsi
3196 3367 3248 3420 in
3289 3366 3443 3423 vobis
3471 3367 3780 3437 gloriemur
3826 3367 3883 3424 in

2262 3456 2514 3515 ccclesiis
2539 3456 2635 3513 Dei
2667 3472 2768 3528 pro
2788 3459 3052 3529 patientia
3100 3469 3280 3515 vestra
3324 3469 3379 3516 et
3403 3460 3508 3516 ﬁde
3536 3463 3586 3516 in
3620 3464 3888 3520 omnibus

2264 3551 2738 3622 persecutionihus
2765 3553 2966 3608 vestris
2986 3561 3042 3608 et
3074 3552 3520 3609 tribulationibus
3541 3569 3674 3626 quas
3697 3556 3884 3612 susti-

2262 3645 2402 3702 netis
2425 3644 2479 3700 in
2508 3645 2822 3715 exemplum
2848 3645 2982 3716 justi
3020 3645 3214 3716 judicii
3248 3645 3366 3716 Dei,
3391 3657 3450 3702 ut
3484 3646 3628 3720 digni
3666 3647 3886 3704 habea-

2261 3740 2393 3794 mini
2417 3738 2469 3794 in
2496 3753 2666 3810 regno
2689 3736 2907 3810 Dei,pro
2932 3753 3038 3808 quo
3065 3749 3119 3794 et
3141 3737 3458 3809 patimini(ll
3487 3738 3744 3811 Thess.t).
3771 3740 3887 3798 Pe-

2263 3844 2378 3890 trus
2424 3849 2643 3906 quoque
2671 3832 2970 3904 Apostolus
3014 3849 3083 3890 ex
3114 3835 3229 3892 Deo
3254 3835 3440 3892 haberi
3466 3835 3624 3892 ﬁdem
3666 3837 3888 3906 pradi-

2259 3942 2413 3994 cans,
2460 3928 2532 3982 ita
2572 3927 2799 3982 scribit:
2830 3927 3079 3984 Scientes
3105 3928 3250 4000 quod
3301 3945 3407 3984 non
3429 3929 3889 4000 corruptibilibus

2259 4035 2394 4076 auro
2424 4031 2480 4076 et
2507 4030 2732 4091 argento
2762 4021 3033 4092 redempti
3066 4019 3197 4077 estis
3229 4022 3296 4078 de
3324 4038 3462 4078 vana
3496 4027 3888 4081 conversujo-

2259 4131 2329 4172 ne
2356 4123 2537 4172 vestra
2568 4125 2805 4186 paterna
2838 4115 3164 4181 traditionis,
3193 4116 3290 4174 sed
3317 4119 3558 4188 pretioso
3595 4120 3886 4190 sanguine

2259 4210 2415 4283 quasi
2439 4209 2564 4282 agni
2595 4209 3011 4266 incontaminati
3039 4219 3094 4268 et
3124 4212 3682 4268 imntaculatiChristi
3711 4213 3885 4282 Jesu,

2262 4307 2583 4379 pracogniti
2617 4306 2838 4378 quidem
2870 4317 2998 4365 ante
3038 4310 3486 4366 constitutionem
3516 4311 3726 4379 mundi,
3759 4329 3888 4367 ma-

2237 4401 2501 4458 .nifestati
2541 4410 2723 4457 autem
2782 4403 3099 4458 novissimis
3145 4405 3480 4476 temporibus
3520 4415 3748 4476 promer
3777 4422 3890 4462 vos

2260 4495 2351 4568 qui
2385 4511 2482 4567 per
2509 4495 2687 4567 ipsum
2714 4495 2906 4552 ﬁdeles
2930 4497 3067 4554 estis
3097 4498 3150 4553 itt
3198 4499 3391 4566 Deum,
3449 4499 3538 4569 qui
3585 4500 3890 4556 suscitavit

547 4593 631 4652 Ad
661 4594 931 4665 Ephesios
952 4610 1168 4667 quoque
1191 4594 1438 4651 scribens
1475 4611 1488 4648 :
1524 4592 1842 4661 Propterea,
1881 4591 2074 4660 inquit,
2102 4598 2159 4646 et
2183 4592 2235 4654 D
2261 4606 2383 4646 euut
2415 4607 2443 4645 a
2481 4590 2733 4659 mortuis,
2758 4600 2813 4648 et
2832 4592 3060 4661 gloriam
3094 4594 3141 4648 ei
3168 4592 3339 4658 dedit,
3367 4604 3427 4649 ut
3451 4594 3582 4650 ﬁdes
3613 4607 3808 4652 vesu'a
3833 4605 3894 4653 et

547 4703 649 4762 ego
700 4689 885 4746 audita
915 4689 1018 4746 ﬁde
1042 4697 1222 4746 vestra
1246 4705 1369 4760 quae
1415 4696 1502 4744 est
1540 4686 1594 4742 in
1636 4686 1872 4742 Domino
1916 4683 2067 4752 Jesu,
2099 4692 2156 4740 et

549 4785 846 4842 dilectione
902 4786 957 4840 in
1008 4799 1202 4840 omnes
1247 4791 1472 4840 sanctos
1501 4824 1517 4850 ,
1575 4796 1685 4838 non
1739 4795 1899 4837 cesso
1948 4778 2153 4852 gratias

547 4894 717 4952 agens
750 4895 847 4950 pro
881 4878 1056 4946 vobis,
1090 4876 1410 4934 memoriam
1439 4875 1606 4930 vestri
1631 4873 1840 4930 faciens
1869 4873 1922 4927 in
1949 4872 2153 4928 oratio-

543 4975 707 5032 nibus
760 4973 924 5036 meis,
965 4981 1026 5028 ut
1081 4971 1222 5027 Deus
1271 4966 1490 5026 Domini
1523 4967 1695 5024 nostri
1743 4966 1873 5021 Jesu
1924 4964 2150 5031 Christi,

545 5067 711 5126 Pater
729 5067 944 5140 gloria,
973 5065 1068 5122 det
1094 5063 1252 5120 vobis
1278 5063 1532 5135 spiritum
1556 5061 1837 5132 sapientiae
1857 5069 1913 5116 et
1938 5059 2154 5116 revela-

541 5162 708 5220 tionis
737 5162 793 5218 in
814 5161 1152 5235 agnitionem
1184 5160 1323 5230 ejus,
1357 5157 1694 5213 illuminatos
1741 5156 1930 5213 oculos
1971 5153 2154 5211 cordis

543 5259 733 5325 vestri,
757 5266 818 5316 ut
836 5257 1024 5315 sciatis
1046 5272 1168 5327 qua
1189 5259 1261 5311 sit
1289 5269 1420 5324 spes
1437 5253 1740 5310 vocationis
1767 5253 1907 5322 ejus,
1933 5267 2054 5323 qua
2073 5249 2157 5306 di-

539 5351 687 5409 vitia
740 5352 932 5425 gloria
980 5349 1316 5406 hareditatis
1359 5347 1478 5419 ejus
1509 5347 1562 5402 itt
1589 5346 1790 5402 sanctis
1839 5343 2054 5418 (Ephes.
2087 5343 2150 5414 t).

540 5447 618 5504 De
640 5449 748 5505 ﬁde
768 5450 935 5506 etiam
981 5444 1395 5503 Colossensium
1422 5441 1685 5499 similiter
1707 5441 1910 5512 gratias
1941 5454 2108 5511 agens
2136 5456 2149 5492 :

543 5537 762 5596 Gratias
783 5539 1016 5612 agimus,
1051 5537 1255 5608 inquit,
1299 5538 1414 5591 Deo
1444 5542 1503 5589 et
1557 5533 1706 5588 Patri
1738 5529 1951 5585 Domini
1981 5529 2155 5585 nostri

539 5633 671 5693 Jesu
698 5633 925 5702 Christi,
955 5647 1174 5704 semper
1201 5646 1299 5700 pro
1327 5628 1486 5686 vobis
1507 5635 1749 5693 orantes,
1775 5623 2064 5680 audientes
2085 5623 2152 5678 ﬁ-

538 5729 667 5788 dem
697 5738 933 5786 vestram
963 5729 1020 5782 in
1070 5726 1294 5783 Christo
1323 5723 1478 5792 Jesu,
1507 5732 1564 5780 et
1607 5720 1956 5778 dilectionem
1987 5733 2152 5791 quam

541 5818 760 5881 habetis
808 5821 868 5880 in
890 5827 1116 5880 sanctos
1140 5832 1362 5888 omnes,
1391 5826 1618 5890 propter
1641 5831 1794 5889 spem
1841 5831 1966 5888 qua
1994 5829 2156 5887 repo-

2255 4702 2384 4758 spes
2413 4696 2563 4744 esset
2591 4687 2646 4742 in
2673 4688 2901 4743 Domino
2934 4687 2976 4762 (Ι
3009 4686 3123 4742 Pet.
3152 4692 3214 4759 ι).
3247 4689 3378 4745 Item
3408 4689 3551 4745 idem
3585 4689 3640 4744 in
3669 4703 3891 4746 secun-

2255 4781 2326 4838 da
2353 4781 2595 4852 Epistula
2629 4781 2697 4836 de
2729 4780 2857 4837 ﬁdei
2876 4781 3232 4853 perceptione
3260 4782 3337 4838 sic
3362 4784 3599 4853 loquitur
3632 4800 3646 4836 :
3675 4781 3890 4840 Simon

2255 4875 2452 4931 Petrus
2503 4890 2706 4931 servus
2754 4883 2811 4930 et
2861 4875 3144 4944 apostolus
3185 4874 3314 4932 Jesu
3373 4875 3600 4942 Christi,
3655 4873 3748 4930 his
3783 4877 3886 4947 qui

2255 4969 2590 5040 coaqualem
2621 4966 2782 5023 nobis
2810 4967 2995 5039 adepti
3011 4977 3141 5024 sunt
3162 4969 3324 5025 ﬁdem
3348 4985 3445 5040 per
3459 4969 3734 5040 justitiam
3771 4969 3890 5025 Do-

2257 5063 2389 5118 mini
2414 5071 2469 5118 et
2493 5061 2796 5119 Salvatoris
2815 5061 2944 5118 Jesu
2976 5060 3180 5119 Christi
3213 5063 3283 5136 (ll
3313 5063 3456 5119 Petr.
3487 5067 3548 5136 t).
3577 5060 3740 5120 Unde
3771 5081 3888 5120 au-

2259 5166 2368 5213 tem
2393 5155 2662 5212 habeatur
2687 5156 2918 5227 spiritus
2939 5156 3085 5225 ﬁdei,
3110 5155 3350 5214 Joannes
3381 5157 3667 5228 apostolus
3691 5159 3888 5214 mani-

2256 5249 2560 5306 festissima
2605 5247 2792 5316 docet,
2821 5249 3013 5307 dicens
3045 5267 3057 5304 :
3087 5251 3282 5307 Omnis
3303 5252 3531 5322 spiritus
3555 5252 3648 5323 qui
3688 5252 3886 5307 conﬁ-

2259 5352 2404 5400 tetur
2431 5344 2617 5399 Jesum
2651 5344 2706 5400 in
2737 5359 2903 5401 carne
2928 5343 3166 5412 venisse,
3219 5363 3285 5403 ex
3317 5346 3431 5402 Deo
3457 5356 3543 5403 est
3570 5364 3584 5400 :
3613 5354 3670 5403 et
3687 5349 3888 5403 (ιωιιίε

2258 5435 2482 5508 Spiritus
2510 5437 2599 5508 qui
2633 5437 3028 5508 solvitJesum,
3051 5455 3117 5496 ex
3149 5439 3260 5496 Deo
3289 5455 3394 5496 non
3436 5451 3545 5506 est,
3580 5451 3636 5496 et
3666 5439 3756 5495 hic
3790 5451 3888 5496 est

2260 5532 2616 5588 antichristus
2670 5532 2716 5604 (l
2743 5530 2904 5590 Joan.
2954 5535 3050 5608 tv).
3108 5535 3237 5592 Item
3295 5535 3431 5592 dicit
3479 5535 3549 5592 ab
3597 5536 3886 5606 eorecipi

2259 5624 2642 5698 Evangelium,
2684 5626 2740 5681 in
2772 5643 2881 5698 quo
2909 5636 2992 5684 est
3029 5628 3268 5700 Spiritus
3300 5629 3568 5686 veritatis.
3619 5627 3749 5693 Nos,
3787 5630 3887 5684 in-

2258 5717 2396 5792 quit,
2429 5735 2498 5776 ex
2533 5721 2642 5776 Deo
2683 5735 2872 5777 sumus
2905 5736 2920 5775 :
2955 5721 3049 5791 qui
3096 5723 3248 5778 novit
3281 5722 3470 5791 Deum,
3517 5722 3670 5777 audit
3715 5734 3838 5777 nos
3865 5736 3886 5778 :

2261 5814 2353 5885 qui
2383 5829 2494 5870 non
2523 5821 2608 5871 est
2631 5828 2697 5872 ex
2721 5812 2858 5882 Deo,
2889 5829 3000 5872 non
3034 5829 3135 5873 nos
3163 5815 3336 5873 audit.
3361 5815 3418 5872 lu
3451 5815 3558 5872 hoc
3581 5815 3888 5886 cognosci-
