3958 6314
109 289 240 350 1097

1167 302 1257 358 DE
1298 301 1693 365 VOCATIONE
1731 309 2043 370 GENTIUM
2082 313 2210 373 LIB.
2256 319 2296 374 Ι.

3253 331 3391 388 I098

105 421 218 462 mus
238 405 483 474 spirituum
512 409 779 478 veritatis,
807 418 860 468 et
889 413 1136 482 spiritum
1195 422 1399 478 erroris
1449 423 1469 495 (
1485 423 1686 497 tam).
1715 427 1762 489 Α
1791 429 1968 500 ginem
1999 434 2240 490 ccelesﬁs
2263 435 2504 494 hominis
2533 439 2816 496 reformari
2845 459 2861 498 :
2895 444 3036 514 quod
3063 453 3233 502 totum
3279 448 3394 502 sive

105 497 228 554 Item
249 498 304 553 in
327 499 556 557 Actibus
582 504 948 574 apostolorum
984 507 1177 566 Petrus
1206 515 1490 584 apostolus
1521 517 1680 574 ﬁdem

102 605 218 647 esse
244 607 336 660 per
351 592 637 650 Dominum
657 597 840 655 Jesum
867 606 1226 670 pronuntians
1253 627 1266 663 :
1297 607 1679 683 Hunc,inquit,

102 699 252 754 quem
282 685 482 742 videtis
511 696 568 745 et
595 693 788 758 nostis,
819 694 1162 754 conﬁrmavit
1211 716 1409 758 nomen
1459 705 1601 775 ejus,
1628 714 1683 762 et

99 776 226 833 ﬁdes
250 795 371 850 qum
418 797 515 850 per
563 801 686 840 eum
715 795 822 854 est,
874 789 1023 847 dedit
1073 793 1342 864 integram
1391 799 1680 856 sanitatem

98 870 246 926 istam
273 872 325 927 in
371 889 671 946 conspectu
725 883 967 940 omnium
1016 896 1258 944 vestrum
1291 890 1432 961 (Act.
1467 896 1570 965 ιιι).
1606 893 1683 951 Ι)ε

95 963 197 1021 ﬁde
241 982 456 1039 quoque
486 970 704 1044 Lydiae,
735 975 891 1047 cujus
921 977 1065 1035 inter
1109 981 1247 1038 alias
1275 963 1536 1042 mulieres
1559 1003 1683 1056 qua:

94 1055 431 1129 Evangelium
455 1063 660 1133 pariter
682 1068 997 1139 audiebant,
1027 1073 1286 1132 Dominus
1313 1092 1409 1134 cor
1443 1055 1679 1150 aperuit,

92 1151 160 1208 ita
188 1154 242 1208 in
273 1156 462 1213 eadem
504 1171 757 1218 narratur
779 1163 1022 1243 .bistoria
1060 1185 1074 1224 :
1107 1172 1203 1227 Die
1224 1182 1402 1229 autem
1430 1175 1684 1232 sabbato-

92 1261 204 1302 rum
234 1251 438 1319 egressi
482 1268 677 1312 sumus
714 1267 867 1315 extra
897 1273 1108 1332 portam
1133 1265 1284 1336 juxta
1337 1267 1559 1335 ﬁumen,
1591 1269 1681 1326 ubi

91 1338 372 1396 videbatur
395 1359 518 1401 esse
545 1351 744 1416 oratio,
788 1363 846 1408 et
871 1355 1130 1413 sedentes
1181 1359 1536 1432 loquebamur
1565 1381 1688 1420 mu—

90 1429 307 1488 lieribus
328 1451 450 1505 qum
478 1453 852 1500 convenerant
885 1465 896 1500 :
929 1457 984 1503 et
1005 1429 1473 1518 qumdamvmulier
1502 1458 1682 1513 nomi-

87 1538 155 1580 ne
176 1524 340 1597 Lydia
371 1535 694 1602 purpuraria
725 1537 960 1594 civitatis
987 1541 1471 1614 Thyatirenorum,
1495 1551 1685 1606 colens

88 1617 278 1685 Deum,
309 1622 539 1693 audivit,
570 1626 726 1698 cujus
767 1629 1035 1687 Dominus
1057 1649 1154 1690 cor
1175 1639 1390 1707 aperuit
1418 1649 1475 1696 ut
1503 1641 1684 1700 inten-

86 1713 237 1770 deret
288 1717 355 1772 iis
397 1734 518 1789 quae
569 1722 894 1782 dicebantur
921 1743 948 1781 a
977 1729 1144 1786 Paulo
1176 1733 1319 1802 (Act.
1368 1736 1508 1808 xvt).
1563 1738 1682 1794 Non

1787 523 1961 592 palam
2019 541 2114 595 per
2167 540 2556 600 cooperatores
2605 534 2814 604 gratim,
2859 536 2976 593 sive
3026 539 3240 595 occulte
3291 556 3388 610 per

1782 615 2346 679 subministrationem
2375 627 2622 695 spiritus,
2668 627 2758 683 ille
2807 629 3050 701 inchoat,
3103 633 3193 688 ille
3226 641 3392 703 auget

1783 717 1838 764 et
1861 711 2094 779 perlicit,
2107 715 2261 786 cujus
2275 718 2586 786 aediﬁcatio,
2609 731 2662 776 et
2692 722 2847 793 cujus
2862 723 3176 795 figmentum
3197 740 3386 781 sumus

1783 801 1830 877 (I
1854 802 1974 860 Cor.
2010 822 2089 874 ιιι,
2124 808 2242 880 xv).

2395 905 2630 964 CAPUT
2668 908 2760 964 IX.

1859 991 2014 1059 Quod
2031 990 2176 1047 Deus
2216 993 2283 1047 sit
2310 1008 2490 1052 auctor
2516 1001 2750 1057 omnium
2791 1005 3036 1060 virtutum
3065 1015 3112 1062 et
3146 1008 3311 1062 omnis

2517 1095 2657 1152 boni.

1853 1181 2107 1251 Abunde,
2139 1194 2402 1257 quantum
2431 1188 2687 1257 arbitror,
2721 1191 2805 1248 his
2835 1195 3162 1251 testimoniis
3182 1197 3390 1268 (quant-

1785 1273 1866 1327 vis
1905 1282 1961 1327 et
1987 1275 2093 1331 alia
2137 1276 2463 1336 documenta
2493 1285 2774 1354 aggregari
2822 1288 3123 1360 potuerint)
3156 1290 3390 1344 demon-

1785 1375 2013 1422 stratum
2041 1379 2123 1425 cst
2162 1370 2321 1427 ﬁdem
2354 1388 2459 1444 qua
2511 1374 2842 1445 justiﬁcatur
2895 1379 3128 1448 impius,
3186 1381 3288 1435 nisi
3318 1396 3385 1436 ex

1785 1460 1885 1517 Dei
1917 1478 2142 1520 munere
2175 1483 2280 1521 non
2305 1467 2512 1537 haberi,
2547 1485 2777 1542 eamque
2819 1471 2984 1527 nullis
3009 1475 3220 1528 meritis
3246 1489 3388 1546 pra:—

1785 1555 2105 1611 cedentibus
2153 1559 2339 1627 tribui,
2397 1561 2494 1616 sed
2551 1563 2616 1618 ad
2681 1563 2785 1619 hoc
2841 1565 3055 1635 donari,
3124 1576 3182 1621 ut
3238 1568 3392 1638 prin-

1785 1648 1987 1716 cipium
2023 1653 2188 1720 possit
2242 1668 2365 1708 esse
2422 1655 2742 1711 meritorum
2781 1675 2794 1712 :
2830 1666 2885 1712 ut
2931 1672 3054 1712 cum
3103 1659 3217 1728 ipsa
3263 1660 3387 1714 data

1787 1740 1953 1797 fuerit
1983 1782 2000 1808 ,
2055 1759 2159 1799 non
2211 1746 2380 1816 petita
2418 1790 2432 1813 ,
2493 1749 2666 1818 ipsius
2720 1751 2829 1819 jam
2881 1751 3240 1822 petitionibus
3291 1752 3390 1808 bo-

86 1817 260 1862 autem
287 1825 355 1864 ex
382 1809 620 1871 humana
645 1817 912 1888 sapientia
943 1837 1066 1880 esse
1089 1823 1270 1894 ﬁdem,
1297 1829 1390 1884 sed
1419 1845 1484 1886 ex
1517 1832 1684 1904 inspi-
1713 1825 1761 1886 B
1787 1851 1856 1890 na
1927 1845 2125 1894 czetera
2208 1840 2584 1899 conferantur.
2671 1843 2822 1900 Unde
2894 1845 3080 1916 itaque
3146 1845 3394 1916 quaedam

86 1900 293 1957 ratione
323 1903 528 1972 divina,
553 1906 725 1978 ipsius
755 1915 998 1970 veritatis
1027 1932 1160 1972 voce
1184 1921 1450 1976 lirmatur.
1483 1900 1679 1980 Dicen-

87 2002 141 2051 te
182 1998 330 2053 enim
378 2000 609 2058 Domino
648 2007 712 2061 ad
774 2009 1072 2081 discipulos
1127 2031 1258 2072 suos
1292 2035 1305 2072 :
1334 2018 1445 2075 Vos
1495 2030 1678 2078 autem

88 2104 242 2158 quem
273 2108 361 2149 me
385 2109 510 2152 esse
536 2097 762 2156 dicitis?
789 2106 1130 2176 respondens
1158 2109 1345 2166 Simon
1377 2112 1572 2171 Petrus
1601 2116 1682 2172 di-

90 2182 168 2236 xit
201 2203 211 2237 :
247 2185 328 2240 Tu
356 2203 420 2242 es
447 2187 702 2248 Christus
729 2193 898 2251 Filius
924 2199 1018 2254 Dei
1042 2201 1170 2257 vivi.
1195 2201 1554 2271 Respondeas
1581 2223 1683 2264 au-

91 2283 194 2330 tem
220 2277 406 2346 Jesus,
443 2281 580 2339 dixit
602 2285 652 2340 ei
680 2305 692 2341 :
728 2287 923 2346 Beatus
955 2307 1035 2358 es,
1061 2294 1246 2350 Simon
1271 2296 1524 2369 Barjona,
1556 2301 1682 2373 quia

88 2390 212 2432 caro
243 2387 302 2434 et
330 2383 550 2452 sanguis
598 2401 704 2440 non
733 2390 996 2446 revelavit
1043 2392 1158 2459 tibi,
1204 2395 1298 2450 sed
1341 2395 1502 2452 Pater
1527 2415 1685 2457 meus

91 2472 179 2541 qui
217 2472 270 2527 in
300 2476 454 2531 ctelis
482 2487 567 2534 est
590 2479 804 2552 (Matth.
836 2489 971 2552 XVI).
1018 2486 1224 2543 Paulus
1245 2505 1374 2545 vero
1407 2495 1686 2563 apostolus

90 2563 228 2622 hanc
260 2569 433 2638 ipsam
467 2572 624 2627 [idem
653 2576 951 2632 secundum
985 2595 1293 2638 mensuram
1337 2585 1450 2640 dari
1480 2602 1577 2657 pro
1601 2604 1688 2644 ar-

89 2655 252 2714 bitrio
297 2659 582 2734 largientis
628 2667 700 2723 ita
741 2672 1041 2738 prmdieat:
1070 2675 1201 2730 Dico
1251 2677 1396 2734 enim
1446 2655 1540 2749 per
1566 2697 1689 2752 gra-

91 2752 216 2808 tiam
250 2772 374 2825 quze
395 2758 518 2814 data
551 2769 635 2816 est
661 2764 818 2831 mihi,
851 2769 1106 2824 omnibus
1131 2771 1223 2840 qui
1243 2781 1370 2828 sunt
1396 2775 1538 2831 inter
1565 2791 1686 2845 vos,

86 2861 192 2903 non
223 2850 347 2916 plus
381 2866 576 2921 sapere
605 2872 765 2927 quam
796 2869 1050 2929 Oporteat
1078 2878 1296 2933 sapere,
1344 2867 1439 2923 sed
1491 2883 1689 2941 sapere

88 2940 152 2995 ad
175 2943 556 3018 sobrietatem,
590 2950 729 3005 sicut
760 2953 1048 3025 unicuique
1073 2957 1263 3013 divisit
1293 2959 1437 3017 Deus
1472 2940 1692 3018 mensu-

89 3047 201 3090 ram
227 3036 376 3092 ﬁilei.
412 3039 542 3096 Item
569 3043 710 3098 idem
739 3046 999 3103 unitatem
1030 3060 1194 3106 rectae
1224 3051 1370 3120 ﬁdei,
1390 3066 1444 3110 et
1466 3071 1693 3114 consen-

87 3125 308 3184 Siouem
352 3132 406 3186 in
458 3131 725 3192 honorem
756 3138 850 3194 Dei
879 3155 907 3194 a
943 3142 1054 3198 Deo
1099 3157 1222 3200 esse
1279 3152 1690 3208 commendans.

1786 1927 1852 1982 de
1897 1930 2143 2000 plurimis
2185 1933 2509 1989 assumenda
2560 1945 2685 1990 sunt
2732 1937 3040 1993 testimonia
3075 1980 3091 2003 ,
3146 1955 3267 2007 quae
3337 1941 3390 1994 in

1786 2020 2104 2080 diversitate
2155 2025 2426 2082 donorum
2471 2028 2764 2084 ostendant
2815 2031 3007 2100 gratiae
3045 2032 3378 2102 largitatem.

1787 2116 1867 2172 Ex
1899 2116 2014 2172 Deo
2053 2118 2239 2189 utique
2265 2135 2406 2186 esse,
2443 2131 2500 2176 ut
2540 2121 2703 2178 homo
2732 2121 2872 2178 viam
2909 2123 3001 2179 Dei
3031 2124 3219 2195 eligat,
3249 2137 3302 2180 et
3334 2135 3394 2181 ut

1788 2223 1975 2283 surgat
2004 2229 2031 2266 a
2074 2215 2250 2286 lapsu,
2284 2217 2528 2288 psalmus
2551 2219 2843 2275 Davidicus
2882 2221 3050 2286 canit,
3083 2221 3312 2278 dicens:
3344 2222 3391 2277 A

1789 2303 2022 2361 Domino
2067 2322 2291 2376 gressus
2340 2308 2576 2365 hominis
2622 2310 2948 2381 dirigentur,
3000 2319 3054 2367 ct
3084 2313 3225 2366 viam
3272 2312 3394 2381 ejus

1788 2399 1957 2454 volet.
1991 2399 2123 2458 Cum
2147 2402 2431 2471 ceciderit,
2467 2419 2572 2459 non
2605 2404 2898 2460 collidatur
2929 2422 2942 2458 :
2977 2405 3100 2474 quia
3131 2406 3398 2462 Dominus

1789 2496 2049 2563 supponit
2067 2511 2286 2550 manum
2305 2511 2460 2552 suam
2481 2496 2660 2563 (Psal.
2680 2501 2892 2568 xxxvi).
2917 2499 3048 2554 Item
3082 2499 3224 2555 idem
3245 2499 3391 2570 quod

1791 2583 1931 2640 duce
1963 2585 2076 2642 Deo
2106 2587 2361 2642 veniatur
2383 2587 2452 2643 ad
2480 2587 2650 2643 Deum
2696 2606 2710 2643 :
2762 2589 2967 2646 Emitte
3009 2590 3184 2646 lucem
3224 2600 3394 2656 tuam,

1791 2687 1847 2734 et
1875 2680 2162 2736 veritatem
2194 2688 2368 2747 tuam,
2406 2681 2520 2752 ipsa
2556 2697 2642 2738 me
2671 2683 3016 2738 deduxerunt.
3045 2694 3101 2739 et
3148 2684 3395 2740 adduxe-

1794 2781 1924 2826 runt
1953 2773 2007 2828 in
2033 2782 2276 2830 montem
2307 2784 2746 2843 sanctumtuum,
2776 2778 2898 2834 etin
2933 2778 3280 2834 tabernacula
3308 2789 3398 2834 tua

1793 2861 1968 2936 (Psal.
1999 2869 2157 2936 xui).
2190 2868 2320 2924 Item
2349 2868 2494 2940 quod
2524 2869 2577 2924 in
2622 2869 2853 2926 Domino
2875 2871 2946 2925 sit
2973 2870 3210 2926 hominis
3239 2871 3396 2927 forti-

1795 2958 1946 3025 tudo,
1976 2969 2033 3015 et
2061 2960 2162 3016 Dei
2190 2961 2439 3017 voluntas
2467 2963 2767 3032 prazveniat
2799 2964 3143 3020 liberandum
3171 2982 3186 3018 :
3222 2965 3402 3020 Forti-

1797 3053 2066 3122 tudinem,
2101 3055 2298 3126 inquit,
2328 3071 2502 3112 meam
2534 3057 2601 3112 ad
2636 3069 2689 3114 te
2717 3058 3044 3127 custodiam,
3096 3059 3222 3130 quia
3258 3059 3399 3114 Deus

1796 3157 2082 3219 susceptor
2123 3164 2298 3217 meus,
2337 3150 2477 3205 Deus
2513 3165 2688 3216 meus,
2723 3151 2978 3208 voluntas
3021 3152 3142 3220 ejus
3190 3166 3399 3222 prave-

87 3219 235 3278 Deus
263 3234 479 3293 autem,
513 3228 716 3302 inquit,
766 3234 1046 3304 patientia:
1083 3247 1140 3294 et
1169 3243 1560 3301 consolationis
1605 3246 1696 3304 de;
1719 3227 1766 3292 C
1801 3240 1916 3297 niet
1943 3256 2028 3297 me
2059 3240 2234 3315 (Psal.
2270 3242 2446 3315 Lvtn).
2478 3243 2534 3298 In
2577 3244 2892 3300 Proverbiis
2922 3260 3140 3316 quoque
3173 3247 3406 3317 legimus

86 3317 242 3373 vobis
279 3318 338 3372 id
371 3320 546 3392 ipsum
591 3339 785 3396 sapere
814 3331 866 3384 in
906 3331 1228 3389 alterutrum
1277 3339 1576 3396 secundum
1604 3342 1696 3398 Je-

87 3422 206 3464 sum
240 3412 517 3471 Christum
548 3434 561 3472 :
594 3428 650 3474 ut
679 3423 972 3482 unanimes
1020 3442 1126 3483 uno
1176 3443 1273 3485 ore
1322 3431 1696 3490 honoriﬁcetis

88 3501 260 3561 Deum
293 3518 351 3564 et
379 3509 592 3566 Patrem
644 3513 858 3571 Domini
897 3521 1068 3576 nostri
1097 3521 1225 3578 Jesu
1256 3522 1462 3581 Christi
1514 3526 1693 3599 (Rom.

87 3598 209 3666 xu).
248 3601 316 3653 Et
360 3601 539 3658 infra:
574 3604 718 3662 Deus
751 3619 932 3665 autem
965 3615 1080 3682 spei
1131 3616 1340 3685 repleat
1397 3633 1492 3674 vos
1527 3598 1695 3675 omni

85 3691 288 3760 gaudio
317 3704 376 3750 et
407 3711 539 3766 pace
569 3700 622 3753 in
644 3701 944 3774 credendo,
968 3714 1028 3760 ut
1057 3708 1350 3765 abundetis
1377 3727 1472 3782 spe
1495 3713 1547 3768 iu
1580 3715 1694 3768 vir-
1726 3741 1730 3745 ι

86 3793 203 3842 tute
226 3787 469 3859 Spiritus
495 3796 670 3849 sancti
708 3795 886 3868 (Rom.
932 3800 1044 3872 xv).
1068 3801 1190 3871 Quo
1221 3806 1539 3862 testimonio
1586 3823 1694 3864 non

86 3879 268 3935 solum
296 3880 453 3951 ﬁdes,
483 3884 578 3940 sed
609 3887 772 3942 etiam
803 3889 1060 3960 gaudium
1089 3903 1147 3949 et
1178 3911 1304 3963 pax,
1337 3905 1391 3952 et
1420 3897 1699 3954 abundan-

84 3972 155 4027 tia
189 3975 314 4044 spei
336 3975 606 4033 docentur
638 3979 744 4036 nisi
777 3982 830 4036 in
880 3982 1084 4040 virtute
1114 3988 1286 4042 sancti
1317 3988 1556 4059 Spiritus
1589 4007 1696 4048 non

83 4063 281 4123 haberi
313 4067 529 4144 (Ibid).
561 4072 643 4128 Ad
670 4073 942 4144 Ephesios
969 4094 1102 4134 vero
1127 4080 1379 4137 scribens
1405 4082 1700 4154 Apostolus

83 4159 155 4216 de
186 4162 402 4218 divitiis
427 4166 619 4236 gratim
651 4183 750 4239 pro
778 4170 939 4226 malis
974 4171 1113 4228 bona
1145 4175 1520 4247 retribuentis,
1551 4187 1605 4232 et
1631 4177 1700 4234 de

83 4252 196 4312 ﬁde
224 4273 355 4328 qua:
379 4276 484 4314 non
528 4276 596 4317 ex
645 4264 824 4330 nobis,
874 4265 968 4321 sed
1000 4283 1065 4322 ex
1098 4267 1194 4324 Dei
1252 4268 1399 4325 dono
1443 4270 1699 4338 habetur,

84 4348 207 4406 ba‘c
250 4352 535 4424 loquitur:
563 4356 708 4414 Deus
747 4368 926 4416 autem
955 4362 1047 4433 qui
1078 4352 1230 4420 dives
1253 4373 1338 4421 est
1386 4365 1439 4421 in
1489 4368 1703 4424 miseri-

84 4445 309 4512 cordia,
345 4459 569 4518 propter
592 4450 815 4506 nimiam
852 4469 1005 4510 suam
1030 4456 1352 4515 charitatem
1383 4475 1489 4532 qua
1509 4462 1702 4519 dilexit

83 4549 277 4603 nos,et
294 4555 422 4596 cum
441 4557 683 4600 essemus
699 4549 896 4603 mortui
915 4552 1176 4620 peccatis,
1191 4555 1700 4613 conviviﬁcavitnos

1799 3332 1869 3391 de
1910 3335 2174 3403 sapientia
2218 3345 2275 3392 et
2318 3336 2644 3392 intellectu:
2701 3338 2966 3406 Quoniam
3012 3340 3277 3396 Dominus
3306 3341 3402 3397 dat

1799 3427 2146 3497 sapientiam,
2193 3438 2250 3483 ct
2296 3445 2328 3484 a
2378 3429 2520 3486 facie
2569 3430 2686 3501 ejus
2717 3431 2945 3487 scientia
2988 3440 3045 3487 et
3095 3433 3404 3489 intellectus

1801 3519 1983 3592 (Prov.
2021 3525 2107 3590 ιι).
2139 3521 2272 3577 Item
2304 3523 2357 3576 in
2391 3522 2585 3578 eodem
2629 3523 2769 3580 libro
2799 3524 2868 3579 de
2897 3524 3401 3594 dispensationibus

1800 3616 2085 3685 sapientia:
2114 3617 2233 3682 Dei,
2287 3619 2411 3674 sine
2441 3634 2548 3690 qua
2582 3620 2745 3675 nulla:
2783 3631 2949 3675 rectae
2981 3631 3106 3676 sunt
3133 3623 3402 3690 actiones,

1799 3709 1870 3764 ita
1902 3709 2147 3764 dicitur:
2201 3709 2376 3765 Meum
2421 3711 2719 3766 consilium
2754 3721 2808 3767 et
2836 3727 2954 3766 mea
3004 3714 3172 3770 tutela
3215 3733 3228 3770 :
3283 3730 3402 3770 mea

1796 3802 2110 3874 prudentia,
2143 3819 2263 3859 mea
2292 3811 2474 3861 autem
2510 3805 3093 3877 virtus.Permereg«.-s
3123 3821 3386 3880 regnant,

1800 3907 1857 3953 et
1888 3898 2100 3970 tyranni
2132 3913 2231 3969 per
2260 3914 2346 3954 me
2376 3898 2630 3955 obtinent
2659 3907 2859 3956 terram
2885 3898 3073 3973 (Prov.
3100 3901 3240 3972 vnt).
3266 3903 3398 3959 Item

1801 3989 1953 4057 alibi,
1977 3989 2121 4059 quod
2159 4005 2322 4046 nemo
2360 3992 2534 4060 possit
2570 4001 2720 4048 recte
2752 3992 3005 4048 incedere
3035 3993 3142 4049 nisi
3168 3993 3406 4050 Domino

1801 4080 2109 4153 dirigente:
2144 4084 2185 4136 A
2212 4081 2443 4137 Domino
2468 4081 2817 4154 corriguntur
2837 4099 3064 4155 gressus
3094 4085 3222 4153 viri,
3255 4100 3403 4147 mor-

1803 4176 1926 4232 talis
1953 4185 2133 4233 autem
2175 4177 2452 4248 quomodo
2478 4177 2734 4249 intelligit
2753 4178 2871 4234 vias
2895 4193 3022 4234 suas
3046 4178 3234 4250 (Prov.
3267 4179 3402 4252 xx)?

1801 4273 1932 4329 Item
1963 4273 2092 4328 alibi
2118 4291 2131 4327 :
2155 4271 2348 4329 Omnis
2379 4274 2465 4328 vir
2484 4274 2701 4330 videtur
2727 4274 2828 4330 sibi
2854 4273 3058 4346 justus,
3096 4274 3275 4347 dirigit
3309 4291 3406 4332 au-

1802 4375 1912 4424 tem
1931 4367 2089 4424 corda
2117 4368 2387 4425 Dominus
2411 4366 2594 4440 (Prov.
2621 4368 2756 4441 xxt).
2782 4369 2850 4425 Et
2871 4370 3033 4427 alibi:
3054 4369 3404 4442 Pmparatur

1802 4459 2052 4516 voluntas
2079 4475 2108 4514 a
2143 4458 2372 4516 Domino
2402 4458 2590 4533 (Prov.
2622 4460 2761 4533 vm).
2795 4461 2928 4518 Item
2956 4460 3161 4520 ibidem
3206 4463 3274 4520 de
3304 4479 3400 4521 co-

1804 4555 2062 4626 gitatione
2081 4564 2247 4627 atque
2270 4555 2538 4611 consilio:
2565 4555 2744 4611 Multa:
2771 4557 3134 4626 cogitationes
3160 4558 3212 4615 in
3233 4561 3401 4616 corde

82 4629 344 4700 Christo,
375 4635 527 4705 cujus
555 4640 730 4708 gratia
752 4643 885 4696 salvi
917 4641 1047 4699 facti
1091 4661 1300 4713 sumus,
1353 4659 1410 4704 et
1450 4667 1701 4708 conresu-
1726 4635 1781 4696 Π
1805 4648 1926 4714 Viri,
1973 4647 2260 4702 consi'ium
2307 4657 2488 4702 autem
2521 4647 2738 4703 Domini
2784 4649 2996 4706 οῧιίηθῑ
3043 4649 3225 4724 (Prw-
3263 4652 3401 4724 xu)-

81 4723 342 4792 scitavit,
372 4736 426 4782 et
451 4732 740 4788 considere
789 4733 919 4791 fecit
966 4736 1020 4792 in
1065 4737 1377 4797 coelestibus
1403 4744 1453 4797 in
1483 4743 1703 4801 Christo

81 4816 221 4872 Jesu
255 4817 482 4890 (Ep/tes.
517 4821 598 4894 ιι).
631 4825 816 4882 Gratia
840 4830 986 4884 enim
1016 4832 1148 4887 estis
1177 4833 1367 4890 salvati
1396 4851 1493 4905 per
1512 4837 1697 4906 ﬁdem,

83 4919 142 4964 et
177 4913 292 4968 hoc
332 4929 436 4970 non
468 4932 533 4972 ex
565 4919 738 4976 vobis.
796 4923 887 4977 Dei
931 4926 1075 4981 enim
1107 4927 1309 4983 donum
1353 4939 1461 4997 est,
1492 4945 1599 4986 non
1632 4947 1702 4988 ex

85 5003 394 5072 operibus,
429 5026 496 5064 ne
524 5013 649 5081 quis
687 5015 970 5084 glorietur.
1002 5019 1178 5089 Ipsius
1206 5020 1354 5076 enim
1385 5037 1574 5079 sumus
1603 5023 1700 5096 ﬁg-

85 5106 380 5162 mentum,
415 5103 588 5155 creati
645 5106 695 5156 in
727 5107 946 5164 Christo
981 5110 1110 5167 Jesu
1137 5112 1188 5167 in
1226 5113 1484 5183 operibus
1507 5117 1696 5186 bonis,

85 5203 221 5259 qua:
249 5194 584 5261 praaparavit
635 5197 797 5266 Deus,
831 5207 889 5253 ut
927 5204 979 5255 in
1017 5204 1129 5255 illis
1152 5207 1512 5263 ambulemus.
1567 5209 1701 5266 Pro—

83 5283 286 5352 prium
317 5299 448 5356 ergo
472 5287 576 5343 hoc
607 5289 770 5347 habet
792 5307 928 5348 nova
951 5304 1198 5351 creatura
1237 5313 1337 5368 per
1374 5304 1703 5371 gratiam,ut

87 5377 190 5446 qui
213 5375 540 5447 ﬁgmentum
563 5383 660 5440 Dei
684 5395 829 5456 sunt,
859 5387 953 5458 qui
988 5390 1274 5448 nativitate
1321 5396 1533 5452 caelesti
1569 5413 1703 5454 con-

89 5467 386 5526 dunturin
411 5471 652 5544 Christo,
682 5495 788 5534 non
811 5481 926 5537 otio
945 5492 1219 5555 torpeant,
1254 5501 1354 5542 nec
1377 5488 1582 5546 desidia
1611 5507 1702 5549 re-

86 5565 436 5638 solvantur,
498 5572 592 5628 sed
645 5573 712 5630 de
735 5574 936 5633 virtute
999 5579 1051 5634 in
1115 5580 1367 5636 virtutem
1419 5584 1706 5652 proﬁciant

84 5658 284 5730 (Paul.
324 5662 570 5734 Lxxxm),
603 5681 698 5736 per
729 5671 868 5723 viam
925 5671 1192 5727 bonorum
1249 5689 1478 5744 operum
1516 5677 1709 5735 ambu-

81 5751 308 5817 lando;
353 5752 458 5809 hoc
509 5766 594 5811 est
639 5761 784 5815 enim
825 5760 976 5833 ﬁngi,
1011 5763 1114 5820 hoc
1152 5764 1221 5821 de
1246 5774 1432 5821 vetere
1457 5778 1708 5827 creatura

90 5852 316 5897 novam
341 5843 480 5914 ﬁeri,
513 5847 615 5904 hoc
633 5849 700 5904 de
727 5853 960 5924 imagine
987 5859 1189 5913 terreni
1215 5859 1452 5915 hominis
1481 5860 1547 5917 ad
1576 5862 1711 5919 ima-

524 5941 801 6002 PATROL.
853 5945 1051 6010 XVII.

1805 4739 1860 4792 In
1887 4739 2027 4796 libro
2055 4754 2188 4795 vero
2220 4739 2572 4794 Ecclesiaste:
2599 4740 2801 4795 dicitur
2828 4743 2971 4813 quod
3003 4753 3054 4799 et
3088 4744 3290 4801 habere
3312 4761 3405 4802 ne-

1799 4833 2055 4897 cessaria,
2089 4843 2142 4888 et
2188 4835 2270 4889 eis
2299 4833 2437 4890 bene
2469 4835 2568 4899 uti,
2603 4834 2805 4892 donum
2838 4838 2910 4894 sit
2939 4839 3034 4895 Dei
3069 4858 3082 4894 :
3131 4839 3250 4896 Non
3292 4851 3398 4908 est,

1804 4926 2002 4997 inquit,
2029 4925 2228 4981 bonum
2262 4927 2492 4996 homini,
2529 4928 2631 4984 nisi
2663 4929 2807 5001 quod
2833 4931 3128 4986 manducat
3159 4943 3215 4988 et
3244 4933 3405 5003 bibit,

1805 5030 1860 5078 et
1890 5021 2338 5076 ostenditanimze
2351 5038 2462 5078 sua)
2486 5023 2687 5080 bonum
2711 5026 2764 5081 in
2787 5025 2974 5081 labore
2989 5040 3087 5081 suo
3103 5026 3302 5096 (Eccle.
3319 5029 3404 5100 ιι).

1809 5115 1875 5170 Et.
1903 5115 2121 5185 quidem
2153 5114 2272 5172 hate
2295 5116 2402 5171 vidi
2431 5133 2555 5189 ego,
2587 5121 2712 5190 quia
2748 5136 2776 5174 a
2810 5135 2973 5174 manu
3003 5119 3099 5173 Dei
3131 5121 3404 5188 est.Quo-

1808 5208 1953 5263 niam
1997 5209 2116 5279 quis
2159 5209 2509 5267 mandurabit
2541 5223 2633 5266 aut
2663 5222 2848 5282 pascet
2874 5211 3078 5281 absque
3101 5211 3241 5268 illo?
3269 5214 3400 5272 Item

1809 5301 1863 5355 in
1889 5300 2080 5356 eodem
2104 5302 2244 5358 libro
2272 5304 2472 5376 legitur
2491 5304 2636 5376 quod
2659 5304 2823 5360 corda
2857 5311 2913 5359 et
2941 5319 3106 5375 opera
3130 5307 3402 5378 justorum

1810 5393 1864 5448 in
1879 5408 2044 5450 manu
2071 5395 2184 5450 sint
2205 5397 2322 5465 Dei,
2342 5406 2398 5452 et
2419 5405 2628 5452 tantum
2663 5396 2714 5450 in
2736 5395 2935 5452 studiis
2955 5398 3071 5454 suis
3096 5402 3408 5473 proﬁciant,

1810 5499 2070 5560 quantum
2097 5490 2186 5546 ille
2206 5491 2518 5546 donaverit.
2534 5489 3046 5564 Quantumcumque
3078 5494 3415 5556 Iaboraverit

1811 5581 1974 5638 homo
2001 5593 2060 5639 ut
2085 5595 2312 5655 quzerat,
2349 5599 2454 5640 non
2485 5584 2771 5640 inveniet:
2819 5597 2876 5643 et
2905 5587 3291 5664 quodcumque
3330 5595 3415 5650 di-

1810 5677 1954 5732 xerit
1995 5677 2216 5744 sapiens
2266 5689 2323 5731 ut
2370 5678 2526 5740 sciat,
2577 5692 2686 5732 non
2727 5682 2928 5750 poterit
2973 5683 3242 5753 invenire,
3287 5689 3412 5757 quia

1810 5767 2125 5824 universum
2153 5767 2258 5823 hoc
2288 5768 2412 5824 dedi
2447 5769 2499 5822 in
2531 5783 2628 5824 cor
2657 5787 2857 5840 meum,
2891 5784 2944 5832 et
2965 5790 3061 5832 cor
3087 5793 3267 5834 meum
3294 5781 3413 5835 uni-

1812 5877 2033 5920 versum
2067 5861 2172 5918 hoc
2203 5860 2358 5929 vidit,
2390 5862 2516 5934 quia
2545 5871 2601 5919 et
2621 5863 2752 5935 justi
2781 5878 2836 5924 et
2865 5871 3165 5940 sapientes,
3195 5884 3246 5929 et
3285 5889 3466 5947 ope-.

2791 5960 2871 6022 35
