3958 6314
589 285 730 342 1090

1604 277 1956 336 APPENDIX
2001 275 2092 332 AD
2131 273 2364 332 οΡΕιιΑ
2403 277 2464 334 3.
2509 277 2854 338 AMBROSII.

3704 283 3722 337 i
3735 287 3798 342 ili-‘3

587 403 828 458 rationes
850 413 1036 456 eorum
1068 397 1120 452 in
1151 413 1312 452 manu
1341 397 1432 452 Dei
1463 395 1642 468 (Ercte
1689 411 1804 462 vnt,
1837 394 2012 466 tx).ln
2037 393 2176 448 libro
2203 391 2256 454 Α
2281 395 2424 466 quod
2457 409 2620 452 nemo
2667 395 2718 450 in
2761 395 2958 464 spiritu
3007 393 3102 450 Dei
3143 393 3381 466 loquens
3427 393 3548 449 dicit
3587 399 3796 455 anathema

583 503 762 546 autem
795 490 1088 560 Sapientia:
1120 489 1186 544 de
1216 487 1406 542 eodem
1435 489 1624 560 gratiae
1651 502 1820 558 opere
1844 487 1913 542 ita
1941 485 2174 542 dicitur:

584 585 847 654 Quoniam
881 584 995 653 ipse
1041 593 1095 636 et
1127 581 1410 651 sapientiae
1453 579 1562 634 dux
1609 589 1714 644 est,
1747 587 1804 634 et
1849 577 2178 650 sapientium

585 677 906 736 emendator
931 675 1174 748 (Sapien.
1199 673 1318 744 vn);
1351 673 1402 728 in
1431 688 1592 726 manu
1625 672 1770 728 enim
1797 671 1946 726 illius
1975 679 2030 726 et
2055 683 2176 736 nos,

581 783 636 828 et
684 785 966 826 sermones
996 769 1190 832 nostri,
1233 779 1286 822 et
1316 767 1494 822 omnis
1535 767 1826 835 sapientia,
1855 775 1908 820 et
1947 781 2176 836 operum

581 869 828 925 scientiae
862 864 1171 934 disciplina.
1223 863 1296 916 De
1328 863 1662 918 c0ntinenlia
1693 877 1908 932 quoque
1937 859 2080 931 quod
2113 875 2178 914 ex

583 959 680 1016 Dei
711 957 971 1013 habeatur
999 973 1246 1024 munere,
1277 954 1468 1012 eadem
1503 953 1782 1024 Scriptura
1809 953 1888 1008 sic
1913 952 2176 1024 loquitur:

585 1051 805 1108 Utscivi
839 1051 964 1120 quia
995 1049 1156 1105 aliter
1189 1065 1297 1104 non
1329 1065 1548 1120 possum
1573 1063 1696 1102 esse
1727 1047 2036 1112 continens,
2073 1047 2178 1102 nisi

583 1145 729 1200 Deus
755 1144 848 1198 det
883 1161 894 1198 :
945 1153 998 1198 et
1031 1141 1132 1196 hoc
1163 1143 1338 1212 ipsum
1369 1151 1486 1196 erat
1515 1141 1818 1210 sapientizu,
1853 1139 1992 1194 scire
2021 1138 2176 1206 cuius

581 1247 728 1294 esset
759 1235 862 1292 hoc
893 1235 1094 1290 donum
1129 1234 1370 1306 (Sapien.
1403 1231 1540 1302 Vill).
1578 1233 1676 1286 Cui
1709 1231 1993 1286 sententim
2027 1229 2180 1286 Pauli

580 1331 814 1401 apostoli
851 1327 1098 1382 doctrina
1125 1325 1422 1381 concordat
1461 1329 1514 1380 in
1561 1327 1732 1394 prima
1763 1323 1830 1378 ad
1864 1321 2182 1378 Corinthios

583 1425 704 1480 haec
745 1422 1074 1478 scribentis:
1107 1420 1244 1474 Volo
1293 1429 1474 1474 autem
1521 1433 1712 1474 omnes
1763 1417 2018 1472 homines
2057 1430 2180 1470 esse

582 1518 722 1574 sicut
770 1517 1036 1584 meipsum
1082 1533 1094 1568 :
1144 1514 1238 1568 sed
1271 1513 1646 1584 unrsquisque
1695 1511 1976 1582 proprium
2019 1507 2182 1564 habet

581 1615 786 1670 donum
817 1628 884 1668 ex
915 1611 1027 1666 Deo
1055 1629 1064 1662 :
1099 1611 1240 1664 alius
1269 1609 1371 1674 sic,
1405 1609 1544 1664 alius
1575 1623 1706 1662 vero
1735 1607 1812 1660 sic
1835 1606 1878 1676 (1
1911 1603 2032 1660 Cor.
2063 1603 2180 1674 vn).

583 1709 848 1766 Dominus
889 1723 1019 1764 vero
1069 1707 1118 1760 in
1173 1705 1471 1774 Evangelia
1524 1701 1820 1757 secundent
1869 1699 2178 1754 .‘llnttbmum

2282 485 2432 544 Jesu.
2471 487 2536 544 Et
2571 503 2730 546 nemo
2761 497 2942 558 potest
2985 489 3178 544 dicere
3211 487 3498 544 Dominum
3527 487 3698 555 Jesum,
3731 497 3798 548 nasi

2285 583 2336 638 in
2369 583 2576 654 Spiritu
2611 593 2824 640 sancto.
2859 583 3174 640 Divisiones
3219 599 3356 638 vero
3397 585 3664 655 gratiarum
3697 599 3794 650 sunt.

2283 675 2426 734 idem
2457 687 2638 732 autem
2681 678 2956 749 Spiritus:
2993 685 3050 734 et
3091 677 3396 734 divisiones
3425 678 3794 735 ministrationum

2283 779 2430 838 sunt,
2471 769 2616 826 idem
2637 781 2820 826 autem
2857 771 3126 826 Dominus
3153 791 3166 825 :
3201 779 3260 826 et
3289 771 3580 826 divisiones
3603 775 3798 840 nitentio-

2285 879 2412 918 num
2459 873 2609 930 sunt,
2653 863 2796 918 idem
2827 879 2962 918 vero
2993 865 3166 930 Deus,
3205 864 3300 935 qui
3329 873 3584 934 operatur
3603 867 3742 920 omnia
3765 867 3796 921 in

2282 957 2556 1012 omnibus.
2592 955 2895 1028 Unicuique
2939 967 3122 1012 autem
3169 958 3336 1013 datur
3367 957 3700 1012 tnanifeslatio
3722 960 3800 1029 Spi-

2283 1049 2422 1106 ritus
2449 1049 2516 1104 ad
2555 1050 2866 1106 utilitatem.
2901 1049 3008 1106 Alii
3043 1049 3266 1122 quidem
3301 1065 3400 1120 per
3425 1051 3664 1120 Spiritum
3697 1053 3800 1106 datur

2281 1155 2466 1196 sermo
2497 1143 2806 1213 sapientiae,
2849 1144 2938 1198 alii
2969 1154 3154 1200 autem
3195 1159 3388 1200 sermo
3419 1145 3644 1198 scientia
3669 1162 3801 1200 serua-

2282 1235 2412 1292 dum
2455 1237 2712 1294 ettmdem
2743 1238 3028 1309 Spiritum,
3061 1241 3220 1294 alteri
3255 1239 3392 1295 fides
3425 1241 3476 1294 in
3523 1240 3688 1294 eodem
3723 1241 3802 1312 Sp?-

2283 1327 2413 1392 ritu,
2447 1329 2540 1382 alii
2571 1331 2746 1400 gratia
2793 1333 3086 1386 sanitatum
3123 1333 3174 1386 in
3215 1347 3324 1386 uno
3367 1333 3586 1402 Spiritu,
3615 1335 3688 1386 alii
3718 1349 3800 1402 pra-

2284 1419 2548 1491 phctatio,
2573 1423 2664 1478 alii
2685 1423 2956 1480 discretio
2979 1427 3296 1496 spirituum,
3329 1428 3422 1481 alii
3453 1441 3638 1498 genera
3667 1429 3802 1498 lingis-

2283 1529 2426 1578 rum,
2457 1517 2550 1572 alii
2571 1518 2950 1588 interpretatio
2973 1533 3316 1574 sermonum.
3347 1520 3476 1575 Ilaec
3497 1529 3660 1576 autem
3681 1523 3802 1574 otior:

2281 1617 2540 1677 operatur
2563 1623 2702 1664 unus
2725 1619 2888 1681 atque
2919 1610 3062 1666 idem
3093 1611 3354 1681 Spiritus,
3381 1612 3618 1668 dividens
3643 1613 3804 1683 singula

2285 1711 2446 1772 prout
2473 1705 2588 1758 vult
2635 1704 2676 1776 (1
2709 1703 2830 1760 Cor.
2863 1703 2982 1776 ιιι).
3017 1705 3256 1760 Tantum
3283 1721 3414 1762 vero
3445 1721 3804 1777 unumquemque

583 1801 702 1857 hate
730 1801 798 1856 de
829 1801 1174 1856 continentt:e
1205 1797 1349 1852 dono
1397 1797 1704 1852 insinuasse
1743 1805 1994 1850 narratur
2025 1813 2036 1848 :
2087 1793 2144 1848 lli
2211 1783 2254 1842 Β
2287 1797 2490 1852 habere
2531 1799 2743 1866 gratite,
2787 1809 3048 1870 quantum
3097 1799 3364 1854 Dominus
3393 1801 3678 1860 donaverit,
3711 1801 3805 1856 idem

581 1896 832 1952 centibus
857 1909 1090 1964 namque
1113 1891 1396 1962 discipulis
1419 1891 1532 1946 suis
1557 1907 1571 1944 :
1599 1891 1654 1946 Si
1685 1891 1754 1944 ita
1777 1899 1862 1946 est
1888 1907 2052 1944 eausa
2079 1889 2182 1942 viri

581 2005 705 2046 cum
739 2005 926 2054 uxore,
977 2003 1080 2042 non
1115 1987 1338 2055 expedit
1369 1985 1576 2040 nubere
1607 2001 1620 2038 :
1667 1983 1799 2038 dicit
1831 1985 1934 2039 illis
1963 1983 2122 2040 Jesus
2165 2001 2176 2034 :

579 2085 696 2142 Non
729 2097 924 2140 omnes
947 2083 1170 2152 capiunt
1191 2081 1416 2136 verbum
1449 2077 1616 2144 istud,
1647 2077 1742 2133 sed
1773 2077 1970 2146 quibus
1994 2077 2178 2132 datum

579 2189 666 2235 est
696 2194 726 2232 a
759 2177 916 2232 Patre
951 2191 1073 2230 meo
1106 2173 1324 2246 (Matth.
1359 2173 1498 2242 xu).
1533 2171 1610 2226 De
1655 2170 1848 2226 timore
1881 2171 1972 2224 Dei
2005 2179 2056 2224 et
2087 2185 2178 2222 sa-

579 2273 779 2344 pientia
835 2271 886 2324 in
939 2267 1328 2323 Ecclesiastico
1363 2264 1561 2336 legitur
1595 2281 1610 2318 :
1647 2263 1864 2318 Corona
1895 2261 2180 2332 sapientia)

581 2365 745 2420 timor
813 2361 1028 2416 Domini
1089 2377 1102 2414 τ
1163 2371 1395 2428 utraque
1443 2367 1626 2412 autem
1691 2355 1834 2410 dona
1897 2366 2023 2410 sunt
2083 2355 2178 2410 Dei

579 2457 772 2530 (Eccli.
807 2455 868 2526 ῃ).
902 2454 1032 2510 Item
1064 2451 1132 2507 de
1155 2450 1346 2508 eodem
1377 2469 1388 2504 :
1421 2449 1610 2505 Timor
1643 2447 1854 2502 Domini
1881 2463 2046 2518 super
2063 2463 2180 2502 om-

577 2553 664 2606 nia
705 2565 765 2606 sc
797 2547 1142 2616 superposuit
1169 2589 1184 2614 ,
1223 2547 1416 2600 beatus
1445 2544 1530 2598 cui
1569 2543 1828 2598 donatum
1863 2551 1944 2594 est
1979 2541 2180 2594 habere

577 2644 830 2702 timorem
864 2639 1078 2696 Domini
1124 2636 1315 2712 (Ereti.
1353 2637 1502 2706 xxv).
1541 2637 1966 2704 Esaiusqnoqne
1997 2633 2063 2690 de
2093 2633 2178 2686 di-

575 2735 723 2791 vitiis
769 2731 1128 2804 spiritalibus,
1175 2745 1402 2799 quarum
1435 2735 1626 2782 auctor
1657 2737 1740 2780 est
1789 2725 2070 2786 Dominus.
2109 2726 2178 2778 ita

581 2829 854 2900 loquitur:
893 2827 946 2880 in
979 2823 1254 2880 thesauris
1285 2823 1430 2876 salus
1465 2831 1646 2876 nostra
1679 2819 1926 2874 advenit:
1957 2819 2181 2888 sapien-

579 2923 674 2988 tia,
709 2929 766 2977 et
795 2922 994 2990 pietas,
1028 2927 1082 2973 et
1125 2915 1410 2984 disciplina
1449 2929 1478 2968 a
1525 2913 1780 2978 Domino,
1817 2911 1870 2966 hi
1903 2919 2032 2964 sunt
2063 2911 2181 2966 tlte-

576 3017 724 3072 sauri
765 3013 991 3082 jttstitia!
1019 3009 1219 3080 (Esaia:
1251 3005 1464 3078 xxxnt).
1499 3005 1629 3060 Item
1667 3005 1736 3060 de
1778 3003 2064 3058 altitudine
2093 3003 2178 3058 di-

579 3109 836 3164 vitiarqu
879 3106 1162 3175 sapientiae
1194 3111 1248 3158 et
1275 3102 1516 3156 scientize
1551 3101 1644 3154 Dei
1679 3099 1858 3172 (Itoni.
1893 3099 1994 3170 xi),
2027 3100 2182 3168 cujus

579 3201 796 3258 bonitas
827 3197 1030 3252 nullius
1069 3197 1264 3250 merito
1303 3195 1656 3264 praevenitur,
1697 3193 1816 3248 hate
1861 3195 2030 3248 dicit:
2075 3195 2176 3262 Qui
2205 3177 2250 3240 Ο

583 3310 804 3352 mensus
833 3301 914 3346 est
945 3306 1108 3344 manu
1137 3305 1357 3360 aquam,
1393 3297 1444 3343 et
1476 3287 1672 3344 coalum
1727 3287 1930 3358 palmo,
1963 3299 2018 3344 et
2061 3291 2182 3344 uni-

581 3401 795 3443 versam
829 3393 1028 3440 terram
1077 3381 1303 3454 pugillo,
1337 3383 1429 3452 qui
1469 3383 1656 3435 statuit
1693 3391 1904 3436 montes
1937 3383 1986 3435 iu
2021 3383 2180 3448 libra,

580 3491 638 3540 et
665 3497 825 3552 rupes
871 3481 922 3534 in
955 3487 1181 3534 statera.
1216 3477 1350 3544 Quis
1393 3475 1648 3546 cognovit
1681 3490 1900 3530 sensum
1947 3477 2180 3542 Domini,

581 3586 676 3632 aut
701 3577 822 3647 quis
845 3575 962 3646 ejus
991 3572 1088 3628 fuit
1119 3569 1490 3638 consiliarius,
1525 3571 1614 3640 qui
1645 3571 1881 3626 instruat
1910 3587 2059 3634 eum,
2091 3581 2185 3627 aut

583 3686 742 3740 quem
775 3666 1068 3732 consuluit,
1101 3673 1156 3719 et
1187 3663 1446 3718 insmtxit
1478 3679 1626 3728 eum,
1661 3664 1746 3718 vel
1777 3665 1900 3732 quis
1943 3665 2184 3718 ostendit

580 3763 630 3819 ei
658 3761 944 3832 judicium,
979 3767 1072 3814 aut
1103 3757 1246 3811 viam
1273 3755 1574 3824 prudentia:
1601 3756 1722 3826 quis
1744 3756 1984 3812 ostendit
2011 3757 2182 3822 ei,vel

581 3857 700 3929 quis
743 3854 892 3925 prior
935 3851 1086 3908 dedit
1126 3849 1198 3915 ei,
1239 3859 1294 3904 et
1335 3849 1668 3904 retribuetur
1701 3849 1774 3904 illi
1809 3849 2010 3922 (Esaia!
2058 3849 2186 3922 XL)?

584 3951 739 4010 Unde
762 3961 816 4008 et
839 3952 889 4006 in
921 3951 1066 4004 libro
1097 3947 1200 4004 Job
1227 3944 1528 4002 secundum
1569 3946 1822 4000 eumdem
1853 3961 2072 4002 sensum
2109 3949 2187 4002 lc-

583 4055 784 4117 guntur
835 4043 1047 4098 Domini
1099 4041 1292 4106 verba,
1343 4039 1620 4094 dicentis:
1673 4041 1804 4108 Quis
1854 4052 1980 4098 ante
2035 4042 2190 4098 dedit

585 4139 740 4204 mihi,
774 4149 834 4192 ut
875 4135 1172 4192 retribuam
1207 4133 1316 4188 illi?
1346 4131 1538 4186 Omnia
1585 4148 1706 4204 qua:
1737 4133 1840 4188 sub
1867 4135 2009 4190 ccelo
2037 4147 2183 4204 sunt,

590 4247 709 4286 mea
740 4239 864 4284 sunt
897 4228 1038 4300 (Job.
1077 4227 1206 4294 xu).
1245 4225 1548 4280 Hieremias
1579 4241 1709 4281 vero
1749 4227 1894 4298 quod
1923 4245 1950 4280 τι
1975 4229 2088 4282 Deo
2119 4233 2191 4284 sit

593 4322 798 4378 homini
831 4329 980 4376 recta
1007 4319 1296 4388 sapientia,
1329 4321 1406 4376 sit:
1438 4320 1681 4390 profatur
1715 4338 1726 4373 :
1762 4321 1908 4387 Scio,
1939 4322 2185 4390 Domine,

591 4416 716 4486 quia
749 4430 855 4468 nou
890 4423 972 4468 est
1000 4413 1052 4466 in
1085 4411 1302 4468 homine
1334 4413 1418 4468 via
1461 4415 1601 4482 ejus,
1639 4427 1738 4468 nec
1772 4414 1878 4468 viri
1909 4423 1992 4469 est
2023 4423 2080 4468 ut
2109 4415 2192 4470 di—

595 4509 733 4578 rigat
764 4509 865 4562 iter
891 4522 1048 4562 sunm
1073 4506 1290 4576 (Δεῖν-ειη.
1327 4509 1404 4575 ι).
1437 4507 1566 4562 Item
1593 4507 1734 4578 quod
1769 4507 1834 4562 ad
1873 4509 2035 4562 Deum
2055 4525 2188 4566 cou-

2285 1893 2580 1961 Apostolus
2611 1891 2678 1946 ad
2713 1893 2976 1962 Ephesios
3001 1895 3078 1946 ait
3107 1892 3332 1966 (Ephes.
3365 1893 3442 1956 tv)
3471 1909 3486 1946 ε
3541 1893 3692 1948 tinum
3727 1909 3810 1948 cur.

2287 2000 2408 2055 pus,
2447 1995 2502 2040 et
2545 1999 2688 2040 unus
2709 1985 2958 2054 Spiritus,
2999 1987 3144 2042 sicut
3175 1987 3352 2040 vocati
3383 1989 3518 2042 estis
3547 1987 3596 2040 in
3637 2001 3720 2041 una
3747 2001 3810 2053 spe

2283 2079 2592 2133 vocationis
2617 2087 2808 2134 vestrae
2841 2096 2854 2130 :
2901 2095 3040 2134 unus
3071 2079 3360 2144 Dominus,
3395 2095 3502 2134 una
3531 2081 3671 2145 ﬁdes,
3697 2097 3810 2132 unum

2283 2169 2576 2238 baptisma,
2613 2185 2753 2224 unus
2803 2171 2944 2226 Deus
2975 2181 3028 2226 et
3079 2171 3244 2228 Pater
3283 2175 3554 2238 omnium,
3585 2175 3664 2240 qui
3699 2188 3812 2240 super

2283 2279 2472 2318 omnes
2493 2275 2600 2330 est,
2625 2273 2680 2318 et
2701 2279 2866 2334 super
2893 2265 3096 2332 omnia,
3124 2275 3178 2320 et
3201 2265 3256 2318 in
3279 2265 3537 2320 omnibus
3555 2267 3706 2320 nobis.
3727 2263 3812 2319 [ηἰ-

2283 2357 2480 2426 cuique
2529 2365 2712 2412 autem
2761 2369 3010 2412 nostrum
3055 2359 3182 2414 data
3227 2368 3316 2415 est
3361 2360 3538 2430 gratia
3587 2359 3810 2414 secundus:

2283 2465 2592 2504 mensuram
2645 2449 2960 2506 donationis
2987 2450 3218 2518 Christi,
3271 2465 3504 2524 propter
3539 2453 3668 2524 quod
3693 2453 3810 2506 dicit:

2283 2544 2602 2598 Ast-enitens
2657 2543 2708 2598 in
2743 2545 2914 2598 altum
2959 2547 3236 2614 captivam
3285 2547 3810 2614 duxitcaptivitatem;

2283 2635 2434 2708 dedit
2477 2637 2620 2690 dona
2655 2636 2966 2692 hautinihus
3001 2637 3180 2708 (Paul.
3217 2639 3410 2712 ιιι-ιι).
3459 2641 3588 2696 Item
3633 2639 3744 2696 idem
3779 2641 3811 2692 in

2283 2729 2522 2784 secanda
2547 2729 2614 2784 ad
2647 2729 2962 2786 Corinthios
2983 2731 3140 2798 dicit,
3167 2734 3312 2802 quod
3343 2749 3412 2789 ne
3441 2733 3506 2788 ad
3535 2733 3811 2804 Cogitanda!!!

2283 2820 2500 2892 quidem
2547 2820 2690 2890 quod
2733 2821 2978 2891 spiritale
3015 2835 3131 2890 est,
3177 2823 3362 2878 idonei
3399 2825 3598 2888 simus,
3637 2823 3722 2878 nisi
3753 2835 3812 2886 {et

2281 2913 2512 2982 gratiam
2563 2913 2654 2968 Dei
2691 2929 2702 2966 :
2759 2913 3040 2969 Fiduciam
3069 2923 3254 2970 autem
3287 2917 3454 2970 talem
3499 2916 3730 2970 habemus
3751 2929 3812 2984 per

2283 3007 2556 3062 Christum
2589 3006 2656 3060 ad
2687 3007 2882 3070 Deum,
2917 3023 3024 3062 non
3055 3009 3200 3080 quod
3227 3009 3566 3064 sufficientes
3591 3011 3810 3064 sintusali-
3901 3025 3903 3080 i

2283 3101 2408 3172 quid
2440 3102 2680 3172 Cogitare
2729 3117 2758 3154 a
2807 3103 2964 3158 nobis
3009 3105 3166 3172 quasi
3211 3121 3278 3158 ex
3329 3103 3812 3174 uobismetipsis,sai

2284 3193 2608 3249 Sufﬁcientit
2645 3195 2802 3250 nobis
2833 3211 2897 3250 ex
2947 3197 3059 3250 Deo
3085 3207 3194 3262 est,
3241 3198 3336 3267 qui
3385 3209 3440 3253 et
3493 3199 3697 3254 idoneos
3731 3197 3812 3250 ferit

2283 3303 2383 3344 nos
2413 3290 2694 3346 ministros
2725 3291 2848 3345 novi
2877 3291 3238 3357 Testamenti,
3265 3309 3376 3346 non
3405 3293 3606 3358 littera,
3641 3291 3718 3346 sed
3741 3290 3812 3354 s,i-

2285 3383 2411 3436 rittt.
2461 3382 2666 3438 Littera
2699 3383 2844 3440 enim
2893 3385 3118 3452 occidit,
3167 3387 3396 3455 spiritus
3445 3397 3620 3442 autem
3645 3387 3810 3440 ririﬁtat

2287 3477 2354 3550 (ll
2389 3477 2510 3532 Cor.
2543 3481 2640 3550 tu).
2693 3481 2758 3534 Et
2803 3482 2998 3537 iterum
3031 3483 3082 3536 in
3123 3481 3320 3538 eadem
3377 3483 3636 3550 Epistula,
3669 3481 3812 3534 ducens

2287 3571 2552 3628 bonorum
2605 3589 2836 3644 operum
2877 3575 3130 3632 effectum
3171 3587 3228 3632 et
3267 3575 3646 3632 sufﬁcientiam
3685 3589 3706 3626 ι
3750 3571 3810 3624 [lsi

2283 3667 2454 3734 gratia
2469 3667 2714 3722 ministra
2725 3669 2766 3722 ri
2785 3685 2799 3722 ;
2821 3669 3020 3724 Potuns
3035 3679 3120 3724 est
3139 3681 3351 3734 autem,
3377 3672 3546 3740 inquit
3563 3671 3626 3740 (ll
3639 3665 3810 3724 Cauni.

2291 3760 2432 3814 Dens
2461 3775 2682 3816 onmem
2711 3763 2940 3832 gratiam
2973 3763 3256 3820 abundare
3289 3765 3474 3820 facere
3507 3767 3556 3818 in
3775 3767 3810 3808 ιιι

2291 3853 2342 3906 in
2369 3854 2622 3908 omnibus
2653 3870 2748 3922 per
2771 3857 2952 3912 omnia
2977 3855 3370 3912 sufﬁcientiam
3395 3857 3668 3919 habentes,
3689 3855 3810 3908 alitur

2289 3945 2435 4002 detis
2463 3947 2516 4002 in
2541 3963 2702 4002 omne
2725 3963 2865 4018 opus
2899 3949 3100 4006 bonum
3121 3991 3136 4016 ,
3169 3951 3316 4005 sicut
3343 3951 3608 4018 scriptum
3631 3959 3732 4004 est:
3757 3944 3810 3998 Di-

2287 4041 2510 4108 spersit,
2527 4039 2679 4096 dedit
2701 4042 3052 4110 pauperibus,
3073 4041 3280 4110 juStitiu
3311 4043 3434 4112 ejus
3447 4051 3622 4096 manet
3641 4043 3686 4094 in
3703 4047 3810 4092 retr:-

2291 4145 2420 4184 ¹¹¹¹¹¹¹
2463 4127 2640 4203 (Ρδαίο
2683 4131 2786 4202 ΙΙΙ)·
2829 4134 2930 4200 QUi
2971 4143 3152 4190 autem
3193 4135 3474 4190 ministrat
3501 4147 3672 4190 semen
3707 4129 3814 4184 scati-

2295 4225 2466 4292 nanti,
2519 4233 2575 4280 et
2627 4239 2824 4295 panem
2877 4227 2942 4282 ad
2993 4227 3434 4282 manducandum
3493 4225 3815 4295 pustulati

2291 4316 2510 4386 augebit
2555 4318 2890 4374 incrementa
2937 4319 3154 4390 frugum
3187 4321 3424 4390 justiti:
3471 4331 3672 4382 vestr-ai,
3713 4327 3756 4369 ut
3783 4315 3814 4364 in

2293 4410 2546 4464 omnibus
2577 4411 2892 4480 locupletati
2915 4413 3206 4468 abundetis
3241 4413 3292 4468 in
3325 4427 3544 4468 omnem
3571 4409 3818 4478 simplicita-

2297 4511 2426 4558 tem.
2473 4501 2556 4558 Ad
2603 4505 2872 4574 Ephesios
2903 4522 3031 4562 vero
3081 4509 3332 4562 scribens
3383 4505 3666 4576 Apostolus
3711 4505 3818 4556 docti

597 4577 782 4656 versio
811 4599 992 4654 cordis
1012 4615 1076 4654 ex
1097 4599 1208 4654 Deo
1234 4601 1325 4666 sit,
1363 4616 1454 4668 per
1487 4577 1664 4668 ipsum
1710 4599 1968 4655 Dominus
2005 4611 2188 4672 prote-
2221 4577 2267 4636 θ
2295 4595 2435 4664 quod
2481 4597 2661 4652 omnia
2705 4599 2842 4654 bona
2885 4599 3082 4669 quibus
3131 4601 3379 4670 placetur
3425 4599 3558 4663 Deo,
3595 4599 3716 4654 dona
3749 4595 3818 4646 silit

595 4703 771 4750 statur
801 4703 855 4748 et
882 4693 1014 4746 dicit
1051 4711 1063 4747 :
1099 4693 1398 4747 Restituunt
1439 4693 1564 4748 illos
1599 4695 1648 4746 in
1683 4701 1882 4749 terram
1929 4697 2110 4764 istam,
2137 4708 2192 4752 et

599 4785 962 4852 remdilicabo,
989 4793 1040 4838 et
1087 4800 1194 4838 non
1239 4785 1539 4846 destruant,
1587 4794 1641 4840 et
1673 4787 1926 4854 plantabo
1973 4803 2090 4852 eos,
2137 4799 2192 4845 ct

599 4899 706 4936 non
735 4879 990 4944 evellam,
1023 4889 1076 4932 ct
1125 4877 1268 4932 dabo
1313 4877 1416 4931 illis
1461 4894 1554 4932 eor
1605 4887 1662 4932 ttt
1707 4883 1882 4936 sciant
1925 4897 2032 4944 me,
2067 4884 2188 4952 quia

595 4991 693 5047 ego
717 4990 834 5028 sum
873 4971 1158 5036 Dominus,
1185 4981 1238 5023 ct
1270 4981 1428 5023 erunt
1458 4969 1590 5024 mihi
1617 4971 1667 5024 iu
1703 4973 1988 5042 populum,
2013 4985 2068 5028 et
2091 4989 2192 5045 ego

598 5084 691 5124 ero
723 5067 830 5122 illis
861 5067 912 5120 in
947 5065 1138 5128 Deum,
1173 5063 1296 5132 quia
1330 5073 1718 5118 convertentur
1747 5065 1810 5118 ad
1847 5081 1930 5120 mc
1977 5083 2040 5120 ex
2073 5076 2189 5122 toto

596 5159 764 5214 corde
795 5174 895 5214 Suo
928 5153 1140 5228 (Jt'rcm.
1175 5155 1345 5224 xxiv).
1381 5153 1510 5209 Item
1535 5155 1676 5210 idem
1705 5157 2009 5226 pranlicam
2041 5159 2185 5229 quod

597 5264 650 5307 ut
687 5253 830 5309 Deus
859 5257 1221 5322 cognoscatur
1251 5263 1314 5300 ex
1365 5247 1472 5300 Deo
1516 5248 1625 5300 sit:
1663 5248 1724 5302 Et
1769 5249 1964 5312 scient,
1995 5249 2185 5319 inquit,

594 5347 715 5414 quia
748 5362 848 5416 ego
901 5345 1162 5397 Dominus
1192 5341 1335 5396 Dnus
1371 5341 1588 5394 illorum
1635 5358 1646 5392 :
1692 5351 1748 5396 et
1773 5341 1916 5398 dabo
1945 5344 2048 5398 illis
2092 5360 2187 5400 cor

593 5433 960 5506 cognoscendi
1009 5450 1120 5500 me,
1170 5447 1220 5488 et
1281 5447 1440 5487 aures
1488 5431 1738 5486 audiendi
1799 5433 2050 5504 (Baruclt.
2101 5435 2186 5508 tt).

553 5573 560 5580 .
599 5529 752 5593 Quod
798 5537 974 5580 autem
1018 5542 1180 5579 ontnc
1226 5525 1446 5578 verbum
1499 5523 1695 5578 bonntu
1745 5538 1792 5580 et
1848 5545 2008 5582 omne
2055 5545 2190 5598 Opus

595 5627 842 5674 sanctum
873 5617 1308 5673 subministratio
1341 5617 1410 5671 sit
1442 5617 1674 5688 Spiritus
1705 5619 1900 5687 sancti,
1935 5621 2053 5676 sine
2080 5637 2187 5690 quo

597 5713 727 5768 nihil
779 5719 928 5766 recte
973 5717 1182 5780 agatur,
1215 5707 1265 5762 in
1317 5707 1484 5778 prima
1524 5707 1589 5763 ad
1629 5709 1940 5766 Corinthios
1987 5711 2188 5768 Paulus

597 5805 879 5876 apostolus
925 5803 1104 5868 docet,
1161 5802 1349 5858 dicens
1383 5817 1397 5856 :
1431 5801 1559 5858 ideo
1599 5811 1786 5860 notum
1826 5805 1980 5862 vobis
2019 5805 2179 5876 facio,

2298 4689 2410 4754 Dei,
2443 4689 2664 4761 etquod
2689 4693 2756 4744 ab
2785 4691 2904 4761 ipso
2932 4693 3036 4762 peti
3063 4703 3342 4762 oporteat,
3373 4705 3432 4748 ut
3457 4709 3518 4748 ea
3543 4709 3642 4748 non
3669 4691 3818 4744 hahea-

2295 4781 2438 4838 tibus
2481 4784 2685 4840 tribuat
2713 4805 2726 4838 :
2759 4785 2930 4855 i-lujus
2963 4787 3064 4850 rei,
3099 4788 3290 4858 inquit,
3323 4789 3498 4858 gratia
3527 4789 3678 4844 ﬂecto
3699 4795 3818 4854 get?!"

2295 4889 2411 4928 mea
2446 4875 2510 4928 ad
2555 4875 2768 4932 Patrem
2811 4877 3022 4932 Domini
3057 4882 3232 4934 nostri
3267 4880 3400 4936 Jesu
3431 4879 3648 4942 Christi,
3681 4893 3732 4932 ex
3749 4889 3818 4938 ll”

2275 4967 2472 5028 .omuis
2511 4971 2807 5040 p'tternitas
2845 4971 2902 5025 in
2935 4973 3075 5026 coelo
3103 4983 3161 5027 et
3191 4974 3244 5028 in
3287 4983 3436 5028 terra
3467 4971 3758 5028 nominatur,
3783 4971 3816 5012 III

2295 5059 2388 5114 det
2423 5065 2578 5118 vobis
2623 5067 2920 5120 secundum
2977 5065 3194 5122 divitias
3237 5068 3422 5136 gloriae
3467 5079 3578 5118 sua:
3627 5063 3816 5116 vittata:
3891 5093 3893 5136 ξ

2297 5157 2642 5214 eorroborari
2683 5176 2776 5228 per
2805 5161 3062 5228 Spiritum
3103 5163 3228 5227 ejus
3257 5158 3314 5212 in
3357 5159 3602 5214 interiori
3641 5154 3814 5210 bonum

2297 5248 2542 5303 habitare
2568 5249 2842 5306 Chriszum
2877 5265 2970 5316 per
3011 5251 3172 5306 fidem
3207 5252 3258 5306 in
3295 5251 3560 5306 cordibus
3587 5243 3817 5304 νεςιτίς,ἱιῑ

2295 5341 2568 5398 Chal-italu
2593 5343 2818 5398 radicati
2849 5355 2904 5400 et
2933 5345 3154 5406 iirmati,
3191 5357 3252 5400 ut
3283 5344 3506 5413 possitis
3533 5339 3818 5408 comprehen-
3889 5363 3891 5413 ἰ

2297 5435 2430 5490 dere
2453 5453 2574 5491 cum
2607 5436 2860 5490 omnibus
2887 5437 3114 5502 sanetis,
3139 5453 3258 5504 qua:
3287 5439 3356 5490 sit
3391 5435 3616 5492 latitudo
3639 5445 3686 5488 et
3705 5425 3820 5494 longr

2297 5527 2452 5594 tudo,
2505 5528 2806 5584 sublimitas
2860 5539 2914 5584 et
2963 5529 3318 5598 profundum,
3391 5529 3816 5598 supereutiuettlcﬁt

2293 5625 2538 5679 scientia:
2556 5623 2876 5678 charitatem
2895 5622 3122 5687 Christi,
3151 5635 3204 5676 ut
3233 5623 3636 5693 impleamiuiin
3661 5626 3816 5672 ortaest:

2293 5717 2683 5786 plenitudinem
2733 5717 2850 5772 Dei.
2885 5715 2950 5772 Ei
2987 5726 3164 5772 autem
3209 5719 3302 5786 qui
3343 5727 3542 5788 potens
3583 5723 3658 5770 est
3691 5703 3814 5766 omni?

2289 5809 2468 5868 facere
2507 5807 3029 5882 superabundantitts
3071 5823 3234 5880 quam
3275 5809 3516 5880 petimus
3551 5815 3640 5866 aut
3669 5789 3810 5852 5'3"”
