3958 6314
145 258 266 318 ΗΜ

1206 255 1296 311 DE
1342 245 1732 310 VOCATIONE
1769 246 2080 310 “NTIUM
2121 255 2247 314 LIB.
2292 258 2329 314 Ι.
2373 305 2384 316 .

3283 256 3423 318 H01

140 376 332 441 gittius,
360 372 665 429 secundum
696 372 947 428 virtutem
987 388 1106 443 qua:
1135 383 1396 441 operatur
1425 372 1476 426 ιιι
1520 371 1675 425 nobis
1705 391 1718 425 :
1746 410 1753 424 .

1864 372 2463 442 onsmnmatimtetnque
2489 374 2770 440 virtutum,
2803 373 2994 430 dicens
3029 391 3040 426 :
3076 373 3196 443 Ipse
3241 385 3421 431 autem

141 470 230 538 ipsi
257 468 432 538 gloria
465 468 516 521 in
551 467 811 532 Ecclesia,
849 478 904 520 et
933 468 984 520 in
1014 466 1233 522 Christo
1261 465 1409 529 Jesu,
1449 466 1503 520 in
1536 466 1719 520 omnia

140 561 326 616 sa'cula
351 561 696 626 s:eculorum,
731 576 889 615 amen
919 559 1140 630 (Ephes.
1175 561 1278 632 ιιι).
1310 560 1499 616 Omnis
1539 571 1719 615 autem

141 654 255 709 boni
289 654 460 710 Deum
506 670 628 711 esse
657 664 960 720 auctorem,
1010 654 1164 724 cujus
1206 654 1345 708 dona
1391 671 1487 709 nec
1518 655 1721 710 incerta

138 747 239 801 sint
268 761 368 802 nec
398 747 699 813 tnutabilia,
731 746 827 801 sed
857 762 923 802 ex
956 757 1157 800 a-terna
1202 746 1480 802 voluntate
1510 749 1725 803 venien-

143 841 230 907 tia,
262 839 503 896 Iacobus
524 841 804 909 apostolus
834 841 906 898 ita
956 841 1194 911 loquitur
1227 860 1240 896 :
1293 840 1474 896 Nolite
1513 856 1722 906 errare,

141 933 334 989 fratres
364 934 468 989 mei
501 934 706 990 dilecti.
739 934 912 990 Omne
941 933 1127 989 datum
1159 934 1448 1002 optimmn,
1482 947 1533 990 et
1562 950 1727 990 omne

141 1027 337 1082 donum
369 1031 667 1097 perfectum
694 1027 981 1082 desursum
1004 1037 1108 1093 est,
1141 1025 1478 1081 descendens
1508 1042 1536 1080 a
1572 1026 1730 1080 Patre

143 1122 430 1188 luminum,
474 1123 614 1191 apud
645 1137 805 1193 quem
827 1138 934 1176 non
967 1130 1049 1175 est
1077 1122 1481 1181 transmutatio.
1518 1135 1620 1175 nec
1647 1121 1729 1174 vi.

144 1210 479 1268 cissitudinis
508 1213 850 1268 obumbratio
883 1211 1092 1281 (Jacob.
1127 1213 1189 1282 t).
1229 1212 1538 1266 Voluntaria
1587 1212 1729 1266 enim

143 1307 324 1376 genuit
353 1322 452 1361 nos
493 1307 661 1363 verbo
687 1307 954 1374 veritatis,
991 1317 1045 1360 ut
1074 1307 1243 1361 simus
1272 1307 1483 1362 initium
1516 1306 1732 1376 aliquod

144 1408 412 1452 creatura:
451 1397 589 1467 ejus.
628 1399 721 1452 Cui
765 1408 820 1454 et
851 1397 1146 1453 Zacharias
1187 1397 1450 1469 propheta
1474 1399 1732 1465 concinit,

143 1488 327 1545 dicens
359 1506 372 1542 :
408 1487 651 1545 Salvahit
690 1491 949 1546 Dominus
979 1492 1030 1546 in
1064 1493 1153 1548 die
1197 1493 1288 1547 illo
1318 1493 1454 1548 sicut
1483 1509 1612 1548 oves
1646 1507 1739 1562 po-

145 1584 326 1653 pulum
357 1599 540 1649 suum,
562 1589 819 1655 quoniam
837 1587 1046 1656 lapides
1077 1589 1549 1642 sanetivolvuntur
1579 1602 1740 1658 super

147 1686 344 1732 terram
376 1678 546 1748 ipsius
573 1695 584 1730 :
611 1677 734 1748 quia
774 1680 817 1734 si
845 1679 972 1748 quid
1007 1681 1228 1746 bonum,
1251 1681 1422 1751 ipsius
1449 1690 1532 1735 est
1565 1697 1577 1732 :
1609 1688 1662 1734 et
1696 1678 1740 1734 si

1827 460 1994 529 Deus,
2020 471 2070 517 et
2100 463 2262 519 Pater
2287 476 2494 531 noster,
2521 475 2577 521 et
2595 467 2855 522 Dominus
2878 469 3040 523 .Icsus
3057 467 3254 537 dirigat
3282 468 3421 522 viain

1827 563 2070 610 nostram
2099 557 2165 610 ad
2194 572 2328 612 vos:
2360 572 2458 614 vos
2490 570 2669 616 autem
2706 560 2961 615 Dominus
2991 561 3339 630 multiplicet,
3371 571 3427 616 et

1827 648 2107 705 abundare
2138 649 2295 703 faciat
2328 649 2650 708 cbaritatem
2686 653 2737 708 in
2785 653 3014 708 invicem
3039 662 3097 708 et
3126 654 3178 708 in
3210 669 3422 721 omnes,

1829 744 2286 812 quemadmodum
2316 754 2371 798 et
2400 760 2500 800 nos
2526 745 2581 800 in
2605 761 2724 806 vos.
2756 747 2822 800 ad
2855 747 3227 801 conﬁrmanda
3259 743 3426 802 corda

1831 847 2013 892 vestra
2042 838 2161 892 sine
2196 837 2415 906 querela
2452 839 2503 892 in
2551 841 2840 896 sanctitate
2870 851 2997 895 ante
3045 841 3212 896 Deum
3244 853 3298 896 et
3329 842 3432 896 Pa-

1833 938 1973 985 trem
1994 940 2242 985 nostrum
2269 930 2321 1010 in
2344 930 2577 986 adventu
2606 933 2819 987 Domini
2853 934 3025 989 nostri
3056 933 3181 989 Jesu
3203 934 3429 1002 Christi,

1835 1038 1956 1077 cum
1990 1023 2245 1078 omnibus
2275 1023 2478 1080 sanctis
2503 1024 2623 1094 ejus
2651 1025 2694 1099 (I
2741 1025 2931 1083 Thess.
2963 1029 3067 1090 ιιι).
3113 1028 3192 1083 Ad
3239 1029 3438 1085 Corin-

1838 1117 1982 1171 thios
2023 1134 2239 1188 quoque
2283 1117 2554 1183 scribens,
2604 1128 2658 1174 et
2686 1121 2932 1176 omniutn
2973 1124 3234 1178 virtutum
3268 1126 3434 1196 proli-

1837 1210 2070 1265 cientem
2117 1212 2587 1278 perseverantiam
2620 1212 2713 1267 Dei
2745 1213 2952 1268 donum
2999 1231 3120 1270 esse
3159 1231 3439 1272 commen-

1838 1303 2013 1360 dans:
2064 1304 2301 1371 Gratias,
2349 1307 2547 1377 inquit,
2599 1322 2701 1377 ago
2752 1309 2859 1362 lleo
2907 1323 3030 1363 meo
3075 1325 3294 1380 semper
3342 1326 3441 1382 pro

1840 1399 1996 1451 vobis
2042 1400 2096 1452 in
2145 1400 2318 1468 gratia
2365 1401 2455 1454 Dei
2489 1414 2611 1471 qua:
2642 1400 2771 1455 data
2802 1413 2884 1456 est
2927 1403 3090 1457 vobis
3137 1404 3190 1458 in
3226 1405 3445 1459 Christo

1839 1490 1990 1559 Iesu,
2019 1499 2142 1562 quia
2175 1494 2228 1548 in
2259 1495 2514 1550 omnibus
2559 1494 2757 1550 divites
2804 1495 2930 1553 facti
2973 1498 3105 1552 estis
3139 1501 3189 1552 in
3236 1499 3353 1566 illo,
3385 1499 3443 1554 in

1843 1587 1994 1642 Omni
2031 1588 2200 1644 verbo
2236 1595 2293 1642 et
2333 1590 2631 1658 sapientia;
2669 1590 2810 1644 sicut
2839 1590 3212 1645 testimonium
3241 1591 3444 1646 Christi

1846 1681 2226 1738 conﬁrmatum
2254 1694 2335 1738 est
2366 1688 2418 1738 In
2452 1683 2626 1748 vobis.
2660 1683 2734 1738 ita
2769 1694 2827 1738 ut
2857 1684 2995 1738 nihil
3024 1685 3183 1740 vobis
3228 1685 3362 1740 desit
3391 1685 3445 1739 in

144 1769 270 1840 quid
300 1770 588 1840 optimum,
622 1771 689 1823 ab
714 1771 830 1838 ἱι-δι)
857 1770 1196 1841 est(Zachar.
1227 1748 1325 1844 ιιι).
1358 1774 1412 1827 In
1441 1772 1739 1843 Evangcllo
1769 1748 1818 1812 Β
1849 1777 1953 1830 ulla
1971 1777 2163 1847 gratia,
2188 1778 2638 1846 exspectantibus
2662 1779 3056 1834 revelatioaem
3079 1777 3293 1832 Domini
3315 1778 3444 1833 Iesu

144 1879 272 1918 vero
315 1854 612 1919 secundum
643 1863 975 1932 lilattlueum,
1013 1867 1154 1934 quod
1195 1867 1440 1923 scientia:
1477 1877 1532 1922 et
1577 1867 1742 1923 intel-

142 1955 317 2012 lectus
350 1958 488 2012 dona
521 1961 630 2012 sint
667 1959 782 2026 Dei,
817 1977 936 2029 quze
965 1963 1166 2030 quibus
1197 1962 1427 2018 voluerit
1453 1961 1738 2031 largiatur,

142 2050 212 2106 ita
237 2050 472 2106 dicitur:
500 2051 653 2106 Tunc
676 2054 1003 2108 accedentes
1026 2053 1274 2126 discipuli
1306 2055 1425 2125 ejus
1453 2053 1738 2109 dixerunt:

141 2145 326 2212 Quare
358 2145 407 2197 in
441 2146 716 2214 parabolis
745 2147 985 2215 loqueris
1006 2148 1070 2201 ad
1105 2148 1241 2202 eos?
1275 2147 1479 2215 Atipse
1512 2161 1742 2216 respon-

141 2238 282 2294 dens
307 2239 385 2292 ait
416 2238 524 2293 illis
555 2258 566 2291 :
602 2239 738 2306 Quia
770 2241 924 2295 vobis
959 2241 1145 2296 datum
1177 2253 1257 2296 est
1293 2257 1453 2295 nosse
1486 2242 1744 2312 mysteria

145 2333 300 2400 regni
317 2330 608 2400 cmlorum,
631 2333 736 2387 illis
751 2343 930 2388 autem
957 2351 1062 2389 non
1078 2335 1352 2389 estdatum
1371 2334 1587 2405 (Matth.
1605 2332 1745 2405 xm).

143 2424 385 2481 Joannes
439 2441 652 2498 quoque
711 2428 1059 2498 Evangelism
1111 2430 1418 2498 pronuntiat
1474 2429 1745 2484 neminem

145 2518 354 2588 aliquid
403 2519 531 2575 boni
560 2519 784 2585 haltere,
818 2521 918 2576 nisi
951 2523 1093 2592 quod
1127 2522 1408 2576 desursum
1451 2520 1744 2591 acceperit,

145 2610 380 2668 dicens:
427 2612 542 2669 Neu
573 2623 751 2684 potest
803 2616 966 2671 homo
993 2619 1242 2683 accipere
1287 2617 1599 2687 quidquam,
1649 2615 1746 2670 nisi

146 2706 315 2763 fuerit
347 2709 394 2764 ei
427 2708 608 2763 datum
640 2710 707 2766 de
739 2715 879 2768 C(Blt)
912 2710 1089 2782 (Joan.
1127 2713 1231 2782 ιιι).
1269 2712 1323 2766 ln
1355 2711 1595 2782 ejusdem
1622 2727 1748 2767 vero

147 2798 452 2870 Evangelio
483 2803 725 2858 doctrina
755 2816 835 2860 est
887 2806 1053 2874 ipsius
1101 2807 1368 2872 veritatis,
1399 2807 1541 2877 quod
1591 2821 1751 2862 nemo

142 2900 335 2954 veniat
363 2899 429 2954 ad
461 2899 681 2964 Filium,
717 2902 819 2956 nisi
841 2911 1102 2956 attractus
1127 2917 1154 2956 a
1179 2902 1372 2958 Patre:
1402 2908 1520 2972 quia
1555 2911 1749 2956 ventu-

141 3008 271 3048 rum
294 2991 440 3049 Dens
457 3005 506 3048 et
525 2995 912 3066 intelligentem
939 3006 994 3051 et
1018 2996 1363 3053 obedientem
1390 2997 1534 3052 facit.
1559 2997 1748 3062 Nemo,

144 3088 354 3157 inquit,
390 3098 570 3160 potest
599 3092 784 3146 venire
813 3091 879 3146 ad
902 3107 1008 3158 me,
1043 3092 1143 3146 nisi
1174 3092 1332 3146 Pater
1356 3093 1445 3159 qui
1473 3093 1617 3147 misit
1643 3107 1748 3156 me,

147 3183 451 3238 attraxerit
477 3197 599 3237 eum
624 3199 636 3237 :
665 3194 718 3237 et
738 3199 838 3254 ego
869 3184 1346 3239 resuscitabocum
1380 3186 1430 3238 in
1456 3185 1752 3239 novissimo

145 3273 268 3328 die.
292 3274 566 3342 Scriptum
596 3287 677 3330 est
706 3277 847 3330 enim
868 3277 920 3333 in
948 3276 1261 3346 l’ropltetis:
1287 3275 1354 3331 Et
1382 3287 1542 3332 erunt
1561 3294 1754 3333 onmes

146 3369 367 3424 dociles
403 3370 498 3423 Dei
527 3368 712 3442 (Isaia:
752 3370 883 3443 Liv).
917 3371 1102 3426 Omnis
1142 3372 1232 3441 qui
1265 3371 1474 3425 audivit
1514 3387 1542 3425 a
1574 3373 1754 3435 Patre,

144 3472 208 3517 et
240 3462 455 3529 didicit,
488 3465 634 3518 venit
663 3465 728 3519 ad
760 3481 845 3520 me
878 3463 1059 3535 (Joan.
1095 3462 1187 3535 vi).
1214 3464 1280 3519 Et
1309 3464 1446 3519 infra
1481 3481 1492 3518 :
1529 3464 1759 3534 PrOpter

147 3555 268 3608 hoc
318 3555 430 3608 dixi
479 3556 655 3622 vobis,
702 3557 825 3624 quia
876 3573 1036 3612 nemo
1091 3560 1482 3626 potestvenire
1532 3557 1596 3611 ad
1653 3574 1756 3625 me,

147 3645 269 3701 nisi
299 3646 483 3700 datmn
516 3646 679 3702 fuerit
706 3648 754 3702 ei
803 3663 830 3702 a
861 3647 1022 3703 Patre
1051 3664 1174 3702 meo
1206 3648 1388 3718 (Joan.
1425 3647 1516 3720 vi).
1551 3647 1607 3703 Iit
1654 3647 1762 3706 ﬁde

143 3748 350 3794 autem
381 3750 436 3794 et
463 3741 514 3793 in
543 3741 806 3810 operibus
837 3741 991 3794 bonis
1021 3741 1288 3809 proficere
1312 3759 1373 3796 ae
1406 3758 1763 3812 perseverare

148 3846 344 3900 usque
392 3832 444 3885 in
494 3833 678 3898 linem,
707 3835 949 3890 muneris
995 3845 1158 3903 atque
1199 3835 1388 3888 auxilii
1420 3851 1541 3890 esse
1572 3835 1760 3902 divini,

142 3934 479 3982 sanctarum
522 3923 930 3996 Scripturarum
984 3929 1273 3981 Conﬁrmat
1319 3928 1635 3982 auctoritas.
1676 3927 1764 3981 Et-

145 4019 318 4075 enim
367 4019 616 4073 scribens
645 4019 839 4075 Paulus
869 4020 1146 4089 apostolus
1179 4020 1619 4090 Philippensihus
1649 4025 1764 4075 ait:

147 4109 467 4166 Conﬁdens
503 4109 606 4166 hoc
639 4112 834 4180 ipsum,
873 4113 999 4182 quia
1030 4111 1120 4182 qui
1151 4113 1317 4181 cthit
1355 4115 1404 4166 in
1439 4114 1590 4167 vobis
1633 4129 1770 4182 Opus

147 4205 403 4265 bonum,
443 4205 690 4274 perficiet
720 4221 888 4276 usque
920 4205 971 4259 iu
1009 4205 1150 4259 dietn
1194 4204 1398 4260 Christi
1444 4205 1570 4260 Jesu
1607 4203 1769 4274 (Phi-

142 4297 272 4366 lip.
304 4299 385 4367 ι).
419 4296 586 4366 Ilujus
612 4309 790 4353 autem
825 4298 1120 4353 testimonii
1153 4301 1405 4354 virtutem
1431 4298 1648 4368 quidam
1678 4314 1774 4352 vo-a

149 4391 296 4446 Iens
343 4388 410 4446 ad
441 4388 524 4443 sui
555 4404 746 4444 sensus
778 4392 1096 4460 pravitatem
1125 4399 1470 4456 convertere,
1520 4393 1593 4446 ita
1624 4389 1771 4461 quod

146 4485 382 4541 dictum
409 4494 530 4538 est:
579 4485 679 4550 Qui
719 4485 884 4552 cmpit
919 4483 972 4538 in
1016 4484 1200 4550 Vobis,
1246 4485 1460 4538 volebat
1500 4484 1765 4554 intelligi,

139 4578 332 4650 quasi
351 4578 553 4633 dictttm
575 4589 746 4634 esset:
775 4579 875 4646 Qui
903 4579 1069 4646 cmpit
1088 4595 1154 4634 ex
1180 4579 1370 4633 vobis:
1399 4587 1456 4632 ut
1481 4587 1536 4633 et
1558 4580 1768 4632 initium

139 4681 226 4729 cl
261 4672 660 4726 consummatio
690 4673 874 4741 operis
907 4687 1011 4724 non
1037 4670 1104 4725 ad
1138 4671 1330 4736 Deum,
1360 4670 1457 4725 sed
1493 4671 1556 4724 ad
1591 4669 1768 4725 homi-

143 4781 304 4824 nem
331 4764 645 4832 referretur,
673 4766 762 4834 qui
787 4774 841 4819 et
865 4765 1107 4832 incipere
1130 4773 1183 4816 et
1204 4764 1466 4833 perlicere
1490 4761 1769 4816 voluisset.

141 4859 290 4915 Sed
337 4857 473 4913 hanc
513 4857 915 4912 insanissimum
963 4856 1272 4926 superbiam
1324 4856 1374 4908 in
1421 4853 1611 4909 eadem
1650 4852 1776 4923 Epi-

147 4951 322 5008 stoia
369 4950 862 5006 excellentiSsimus
913 4952 1100 5020 gratia:
1135 4949 1460 5022 praedicator
1492 4948 1669 5015 elidit,
1698 4948 1780 5002 di-

149 5056 360 5098 cens:
414 5040 469 5095 In
515 5043 660 5096 nullo
695 5042 1007 5098 terreamini
1050 5043 1116 5096 ab
1153 5041 1485 5097 adversariis
1512 5062 1528 5108 ,'
1552 5057 1672 5112 qua:
1704 5053 1787 5096 est

151 5140 206 5196 ii
229 5139 298 5192 lis
331 5151 493 5191 causa
529 5137 870 5204 perditionis,
904 5137 1058 5192 vobis
1088 5147 1271 5192 autem
1301 5138 1513 5204 salutis,
1547 5149 1601 5192 et
1631 5137 1732 5192 hoc
1761 5153 1787 5191 a

160 5235 307 5290 Deo
355 5248 368 5286 :
411 5233 539 5300 q'tia
573 5233 730 5287 vobis
761 5232 1017 5286 donatum
1050 5241 1132 5285 est
1164 5247 1260 5300 pro
1291 5229 1530 5298 Christo,
1568 5248 1673 5286 non
1705 5247 1794 5282 so-

152 5327 302 5386 lum
341 5334 401 5379 ut
449 5326 499 5378 in
549 5341 670 5380 eum
720 5326 977 5391 credatis,
1011 5326 1108 5380 Sed
1143 5325 1308 5380 etiam
1357 5338 1409 5380 ut
1447 5343 1546 5396 pro
1575 5326 1670 5380 illo
1703 5341 1795 5395 pa-

154 5419 408 5478 tiamini
457 5417 672 5490 (llud).
710 5419 777 5474 Et
824 5419 1024 5473 iterum
1065 5439 1076 5472 :
1111 5420 1244 5474 Cum
1293 5432 1469 5486 metu,
1517 5419 1712 5488 inquit.
1746 5429 1798 5474 ct

158 5529 441 5574 tremore
471 5529 705 5568 vcszratn
739 5514 972 5569 salutem
1014 5512 1336 5583 operamini.
1373 5513 1515 5570 Deus
1546 5524 1620 5568 cal
1655 5513 1797 5568 enim

153 5609 288 5683 qui
342 5619 608 5675 eperatur
639 5609 689 5661 in
720 5609 873 5662 vobis
899 5618 952 5661 ct
984 5609 1120 5662 velle
1147 5617 1202 5662 et
1240 5608 1508 5676 perlicere
1536 5622 1633 5678 pro
1661 5605 1799 5661 bona

165 5705 484 5758 voluntate
519 5702 748 5769 (Philip.
780 5705 862 5774 tt).
900 5703 1030 5758 Item
1063 5703 1116 5757 in
1151 5704 1317 5772 prima
1347 5703 1414 5758 ad
1459 5703 1807 5757 Thessaloni-

163 5807 402 5849 ωηερε
443 5795 608 5850 docet
631 5810 697 5850 ex
732 5794 844 5850 Deo
877 5811 999 5850 esse
1035 5793 1360 5865 principium
1393 5805 1448 5852 et
1482 5793 1805 5864 profectum,

1845 1867 2075 1937 Chri~.ti;
2111 1872 2200 1941 qui
2233 1883 2288 1927 et
2316 1873 2660 1928 conﬁrmabit
2689 1887 2789 1928 vos
2819 1888 2990 1941 usque
3034 1873 3100 1927 ad
3135 1874 3294 1928 linem
3329 1875 3450 1928 sine

1847 1964 2101 2025 crimine,
2121 1965 2173 2017 in
2193 1964 2335 2020 diem
2351 1965 2618 2020 adventus
2638 1966 2850 2021 Domini
2873 1968 3043 2020 nostri
3068 1965 3196 2020 Jesu
3219 1966 3443 2022 Christi.

1850 2055 1982 2112 Item
2005 2057 2070 2110 ad
2103 2058 2378 2114 Romanos
2403 2059 2472 2114 de
2497 2059 2768 2114 cbaritate
2798 2057 3022 2121 Christi,
3061 2074 3164 2129 qua
3196 2075 3290 2113 eoa
3313 2073 3449 2128 quos

1850 2151 2046 2222 diligit,
2092 2153 2482 2221 inseparabiles
2529 2153 2678 2222 facit,
2733 2155 2783 2208 id
2833 2164 2940 2218 est,
2975 2165 3146 2223 usque
3192 2154 3245 2206 in
3287 2155 3445 2208 linem

1853 2255 2273 2316 perseverantes
2316 2263 2328 2298 :
2367 2245 2535 2318 (nam
2589 2248 2717 2315 quid
2750 2247 3008 2302 estaliud
3058 2261 3445 2316 perseverare,

1854 2354 2014 2406 qnnn
2050 2339 2352 2393 tentatione
2383 2355 2490 2394 non
2517 2341 2656 2394 vinci
2677 2340 2728 2410 ?)
2751 2341 2884 2406 Quis
2915 2356 3035 2403 nos,
3068 2339 3265 2409 inquit,
3291 2354 3452 2410 sepa-

1856 2430 1999 2483 rabit
2030 2445 2059 2484 a
2088 2429 2352 2486 charitate
2375 2431 2614 2488 Christi?
2641 2432 2970 2499 Tribulatio,
3001 2448 3066 2487 an
3085 2435 3354 2502 angustia,
3380 2448 3449 2486 an

1857 2525 2190 2592 persecutio,
2224 2541 2292 2579 an
2325 2523 2518 2590 fames,
2561 2543 2629 2581 an
2655 2527 2891 2592 nuditas,
2923 2544 2991 2581 an
3025 2529 3353 2598 periculum,
3384 2543 3451 2582 an

1854 2617 2102 2687 gladius?
2131 2618 2274 2673 sicut
2299 2621 2566 2688 scriptum
2587 2631 2672 2676 est
2700 2637 2714 2674 :
2758 2623 2892 2687 Quia
2925 2631 3148 2692 propter
3181 2632 3239 2682 te,
3264 2623 3456 2678 morti.

1858 2708 2082 2764 licamur
2119 2719 2228 2765 tota
2263 2711 2377 2778 die,
2423 2713 2675 2767 testimati
2722 2729 2912 2768 smnus
2957 2717 3097 2769 sicut
3135 2729 3266 2769 oves
3313 2716 3456 2770 θεοῖο--

1857 2803 2028 2858 siouis
2055 2803 2229 2874 (Ριιιι.
2265 2805 2435 2877 sun).
2484 2805 2592 2863 Sed
2633 2807 2687 2862 in
2729 2807 2816 2862 his
2853 2809 3103 2862 omnibus
3134 2824 3457 2878 superamus

1860 2913 1957 2966 per
1985 2914 2108 2952 eum
2142 2899 2231 2968 qui
2261 2899 2450 2953 dilexit
2483 2914 2582 2954 nos
2615 2900 2793 2970 (Rom.
2831 2899 2968 2972 vnt).
2995 2901 3127 2956 Item
3153 2903 3218 2954 ad
3251 2901 3443 2956 Corin-

1863 2989 2004 3045 thios
2033 2990 2100 3045 de
2127 2992 2351 3046 victoria
2386 3007 2547 3062 quam
2598 2995 2811 3062 perlicit
2843 2993 3089 3048 Chrisms
3123 3011 3135 3048 :
3169 2996 3456 3062 Stimulus,

1862 3082 2056 3154 inquit,
2104 3086 2298 3139 mortis
2349 3096 2631 3154 peccatum
2665 3096 2746 3162 est
2789 3103 2802 3140 :
2839 3087 3007 3142 virtus
3050 3103 3180 3141 vero
3227 3089 3463 3154 peccati,

1865 3176 1969 3232 lex.
2001 3178 2108 3231 Deo
2133 3189 2315 3232 autem
2339 3178 2566 3248 gratias,
2588 3179 2846 3248 quidedit
2870 3180 3029 3235 nobis
3053 3179 3339 3234 victoriam
3368 3198 3464 3250 per

1859 3269 2042 3326 Iesum
2073 3271 2355 3326 Christum
2384 3272 2670 3326 Dominum
2702 3282 2948 3328 nostrum
2974 3272 3015 3342 (I
3040 3273 3156 3327 Cor.
3190 3273 3299 3344 xv).
3327 3273 3460 3328 Item

1859 3361 1925 3413 ad
1977 3361 2496 3418 Thessalonicenses
2535 3362 2604 3418 de
2650 3363 3060 3432 perseverantia
3113 3380 3275 3432 quam
3318 3364 3463 3419 Deus

1863 3453 2050 3509 tribuit
2090 3472 2102 3508 :
2144 3453 2265 3524 Ipse
2296 3468 2502 3519 autem,
2535 3457 2633 3525 ait,
2667 3456 2812 3509 Deus
2842 3457 2990 3527 pacis
3031 3456 3341 3510 sanctiﬁcat
3371 3471 3465 3511 vos

1865 3559 1960 3615 per
1989 3545 2192 3612 omnia,
2243 3557 2298 3600 ut
2331 3547 2540 3617 integer
2576 3548 2800 3615 spiritus
2842 3557 3046 3610 vester,
3089 3559 3142 3602 et
3191 3549 3369 3601 anima
3409 3559 3464 3602 et

1863 3651 2064 3708 Corpus
2089 3641 2207 3694 sine
2228 3642 2451 3710 querela
2484 3641 2539 3695 in
2568 3640 2858 3694 adventum
2887 3642 3099 3694 Domini
3135 3642 3304 3694 nostri
3333 3641 3460 3696 Jesu

1867 3734 2067 3789 Chrisri
2116 3745 2390 3790 servetur.
2447 3734 2650 3789 Fidelis
2697 3744 2782 3789 est
2823 3737 2911 3804 qui
2946 3736 3158 3789 Vocavit
3204 3750 3318 3799 Vos,
3374 3738 3463 3804 qui

1869 3829 2032 3884 etiam
2061 3829 2222 3886 faciet
2252 3831 2295 3898 (Ι
2326 3828 2504 3883 Thess.
2542 3828 2617 3899 v).
2655 3829 2784 3884 Item
2818 3829 2883 3884 ad
2914 3829 3463 3900 TlteSsalonicenses,

1869 3925 2012 3994 quod
2044 3925 2227 3978 omnia
2269 3924 2410 3980 bona
2444 3930 2630 3978 nostra
2669 3923 2780 3977 sive
2821 3923 2872 3977 in
2915 3925 3217 3990 operando,
3252 3925 3368 3978 sive
3414 3926 3467 3977 in

1872 4015 2165 4085 loquendo,
2201 4017 2333 4070 etin
2364 4016 2446 4072 eis
2477 4018 2909 4084 perseverantia,-
2938 4013 3079 4069 dona
3108 4017 3217 4070 sint
3245 4016 3364 4082 Del,
3395 4017 3468 4071 ita

1875 4109 2136 4178 prsedieat
2161 4109 2348 4164 dicens
2375 4127 2387 4163 :
2419 4108 2540 4180 Ipse
2579 4119 2758 4164 autem
2791 4109 3056 4164 Dominus
3099 4121 3284 4165 noster
3310 4109 3470 4166 Jesus

1873 4198 2148 4269 Christus,
2183 4211 2238 4257 et
2268 4201 2413 4258 Deus
2447 4215 2604 4272 pater
2642 4214 2850 4269 noster,
2894 4203 2984 4273 qui
3019 4203 3213 4257 dilexit
3250 4217 3369 4271 nos,
3416 4216 3472 4262 et

1875 4295 2024 4350 dedit
2062 4295 2498 4351 consolationem
2547 4307 2832 4363 aeternam,
2881 4306 2938 4350 et
2979 4311 3132 4366 Spem
3167 4298 3360 4353 bonam
3421 4302 3471 4354 in

1875 4391 2066 4461 gratia.
2126 4389 2452 4444 exhortetur
2507 4391 2668 4444 corda
2724 4400 2930 4454 vestra,
2977 4398 3034 4444 et
3081 4391 3369 4447 conﬁrmet
3421 4394 3473 4448 in

1877 4488 2022 4541 enini
2070 4500 2236 4556 ορεειρ
2279 4495 2334 4539 et
2363 4478 2620 4540 sermone
2653 4487 2818 4539 bono.
2855 4484 2935 4539 De
2981 4495 3205 4553 caetero,
3254 4487 3468 4555 fiatres,

1881 4589 2032 4634 orate
2075 4594 2171 4648 pro
2200 4579 2378 4643 nobis,
2412 4589 2472 4632 ut
2501 4591 2684 4633 sermo
2716 4578 2926 4632 Domini
2953 4590 3163 4645 currat,
3193 4590 3251 4635 et
3280 4582 3475 4636 clariﬁ-

1881 4682 2056 4734 cetur,
2089 4671 2305 4725 sieutet
2333 4669 2477 4738 apud
2514 4685 2633 4734 vos,
2667 4678 2722 4724 et
2762 4679 2820 4724 ut
2854 4671 3154 4727 liberemur
3182 4674 3250 4726 ab
3277 4675 3478 4744 impor-

1886 4766 2029 4818 tunis
2076 4763 2388 4818 hmninibus
2432 4771 2484 4816 et
2530 4764 2710 4817 malis.
2751 4762 2869 4819 Non
2911 4767 3056 4821 enim
3106 4768 3350 4820 omnium
3401 4780 3485 4821 εει

1889 4859 2045 4913 ﬁdes.
2101 4857 2308 4913 Fidelis
2349 4870 2530 4914 autem
2574 4859 2717 4914 Deus
2763 4871 2866 4928 est,
2902 4865 2994 4933 qui
3044 4873 3097 4918 et
3147 4863 3490 4918 conﬁrmabit

1890 4968 2014 5024 nos,
2043 4962 2097 5008 et
2123 4953 2395 5008 custodiet
2422 4971 2449 5006 a
2476 4954 2619 5008 malo
2641 4953 2705 5028 (ll
2735 4955 2914 5010 Thess.
2934 4955 3018 5028 ιι).
3050 4956 3243 5011 Petrus
3270 4973 3487 5027 quoque

1897 5049 2183 5119 apostolus
2214 5047 2356 5102 unde
2385 5063 2507 5102 esse
2535 5047 2793 5104 virtutem
2827 5054 3246 5119 perseverantite
3273 5051 3489 5118 doceat,

1901 5143 2184 5196 andiamus
2226 5159 2237 5195 :
2276 5141 2414 5195 Deus
2441 5154 2644 5206 autem,
2683 5141 2879 5212 inquit,
2929 5143 3105 5196 omnis
3143 5145 3354 5212 gratim,
3402 5146 3495 5215 qui

1904 5237 2116 5290 νοιοιιγίι
2174 5250 2272 5288 nos
2315 5235 2365 5287 in
2414 5245 2679 5288 aeternam
2713 5249 2867 5288 suam
2898 5235 3128 5304 gloriam
3180 5238 3231 5289 itt
3277 5237 3496 5293 Christo

1903 5325 2059 5393 Jesu,
2094 5326 2364 5379 modicum
2411 5340 2623 5393 passos,
2665 5325 2780 5392 ipse
2813 5328 3078 5392 perficiet,
3127 5329 3496 5396 confirmabit,

1905 5420 2295 5489 solidahitque,
2346 5422 2432 5474 cui
2476 5429 2558 5472 est
2608 5417 2781 5472 virtus
2822 5430 2876 5474 et
2929 5429 3174 5489 potestas
3214 5424 3266 5478 in
3301 5428 3501 5482 smcula

1910 5516 2230 5570 sa'culorum
2248 5514 2289 5586 (I
2313 5513 2424 5566 Ρινι.
2449 5513 2526 5582 v).
2544 5511 2780 5565 Joannes
2800 5527 2931 5566 vero
2952 5517 3227 5584 apostolus
3248 5521 3393 5588 quod
3426 5523 3507 5576 vi-

1912 5608 2080 5663 ctoria
2107 5615 2424 5660 sanctorum
2441 5616 2575 5671 opus
2597 5601 2688 5654 Dei
2706 5601 2772 5656 sit
2803 5601 3097 5660 habitantis
3122 5611 3174 5662 in
3190 5611 3415 5676 sanctis,
3435 5612 3508 5666 ita

1918 5700 2156 5761 Iotttitur
2188 5715 2200 5750 :
2249 5695 2356 5748 Vos
2384 5710 2449 5748 ex
2483 5693 2593 5748 Deo
2613 5693 2770 5759 estis,
2803 5693 2980 5761 ﬁlioli,
3019 5708 3074 5752 et
3113 5700 3314 5755 vicistis
3355 5717 3512 5758 mun-

1920 5791 2084 5849 dum:
2119 5788 2376 5860 quoniam
2400 5784 2575 5854 rnajor
2604 5791 2686 5838 est
2718 5787 2812 5855 qui
2842 5787 2898 5843 in
2921 5789 3074 5845 vobis
3098 5798 3200 5858 est,
3234 5807 3393 5863 quam
3421 5795 3515 5868 qui
