4082 6322
503 303 644 364 1105

1511 301 1862 361 APPENDIX
1906 299 1996 358 AD
2033 296 2266 359 OPERA
2306 297 2366 359 S.
2408 295 2764 359 AMBROSII.

3641 295 3643 298 ⁴
3671 293 3816 357 HM

497 421 560 477 in
583 416 787 476 mundo
801 416 845 489 (1
863 413 1025 473 Joan.
1049 416 1149 488 tv).
1182 417 1316 475 Item
1340 416 1486 474 idem
1511 433 1525 472 :
1554 418 1729 476 Omne
1745 418 1892 490 quod
1919 425 2101 473 natum
2129 418 2184 480 Α
2207 415 2352 472 enim
2382 424 2434 472 te
2461 413 2763 471 discernit?
2793 410 2935 481 Quid
2963 415 3144 469 autem
3185 411 3358 468 habes
3386 408 3532 484 quod
3570 424 3681 467 non
3721 427 3817 468 ac-

497 523 586 569 est
615 529 680 568 ex
706 512 841 579 Deo,
874 512 1046 568 vincit
1080 512 1364 581 mundum,
1388 522 1444 569 et
1473 513 1588 568 haec
1619 521 1707 569 est
1739 513 1962 568 victoria
1984 527 2105 583 quae

499 607 679 663 vincit
726 605 1014 673 mundum,
1058 607 1193 662 ﬁdes
1233 617 1419 662 nostra
1455 605 1500 677 (l
1538 605 1698 661 Joan.
1728 605 1808 678 v).
1836 606 1893 662 In
1931 605 2108 660 Evan-

499 701 651 774 gelio
679 711 862 756 autem
887 699 1185 756 secundum
1217 699 1440 767 Lucam,
1475 700 1642 756 Deum
1671 699 1802 755 dare
1825 710 1884 754 ut
1916 699 1981 754 in
2002 697 2107 753 ﬁde

500 802 908 863 perseveretur,
930 794 1006 849 ita
1031 793 1331 862 promitur:
1361 791 1508 847 Dixit
1529 802 1710 848 autem
1735 790 1893 847 Jesus
1910 791 2102 846 Petro:

503 885 724 951 Simon,
772 886 983 955 Simon,
1015 902 1144 943 ecce
1175 888 1405 944 Satanas
1431 885 1742 956 postulavit,
1771 895 1832 939 ut
1862 900 1962 939 vos
1999 883 2108 938 cri-

502 979 691 1036 braret
720 979 866 1036 sicut
907 979 1170 1036 triticum.
1203 982 1317 1052 Ego
1349 989 1535 1036 autem
1569 979 1752 1051 rogavi
1779 993 1875 1048 pro
1906 985 1979 1042 te,
2005 976 2108 1032 Pe~

497 1081 608 1140 tre,
637 1089 707 1130 ne
733 1073 955 1130 deficiat
985 1074 1124 1132 ﬁdes
1155 1085 1246 1130 tua
1273 1093 1284 1128 :
1313 1084 1369 1130 et
1397 1083 1454 1130 tu
1493 1089 1819 1142 conversus,
1845 1071 2106 1128 conﬁrma

503 1167 708 1225 fratres
760 1177 921 1236 tuos,
972 1179 1029 1226 et
1072 1185 1201 1241 roga
1252 1185 1320 1225 ne
1361 1169 1576 1224 intretis
1635 1168 1690 1223 in
1749 1167 2106 1224 tentationem

497 1259 654 1334 (Luc.
686 1260 847 1333 ml).
881 1261 940 1318 In
972 1261 1264 1332 Evangelio
1293 1277 1511 1333 quoque
1541 1259 1786 1326 Joannis,
1818 1259 1886 1314 de
1915 1259 2108 1314 ovibus

496 1355 701 1412 Christi
742 1372 863 1429 quae
898 1357 968 1413 de
1007 1372 1172 1413 manu
1203 1357 1374 1428 ipsius
1403 1373 1434 1413 a
1474 1358 1628 1412 nullo
1656 1358 1963 1427 rapiuntur,
1992 1353 2109 1410 hmo

494 1448 738 1524 legimus
786 1452 974 1508 dicere
1021 1451 1305 1508 veritatem
1349 1469 1364 1508 :
1411 1451 1522 1508 Sed
1551 1468 1647 1507 vos
1688 1467 1803 1506 non
1853 1450 2104 1517 creditis,

497 1543 627 1615 quia
666 1559 776 1601 non
824 1545 956 1601 estis
995 1545 1060 1600 de
1099 1545 1296 1601 ovibus
1344 1545 1500 1602 meis.
1549 1545 1694 1600 Oves
1741 1560 1876 1600 meae
1914 1557 2104 1599 vocem

496 1653 677 1695 meam
698 1638 949 1705 audiunt,
973 1647 1030 1694 et
1056 1654 1157 1710 ego
1187 1639 1312 1694 novi
1336 1639 1485 1705 illas,
1509 1649 1566 1694 et
1589 1637 1895 1708 sequuntur
1922 1652 2030 1703 me,
2053 1643 2111 1692 et

495 1733 668 1788 vitam
699 1743 962 1789 aeternam
987 1733 1207 1801 doillis,
1237 1742 1293 1788 et
1321 1749 1428 1788 non
1455 1732 1714 1802 peribunt
1733 1734 1786 1786 in
1815 1740 2103 1800 aeternum,

2208 508 2440 579 cepisti?
2466 506 2522 564 Si
2550 518 2734 564 autem
2759 507 3040 577 accepisti,
3073 506 3202 578 quid
3229 505 3488 578 gloriaris
3519 505 3673 575 quasi
3706 519 3817 561 non

2209 603 2486 673 acceperis
2513 601 2562 674 (l
2587 600 2708 656 Cor.
2743 599 2856 673 1v)?
2903 600 3072 672 Igitur
3097 601 3439 671 profunditas
3483 600 3628 655 illius
3668 615 3821 670 quae—

2209 696 2401 752 stionis
2418 711 2581 768 quam
2603 695 2904 752 secundum
2921 693 3342 751 admirationem
3361 693 3611 765 Apostoli
3643 695 3818 764 impe-

2213 790 2544 845 netrabilem
2594 789 2945 858 conﬁtemur,
2985 806 3086 862 per
3125 791 3282 846 liberi
3339 789 3550 845 arbitrii
3581 789 3730 844 velle
3769 795 3825 843 et

2211 884 2357 940 nolle
2387 900 2496 939 non
2537 885 2769 940 solvitur
2805 901 2818 937 :
2867 884 2990 956 quia
3036 883 3158 940 licet
3197 884 3332 938 insit
3362 881 3572 938 homini
3611 881 3820 938 bunum

2210 978 2378 1046 nolle,
2408 987 2587 1034 tamen
2621 980 2727 1034 nisi
2759 978 3018 1034 donatum
3048 995 3154 1035 non
3197 977 3363 1035 habet
3411 977 3616 1033 bonum
3653 978 3819 1043 velle,

2209 1079 2264 1126 et
2287 1071 2421 1127 illud
2448 1072 2731 1127 contraxit
2758 1083 2948 1127 natura
2979 1087 3075 1143 per
3097 1072 3336 1142 culpam,
3365 1071 3467 1126 hoc
3495 1068 3698 1142 recipit
3728 1085 3824 1123 na-

2209 1173 2328 1222 tura
2365 1180 2464 1236 per
2489 1167 2741 1238 gratiam.
2775 1165 2884 1223 Sed
2928 1165 3062 1238 quid
3108 1164 3244 1242 illud
3275 1166 3367 1232 sit,
3405 1164 3552 1235 quod
3582 1164 3701 1218 haec
3732 1178 3824 1218 ea-

2211 1260 2335 1316 dem
2370 1271 2566 1317 natura
2608 1262 2661 1316 in
2693 1262 2950 1317 omnibus
2980 1259 3293 1317 hominibus
3329 1269 3456 1316 ante
3498 1258 3826 1315 reconcilia-

2214 1358 2417 1414 tionem
2466 1375 2584 1429 rea,
2639 1359 2694 1415 in
2742 1359 2998 1416 omnibus
3047 1358 3270 1425 misera,
3317 1372 3424 1414 non
3468 1357 3522 1411 in
3567 1355 3827 1411 omnibus

2204 1451 2578 1524 jnstiﬁcatur:
2613 1460 2720 1508 eta
2753 1452 3106 1523 pereuntibus
3135 1451 3365 1523 quadam
3410 1449 3492 1505 sui
3529 1461 3686 1520 parte
3709 1447 3822 1504 dis-

2210 1547 2458 1602 cernitur
2482 1547 2551 1601 ab
2575 1561 2642 1602 eo
2663 1546 2755 1618 qui
2784 1548 2933 1602 venit
2957 1560 3204 1616 quaerere
3226 1553 3282 1601 et
3303 1543 3518 1599 salvare
3545 1541 3692 1612 quod
3729 1555 3828 1614 pe-

2211 1641 2379 1696 rierat
2410 1640 2567 1712 (Luc.
2602 1643 2745 1710 xu),
2789 1642 3028 1696 humano
3055 1655 3218 1697 sensu
3245 1654 3470 1711 prorsus
3503 1652 3610 1694 non
3645 1643 3832 1708 potest

2211 1733 2481 1805 indagari.
2496 1734 3065 1803 Quantumlibetenim
3084 1735 3375 1804 impiorum
3397 1732 3712 1802 malignitas
3734 1746 3830 1785 ac-

500 1839 608 1881 nec
651 1824 938 1896 quisquam
978 1826 1158 1896 rapiet
1197 1841 1292 1882 eas
1327 1825 1396 1882 de
1433 1840 1605 1880 manu
1649 1841 1768 1880 mea
1809 1824 1988 1898 (Joan.
2025 1823 2105 1896 χ).
2140 1825 2188 1886 Β
2213 1835 2443 1883 cusetur
2483 1828 2742 1883 resistens
2772 1827 2963 1898 gratia:
2995 1826 3115 1894 Dei,
3149 1824 3414 1896 numquid
3443 1823 3828 1896 probabuntur

493 1916 636 1974 Item
669 1917 722 1972 in
751 1917 942 1974 eodem
973 1918 1293 1988 Evangelio,
1324 1917 1395 1974 de
1427 1919 1492 1973 iis
1520 1932 1658 1989 quos
1692 1918 1856 1974 Pater
1885 1917 1981 1979 dat
2011 1916 2102 1973 Fi-

498 2011 600 2082 lio,
632 2012 725 2083 qui
746 2020 800 2069 et
828 2027 1020 2069 omnes
1057 2012 1287 2068 veniunt
1313 2011 1379 2065 ad
1403 2010 1620 2079 Filium,
1649 2022 1702 2065 et
1730 2027 1958 2080 quorum
1990 2011 2108 2067 nul—

495 2106 586 2164 lus
633 2108 794 2179 perit,
827 2107 944 2163 haec
983 2107 1153 2179 ipsius
1178 2105 1395 2162 Domini
1425 2122 1520 2161 ore
1566 2107 1825 2160 dicuntur
1871 2124 1884 2160 ε
1931 2105 2108 2162 Omne

493 2204 640 2276 quod
659 2203 754 2260 dat
782 2201 916 2259 mihi
945 2201 1130 2268 Pater,
1158 2201 1307 2257 venit
1349 2201 1417 2256 ad
1449 2216 1575 2265 me;
1606 2213 1659 2256 et
1689 2209 1812 2256 eum
1841 2201 1933 2271 qui
1960 2200 2112 2256 venit

500 2298 571 2354 ad
599 2313 710 2367 me,
757 2312 867 2352 non
892 2295 1107 2367 ejiciam
1136 2296 1328 2349 foras:
1371 2293 1498 2365 quia
1540 2292 1795 2348 descendi
1834 2291 1905 2347 de
1945 2292 2106 2360 cmlo,

501 2405 612 2448 non
651 2401 712 2448 ut
758 2390 952 2447 faciam
999 2390 1336 2446 voluntatem
1377 2403 1577 2456 meam,
1629 2388 1725 2443 sed
1771 2387 2110 2444 voluntatem

503 2485 624 2557 ejus
650 2485 740 2556 qui
769 2484 920 2540 misit
957 2499 1046 2540 me
1074 2483 1291 2539 Patris:
1324 2490 1384 2538 ut
1404 2498 1568 2539 omne
1599 2483 1745 2554 quod
1771 2482 1925 2538 dedit
1953 2484 2110 2550 mihi,

504 2593 616 2635 non
656 2577 879 2648 perdam
921 2592 988 2633 ex
1029 2591 1098 2632 eo
1135 2575 1450 2647 quidquam,
1498 2575 1591 2630 sed
1625 2575 1945 2631 resuscitem
1983 2574 2112 2630 illud

507 2673 565 2730 in
591 2671 888 2730 novissimo
916 2671 1005 2728 die
1033 2669 1216 2742 (Joan.
1246 2669 1348 2742 vt).
1375 2669 1539 2726 Multa
1568 2679 1696 2724 sunt
1721 2669 1828 2723 alia
1859 2669 1912 2723 in
1944 2683 2112 2723 cano-

511 2765 756 2821 nicarum
786 2764 930 2820 serie
977 2763 1410 2835 Scripturarum,
1458 2778 1576 2833 qua:
1619 2761 1856 2816 vitanda:
1886 2761 2114 2832 prolixi-

507 2861 636 2918 tatis
661 2859 841 2916 studio
864 2859 1244 2931 praeterimus:
1270 2858 1528 2930 quoniam
1549 2872 1669 2928 quae
1690 2857 2109 2926 assumpsimus,

507 2971 611 3013 nec
639 2969 808 3027 pauca
836 2963 984 3023 sunt,
1014 2969 1114 3010 nec
1153 2955 1408 3023 obscura,
1440 2968 1540 3008 nec
1571 2951 1742 3007 levia:
1775 2952 1972 3022 quibus
2003 2953 2117 3024 ple-

507 3050 733 3106 nissime
756 3048 1086 3115 declaratur,
1129 3049 1310 3103 omnia
1333 3063 1453 3118 qua:
1494 3046 1563 3102 ad
1595 3045 2012 3115 promerendam
2038 3047 2118 3102 vi-

507 3153 617 3200 tam
640 3153 900 3200 aeternam
927 3142 1222 3212 pertinent,
1255 3141 1376 3196 sine
1393 3140 1567 3212 gratia
1591 3138 1689 3195 Dei
1718 3155 1818 3195 nec
1840 3138 2114 3207 inchoari,

2209 1937 2354 1989 eam,
2402 1922 2595 1992 quibus
2630 1931 2716 1978 est
2761 1922 2980 1988 collata,
3027 1920 3340 1976 meruisse:
3387 1929 3484 1975 aut
3517 1919 3608 1972 illa
3654 1919 3830 1973 virtus

2207 2015 2397 2086 gratiae
2429 2031 2550 2085 qua:
2573 2013 2678 2069 sibi
2708 2029 2844 2086 quos
2873 2014 3049 2070 voluit
3074 2013 3340 2079 subdidit,
3374 2021 3708 2068 convertere
3732 2025 3830 2067 eos

2209 2109 2303 2180 qui
2335 2109 2784 2165 inconvertibiles
2817 2124 3190 2180 permansere,
3239 2123 3344 2165 non
3397 2107 3621 2179 potuit?
3661 2105 3830 2162 Tales

2209 2201 2434 2258 fuerunt
2458 2204 2548 2274 qni
2578 2212 2704 2258 sunt
2731 2203 2980 2269 attracti,
3010 2202 3201 2274 quales
3229 2203 3268 2258 ii
3290 2201 3382 2272 qui
3413 2202 3464 2256 in
3496 2217 3594 2258 sua
3620 2200 3832 2256 duritia

2213 2305 2343 2354 sunt
2382 2297 2581 2354 relicti.
2627 2295 2734 2354 Sed
2775 2296 2882 2352 illis
2919 2297 3110 2352 tribuit
3145 2297 3321 2367 gratia
3365 2293 3639 2366 stupenda
3680 2291 3832 2363 quod

2211 2395 2406 2461 voluit,
2453 2395 2572 2449 istis
2608 2393 2868 2449 retribuit
2903 2393 3104 2448 veritas
3126 2392 3276 2462 justa
3309 2391 3454 2460 quod
3495 2389 3688 2445 debuit
3719 2406 3733 2442 :
3767 2397 3830 2444 ut

2213 2485 2476 2557 judicium
2509 2486 2605 2542 Dei
2639 2489 2813 2557 magis
2837 2485 3195 2542 inscrutabile
3217 2488 3290 2540 sit
3314 2484 3366 2540 in
3402 2483 3686 2540 electione
3708 2497 3836 2554 gra.

2215 2581 2328 2648 tiae,
2358 2596 2522 2652 quam
2565 2581 2616 2635 in
2648 2580 3012 2636 retributione
3036 2579 3288 2650 justitim.
3339 2577 3732 2634 Verumtamen
3764 2591 3838 2634 ne

2216 2673 2309 2728 illa
2335 2689 2461 2745 pars
2489 2673 2615 2729 ﬁdei
2646 2690 2748 2745 qua
2779 2673 2865 2744 pie
2889 2672 3165 2730 credimus
3191 2673 3362 2728 Deum
3390 2672 3534 2728 velle
3560 2681 3622 2726 ut
3642 2683 3837 2727 omnes

2218 2765 2473 2822 homines
2501 2767 2753 2822 veritatis
2782 2767 3060 2837 agnitione
3083 2766 3363 2821 salventur
3387 2763 3432 2839 (l
3455 2763 3596 2820 Tim.
3621 2764 3704 2836 tt),
3733 2779 3836 2834 per

2219 2860 2323 2916 hoc
2346 2861 2495 2932 quod
2525 2859 2598 2917 de
2627 2860 2914 2917 eﬁ‘ectibus
2942 2861 3134 2931 gratia:
3161 2859 3448 2916 evidenter
3493 2858 3838 2925 ostenditur,

2218 2953 2493 3012 inﬁrmata
2514 2957 2782 3022 videatur,
2808 2955 3172 3012 annitendum
3194 2956 3592 3012 estauxiliante
3609 2953 3838 3012 Christo

2219 3057 2281 3103 ut
2315 3049 2474 3104 nobis
2513 3047 2785 3104 stabilitas
2837 3047 2999 3118 hujus
3025 3046 3365 3103 deﬁnitionis
3397 3057 3684 3117 appareat.
3719 3045 3836 3102 Sed

2219 3143 2348 3212 quia
2395 3142 2721 3198 necessaria:
2764 3141 3139 3212 inquisitionis
3187 3142 3464 3213 negotium
3508 3157 3618 3196 non
3651 3140 3836 3196 levem

505 3252 610 3294 nec
634 3235 818 3308 augeri
856 3248 1040 3306 posse,
1071 3249 1172 3290 nec
1194 3235 1384 3304 perﬁci
1417 3251 1430 3288 :
1463 3242 1518 3289 et
1537 3241 1725 3289 contra
1750 3249 1970 3290 omnem
2000 3235 2114 3291 ele-
2138 3217 2185 3282 Ο
2221 3251 2444 3306 operam
2493 3237 2599 3292 sibi
2639 3237 2815 3309 poscit
2858 3235 3121 3306 impendi,
3151 3245 3466 3292 secuturam
3497 3235 3837 3307 disputatio-

499 3333 739 3389 ctionem
784 3330 855 3386 de
893 3329 1067 3388 libero
1112 3327 1344 3384 arbitrio
1386 3328 1737 3398 gloriantem,
1782 3328 1930 3383 illam
1977 3329 2118 3385 invi-

499 3425 743 3482 ctissime
789 3423 951 3479 reniti
997 3422 1328 3480 sententiam
1373 3420 1605 3477 dicentis
1651 3420 1897 3492 Apostoli
1935 3441 1946 3476 :
1980 3422 2116 3492 Quis

2225 3346 2348 3386 nem
2377 3330 2445 3386 ab
2473 3329 2702 3386 exordio
2728 3327 2958 3384 alterius
2980 3327 3276 3384 voluminis
3299 3326 3645 3384 inchoemus.

1600 3651 1956 3749 LIBER
2029 3666 2700 3758 SECUNDUS.

1981 3839 2340 3859 ἡ

1017 3963 1249 4023 CAPUT
1279 3963 1574 4022 PRIMUM.

503 4065 658 4137 Quod
685 4063 786 4120 tria
808 4063 912 4119 sint
945 4061 1125 4133 quibus
1169 4061 1224 4114 in
1268 4060 1552 4128 quwstione
1572 4061 1810 4133 superius
1848 4059 2114 4134 disputata

565 4157 804 4213 inhwreri
828 4155 1037 4210 debeat:
1063 4153 1303 4224 quodque
1332 4151 1471 4207 Deus
1485 4156 1663 4226 justus
1693 4154 1760 4207 sit
1805 4153 2106 4222 ordinator,

574 4259 622 4305 et
642 4247 1071 4317 quemadmodum
1097 4246 1378 4300 secundum
1398 4263 1458 4300 ea
1485 4261 1600 4317 qua:
1631 4247 2050 4318 prazdicatoribus
2077 4265 2110 4302 a

567 4343 792 4398 Domino
821 4342 964 4408 iussa
993 4348 1134 4407 sunt,
1159 4339 1427 4396 nullarum
1449 4343 1718 4396 nationum
1742 4344 1885 4413 facta
1902 4343 1969 4397 sit
1999 4344 2109 4398 dis-

571 4439 745 4504 cretio,
777 4451 1022 4508 nemoque
1044 4437 1108 4490 sit
1134 4444 1401 4507 exceptus,
1433 4435 1522 4491 sed
1549 4435 1618 4490 ad
1654 4453 1827 4492 omnes
1877 4436 2105 4492 homines

2212 3971 2591 4044 intelligentiae
2637 3973 3034 4044 penetrabilem
3065 3989 3188 4033 esse
3236 3988 3346 4032 non
3384 3987 3550 4046 posse
3585 3989 3601 4029 :
3641 3979 3698 4030 et
3727 3987 3838 4030 cur

2212 4079 2322 4119 non
2349 4081 2539 4122 omnes
2569 4066 2764 4135 salvet,
2795 4067 2886 4138 qui
2913 4083 3108 4124 omnes
3137 4067 3253 4123 vult
3282 4068 3460 4123 salvos
3501 4065 3655 4132 ﬁeri,
3699 4083 3825 4122 non

2213 4167 2470 4227 oportere
2490 4158 2723 4229 diSquiri
2744 4177 2758 4214 :
2782 4160 3041 4231 quoniam
3071 4160 3117 4215 si
3140 4160 3287 4231 quod
3311 4158 3564 4231 cognosci
3588 4175 3693 4213 non
3726 4174 3836 4227 po-

2211 4260 2337 4320 test,
2374 4267 2480 4307 non
2505 4261 2784 4324 quaeratur
2811 4253 2955 4310 inter
2983 4254 3213 4323 primam
3238 4269 3304 4311 ac
3335 4251 3628 4309 secundam
3673 4249 3834 4306 deﬁ-

2212 4341 2499 4410 nitionem,
2521 4360 2629 4400 non
2654 4345 2959 4402 remanebit
2978 4361 3141 4401 causa
3154 4343 3487 4412 certaminis,
3505 4341 3598 4398 sed
3622 4356 3834 4399 secura

2211 4447 2275 4490 ac
2319 4436 2613 4508 tranquilla
2661 4437 2764 4493 ﬁde
2811 4447 3100 4509 utrumque
3152 4435 3573 4508 prmdicabitur,
3602 4443 3838 4489 utrum-

576 4533 785 4587 missum
797 4531 862 4586 sit
876 4527 1304 4602 Evangelium,et
1316 4529 1482 4601 gratia
1500 4529 1745 4584 salutaris
1758 4529 1854 4585 Dei
1873 4530 2108 4584 omnibus
2132 4501 2188 4562 D
2212 4547 2320 4604 que
2347 4501 2620 4589 credetur.
2653 4533 2795 4589 Deus
2817 4501 3040 4605 quippe,
3074 4501 3216 4604 apud
3244 4546 3406 4604 quem
3438 4545 3544 4585 non
3575 4539 3664 4584 est
3707 4529 3832 4585 ini-

576 4623 868 4680 hominibus
887 4626 1210 4695 apparuerit,
1231 4632 1277 4678 et
1299 4623 1362 4678 de
1381 4625 1617 4696 mysterio
1638 4628 1751 4698 ejus
1767 4626 1904 4698 quod
1917 4626 2108 4680 dictum

527 4749 530 4752 ~
578 4720 675 4790 fuit
718 4719 1009 4788 apostolis:
1049 4717 1117 4773 In
1153 4720 1289 4773 viam
1325 4720 1554 4792 gentium
1584 4735 1647 4775 ne
1667 4720 1930 4787 abieritis;
1955 4737 2016 4774 ac
2046 4721 2108 4775 de

574 4813 785 4870 occultis
813 4809 911 4866 Dei
931 4811 1150 4886 judiciis
1175 4813 1230 4866 in
1256 4811 1522 4868 hominum
1552 4815 1835 4869 vocatione.

577 4904 823 4964 Remulis
873 4903 1243 4976 abdicatisque
1298 4905 1547 4961 omnibus
1601 4906 2106 4964 concertationibus

502 5016 637 5074 quas
659 4997 1134 5070 intemperantiam
1149 4997 1568 5068 disputationum
1581 4999 2103 5070 gignitanimositas,

498 5097 604 5153 tria
631 5110 752 5154 esse
779 5095 1127 5165 perSpicuum
1152 5100 1258 5160 est,
1296 5094 1490 5164 quibus
1524 5093 1577 5148 in
1617 5093 1718 5148 hac
1756 5093 2060 5164 quaestione
2085 5133 2100 5159 ,

502 5189 576 5247 de
601 5203 704 5261 qua
732 5185 1034 5244 secundum
1079 5185 1333 5242 volumen
1362 5185 1675 5256 incipimus,
1707 5186 1907 5242 debeat
1931 5185 2103 5240 inme-

500 5285 652 5344 reri:
692 5299 880 5350 unum,
911 5282 1054 5354 quod
1085 5279 1446 5353 proﬁtendum
1475 5291 1580 5349 est,
1610 5282 1776 5337 Deum
1804 5281 1945 5337 velle
1977 5295 2098 5336 om-

499 5393 601 5436 nes
630 5378 878 5434 homines
905 5376 1090 5431 salvos
1119 5375 1256 5440 ﬁeri,
1290 5384 1344 5430 et
1383 5374 1436 5428 in
1483 5373 1815 5445 agnitionem
1857 5372 2102 5430 veritatis

501 5470 693 5526 venire
718 5469 773 5540 (1
801 5468 936 5522 Tim.
967 5467 1062 5538 n);
1100 5470 1364 5535 alterum,
1405 5467 1551 5538 quod
1593 5469 1950 5523 dubitandum
1993 5482 2100 5523 non

501 5571 609 5630 est,
632 5563 700 5618 ad
727 5564 899 5633 ipsam
919 5562 1282 5633 cognitionem
1305 5562 1575 5631 veritatis,
1599 5572 1654 5619 et
1690 5564 2099 5634 perceptionem

495 5655 709 5722 salutis,
742 5669 849 5711 non
872 5656 984 5711 suis
1011 5671 1336 5726 quemquam
1371 5655 1612 5724 meritis,
1656 5657 1753 5711 sed
1794 5671 1897 5726 ope
1938 5667 2101 5729 atque

492 5762 663 5818 opere
686 5747 884 5804 divinae
912 5747 1099 5818 gratiae
1129 5748 1445 5818 pervenire;
1481 5748 1721 5814 tertium,
1754 5748 1900 5820 quod
1929 5751 2102 5806 conﬁ-

489 5841 715 5898 tendum
767 5848 886 5909 est,
933 5838 1278 5897 altitudinem
1322 5841 1652 5912 iudiciorum
1696 5843 1817 5912 Dei,
1848 5843 2102 5901 humana:

2209 4628 2410 4700 quitas,
2433 4637 2488 4684 et
2509 4629 2662 4698 cujus
2691 4628 2960 4683 universae
2990 4628 3096 4683 viae
3127 4623 3502 4682 misericordia
3530 4631 3584 4680 et
3612 4622 3844 4680 veritas

2210 4717 2400 4792 (Rom.
2442 4736 2532 4786 Ix;
2567 4718 2716 4774 Psat.
2767 4719 2964 4791 xxnv),
3015 4719 3259 4774 omnium
3305 4717 3585 4772 hominum
3635 4714 3832 4772 bonus

2206 4815 2480 4882 conditor,
2531 4814 2708 4886 justus
2747 4823 2832 4871 est
2877 4813 3194 4887 ordinator,
3240 4811 3515 4869 neminem
3569 4809 3834 4866 indebite

2207 4906 2503 4976 damnans,
2546 4909 2818 4965 neminem
2843 4907 3026 4965 debite
3048 4908 3318 4964 liberans:
3349 4917 3538 4962 nostra
3563 4903 3828 4977 plectens

2207 5015 2329 5057 cum
2362 5003 2514 5072 punit
2545 5003 2760 5067 noxios,
2793 5018 2887 5058 sua
2923 5002 3167 5058 tribuens
3195 5017 3316 5058 cum
3345 4999 3474 5056 facit
3509 4999 3723 5069 justas:
3759 5004 3828 5051 ut

2208 5097 2518 5152 obstruatur
2546 5111 2607 5152 os
2639 5097 2975 5168 loquentium
3006 5096 3189 5168 iniqua
3221 5093 3412 5168 (Psal.
3438 5091 3598 5163 uti),
3631 5101 3687 5148 et
3715 5089 3818 5162 ju-

2206 5189 2471 5245 stitlcetur
2501 5190 2641 5244 Deus
2681 5189 2735 5244 in
2782 5188 3130 5246 sermonibus
3175 5187 3318 5252 suis.
3361 5196 3418 5243 et
3456 5184 3639 5241 vincat
3685 5199 3822 5241 cum

2201 5281 2478 5352 indicatur
2518 5281 2700 5355 (Psal.
2730 5282 2818 5354 ι).
2861 5282 2972 5340 Nec
2999 5282 3237 5339 damnati
3264 5282 3407 5352 justa
3437 5280 3815 5351 querimonia,

2207 5393 2309 5434 nec
2345 5377 2628 5449 iustiﬁcati
2669 5393 2834 5434 verax
2876 5385 2959 5434 est
2987 5375 3324 5447 arrogantia:
3355 5373 3401 5430 si
3434 5375 3522 5430 vel
3545 5374 3639 5430 ille
3668 5373 3820 5428 dicat

2213 5487 2319 5526 non
2365 5471 2633 5528 meruisse
2675 5486 2735 5528 se
2780 5485 3016 5541 poenam,
3050 5469 3133 5525 vel
3163 5469 3265 5525 iste
3294 5477 3507 5524 asserat
3537 5468 3814 5523 meruisse

2206 5579 2266 5620 se
2288 5565 2540 5636 gratiam.
2567 5565 2719 5621 Sicut
2750 5574 2932 5620 autem
2961 5579 3024 5620 ea
3053 5579 3175 5635 quze
3201 5561 3268 5617 ad
3305 5561 3813 5617 manifestationern

2204 5657 2390 5728 gratia:
2411 5673 2479 5712 ex
2501 5657 2703 5713 divinis
2733 5656 3084 5728 proferuntur
3112 5654 3368 5726 eloquiis,
3399 5653 3554 5710 nulla
3583 5661 3818 5724 possunt

2205 5755 2418 5810 ratione
2435 5795 2449 5818 ,
2491 5752 2796 5809 disserendi
2827 5762 2944 5808 arte
2971 5752 3178 5819 violari,
3201 5759 3262 5807 ut
3285 5750 3592 5822 perspicua:
3617 5761 3818 5806 conso-

2207 5854 2508 5918 nantesque
2548 5846 2604 5902 in
2641 5854 2790 5903 tanta
2822 5845 3218 5903 numerositate
3258 5844 3551 5902 sententiae
3591 5841 3661 5897 ad
3701 5835 3812 5892 ali-

4067 249 4069 398 Ψ
