3958 6314
173 331 302 391 “05

1219 328 1307 385 DE
1351 327 1747 387 VOCATIONE
1785 325 2098 390 GENTIUM
2136 333 2270 393 LIB.
2316 334 2381 392 ll.

3243 307 3246 310 ’
3314 340 3456 399 nos

164 449 298 523 quod
323 461 501 520 prava:
530 445 993 518 interpretationis
1024 443 1310 501 trahantur
1340 445 1644 500 incertum:
1672 445 1743 500 ita
1771 448 1827 508 Α
1849 453 2028 501 autem
2052 456 2280 516 tantum,
2303 447 2398 505 sed
2421 451 2584 506 etiam
2610 466 2710 524 pro
2733 451 2895 508 totius
2919 451 3104 510 mundi
3127 451 3347 530 (lJoan.
3367 460 3454 530 ιι).

161 547 314 602 etiam
337 541 481 614 quod
503 542 571 598 de
591 541 896 598 salvatione
916 539 1158 596 omnium
1183 537 1461 596 hominum
1485 539 1538 594 in
1556 539 1747 596 eodem

160 641 558 709 Scripturarum
591 651 822 708 corpore
850 636 1142 707 reperitur,
1174 635 1322 690 nulla
1359 635 1629 690 centraria
1657 647 1745 689 ar-

160 731 558 806 gumentatione
586 731 959 788 temerandum
991 741 1094 798 εει,
1125 737 1184 785 ιιι
1209 741 1414 801 quanto
1444 729 1547 784 hoc
1569 729 1744 799 ipsum

159 825 455 882 difﬁciliore
484 824 763 880 intellectu
791 825 1020 896 capitur,
1050 832 1200 878 tanto
1231 823 1336 878 ﬁde
1381 821 1741 879 laudabiliore

158 919 426 976 credatur.
457 917 646 988 Magna
669 917 813 972 enim
840 917 1102 973 fortitudo
1121 928 1202 973 est
1229 916 1636 984 consensionis,
1659 918 1745 972 cui

155 1011 221 1067 ad
265 1009 595 1080 sequendam
646 1011 931 1066 veritatem
982 1012 1280 1067 auctoritas
1337 1011 1539 1067 sufﬁcit
1581 1011 1745 1066 etiam

152 1105 349 1160 latente
397 1103 629 1161 ratione.
675 1104 906 1160 Proinde
956 1105 1245 1176 vigilanter
1291 1106 1741 1176 consideremus,

155 1197 598 1270 praedicatoribus
641 1197 922 1270 Evangelii
970 1199 1099 1268 quid
1136 1215 1166 1254 a
1205 1200 1440 1255 Domino
1467 1200 1742 1269 iubeatur.

155 1289 456 1347 Secundum
502 1291 812 1347 Matthaeum
861 1293 1060 1364 quippe
1095 1294 1174 1348 sic
1199 1293 1305 1348 ait:
1340 1295 1470 1349 Data
1502 1306 1586 1350 est
1613 1294 1747 1351 mihi

151 1393 386 1455 potestas
424 1386 601 1442 omnis
643 1385 696 1440 in
730 1385 870 1442 cmlo
899 1397 953 1442 et
983 1387 1037 1442 in
1066 1397 1233 1442 terra.
1261 1387 1464 1442 Euntes
1493 1403 1624 1460 ergo
1650 1389 1747 1446 do-

151 1487 268 1535 cete
290 1493 476 1535 omnes
496 1489 704 1550 gentes,
733 1481 1073 1551 baptizantes
1095 1496 1190 1536 eos
1215 1481 1270 1536 in
1296 1482 1520 1538 nomine
1544 1482 1742 1551 Patris,

151 1583 202 1630 et
233 1571 372 1636 Filii.
405 1581 460 1629 et
499 1573 736 1644 Spiritus
784 1574 1008 1642 Sancti,
1063 1575 1328 1632 docentes
1377 1592 1473 1632 eos
1525 1592 1746 1635 servare

148 1672 324 1727 omnia
351 1684 706 1743 quaecumque
732 1671 986 1728 mandavi
1014 1672 1204 1728 vobis:
1229 1681 1282 1728 et
1309 1687 1437 1728 ecce
1466 1671 1742 1728 vobiscum

147 1781 262 1823 sum
279 1767 526 1822 omnibus
540 1767 730 1824 diebus
747 1783 917 1840 usque
934 1767 1001 1824 ad
1015 1768 1535 1824 consummationem
1559 1770 1742 1825 saeculi

1851 537 2026 609 Magni
2055 548 2234 595 autem
2265 550 2317 595 et
2352 542 2731 601 inenarrabilis
2761 545 3092 602 sacramenti
3129 548 3454 620 mysterium

1851 639 1955 699 est,
1989 631 2133 701 quod
2158 633 2622 702 praedicatoribus,
2655 636 2849 707 quibus
2876 638 3083 694 dictum
3119 647 3242 695 est:
3283 641 3360 697 Ite
3396 641 3452 699 in

1851 723 2038 778 orbem
2063 725 2395 794 universum,
2415 737 2473 782 et
2496 730 2786 798 prtedicate
2809 729 3160 803 Evangelium
3181 734 3454 791 universa:

1850 826 2114 872 creatura:
2143 816 2343 887 (Marc.
2371 821 2523 890 xvi):
2559 822 2750 877 iisdem
2795 824 2941 893 prius
2981 824 3187 880 dictum
3234 825 3448 883 fuerat:

1849 908 1905 964 ln
1941 911 2082 964 viam
2111 911 2349 980 gentium
2380 927 2447 967 ne
2475 913 2737 981 abieritis,
2772 924 2828 971 et
2858 918 2911 970 in
2938 916 3187 974 civitates
3211 917 3455 976 Samari-

1852 1011 2099 1057 tanorum
2145 1019 2213 1059 ne
2255 1004 2602 1071 introieritis;
2643 1008 2743 1064 sed
2769 1010 2947 1078 potius
2971 1011 3046 1067 ite
3074 1011 3139 1067 ad
3171 1026 3300 1068 oves
3331 1027 3453 1084 quae

1851 1101 2128 1169 perierunt
2149 1099 2346 1155 domus
2369 1099 2535 1156 lsrael
2560 1101 2788 1173 (Matth.
2813 1104 2892 1176 ι).
2923 1105 3181 1173 Quamvis
3206 1106 3350 1162 enim
3379 1105 3452 1162 ad

1851 1197 2094 1250 omnium
2121 1195 2398 1249 hominum
2428 1197 2767 1254 vocationem
2793 1198 3143 1270 Evangelium
3181 1202 3449 1273 dirigere-

1852 1297 1960 1356 tur,
1985 1303 2281 1359 omnesque
2312 1288 2568 1346 Dominus
2595 1290 2776 1346 salvos
2801 1292 2941 1359 ﬁeri,
2966 1301 3020 1348 et
3043 1296 3096 1349 in
3118 1295 3450 1365 agnitionem

1851 1381 2101 1436 veritatis
2129 1383 2292 1438 vellet
2315 1383 2574 1456 venire(l
2598 1382 2738 1438 Tim.
2770 1383 2856 1456 ιι),
2880 1401 2986 1440 non
3018 1397 3196 1443 tamen
3214 1389 3448 1446 sibidis-

1851 1478 2230 1547 pensationum
2257 1494 2474 1532 suarum
2503 1478 2802 1534 abstulerat
2825 1488 3165 1548 potestatem,
3195 1492 3252 1538 ut
3291 1483 3453 1540 aliter

1849 1587 2010 1642 quam
2042 1572 2260 1627 occulto
2279 1574 2534 1645 justoque
2557 1573 2764 1644 judicio
2790 1581 3080 1641 statuerat,
3103 1576 3319 1632 consilii
3365 1578 3452 1634 sui

1849 1666 1984 1721 ordo
2015 1666 2346 1722 decurreret.
2375 1667 2526 1724 Unde
2555 1669 2731 1723 locum
2771 1683 2878 1724 non
2924 1669 3125 1726 habent
3160 1679 3449 1727 contuma-

1848 1760 1993 1818 cium
2039 1777 2315 1818 murmura
2363 1765 2708 1834 querelarum
2736 1805 2750 1831 ,
2802 1765 2928 1836 quia
2971 1765 3112 1836 quod
3158 1765 3304 1822 Deus
3334 1767 3456 1824 ﬁeri

150 1860 371 1929 (Matth.
406 1862 619 1932 xxvm),
640 1860 949 1917 Secundum
976 1861 1215 1916 Marcum
1232 1876 1362 1916 vero
1387 1862 1592 1918 eisdem
1617 1878 1741 1932 apo.
1767 1853 1819 1915 B
1851 1857 2040 1922 voluit,
2064 1867 2277 1912 constat
2307 1873 2412 1913 non
2443 1857 2602 1912 aliter
2626 1857 2742 1913 ﬁeri
2771 1857 3028 1914 debuisse
3057 1873 3219 1930 quam
3251 1859 3446 1917 voluit.

144 1952 297 2008 stolis
327 1953 397 2008 ita
429 1953 661 2012 dicitur:
685 1954 762 2012 lte
792 1957 846 2010 in
878 1956 1066 2011 orbem
1091 1957 1423 2020 universum,
1450 1956 1744 2027 prtedicate

145 2044 495 2117 Evangelium
526 2048 793 2104 universa:
814 2057 1107 2104 creaturae:
1138 2050 1306 2119 etqui
1335 2049 1656 2113 crediderit,
1690 2059 1746 2106 et

144 2137 442 2207 baptizatus
464 2139 650 2206 fuerit,
681 2141 798 2211 ipse
829 2143 1014 2198 salvus
1045 2143 1172 2198 ﬁet:
1205 2142 1296 2213 qui
1327 2157 1458 2198 vero
1481 2159 1589 2198 non
1615 2159 1742 2200 cre-

145 2235 357 2300 diderit,
389 2235 736 2292 damnabitur
765 2237 966 2309 (Marc.
1003 2237 1138 2309 xvi).
1174 2237 1449 2310 Numquid
1475 2237 1574 2294 hac
1605 2254 1744 2310 pra:-

143 2333 394 2402 ceptione
414 2334 648 2388 ullarum
673 2335 952 2390 nationum
977 2334 1279 2390 ullorumve
1299 2335 1578 2390 hominum
1603 2334 1744 2390 facta

143 2427 398 2485 discretio
439 2430 558 2484 est?
591 2427 872 2486 Neminem
921 2431 1118 2486 merito
1167 2429 1417 2500 excepit,
1470 2427 1741 2485 neminem

142 2521 416 2589 separavit
457 2534 678 2591 genere,
716 2521 990 2576 neminem
1017 2520 1330 2577 conditione
1359 2520 1626 2576 distinxit.
1659 2519 1742 2575 Ad

142 2628 330 2669 omnes
382 2629 607 2684 prorsus
658 2615 909 2670 homines
967 2614 1193 2670 missum
1244 2624 1328 2671 est
1384 2613 1741 2686 Evangelium

142 2709 321 2764 crucis
351 2709 588 2765 Christi:
628 2719 682 2764 et
722 2724 790 2764 ne
837 2708 1248 2779 praedicantium
1297 2708 1595 2763 ministeria
1645 2707 1743 2762 hu-

142 2816 301 2858 mano
320 2811 530 2858 tantum
554 2801 871 2859 viderentur
892 2818 1059 2872 opere
1083 2799 1390 2873 peragenda
1415 2818 1426 2854 :
1454 2800 1596 2857 Ecce
1617 2815 1738 2872 ego,

142 2892 337 2967 inquit,
368 2896 646 2952 vobiscum
675 2913 791 2951 sum
826 2898 1078 2954 omnibus
1110 2897 1302 2952 diebus
1329 2912 1501 2968 usque
1521 2896 1586 2951 ad
1612 2911 1744 2953 con-

141 2990 563 3046 summationem
605 2991 791 3047 szeculi
843 2991 1072 3062 (Matth.
1107 2992 1328 3060 xxvm).
1364 2991 1420 3046 Id
1466 3001 1570 3060 est,
1617 3007 1741 3047 eum

143 3082 280 3139 sicut
306 3099 442 3140 oves
468 3085 791 3141 introieritis
809 3085 1111 3141 inmedium
1132 3087 1380 3156 luporum
1411 3085 1634 3158 (Matth.
1659 3084 1738 3155 x),

143 3175 309 3232 nolite
341 3177 413 3233 de
442 3187 624 3233 vestra
656 3178 968 3233 inﬁrmitate
1012 3177 1314 3249 trepidare,
1366 3178 1461 3233 sed
1511 3178 1578 3232 de
1619 3193 1739 3233 mea

1848 1950 2159 2006 Posteriore
2208 1965 2338 2006 vero
2389 1962 2632 2021 tempore
2674 1966 2797 2006 cum
2835 1952 2945 2022 jam
2993 1953 3254 2008 Dominus
3295 1953 3456 2012 Jesus

1849 2044 1903 2097 in
1961 2043 2054 2097 Dei
2099 2042 2272 2096 Patris
2321 2043 2492 2114 gloria
2545 2043 2903 2112 consederat,
2957 2052 3013 2100 et
3066 2045 3454 2115 praedicatores

1849 2136 1995 2192 verbi
2037 2147 2289 2208 suscepto
2323 2137 2540 2208 negotio
2566 2137 2919 2204 deservirem,
2951 2137 3195 2195 volentes
3220 2140 3454 2210 apostoli

1848 2231 2222 2301 evangelizare
2253 2230 2480 2286 verbum
2527 2231 2579 2284 in
2626 2229 2776 2298 Asia,
2811 2230 2958 2286 vetiti
2990 2241 3117 2287 sunt
3146 2233 3216 2287 ab
3243 2232 3454 2304 Spiritu

1847 2333 2067 2389 sancto;
2101 2335 2155 2380 et
2195 2324 2548 2394 disponentes
2589 2325 2668 2381 ire
2706 2325 2761 2380 in
2807 2325 3148 2398 Bithyniam,
3195 2326 3457 2398 prohibiti

1847 2429 1978 2475 sunt
2006 2419 2074 2474 ab
2101 2419 2296 2490 spiritu
2315 2420 2444 2477 Jesu
2477 2419 2628 2492 (Act.
2674 2420 2788 2492 xvr)
2824 2441 2835 2476 :
2886 2437 2994 2478 non
3027 2423 3215 2494 utique
3255 2432 3454 2495 negata

1848 2515 1954 2571 illis
1986 2516 2198 2587 populis
2233 2518 2430 2588 gratia,
2456 2518 2552 2573 sed
2579 2527 2840 2588 quantum
2868 2518 3123 2590 apparuit
3151 2519 3451 2575 retardata.

1848 2607 1982 2663 Nam
2012 2617 2195 2680 postea
2228 2610 2390 2664 etiam
2414 2609 2554 2679 apud
2587 2610 2735 2680 ipsos
2764 2609 2899 2666 ﬁdes
2927 2609 3225 2666 christiana
3251 2625 3455 2668 conva-

1848 2702 1966 2757 luit.
2003 2702 2132 2771 Quaa
2158 2711 2337 2758 autem
2367 2702 2530 2759 fuerit
2559 2703 2878 2760 diﬂ‘erenda:
2915 2705 3216 2762 vocationis
3244 2719 3408 2763 causa
3434 2746 3452 2774 ,

1850 2814 1958 2853 non
2001 2800 2202 2865 claret;
2251 2808 2307 2854 et
2348 2809 2527 2854 tamen
2569 2801 2647 2856 rei
2693 2811 2860 2871 gestae
2889 2800 3152 2857 docemur
3173 2803 3450 2874 exemplo,

1849 2892 1991 2962 quod
2027 2895 2166 2948 inter
2197 2893 2470 2964 generalia
2502 2896 2590 2950 vel
2641 2897 2939 2966 promissa,
2986 2895 3072 2951 vel
3117 2911 3315 2967 opera,
3367 2897 3454 2953 vel

1850 3001 2142 3060 pracepta,
2174 2991 2418 3060 quaedam
2444 2990 2588 3046 Deus
2614 3008 2644 3045 a
2667 2990 3046 3047 communibus
3066 2996 3296 3062 e’xcepta
3320 3007 3453 3048 cau-

1848 3085 1925 3139 sis
1953 3085 2251 3140 occultiore
2280 3086 2429 3140 novit
2459 3086 2715 3141 ordinare
2741 3085 2972 3155 ratione,
3003 3085 3169 3142 credo
3193 3094 3250 3140 ut
3277 3085 3451 3142 inter-

1849 3177 2040 3247 positis
2065 3177 2391 3248 quihusdam
2414 3179 2919 3237 obumbratiouibus
2947 3195 3012 3237 ea
3042 3197 3162 3253 quae
3185 3183 3453 3238 secretius

142 3277 413 3339 potestate
440 3269 720 3336 conﬁdite,
749 3271 841 3342 qui
869 3285 965 3326 vos
995 3287 1168 3342 usque
1208 3273 1274 3325 ad
1317 3269 1739 3326 consummatio—
1765 3256 1814 3323 C
1846 3271 2072 3342 micant,
2115 3273 2414 3330 mirabilius
2457 3276 2824 3341 innotescant,
2865 3292 2934 3334 ne
2975 3278 3336 3350 negligentior
3358 3278 3454 3335 ﬁat

139 3377 260 3418 nem
289 3364 479 3419 saeculi
506 3365 558 3419 in
599 3365 700 3420 hoc
729 3379 895 3434 opere
927 3381 1036 3420 non
1076 3364 1488 3436 derelinquam:
1523 3380 1630 3420 non
1671 3364 1739 3420 ad

141 3453 243 3512 hoc
286 3467 346 3512 ut
385 3457 516 3512 nihil
559 3458 863 3529 patiamini,
911 3459 1005 3514 sed
1037 3460 1178 3530 quod
1210 3461 1382 3514 multo
1415 3459 1588 3529 majus
1619 3466 1734 3524 est,

141 3551 484 3620 prtestiturus
516 3560 574 3606 ut
603 3551 748 3607 nulla
776 3553 1114 3609 saevientium
1153 3553 1475 3608 crudelitate
1517 3567 1740 3622 supere—

138 3647 290 3702 niini.
318 3646 381 3702 In
410 3662 528 3703 mea
555 3648 700 3703 enim
728 3655 998 3718 potesmte
1024 3647 1408 3718 prmdieabitis,
1442 3657 1497 3702 et
1524 3662 1620 3718 per
1652 3661 1739 3702 me

139 3740 253 3810 ﬁet,
289 3751 351 3798 ut
382 3743 524 3798 inter
545 3742 1004 3808 contradicentes,
1039 3745 1178 3798 inter
1217 3744 1478 3808 furentes,
1507 3740 1736 3796 Abrahm

138 3834 234 3890 ﬁlii
263 3836 333 3892 de
369 3835 635 3906 lapidibus
675 3839 1008 3891 suscitentur
1051 3834 1281 3902 (Matth.
1314 3836 1418 3905 tu).
1460 3834 1576 3905 Ego
1610 3833 1740 3888 insi-

136 3931 314 3987 nuabo
338 3929 482 4000 quod
510 3929 691 3996 docui,
718 3944 820 4000 ego
843 3928 1034 3983 faciam
1061 3928 1202 4000 quod
1225 3929 1470 3999 promisi.
1500 3926 1740 3982 Tradent

133 4023 279 4077 enim
309 4037 410 4078 vos
439 4024 490 4078 in
515 4023 778 4086 consiliis,
815 4024 866 4077 in
893 4017 1184 4093 synagogis
1228 4021 1340 4076 suis
1381 4020 1737 4092 ﬁagellabunt

133 4131 264 4185 vos,
315 4127 371 4171 et
413 4127 536 4172 ante
563 4119 726 4187 reges
758 4125 812 4172 et
835 4117 1095 4186 prmsidcs
1125 4115 1337 4171 stabilis
1372 4125 1594 4186 promer
1628 4133 1735 4180 me,

137 4208 190 4263 in
216 4210 592 4266 testimonium
625 4209 732 4264 illis
759 4217 813 4263 et
841 4209 1112 4278 gentibus.
1146 4207 1281 4264 Cum
1313 4219 1492 4264 autem
1521 4209 1739 4264 tradent

133 4316 255 4370 vos,
293 4301 463 4356 nolite
491 4303 730 4373 cogitare
778 4303 1050 4373 quomodo
1102 4313 1196 4358 aut
1237 4303 1366 4375 quid
1415 4303 1734 4375 loquamini.

87 4460 92 4464 .
131 4391 249 4448 Non
279 4395 425 4448 enim
450 4410 546 4449 vos
569 4397 698 4450 estis
717 4399 804 4468 qui
836 4397 1142 4467 loquimini,
1173 4399 1269 4452 sed
1297 4398 1531 4470 Spiritus
1559 4398 1738 4453 Patris

131 4485 304 4541 vestri
329 4487 422 4556 qui
454 4487 693 4558 loquitur
723 4489 776 4543 in
805 4489 976 4544 vobis.
1017 4489 1384 4545 Tradetenim
1421 4489 1590 4546 frater
1627 4489 1737 4545 fra-

134 4589 275 4637 trem
320 4581 375 4637 in
409 4592 662 4650 mortem,
687 4593 743 4640 et
768 4595 919 4653 pater
949 4584 1139 4655 ﬁlium,
1169 4593 1227 4640 et
1252 4585 1532 4656 insurgent
1562 4586 1654 4639 ﬁlii
1677 4587 1734 4640 in

1844 3366 1990 3421 acies
2021 3366 2087 3420 de
2118 3366 2370 3422 facilitate
2396 3370 2676 3436 cernendi,
2705 3381 2760 3424 et
2795 3369 3202 3441 quodammodo
3238 3370 3449 3426 dormi-

1845 3468 1921 3514 tet
1947 3461 2197 3525 assuetis,
2229 3461 2276 3514 si
2306 3477 2412 3515 non
2437 3462 2703 3519 excitetur
2735 3462 2989 3518 insolitis.
3023 3464 3130 3518 llas
3153 3471 3334 3520 autem
3365 3463 3448 3519 in-

1843 3553 2240 3624 cognoscibiles
2280 3555 2732 3611 illuminationum
2765 3557 3096 3626 dilationes,
3144 3559 3288 3614 inter
3311 3573 3448 3630 quas

1844 3646 2031 3716 utique
2078 3647 2232 3702 multi
2276 3647 2327 3702 in
2371 3647 2692 3704 inﬁdelitate
2731 3648 3010 3718 deﬁciunt,
3044 3664 3152 3706 non
3181 3651 3357 3706 solum
3390 3651 3449 3708 in

1842 3740 2058 3810 populis
2088 3741 2469 3796 remotioribus
2494 3741 2804 3811 impiorum,
2832 3742 2928 3799 sed
2957 3742 3125 3799 etiam
3155 3745 3208 3799 in
3251 3745 3448 3800 civita-

1844 3832 1988 3888 tibus
2017 3833 2258 3888 ﬁdelium
2291 3851 2384 3904 per
2412 3833 2674 3904 plurimas
2711 3835 2903 3890 domos
2938 3849 3002 3891 ac
3031 3836 3265 3892 familias
3295 3837 3450 3893 novi-

1841 3942 1962 3982 mus
1993 3928 2135 3995 ﬁeri,
2159 3929 2286 3982 dum
2312 3925 2625 3983 christiana:
2654 3929 2780 3984 ﬁdei
2820 3928 2982 3985 etiam
3029 3929 3118 4000 qui
3161 3929 3447 3988 christiani

1841 4021 2010 4078 futuri
2059 4032 2186 4077 sunt
2229 4024 2607 4077 adversantur.
2641 4023 2792 4079 Multi
2824 4025 2971 4080 enim
2998 4023 3144 4093 quod
3173 4023 3442 4096 oderunt,

1841 4117 2134 4172 amabunt:
2162 4117 2306 4187 quod
2334 4132 2440 4172 non
2471 4118 2764 4188 recipiunt,
2799 4118 3188 4190 praedicabunt.
3222 4118 3290 4174 Et
3325 4119 3448 4190 quis

1842 4209 1981 4264 inter
2007 4209 2122 4266 haec
2149 4211 2387 4278 querulis
2414 4220 2509 4266 aut
2537 4212 2769 4268 curiosis
2796 4222 2984 4267 notum
3015 4210 3196 4282 faciet,
3225 4228 3324 4269 cur
3345 4213 3447 4270 ad-

1843 4304 1947 4360 huc
1976 4306 2057 4360 sol
2075 4306 2302 4374 justitiae
2330 4307 2656 4378 quihusdam
2677 4308 2942 4380 'gentihus
2973 4322 3082 4364 non
3119 4308 3353 4376 oriatur,
3391 4318 3448 4366 et

1841 4415 1872 4456 a
1905 4399 2208 4455 tenebrosis
2231 4399 2488 4455 cordibus
2514 4401 2676 4456 etiam
2709 4416 2854 4456 nunc
2874 4401 3061 4457 radios
3083 4416 3220 4470 suos
3244 4401 3447 4459 veritas

1842 4493 2134 4550 revelanda
2157 4495 2472 4550 contineat?
2501 4494 2610 4550 Cur
2635 4493 2938 4566 corrigendi
2965 4495 3170 4551 tamdiu
3194 4496 3447 4552 sinantttr

1845 4605 2054 4656 errare,
2087 4601 2139 4645 et
2167 4591 2310 4660 quod
2337 4590 2564 4644 senibus
2592 4591 2642 4643 in
2673 4589 2778 4644 ﬁne
2807 4590 3174 4660 praestandum
3205 4601 3318 4659 est,
3348 4605 3446 4662 per

130 4688 415 4750 parentes,
452 4688 506 4734 et
535 4686 710 4734 morte
738 4694 836 4735 eos
865 4678 1124 4734 afﬁcient.
1157 4679 1224 4734 Et
1253 4681 1407 4734 eritis
1451 4679 1578 4734 odio
1622 4696 1737 4734 om-
1762 4649 1819 4712 D
1846 4694 1952 4738 tam
1983 4684 2198 4754 longam
2233 4697 2338 4738 non
2374 4684 2643 4737 tribuatur
2673 4683 2926 4739 aetatem?
2950 4683 3058 4740 Cur
3081 4683 3210 4741 ﬁliis
3245 4685 3357 4755 jam
3388 4685 3446 4740 in

131 4773 298 4827 nibus
348 4771 660 4829 hominibus
699 4785 921 4846 propter
959 4791 1156 4829 nomen
1185 4789 1388 4829 meum.
1421 4773 1522 4843 Qui
1553 4786 1734 4830 autem

131 4869 578 4937 perseveraverit
596 4884 768 4938 usque
792 4868 845 4923 in
865 4868 1047 4937 ﬁnem,
1076 4867 1165 4923 hic
1181 4869 1364 4923 salvus
1385 4869 1492 4923 erit
1515 4868 1732 4940 (Matth.

133 4959 221 5027 ι).
255 4959 520 5030 Apparuit
550 4976 702 5032 ergo,
727 4971 786 5017 ut
806 4962 1098 5031 Apostolus
1124 4962 1234 5029 ait,
1266 4963 1437 5034 gratia
1478 4964 1734 5020 salutaris

131 5051 235 5108 Dei
265 5055 524 5109 omnibus
558 5055 864 5113 hominibus
896 5057 1033 5130 (Tit.
1063 5057 1142 5129 It),
1175 5066 1230 5113 et
1275 5069 1455 5115 tamen
1496 5059 1735 5115 ministri

128 5145 328 5216 gratim
355 5147 480 5202 odio
524 5154 682 5204 erant
711 5150 964 5206 omnibus
1011 5152 1350 5218 hominibus;
1381 5162 1435 5207 et
1475 5168 1597 5208 cum
1643 5152 1734 5208 alii

129 5245 322 5293 essent
343 5239 431 5308 qui
461 5239 712 5308 oderant,
742 5240 830 5295 alii
861 5241 952 5312 qui
979 5243 1120 5297 odiis
1149 5247 1587 5313 persequentium
1611 5261 1736 5316 pre-

129 5331 460 5386 mebantur:
492 5342 679 5388 neutra
709 5342 887 5389 tamen
913 5352 1034 5405 pars
1061 5339 1466 5406 nuncupatione
1493 5339 1732 5394 omnium

129 5424 417 5479 hominum
447 5427 760 5495 privabatur
800 5447 810 5482 :
845 5427 1078 5485 habente
1130 5431 1345 5502 quidem
1386 5434 1575 5488 salutis
1624 5450 1735 5489 sum

127 5518 392 5572 damnum
425 5519 706 5575 rebellium
740 5523 1010 5592 portione,
1041 5524 1135 5578 sed
1177 5525 1455 5580 obtinente
1497 5527 1733 5596 plenitu-

128 5608 278 5663 dinis
305 5623 528 5664 censum
563 5613 799 5669 ﬁdelium
824 5614 1103 5686 dignitate.
1142 5617 1282 5673 Dicit
1319 5618 1462 5672 enim
1495 5619 1737 5676 Joannes

131 5702 453 5773 apostolus:
486 5705 578 5759 sed
610 5715 665 5761 et
691 5709 736 5762 si
765 5709 885 5779 quis
917 5713 1240 5780 peccaverit,
1275 5711 1594 5767 advocatum
1639 5715 1735 5768 ha—

129 5794 333 5851 bemus
361 5797 501 5865 apud
526 5797 738 5856 Patrem
766 5801 950 5858 Jesum
982 5803 1252 5859 Chrisrum
1280 5805 1511 5875 justum,
1541 5815 1593 5860 et
1626 5807 1740 5876 ipse

131 5901 218 5945 est
250 5890 570 5958 propitiatio
600 5912 696 5964 pro
724 5899 958 5967 peccatis
987 5901 1219 5963 nostris;
1253 5916 1356 5955 nou
1399 5917 1494 5969 pro
1538 5902 1739 5956 nostris

1842 4777 2124 4831 Christum
2145 4775 2496 4832 credentibus
2519 4791 2617 4831 nec
2638 4775 2765 4832 dum
2795 4777 3023 4834 credant
3054 4785 3342 4848 parentes:
3375 4777 3447 4836 Et

1843 4885 2060 4924 rursum
2089 4885 2118 4923 a
2149 4869 2419 4938 religiosis
2447 4869 2781 4939 parentibus,
2806 4870 3024 4926 soboles
3047 4885 3210 4941 prava
3232 4869 3445 4924 discor-

1842 4964 1968 5020 det?
1995 4964 2132 5018 Cum
2163 4974 2342 5018 tamen
2374 4962 2506 5028 Deo,
2527 4964 2615 5034 qui
2635 4963 2911 5020 initiorum
2942 4964 3066 5018 lidei
3095 4963 3446 5018 incrementi-

1841 5075 1946 5130 que
1963 5059 2186 5130 largitor
2207 5068 2311 5126 est,
2334 5059 2628 5114 secundum
2654 5060 2820 5130 ipsius
2843 5068 3172 5128 praeceptum
3195 5057 3442 5128 quatidie

1844 5169 1944 5225 pro
1987 5153 2240 5208 omnibus
2289 5153 2659 5224 supplicetur:
2687 5162 2745 5208 ut
2771 5163 2827 5207 et
2856 5152 2902 5207 si
2934 5152 3176 5220 exaudit,
3213 5160 3339 5206 nota
3369 5153 3444 5209 sit

1839 5248 2014 5319 gratia
2042 5245 2440 5302 miserationis:
2475 5256 2531 5301 et
2563 5247 2608 5301 si
2655 5261 2760 5300 non
2805 5243 3069 5313 exaudit,
3109 5244 3441 5316 intelligatur

1835 5341 2100 5413 judicium
2134 5341 2406 5396 veritatis.
2435 5339 2540 5397 Sed
2572 5355 2639 5394 ne
2671 5339 2722 5392 in
2753 5337 3046 5408 praeteritis
3075 5339 3293 5410 quidem
3333 5352 3441 5396 sa-

1841 5440 1980 5494 culis
2013 5440 2128 5494 haec
2157 5440 2348 5494 eadem
2371 5438 2561 5509 gratia,
2591 5451 2711 5504 quae
2734 5443 2854 5505 post
2876 5433 3091 5490 Domini
3115 5435 3289 5490 nostri
3310 5435 3442 5493 Iesu

1841 5531 2038 5587 Christi
2065 5533 2524 5589 resurrectionem
2557 5529 2754 5599 ubique
2785 5528 2978 5583 diﬁ'usa
3009 5539 3092 5585 est
3117 5529 3266 5604 (Act.
3297 5534 3444 5602 xxv),

1838 5636 1888 5681 et
1911 5626 1979 5682 de
2001 5642 2105 5697 qua
2129 5627 2386 5696 scriptum
2418 5633 2530 5678 est:
2562 5621 2860 5677 llluxerunt
2891 5625 3306 5680 coruscationes
3335 5635 3442 5679 tua:

1839 5720 1957 5774 orbi
1989 5729 2143 5773 terra:
2181 5715 2370 5790 (Psat.
2405 5717 2630 5782 uxvr),
2683 5713 2854 5770 deluit
2902 5717 3129 5771 mundo.
3181 5716 3446 5782 Quamvis

1841 5811 1987 5866 enim
2027 5808 2250 5879 speciali
2293 5822 2418 5862 cura
2469 5815 2629 5875 atque
2664 5806 2992 5875 indulgentia
3039 5809 3128 5861 Dei
3181 5806 3444 5877 pepulum

1844 5903 2197 5958 lsraolitimm
2221 5910 2430 5958 constet
2453 5900 2704 5964 electum,
2730 5915 3028 5967 omnesque
3051 5901 3171 5953 alia:
3194 5900 3449 5953 nationes
