3958 6314
520 337 660 398 “07

1547 344 1898 404 APPENDIX
1938 343 2034 401 AD
2070 343 2301 403 OPERA
2341 347 2399 407 S.
2444 345 2791 406 AMBROSII.

3664 345 3775 401 H08

511 472 636 512 suas
662 457 777 511 vias
807 457 1036 528 ingredi,
1068 457 1170 514 hoc
1195 465 1298 525 est,
1332 459 1628 515 secundum
1661 459 1936 530 propriam
1984 473 2106 527 per—
2135 457 2181 519 Α
2210 459 2310 515 bus
2341 459 2663 515 testimoniis
2691 458 2994 512 disceretur
3021 453 3168 524 quod
3202 453 3384 506 littera
3407 452 3671 520 occiderﬂ,
3691 459 3775 524 spi-

511 549 692 603 missze
719 549 825 603 sint
849 550 1032 604 vivere
1054 551 1414 615 voluntatem,
1443 567 1548 606 non
1578 552 1646 606 ita
1673 567 1732 607 se
1756 561 1935 605 tamen
1960 560 2110 605 reter-

511 656 578 695 na
607 642 882 696 Creatoris
907 642 1120 699 bonitas
1147 643 1215 697 ab
1261 644 1368 698 illis
1413 643 1722 698 hominibus
1773 644 2000 708 avertit,
2053 651 2110 696 ut

511 750 607 790 eos
639 735 705 788 ad
755 735 1188 804 cognoscendum
1232 752 1290 790 se
1338 735 1896 806 atque-metuendum
1946 735 2112 790 nullis

509 826 997 896 signiﬁcationibus
1022 827 1360 884 admoneret.
1393 829 1601 884 C(elum
1637 829 1835 896 quippe
1866 845 1928 881 ac
1965 837 2108 882 terra

507 928 561 974 et
589 934 760 986 mare,
786 921 1074 992 omnisque
1102 930 1350 976 creatura
1377 937 1495 990 qu:e
1529 921 1702 975 vidcrl
1754 928 1914 990 atque
1953 920 2111 974 intel-

509 1012 601 1080 ligi
635 1021 830 1081 potest,
867 1013 932 1066 ad
966 1015 1105 1068 bane
1134 1012 1404 1084 prmeipue
1451 1013 1711 1081 disposita
1762 1023 1844 1066 est
1889 1011 2108 1066 humani

506 1107 724 1176 generis
746 1107 1056 1173 utilitatem,
1082 1119 1133 1160 ut
1166 1115 1354 1161 natura
1379 1108 1659 1162 rationalis
1685 1105 1753 1161 de
1775 1105 2113 1174 Contempla-

505 1203 651 1256 tione
679 1210 759 1255 tot
788 1202 1114 1271 specierum,
1147 1202 1214 1256 de
1247 1202 1639 1269 experimentis
1681 1210 1758 1256 tot
1799 1201 2065 1256 bonorum
2092 1241 2108 1267 ,

505 1293 574 1347 de
605 1296 954 1364 perceptione
983 1304 1062 1349 tot
1088 1310 1395 1359 munerum,
1423 1294 1486 1348 ad
1526 1296 1731 1349 cultum
1761 1306 1814 1348 et
1857 1294 2104 1348 dilectio-

512 1401 634 1440 nem
662 1388 740 1441 sui
767 1388 1104 1442 imbueretur
1124 1389 1385 1450 auctoris,
1414 1388 1668 1456 implente
1699 1388 1878 1442 omnia
1904 1387 2110 1458 Spiritu

509 1477 626 1541 Dei,
655 1479 704 1532 in
729 1495 837 1550 quo
863 1480 1115 1546 vivimus,
1149 1495 1446 1543 moveumr,
1473 1490 1527 1534 et
1547 1496 1734 1536 sumus
1759 1481 1913 1548 (Act.
1941 1483 2072 1548 xvii)
2097 1498 2110 1534 τ

507 1573 766 1641 quoniam
815 1574 916 1626 etsi
965 1573 1126 1643 longe
1155 1582 1239 1628 est
1278 1588 1307 1626 a
1336 1575 1712 1642 peccatoribus
1743 1575 1888 1626 salus
1919 1573 1938 1645 (
1964 1572 2109 1626 Psal.

507 1663 733 1733 cxvut),
783 1667 1068 1733 praesentia
1118 1675 1295 1721 tamen
1347 1666 1538 1720 salutis
1591 1665 1760 1734 ipsius
1805 1679 1867 1719 ac
1909 1666 2113 1720 virtute

513 1755 647 1808 nihil
681 1771 908 1811 vacuum
938 1768 1040 1811 est.
1077 1757 1240 1827 Igitur
1276 1757 1416 1812 sicut
1445 1757 1575 1811 dicit
1609 1757 1911 1826 Propheta:
1949 1758 2110 1811 Mise-

2214 554 2348 607 ritus
2372 565 2552 608 autem
2585 551 2902 606 vivlllcaret.
2951 547 3029 614 (ll
3064 546 3190 602 Cor.
3223 561 3284 612 ll,
3317 561 3374 601 ιιι
3391 553 3430 614 ε).

2856 641 3088 700 CAPUT
3116 639 3185 696 ll.

2214 738 2368 804 Quod
2410 738 2479 793 ad
2523 740 2682 811 ipsam
2728 737 3071 811 cognitionem
3116 733 3352 786 raritatis
3383 741 3427 786 et
3454 734 3776 802 perceptione.

2282 832 2464 886 salutis
2493 849 2594 886 non
2615 833 2885 902 quisquam
2916 829 3026 883 suis
3074 827 3298 891 meritis,
3342 827 3432 880 sed
3467 843 3553 895 ope
3574 835 3617 880 et
3654 843 3778 895 opera

2284 925 2471 979 divina:
2498 926 2680 994 gratim
2708 925 2986 992 perueniat.

2283 1017 2436 1086 Quod
2465 1033 2594 1087 ergo
2626 1019 2677 1072 in
2720 1016 2881 1070 lsrael
2936 1031 3031 1084 per
3082 1012 3531 1067 constitutionem
3579 1012 3699 1082 legis
3735 1021 3776 1066 et

2216 1110 2530 1179 prophetica
2561 1112 2773 1178 eloquia
2803 1110 3117 1179 gerebatur,
3147 1107 3253 1160 hoc
3283 1106 3336 1158 in
3363 1103 3620 1159 universis
3641 1105 3777 1158 natio-

2216 1203 2394 1269 nibus,
2421 1205 2584 1258 totius
2607 1213 2871 1257 creaturae
2899 1201 3207 1255 testimonia
3233 1210 3288 1251 et
3319 1197 3569 1251 bonitatis
3597 1196 3679 1250 Dei
3703 1196 3778 1249 ni-

2218 1297 2396 1351 racula
2424 1311 2641 1364 semper
2666 1307 2917 1364 egerunt.
2957 1293 3064 1348 Sed
3091 1307 3216 1347 cum
3242 1292 3296 1344 in
3337 1291 3434 1344 illo
3475 1289 3690 1360 populo,
3713 1290 3778 1343 cui

2217 1398 2443 1458 utraque
2480 1388 2711 1441 ermlitio
2756 1385 2988 1456 przefuit,
3021 1399 3183 1440 nemo
3215 1385 3318 1437 nisi
3357 1385 3525 1452 gratia
3551 1383 3777 1451 justifies-

2218 1492 2302 1536 tus
2343 1483 2412 1535 sit
2460 1498 2555 1547 per
2593 1481 2841 1550 spiritum
2898 1479 3052 1542 lidci;
3097 1479 3222 1547 quis
3249 1477 3484 1545 ambigat
3506 1491 3598 1529 eos
3623 1477 3777 1545 quilla

2215 1576 2644 1646 quibuscumque
2669 1573 2982 1627 nationibus
3002 1571 3337 1641 quibuslibet
3355 1569 3674 1637 temporibus
3691 1569 3778 1623 Dea

2218 1671 2431 1738 placere
2463 1677 2772 1737 potuerunt,
2809 1665 3000 1734 spiritu
3027 1664 3226 1734 gratiae
3269 1662 3362 1717 Dei
3409 1661 3572 1716 fuisse
3613 1662 3782 1716 disere-

2218 1761 2494 1828 tos?th
2541 1759 2648 1815 etsi
2694 1760 2909 1829 parcior
2953 1768 3111 1812 antea
3160 1768 3324 1826 atque
3373 1757 3626 1811 occultior
3667 1756 3778 1824 fuit,

508 1852 742 1906 ricordia
789 1854 997 1906 ttomini
1039 1853 1194 1923 plena
1238 1864 1317 1907 est
1354 1861 1493 1908 terra
1527 1851 1713 1921 (Psal.
1751 1851 1949 1918 nan):
1985 1868 2106 1923 qua!
2139 1853 2190 1917 Β
2218 1857 2376 1910 nullis
2425 1865 2604 1910 tamen
2642 1855 2859 1908 steculis
2890 1869 2952 1907 se
2979 1856 3217 1922 negavit,
3255 1853 3462 1906 virtute
3488 1866 3612 1914 una,
3639 1865 3781 1920 quam

513 1945 678 1999 nullis
702 1960 953 2015 umquam
984 1947 1215 2011 seculis,
1247 1947 1407 1999 nullis
1438 1947 1883 2016 generationibus
1908 1946 2106 2012 defuit,

509 2052 739 2107 eamque
758 2039 1150 2106 providentiam
1173 2055 1276 2106 qua
1299 2038 1709 2093 universitatem
1735 2054 1915 2092 rerum
1942 2039 2114 2093 admi-

514 2134 707 2188 nistrat
725 2142 779 2188 et
796 2133 1058 2195 continet,
1077 2133 1328 2202 regendis
1341 2133 1653 2204 alendisque
1672 2133 1877 2190 naturis
1899 2147 2115 2201 semper

512 2225 797 2294 impendit,
817 2227 978 2292 diapo
1011 2227 1141 2280 itum
1167 2226 1368 2280 habens
1386 2241 1450 2280 ex
1476 2225 1937 2281 incommutabilis
1960 2236 2113 2282 reter-

509 2317 679 2373 nitate
705 2319 944 2382 consilii,
974 2320 1168 2388 quibus
1195 2320 1431 2389 quidque
1461 2320 1798 2386 temporibus
1821 2318 2111 2375 distribue-

509 2421 616 2476 ret,
647 2423 704 2468 et
734 2413 1083 2468 mul’ifnrmh
1108 2417 1295 2482 gratia:
1321 2428 1434 2468 suat
1469 2413 1852 2470 inserntabiles
1882 2412 2113 2468 investi-

511 2505 831 2576 gabilesque
881 2521 1197 2570 mensuras,
1232 2521 1327 2574 per
1351 2522 1473 2576 qure
1504 2506 1644 2560 dona
1676 2521 1740 2562 ac
1771 2517 2113 2562 sacramenta

512 2599 766 2653 variaret.
794 2599 946 2654 Sicut
975 2600 1121 2653 enim
1152 2600 1250 2653 ista
1281 2599 1472 2669 gratim
1501 2599 1725 2668 largitas
1755 2615 1875 2668 quae
1907 2599 1959 2652 in
1992 2615 2113 2652 om-

514 2707 613 2748 nes
637 2703 830 2761 gentes
856 2693 1154 2746 novissime
1180 2692 1414 2753 emuxit,
1449 2707 1558 2746 non
1589 2702 1814 2746 evacnat
1839 2706 1960 2746 eam
1994 2706 2114 2761 qum

513 2799 680 2852 super
710 2801 874 2840 unum
908 2785 1072 2839 Israel
1103 2786 1205 2839 sub
1228 2785 1345 2852 lege
1377 2785 1611 2850 roravit,
1662 2798 1764 2838 nec
1815 2796 2115 2850 praesentes

513 2876 718 2932 divitia:
761 2877 924 2934 ﬁdem
967 2877 1256 2944 praeterito
1291 2877 1553 2945 abrogant
1595 2874 1876 2944 parcitati:
1909 2874 1983 2929 ita
2016 2890 2114 2930 nec

510 2972 582 3027 de
613 2973 698 3028 illa
726 2987 858 3030 cura
891 2973 1017 3035 Dei,
1064 2983 1185 3040 qua:
1237 2970 1670 3037 patriarcharum
1717 2969 1843 3025 filiis
1897 2968 2116 3038 proprie

514 3067 866 3136 praesidebat.
888 3063 1284 3134 conjiciendum
1309 3075 1388 3118 est
1405 3063 1772 3131 gubernacula
1797 3063 1992 3119 divina:
2018 3064 2116 3118 mi-

515 3161 833 3216 sericordiae
868 3161 1081 3215 ca-teris
1113 3159 1423 3214 hominibus
1454 3158 1620 3214 fuisse
1667 3159 1977 3221 subtracta.
2021 3161 2112 3226 qui

2220 1950 2371 2004 titate
2399 1947 2634 2011 diversa,
2668 1947 2898 2002 consilio
2931 1945 3388 2008 incommutabili,
3428 1959 3593 2013 opere
3635 1946 3783 1998 multi-

2219 2045 2396 2099 formi.
2430 2043 2560 2098 Nam
2587 2053 2639 2096 et
2669 2042 2722 2094 in
2765 2041 2826 2094 iis
2872 2039 3064 2095 diebus
3106 2039 3305 2109 quibus
3349 2045 3520 2092 totum
3567 2039 3783 2092 mundum

2221 2136 2569 2192 ineﬂ‘abilium
2590 2134 2854 2188 donorum
2877 2133 3099 2187 ﬂumina
3121 2132 3320 2201 rigant,
3345 2147 3450 2186 non
3475 2131 3611 2186 idem
3633 2130 3786 2185 malus

2217 2231 2489 2294 omnilms,
2538 2244 2638 2284 nec
2682 2227 2873 2282 eadem
2923 2240 3177 2281 mensura
3211 2223 3518 2280 confertur.
3565 2223 3784 2291 Quavis

2217 2325 2363 2379 enim
2398 2339 2495 2393 per
2523 2321 2806 2377 ministros
2837 2319 2988 2374 verbi
3017 2329 3071 2374 et
3102 2318 3294 2388 gratias
3327 2318 3419 2374 Dei
3464 2317 3646 2374 eadem
3686 2332 3789 2369 Clli-

2217 2419 2320 2471 ctis
2342 2417 2544 2472 veritas
2563 2416 2908 2486 praedicetur,
2931 2413 3123 2469 eadem
3144 2413 3458 2468 cohortatio
3478 2413 3787 2476 adhibeatur;

2220 2511 2313 2566 Dei
2341 2519 2520 2565 tamen
2545 2508 2871 2580 agricultura
2894 2517 3000 2569 est,
3029 2506 3124 2563 Dei
3148 2505 3461 2567 aedificatio,
3490 2504 3638 2573 cuius
3659 2506 3792 2562 virtu

2217 2603 2563 2659 invisibiliter
2579 2603 2709 2672 agit,
2732 2609 2789 2656 ut
2808 2604 3143 2656 incremento
3167 2599 3415 2666 proﬁciat
3435 2598 3579 2668 quod
3597 2596 3792 2651 :edilici.

2220 2708 2304 2750 tur
2326 2696 2658 2750 antculitnr:
2682 2695 2822 2749 sicut
2846 2701 3135 2748 attestatur
3159 2691 3360 2746 Paulus
3396 2691 3698 2758 apostolus,
3731 2689 3794 2740 di-

2217 2803 2346 2844 cens
2363 2806 2374 2842 :
2394 2787 2528 2855 Quid
2556 2787 2813 2856 igitnrest
2834 2789 2869 2838 Α
2881 2783 3045 2853 polin?
3063 2781 3189 2851 quid
3210 2797 3341 2840 vero
3361 2781 3583 2838 Paulus?
3603 2781 3790 2838 Ministri

2217 2884 2334 2953 ejus
2380 2883 2464 2937 cui
2491 2881 2820 2943 credidistis“,
2854 2877 3144 2944 unicuique
3195 2875 3337 2932 sicut
3375 2875 3635 2932 Dominus
3656 2873 3795 2930 dedit.

2221 2977 2331 3048 Ego
2363 2975 2616 3045 plantavl,
2649 2974 2837 3041 Apollo
2872 2971 3083 3042 rigavit,
3125 2971 3220 3026 sed
3257 2970 3401 3028 Deus
3447 2971 3798 3026 incrementum

2218 3070 2387 3126 dedit.
2413 3069 2594 3139 Itaque
2617 3083 2788 3137 neque
2812 3068 2899 3136 qui
2928 3067 3154 3134 plantat,
3183 3074 3266 3120 est
3287 3064 3521 3134 aliquid,
3548 3080 3709 3133 neque.
3727 3067 3794 3131 qui

2219 3166 2376 3234 rigat.
2401 3163 2491 3216 sed
2516 3163 2603 3230 qui
2630 3163 3021 3216 incrementum
3048 3159 3161 3225 dat,
3192 3159 3356 3216 Deus.
3382 3157 3489 3224 Qui
3517 3159 3803 3227 pinnulas-

518 3254 738 3322 quidem
769 3254 820 3306 in
851 3252 1256 3319 comparatione
1282 3254 1580 3308 electorum
1610 3252 1860 3308 videnlur
1891 3252 2109 3321 abiecti,
2142 3246 2190 3310 C
2224 3270 2350 3320 tem,
2374 3268 2429 3311 et
2447 3256 2538 3325 qui
2564 3256 2719 3324 rigat,
2742 3270 2904 3308 unum
2929 3263 3077 3306 sunt.
3107 3251 3498 3321 Unusquisque
3520 3263 3690 3308 autem
3710 3264 3805 3319 pro»

518 3343 617 3400 St'd
665 3359 958 3413 numquam
989 3357 1112 3402 sunt
1143 3345 1445 3399 manifestis
1474 3345 1808 3411 occultisque
1839 3344 2118 3401 beneficiis

517 3438 774 3494 abdicati.
800 3437 1056 3506 Legimus
1083 3439 1225 3492 enim
1256 3438 1308 3494 in
1336 3437 1560 3494 Artibus
1585 3437 1958 3504 apostolorum
1985 3437 2122 3495 Pauo

520 3533 630 3586 lum
663 3541 717 3586 et
753 3531 1053 3588 Barnabnm
1086 3530 1365 3598 apostolos
1406 3529 1694 3600 Lycaoniis
1725 3530 1944 3586 dicere:
1986 3530 2116 3595 Viri,

518 3625 654 3694 quid
677 3623 790 3684 haec
814 3626 1022 3684 facitis?
1050 3625 1116 3682 Et
1144 3639 1241 3681 nos
1269 3624 1528 3680 mortales
1550 3639 1759 3687 sumus.
1791 3626 1998 3681 similes
2027 3640 2118 3679 vo.

519 3719 604 3774 bis
651 3718 903 3776 hornines
925 3763 938 3786 ,
985 3719 1373 3776 annuntiantes
1414 3717 1569 3774 vobis
1599 3717 1667 3772 ab
1693 3718 1776 3771 itis
1801 3718 1956 3783 vani‘s
1981 3733 2116 3774 con-

523 3811 656 3868 verti
689 3811 753 3868 ad
789 3811 956 3868 Deum
993 3811 1193 3874 vivum.
1222 3811 1315 3880 qui
1345 3809 1470 3868 fecit
1496 3810 1694 3866 caelum
1726 3817 1783 3868 et
1811 3818 2036 3878 terram,
2064 3820 2121 3870 et

523 3920 696 3972 mare,
727 3916 780 3961 et
809 3907 989 3964 omnia
1017 3921 1139 3976 qua;
1177 3908 1227 3959 in
1276 3905 1356 3961 eis
1399 3914 1564 3962 sunt:
1596 3905 1688 3974 qui
1732 3905 1782 3963 in
1833 3906 2123 3972 praeteritis

521 4002 963 4072 generationibus
1009 4000 1215 4058 dimisit
1260 4013 1453 4056 omnes
1503 4007 1696 4070 gentes
1741 3998 1951 4068 ingredi
2007 4000 2123 4058 vias

521 4107 675 4150 suas.
723 4094 788 4154 Et
824 4093 1044 4164 quidem
1093 4108 1198 4152 non
1251 4093 1372 4150 sine
1414 4092 1724 4150 testimonio
1771 4093 2122 4162 semetipsum

525 4187 762 4256 reliquit,
801 4186 1142 4242 benefaciens
1165 4185 1233 4240 de
1259 4185 1420 4252 caelo,
1453 4183 1590 4240 dans
1637 4185 1844 4254 pluvias
1888 4195 1944 4243 et
1987 4193 2125 4242 tem-

527 4296 657 4350 pora
688 4280 986 4346 fructifera,
1018 4281 1250 4348 impletis
1273 4281 1396 4338 cibo
1422 4290 1478 4336 et
1503 4282 1689 4338 iretitia
1737 4282 1900 4340 corda
1943 4293 2123 4341 vestra

527 4373 682 4441 (Act.
712 4375 846 4444 inv).
879 4374 1033 4442 Quod
1064 4382 1150 4429 est
1192 4383 1372 4432 autem
1418 4376 1518 4430 hoc.
1563 4375 1936 4434 testimonium
1979 4376 2123 4446 quod

527 4481 745 4535 semper
770 4466 995 4524 Domino
1025 4466 1337 4529 deservivit,
1373 4477 1428 4524 et
1454 4483 1751 4537 numquam
1774 4468 1843 4526 de
1873 4469 1988 4538 ejus
2023 4471 2122 4526 bo-

528 4559 698 4616 nitate
720 4575 782 4612 ac
811 4568 1074 4628 potestate
1104 4559 1388 4625 conticuit,
1419 4559 1520 4616 nisi
1564 4559 1677 4630 ipsa
1729 4560 1890 4616 totius
1932 4562 2118 4618 mundi

2223 3351 2394 3420 priam
2434 3350 2740 3404 mercedem
2781 3347 3012 3413 accipiet
3052 3347 3360 3401 secundum
3405 3361 3568 3401 suum
3602 3345 3801 3399 laborem

2225 3443 2268 3505 (Ι
2288 3440 2410 3496 Cor.
2434 3456 2489 3496 ιιι
2514 3446 2549 3503 ι.
2581 3439 2670 3496 Dei
2695 3439 2838 3497 enim
2861 3453 3047 3494 sumus
3069 3436 3376 3505 adjutores,
3405 3437 3803 3507 Deiagricultura

2223 3537 2374 3597 estis.
2397 3534 2488 3588 Dei
2504 3533 2789 3588 aedilicatio
2804 3532 2954 3587 estis.
2976 3531 3335 3599 Agriculturae
3351 3546 3488 3598 ergo
3505 3531 3660 3600 bujm
3676 3542 3805 3598 atque

2224 3627 2595 3682 azdilicationis
2624 3627 2672 3678 in
2709 3635 2916 3680 tantum
2949 3627 3176 3694 quisque
3205 3624 3427 3691 adiutor
3463 3633 3523 3677 et
3551 3623 3802 3692 operarius

2223 3737 2287 3777 ac
2316 3722 2561 3776 minister
2587 3731 2691 3783 est,
2726 3723 2777 3773 in
2810 3727 3067 3789 quantum
3105 3717 3405 3787 unicuique
3438 3717 3697 3772 Dominus
3730 3715 3803 3770 de-

2223 3813 2386 3870 derit.
2433 3813 2501 3870 Et
2554 3814 2586 3866 ii
2631 3812 2723 3882 qui
2757 3812 3133 3866 ministrorum
3170 3809 3361 3865 labore
3389 3810 3731 3874 excoluntur,
3755 3806 3804 3860 ad

2227 3922 2348 3962 eum
2398 3906 2688 3976 proliciunt
2741 3903 2957 3960 modum
3005 3903 3070 3956 ad
3118 3918 3281 3971 quem
3330 3902 3467 3958 illos
3519 3899 3804 3958 incrementi

2227 4006 2416 4054 auctor
2444 3999 2706 4054 evenerit.
2738 3995 2790 4052 In
2823 4010 2952 4066 agro
2977 3994 3122 4050 enim
3158 3994 3373 4049 Domini
3407 4009 3520 4052 non
3551 3990 3805 4048 uniformis

2231 4106 2330 4147 nec
2361 4107 2465 4147 una
2498 4091 2760 4159 plantatio
2784 4097 2888 4144 est.
2925 4087 2990 4142 Et
3015 4087 3265 4158 quamvis
3295 4087 3348 4141 in
3383 4104 3556 4144 unum
3588 4088 3806 4142 decorent

2229 4186 2394 4240 totius
2426 4184 2610 4254 templi
2640 4192 2911 4239 structura
2947 4181 3266 4247 conveniat,
3311 4197 3421 4236 non
3473 4182 3617 4237 idem
3662 4191 3806 4234 tanta

2229 4281 2384 4337 locus
2426 4288 2527 4343 est,
2565 4293 2665 4334 nec
2696 4278 2838 4334 idem
2866 4291 2994 4332 usus
3022 4277 3266 4331 omnium
3295 4275 3540 4344 lapidum
3570 4293 3584 4330 :
3619 4275 3748 4329 sicut
3768 4281 3808 4326 et

2233 4374 2283 4427 in
2319 4387 2427 4427 uno
2453 4386 2684 4440 corpore
2711 4385 2819 4426 non
2851 4369 3030 4423 omnia
3077 4368 3318 4425 membra
3359 4367 3622 4422 eutndem
3660 4375 3806 4420 actum

2231 4467 2435 4522 habent
2461 4465 2648 4536 (Rom.
2685 4464 2805 4527 an),
2843 4461 3058 4518 dicente
3104 4461 3407 4530 Aposmlo:
3461 4460 3620 4516 Nunc
3662 4467 3809 4513 autem

2232 4560 2412 4628 posuit
2445 4559 2582 4612 Dens
2611 4557 2876 4621 membra,
2911 4562 2966 4609 et
2995 4552 3421 4623 unumquodque
3459 4568 3654 4608 eorum
3696 4552 3809 4604 sicut

525 4652 909 4712 inenarrabilis
941 4652 1310 4722 pulchritudo,
1345 4661 1399 4708 et
1432 4653 1876 4710 inenarrabilium
1917 4655 2124 4712 benefi-
2151 4645 2207 4707 D
2231 4652 2403 4708 voluit
2435 4651 2489 4724 (l
2520 4649 2640 4705 Cor.
2679 4655 2799 4719 xu).
2833 4649 2960 4704 llaec
3008 4661 3136 4702 vero
3179 4646 3427 4702 membra
3477 4645 3626 4702 unde
3670 4653 3806 4716 apta,

527 4747 738 4805 ciorum
777 4745 894 4816 ejus
920 4745 1073 4802 dives
1100 4756 1156 4802 et
1182 4746 1432 4804 ordinata
1463 4747 1699 4818 largitio,
1735 4763 1834 4818 per
1861 4763 1984 4818 qua:
2011 4747 2126 4802 hu-

523 4841 700 4896 manis
720 4840 980 4900 cordibus
1005 4839 1252 4910 quanlam
1283 4847 1503 4896 acterna:
1534 4841 1668 4910 legis
1693 4842 1891 4900 tabulae
1921 4843 2130 4912 praebe-

526 4935 747 4999 bantur,
779 4933 916 4992 utin
951 4933 1161 5004 paginis
1185 4933 1602 4997 elementorum.
1649 4949 1712 4992 ac
1762 4934 2127 4994 voluminibus

531 5037 859 5098 temporum.
887 5026 1193 5087 communis
1217 5033 1270 5082 et
1304 5025 1516 5096 publica
1546 5025 1743 5086 divina:
1766 5026 2127 5086 inStitutionis

521 5121 769 5182 doctrina
795 5121 1100 5191 legeretur?
1123 5120 1330 5175 Ctelum
1355 5134 1510 5192 ergo,
1533 5129 1835 5192 cunctaque
1850 5121 2120 5188 cwlestia,

525 5230 676 5276 mare
704 5226 758 5270 et
786 5225 952 5283 terra,
981 5215 1272 5285 omniaque
1301 5229 1420 5285 quae
1453 5215 1506 5274 in
1552 5212 1630 5270 eis
1672 5223 1795 5272 sunt
1816 5255 1832 5280 ,
1874 5229 2121 5274 consono

521 5309 723 5379 speciei
752 5323 864 5364 suze
893 5309 1357 5380 ordinationisqne
1385 5317 1650 5368 concentu
1683 5308 2124 5378 protestabantur

522 5401 750 5470 gloriam
786 5401 908 5464 Dei.
941 5411 994 5458 et
1039 5400 1426 5473 praedicatione
1476 5409 1732 5474 perpetua
1779 5402 2121 5470 maiestatem

524 5495 606 5550 sui
655 5495 1012 5562 loquebantur
1033 5496 1291 5556 auctoris.
1328 5495 1391 5554 Et
1415 5504 1592 5552 tamen
1626 5495 1894 5552 maximus
1925 5509 2116 5553 uume~

521 5603 616 5644 rus
650 5586 923 5646 hominum
953 5591 1040 5659 qui
1069 5591 1184 5646 vias
1213 5589 1506 5648 voluntatis
1534 5604 1646 5644 sua:
1677 5589 1958 5646 ambulare
2000 5603 2123 5660 per-

517 5679 718 5736 missus
748 5690 852 5743 ρει,
885 5696 990 5735 non
1019 5680 1315 5746 intellexit,
1360 5697 1459 5737 nec
1500 5691 1722 5741 secutus
1764 5681 1902 5738 hanc
1945 5681 2118 5753 legem

521 5781 634 5838 est,
669 5783 723 5830 et
768 5772 903 5828 odor
951 5773 1070 5834 vita:
1107 5777 1200 5848 qui
1239 5777 1477 5846 spirabat
1509 5777 1574 5832 ad
1608 5777 1793 5846 vitam,
1829 5775 2007 5833 factus
2038 5785 2119 5834 est

519 5861 569 5918 ei
601 5864 730 5918 odor
765 5865 949 5919 mortis
978 5866 1044 5921 ad
1077 5874 1304 5922 mortem
1334 5885 1345 5922 :
1377 5877 1434 5922 ut
1464 5867 1629 5926 etiam
1665 5869 1716 5922 in
1752 5868 1857 5923 illis
1884 5866 2117 5923 visibili-

2233 4747 2375 4804 unde
2399 4743 2571 4804 utilia.
2605 4744 2747 4801 unde
2774 4743 2882 4800 sint
2907 4740 3154 4812 pulchra,
3187 4738 3330 4794 idem
3357 4738 3558 4794 doctor
3589 4735 3804 4806 exponit,

2230 4841 2446 4900 dicens:
2481 4838 2608 4894 Ideo
2633 4846 2822 4892 notum
2853 4834 3007 4890 vobis
3033 4834 3174 4889 facio
3196 4833 3340 4906 quod
3369 4847 3536 4888 nemo
3561 4832 3616 4888 in
3642 4830 3808 4899 Spiritu

2230 4935 2325 4993 Dei
2373 4936 2602 5006 loutlens
2649 4931 2782 4988 dicit
2829 4929 3115 4985 anathema
3171 4927 3331 4984 .lcsu:
3374 4936 3429 4984 et
3469 4942 3634 4982 nemo
3665 4929 3808 4996 (uites!

2231 5028 2413 5086 dicere
2443 5025 2724 5084 Dominum
2764 5023 2976 5090 Jesum,
3010 5021 3114 5080 nisi
3147 5022 3199 5076 in
3231 5020 3442 5090 Spiritu
3491 5031 3699 5075 s.tnc=o.
3743 5015 3808 5069 Di-

2231 5123 2469 5180 visiones
2495 5135 2625 5176 vero
2654 5117 2947 5189 gratiarum
2974 5123 3126 5180 sunt,
3155 5113 3299 5170 idem
3329 5122 3518 5168 autem
3564 5110 3804 5182 Spiritus:

2230 5226 2286 5276 et
2313 5216 2612 5274 divisiones
2646 5211 3107 5270 ministrationum
3134 5217 3284 5276 sunt,
3317 5207 3464 5263 idem
3509 5217 3687 5262 autem
3728 5203 3807 5256 Do-

2229 5312 2442 5370 minus:
2476 5319 2530 5368 et
2561 5308 2861 5365 divisiones
2888 5305 3266 5376 operationum
3299 5312 3428 5358 sunt
3452 5343 3470 5368 ,
3513 5303 3654 5356 idem
3700 5311 3806 5353 vero

2235 5407 2374 5461 Deus
2400 5405 2504 5477 qui
2522 5410 2780 5476 operatur
2807 5398 2994 5456 omnia
3017 5399 3068 5452 in
3097 5395 3373 5452 omnibus.
3408 5394 3709 5466 Unicuique
3732 5405 3807 5443 au-

2231 5507 2340 5552 tem
2370 5497 2529 5552 datur
2561 5492 2928 5554 manifestatio
2973 5488 3210 5560 Spiritus
3245 5487 3312 5543 ad
3364 5487 3682 5542 utilitatem.
3723 5479 3804 5535 Alii

2227 5589 2448 5662 quidem
2473 5604 2568 5658 per
2597 5586 2858 5656 Spiritum
2882 5583 3046 5638 datur
3067 5597 3253 5637 sermo
3280 5579 3591 5651 sapientiw,
3613 5577 3694 5636 alii
3715 5589 3806 5628 ser-

2230 5696 2318 5736 mo
2349 5680 2594 5738 scientize
2624 5677 2924 5734 secundum
2956 5673 3207 5732 eumdem
3240 5671 3545 5743 Spiritum,
3582 5669 3726 5725 alteri
3755 5666 3802 5719 ti-

2229 5775 2325 5834 des
2355 5775 2408 5832 in
2444 5773 2634 5830 eodem
2664 5772 2870 5845 Spiritu
2894 5811 2909 5838 ,
2959 5767 3051 5825 alii
3095 5767 3343 5839 operatio
3391 5767 3682 5830 virtutum,
3724 5757 3798 5814 alii

2227 5870 2594 5945 prophetatio,
2627 5867 2719 5923 alii
2749 5863 3016 5924 discretio
3041 5861 3357 5940 spirituum,
3385 5862 3479 5919 alii
3504 5874 3694 5938 genera
3717 5855 3796 5908 lin-
