3958 6314
112 336 243 398 H09

1167 335 1257 394 DE
1296 332 1686 394 VOCATIONE
1726 336 2035 395 GENTIUM
2077 340 2205 396 LIB.
2247 341 2309 398 ll.

3239 345 3378 401 1110

104 474 343 530 gnarum,
365 457 453 516 alii
477 457 851 529 interpretatio
872 471 1183 514 sermonum
1211 475 1221 511 :
1245 457 1360 510 haec
1376 465 1556 514 autem
1571 471 1686 512 om-
1712 462 1763 518 Α
1793 465 1971 512 tamen
1998 460 2245 528 quaedam
2279 459 2442 514 etiam
2481 475 2588 515 non
2631 460 2792 530 petita
2837 439 3165 527 tribuuntur,
3201 472 3256 516 ut
3286 478 3382 532 per

107 555 186 608 nia
201 560 450 622 operatur
464 567 601 610 unus
619 561 777 622 atque
791 551 936 608 idem
958 549 1218 620 Spiritus,
1243 549 1494 604 dividens
1509 551 1688 617 singu»

106 646 167 699 lis
181 645 490 716 proutvult(
512 645 528 698 I
548 643 667 699 Cor.
699 642 819 714 xu).
848 643 975 698 Haec
1000 644 1258 713 uiagistro
1278 641 1518 710 gentium
1541 649 1685 698 tanta

104 739 238 806 luce,
283 745 424 790 tanta
472 737 748 793 evidentia
775 735 1120 805 praedicante,
1171 751 1273 804 qua
1314 735 1553 797 ratione,
1577 749 1683 804 qua

103 845 259 886 causa
305 829 658 884 dubitandum
690 839 802 894 est,
841 844 913 884 an
955 829 1196 884 omnium
1232 825 1390 882 nobis
1425 828 1683 882 virtutum

100 937 314 993 germen
341 937 405 978 ex
437 922 548 976 Deo
571 922 675 978 sit?
706 922 790 978 vel
821 922 944 992 quis
973 921 1077 976 nisi
1104 920 1592 990 insipientissimus
1614 918 1684 976 de

102 1012 398 1070 diﬂ'erentia
447 1012 758 1069 divinorum
817 1028 1101 1068 munerum
1153 1023 1543 1082 conqueratur,
1593 1019 1687 1066 aut

100 1106 390 1175 imparibus
442 1107 824 1162 ascribendnm
895 1108 1103 1164 meritis
1153 1107 1488 1173 arbitretur,
1543 1105 1685 1174 quod

99 1215 202 1254 non
229 1201 514 1272 aequaliter
541 1201 609 1256 de
630 1216 864 1269 superna
899 1201 1230 1258 liberalitate
1257 1201 1576 1258 conlertur?
1625 1200 1683 1256 Si

99 1293 235 1348 enim
269 1293 382 1348 haec
413 1294 733 1351 distributio
767 1296 1066 1350 secundum
1099 1296 1520 1365 praecedentium
1549 1311 1682 1364 ope-

97 1400 211 1440 rum
243 1386 433 1442 merita
467 1390 806 1457 proveniret,
835 1405 941 1444 non
979 1389 1218 1458 ipsorum
1243 1389 1512 1446 donorum
1537 1399 1685 1444 cata-

99 1476 270 1547 logum
305 1478 395 1534 tali
419 1480 777 1538 conclusione
806 1481 1100 1550 Apostolus
1145 1482 1489 1547 terminaret,
1515 1490 1571 1536 ut
1602 1483 1685 1536 di-

97 1578 240 1626 ceret
270 1587 282 1622 :
309 1569 433 1625 H=rc
462 1580 641 1628 autem
673 1574 852 1628 omnia
885 1586 1141 1643 operatur
1174 1590 1314 1629 unus
1348 1583 1511 1644 atque
1539 1573 1683 1630 idem

97 1663 326 1733 Spiritus
340 1665 589 1724 dividens
603 1668 830 1739 singulis
858 1682 1014 1739 prout
1033 1671 1143 1728 vult
1157 1669 1319 1743 (Ibid.
1332 1670 1478 1739 ).Ubi
1500 1672 1684 1741 utique

96 1758 136 1812 si
165 1759 479 1816 meritorum
510 1776 705 1816 causas
736 1764 1000 1820 voluisset
1029 1765 1290 1835 intelligi,
1315 1765 1554 1822 diceret:
1597 1768 1682 1822 Di-

1791 549 1906 618 ipsa
1934 565 2053 620 quae
2077 561 2296 620 accepta
2327 561 2471 617 sunt,
2502 569 2565 608 ea
2589 571 2709 624 qua:
2742 555 2978 609 nondum
3008 566 3133 611 sunt
3153 556 3376 623 donata,

1788 653 2120 712 quaerantur.
2175 645 2371 700 Semen
2415 646 2616 716 quippe
2653 649 2794 718 quod
2833 650 3032 718 jacitur
3063 652 3113 704 in
3142 660 3372 713 terram,

1789 749 1896 790 non
1919 735 1988 790 ob
2019 735 2122 790 hoc
2151 738 2371 801 seritur,
2408 750 2465 792 ut
2496 740 2672 809 ipsum
2705 743 2882 795 solum
2915 750 3153 807 maneat,
3184 741 3280 796 sed
3320 751 3379 796 ut

1788 825 2020 884 fructum
2067 827 2347 884 aﬂ'erendo
2378 831 2654 899 multiplex
2703 843 2864 902 atque
2905 849 3253 889 numerosum
3285 834 3378 889 sit.

1788 917 1884 976 Cui
1923 920 2143 990 quidem
2181 925 2460 992 prolectus
2500 924 2569 978 ab
2601 925 2693 978 illo
2718 934 2802 979 est
2827 927 2919 994 qui
2951 926 3038 981 dat
3073 927 3382 982 incremen-

1791 1022 1900 1070 tum
1930 1013 1984 1084 (l
2009 1012 2130 1068 Cor.
2165 1031 2218 1069 III
2238 1014 2289 1086 ):
2335 1014 2430 1070 sed
2461 1027 2604 1071 terra
2633 1019 2846 1085 vivens,
2876 1029 2931 1076 et
2962 1020 3029 1074 de
3054 1021 3243 1090 gratiae
3266 1020 3377 1088 jam

1789 1106 1963 1164 imbre
1985 1107 2236 1173 fecunda,
2263 1107 2424 1163 habet
2445 1109 2584 1177 quod
2612 1111 2679 1165 ab
2703 1111 2818 1181 ipsa
2849 1121 3198 1182 exspectetur
3232 1112 3299 1168 ad
3326 1112 3380 1166 id

1787 1199 1931 1269 quod
1964 1201 2194 1269 accepit,
2225 1200 2555 1270 augendum.

2405 1291 2634 1348 CAPUT
2681 1294 2770 1349 Ill.

1787 1381 1865 1438 De
1911 1384 2332 1440 consideratione
2372 1385 2793 1453 di/Ierentiarstm
2821 1390 3008 1459 quibus
3044 1391 3235 1446 divina:
3254 1407 3379 1461 gra-

2130 1481 2218 1534 tiae
2241 1497 2396 1550 opera
2423 1491 2471 1535 et
2500 1484 2639 1536 dona
2671 1484 2874 1538 variata
2904 1493 3043 1538 sunt.

1863 1570 1955 1627 llis
1986 1579 2132 1628 recte
2165 1572 2260 1645 (ut
2290 1571 2566 1642 arbitror)
2603 1584 2866 1644 quantmn
2903 1575 3166 1629 Dominus
3196 1575 3381 1631 tribuit

1788 1663 2161 1732 pertractantis,
2195 1662 2263 1718 ad
2297 1663 2348 1719 id
2380 1664 2523 1719 unde
2549 1666 2794 1736 digressa
2823 1674 2904 1720 est
2934 1666 3262 1736 disputatio,
3289 1683 3378 1721 re-

1785 1764 2100 1811 vertamur:
2146 1755 2213 1811 ad
2265 1757 2764 1813 considerationem
2805 1759 3015 1813 scilicet
3044 1757 3383 1814 differentia-

95 1849 278 1906 videns
303 1853 531 1922 singulis
563 1864 724 1925 prout
759 1865 1040 1916 merentur
1072 1860 1254 1915 :sicut
1283 1859 1682 1928 plantatoribus

1798 1866 1909 1908 rum
1957 1849 2156 1920 quibus
2204 1849 2403 1906 divina:
2449 1852 2641 1920 gratiae
2691 1867 2860 1922 opera
2899 1867 2964 1907 ac
3005 1854 3146 1908 dona
3181 1854 3385 1907 variata

94 1953 182 1998 aut
223 1943 554 2014 rigatoribus
596 1950 880 2019 praemium
913 1950 1224 2008 devotionis
1250 1953 1576 2022 spopondit,
1601 1953 1682 2007 di-

93 2050 252 2090 cens:
286 2037 671 2112 Unusquisque
695 2052 874 2098 autem
899 2045 1176 2114 propriam
1195 2046 1507 2100 mercedem
1539 2046 1684 2102 acci-

93 2129 199 2200 piet
227 2132 528 2187 secundum
555 2148 714 2190 suum
741 2135 983 2192 laborem
1007 2136 1049 2208 (Ι
1074 2137 1192 2192 Cor.
1222 2142 1326 2204 Ill).
1367 2140 1532 2193 Datur
1553 2154 1683 2209 ergo

92 2223 382 2296 unicuique
418 2225 536 2280 sine
579 2228 774 2284 merito
816 2225 962 2283 unde
996 2229 1184 2284 tendat
1215 2229 1282 2288 ad
1319 2231 1592 2297 meritum,
1628 2241 1684 2286 et

88 2314 240 2370 datur
269 2326 398 2374 ante
423 2319 590 2374 ullum
625 2320 893 2387 laborem,
929 2322 1076 2378 unde
1105 2321 1337 2392 quisque
1369 2323 1679 2380 mercedem

88 2406 314 2478 accipiat
369 2411 672 2466 secundum
720 2411 988 2468 laborem.
1049 2413 1203 2480 Quod
1247 2419 1318 2470 ita
1356 2430 1480 2470 esse
1515 2417 1682 2472 etiam

88 2499 429 2571 Evangelicae
460 2504 708 2558 veritatis
742 2505 1054 2560 testimonio
1083 2506 1424 2576 agnoscitur,
1461 2506 1550 2562 ubi
1586 2523 1682 2576 per

87 2597 548 2663 eotnparationem
596 2597 819 2664 dicitur,
863 2599 1008 2668 quod
1052 2598 1218 2656 homo
1259 2615 1488 2672 peregre
1519 2600 1683 2670 proii-

84 2686 294 2742 ciscens
327 2690 539 2754 vocavit
569 2705 791 2756 servos,
835 2699 891 2746 ct
924 2690 1141 2747 tradidit
1177 2692 1286 2750 illis
1319 2693 1680 2750 substantiam

85 2791 267 2832 suam:
299 2790 358 2835 et
387 2783 476 2834 uni
501 2779 656 2838 dedit
676 2784 918 2854 quinque
948 2784 1150 2840 talenta
1172 2826 1184 2850 ,
1213 2783 1307 2842 alii
1335 2797 1516 2842 autem
1547 2787 1678 2854 duo,

85 2872 172 2927 alii
215 2889 349 2930 vero
384 2892 546 2932 unum
581 2877 796 2947 (Matth.
834 2876 992 2948 xxv),
1047 2878 1340 2948 unicuique
1381 2881 1681 2938 secundum

89 2972 364 3036 propriam
401 2969 684 3036 virtutem,
732 2971 783 3026 id
812 2980 926 3038 est,
962 2971 1258 3029 secundum
1307 2973 1580 3043 prapriam
1631 2983 1686 3030 et

87 3061 391 3116 naturalem
425 3063 862 3134 possibilitatem,
889 3079 994 3120 non
1021 3075 1203 3123 autem
1235 3065 1534 3122 serundum
1561 3082 1684 3136 pro-

87 3152 259 3218 prium
293 3154 582 3211 meritum:
615 3160 739 3228 quia
768 3157 915 3214 aliud
949 3166 1032 3217 est
1059 3173 1220 3230 posse
1250 3158 1506 3229 operari,
1535 3157 1679 3216 aliud

1787 1951 1933 1998 sunt.
1978 1941 2224 1998 Altitudo
2251 1943 2451 2012 quippe
2482 1943 2792 2000 divitiarum
2818 1947 3105 2016 sapientiai
3130 1959 3182 2002 et
3207 1949 3388 2002 scien-

1789 2036 1880 2094 tiae
1912 2035 2003 2090 Dei
2031 2037 2188 2102 cujus
2229 2035 2606 2091 inscrutabilia
2638 2047 2766 2092 sunt
2791 2038 3028 2107 judicia,
3061 2047 3118 2094 et
3157 2040 3388 2094 investi-

1786 2127 1994 2199 gabiles
2034 2129 2135 2182 viae
2170 2127 2349 2198 (Rom.
2394 2127 2516 2198 χι),
2561 2129 2640 2183 sic
2686 2144 2905 2199 semper
2947 2131 3383 2188 misericordiam

1786 2236 1941 2277 suam
1974 2230 2026 2276 et
2044 2219 2309 2289 judicium
2341 2222 2688 2288 temperavit,
2709 2231 2771 2278 ut
2792 2223 3157 2278 secretissima
3191 2224 3385 2278 aeterni

1786 2313 2000 2370 consilii
2029 2313 2308 2368 voluntate
2340 2313 2577 2371 noluerit
2615 2314 2668 2369 in
2708 2315 2964 2369 omnibus
2996 2330 3162 2386 super
3191 2331 3388 2372 omnes

1784 2406 2172 2478 generationes
2198 2417 2290 2462 aut
2313 2421 2478 2477 super
2501 2421 2694 2462 omnes
2726 2408 2996 2474 homines,
3029 2409 3270 2478 aequales
3290 2409 3389 2464 do-

1788 2514 1981 2554 norum
2006 2513 2226 2554 suorum
2252 2513 2373 2554 esse
2406 2513 2706 2554 mensuras.
2754 2498 3035 2570 Siquidem
3095 2501 3258 2556 aliter
3291 2517 3387 2556 eos

1783 2589 2014 2660 juverit:
2042 2606 2178 2660 quos
2201 2591 2268 2645 ad
2295 2591 2737 2661 cognoscendum
2768 2607 2848 2656 se,
2881 2591 3006 2648 caeli
3034 2604 3086 2648 et
3116 2603 3275 2647 terra:
3308 2604 3387 2648 te-

1786 2682 2058 2738 Stimoniis
2107 2683 2509 2740 conveniebat:
2561 2683 2720 2740 aliter
2760 2684 2884 2740 illos
2913 2684 3109 2752 quibus
3141 2699 3250 2740 non
3295 2702 3384 2739 sn-

1787 2776 1896 2831 lum
1935 2775 2332 2832 elementorum
2367 2776 2651 2842 t'amulatu,
2700 2778 2797 2834 sed
2828 2778 2992 2834 etiam
3023 2777 3276 2834 doctrina
3308 2779 3387 2835 le-

1785 2872 1868 2940 gis
1911 2873 2300 2940 prophetarum
2349 2873 2611 2938 oraculis,
2655 2872 3041 2928 miraculorum
3093 2874 3300 2944 signis,
3330 2883 3387 2930 et

1786 2963 2103 3034 angelorum
2161 2964 2643 3033 conparationibus
2687 2965 3026 3020 consulebat.
3113 2965 3180 3020 Et
3212 2966 3383 3020 ιιιιιΙιο

1787 3057 1959 3128 magis
1985 3056 2143 3112 aliter
2185 3056 2619 3112 misericordiam
2656 3069 2810 3112 suam
2843 3055 3112 3112 universis
3138 3056 3383 3112 homini-

1786 3150 1885 3206 bus
1913 3150 2274 3206 declaraverit
2295 3193 2310 3216 ,
2349 3149 2574 3219 quando
2609 3147 2776 3206 Filius
2799 3149 2892 3204 Dei
2921 3148 3094 3205 lactus
3121 3157 3209 3204 est
3234 3149 3386 3204 ﬁlius

85 3245 297 3311 operari
329 3264 340 3298 :
377 3255 430 3300 et
458 3246 601 3302 aliud
632 3258 718 3303 est
745 3264 901 3322 posse
926 3250 1134 3308 habere
1156 3249 1502 3317 charitatem,
1533 3251 1680 3310 aliud

1798 3242 2046 3310 nominis,
2082 3253 2138 3298 ut
2165 3241 2509 3299 inveniretur
2540 3242 2609 3296 ab
2638 3242 2722 3296 eis
2749 3243 2840 3312 qui
2874 3257 2999 3297 eum
3033 3257 3140 3298 non
3166 3257 3379 3312 quaere-

87 3339 290 3394 habere
315 3340 681 3400 charitatent:
727 3352 783 3399 et
820 3345 966 3402 aliud
993 3355 1078 3400 est
1110 3359 1365 3412 capacem
1397 3360 1520 3400 esse
1550 3361 1686 3400 cott-

89 3432 334 3491 tinentiae
354 3477 368 3500 ,
398 3435 656 3506 iustitiae,
695 3438 982 3505 sapientiae
1000 3479 1014 3504 ,
1038 3438 1184 3494 aliud
1211 3455 1342 3494 vero
1364 3454 1488 3494 esse
1511 3440 1685 3496 conli-

85 3542 337 3598 nentem,
366 3532 593 3601 justum,
624 3543 782 3608 atque
808 3534 1132 3606 sapientem.
1161 3533 1275 3590 Non
1302 3535 1485 3604 itaque
1505 3533 1686 3592 omnis

87 3624 421 3694 reparabilis
460 3635 764 3696 reparatur,
814 3642 916 3682 nec
958 3627 1137 3682 omnis
1169 3625 1428 3684 sanabilis
1457 3637 1686 3684 sanatus

86 3731 196 3786 est;
230 3721 362 3790 quia
409 3722 768 3794 reparabilem
812 3730 866 3776 et
892 3722 1192 3778 sanabilem
1217 3736 1360 3786 eSse,
1392 3720 1460 3776 de
1491 3732 1684 3780 natura

87 3824 170 3869 est
203 3834 216 3871 :
264 3826 582 3886 reparatum
625 3825 805 3871 autem
854 3828 906 3872 et
938 3827 1191 3872 sanatum
1219 3831 1363 3879 esse,
1417 3815 1482 3870 de
1513 3816 1686 3884 gratia

86 3918 188 3962 est.
236 3909 486 3978 Denique
513 3910 600 3965 isti
633 3910 834 3979 quibus
877 3909 1177 3964 secundum
1219 3909 1498 3966 modulum
1528 3923 1691 3978 capa-

87 4003 270 4057 citatis
302 4019 439 4064 suae.
472 4019 632 4073 quem
659 4004 713 4057 in
741 4004 820 4058 eis
849 4000 1174 4058 distributor
1203 4002 1527 4058 substantiae
1555 4017 1693 4068 prac-

87 4094 311 4150 vidcbat
337 4138 351 4164 ,
395 4095 581 4166 diSpar
610 4094 851 4150 creditus
895 4104 979 4149 est
1021 4110 1283 4150 numerus
1313 4095 1642 4152 talentorum
1671 4109 1686 4158 ;

90 4205 197 4242 non
255 4189 439 4246 meriti
481 4189 1018 4254 remunerationem,
1060 4188 1154 4242 sed
1199 4188 1382 4257 operis
1429 4201 1691 4255 accepere

88 4288 406 4334 materiam.
474 4280 527 4336 lu
555 4296 656 4353 qua
692 4279 924 4336 duorum
968 4295 1249 4336 servorum
1278 4279 1692 4350 vigilantissima

91 4371 366 4426 industria
403 4387 510 4428 non
553 4373 729 4427 solum
774 4372 1029 4442 gloriosis
1060 4371 1314 4430 laudibus
1345 4371 1690 4433 honestatnr.

91 4467 188 4520 sed
222 4467 391 4523 etiam
425 4467 475 4520 in
505 4477 709 4524 aeterna
737 4466 947 4522 Domini
972 4466 1056 4522 sui
1081 4467 1273 4539 gaudia
1305 4468 1510 4524 intrare
1553 4481 1693 4535 pran-

92 4562 320 4630 cipitur.
367 4560 535 4616 Tertii
566 4576 694 4618 vero
725 4561 934 4633 pigrum
967 4563 1162 4626 otium,
1201 4572 1255 4615 et
1285 4559 1558 4627 desidiosa
1591 4574 1691 4614 ne-

1788 3335 1947 3401 bant,
1983 3346 2035 3390 et
2067 3344 2356 3406 appareret
2394 3335 2460 3392 iis
2491 3335 2583 3403 qui
2628 3333 2778 3392 illum
2815 3349 2919 3389 non
2947 3334 3384 3404 interrogabant,

1788 3439 1843 3485 et
1873 3444 1978 3486 non
2015 3429 2065 3484 in
2110 3445 2218 3486 uno
2265 3439 2472 3486 tantum
2509 3428 3041 3497 pepulolsraeliticae
3072 3428 3259 3496 stirpis
3289 3443 3386 3486 ex-

1789 3522 2033 3584 celleret,
2068 3520 2164 3576 sed
2198 3521 2249 3576 in
2282 3521 2427 3576 omni
2459 3527 2621 3590 gente
2651 3537 2768 3589 qua:
2808 3528 2892 3577 est
2919 3520 3022 3576 sub
3055 3519 3216 3581 caelo,
3249 3520 3392 3576 mul-

1792 3615 2094 3686 tiplicatum
2133 3613 2365 3670 Abrahae
2405 3627 2594 3668 semen
2617 3614 2856 3668 oriretur
2878 3651 2892 3675 ,
2939 3609 2995 3666 in
3019 3623 3180 3679 quam
3214 3608 3392 3666 haere-

1790 3714 1919 3769 dum
1949 3711 2356 3766 successionem
2399 3723 2505 3762 non
2548 3707 2645 3762 ﬁlii
2678 3707 2884 3771 carnis,
2913 3704 3008 3760 sed
3038 3704 3129 3760 ﬁlii
3156 3703 3391 3772 promis-

1791 3807 1962 3862 sionis
1985 3808 2254 3862 intrarent
2283 3801 2468 3876 (Isaiae
2491 3801 2642 3870 μιν).
2681 3800 2750 3856 Et
2772 3808 2975 3869 quanta
3005 3797 3060 3852 in
3091 3798 3390 3868 prmteritis

1793 3901 2010 3958 saeculis
2039 3913 2206 3968 super
2249 3909 2482 3952 caeteras
2520 3893 2803 3958 nationes,
2862 3901 3007 3950 tanta
3056 3905 3200 3948 nunc
3246 3900 3396 3945 esset

1793 3996 1848 4050 in
1889 4002 2055 4063 gente
2095 3990 2285 4046 Judaea
2337 3989 2573 4060 parcitas
2602 3986 2825 4056 gratias:
2869 4000 2992 4040 cum
3017 3991 3196 4038 tamen
3220 3981 3390 4040 intro-

1793 4088 1954 4144 ducta
2007 4083 2345 4154 plenitudine
2389 4084 2634 4151 gentium
2668 4078 2847 4151 (Rom.
2890 4077 2988 4148 ix),
3032 4077 3195 4132 etiam
3245 4077 3394 4144 ipso-

1793 4197 1915 4236 rum
1949 4177 2188 4234 ariditati
2222 4174 2544 4232 earumdem
2569 4173 2894 4242 rigationum
2921 4169 3200 4228 inundatio
3227 4182 3393 4236 Spon-

1796 4273 2014 4329 deatur.
2079 4269 2209 4337 Qua
2240 4267 2420 4338 itaque
2463 4281 2644 4322 causae
2683 4265 2791 4320 sint
2831 4264 3020 4318 harum
3063 4260 3166 4319 sub
3201 4258 3393 4318 eadem

1796 4367 1967 4436 gratia
2021 4360 2530 4420 dissimilitudinum
2561 4400 2574 4425 ,
2627 4373 2818 4427 quaeve
2868 4356 3148 4421 rationes,
3188 4351 3396 4408 sanetis

1797 4458 2096 4531 Scripturis
2129 4471 2242 4514 non.
2271 4453 2642 4523 loquentibus,
2683 4450 2807 4520 quis
2835 4447 3121 4518 loquetur?
3182 4446 3247 4502 Et
3271 4460 3395 4532 cum

1798 4554 1852 4609 in
1885 4554 1966 4608 eis
1990 4550 2218 4606 scicntia
2246 4546 2398 4604 Pauli
2429 4543 2664 4615 apostoli
2696 4557 2725 4596 a
2758 4541 3130 4610 disputatione
3159 4546 3403 4596 transeat

91 4657 269 4725 qnitta
301 4654 380 4709 sic
413 4656 664 4722 punitur,
701 4667 756 4709 ut
801 4665 852 4709 et
888 4654 1298 4725 vituperationis
1328 4654 1690 4710 dedecoretur

1803 4646 1869 4702 ad
1900 4657 2216 4714 stuporem:
2247 4641 2404 4710 cujus
2426 4640 2530 4695 erit
2553 4646 2702 4694 tanta
2727 4635 3114 4706 praesumptio,
3165 4633 3258 4703 qui
3285 4632 3404 4688 huic

93 4748 432 4820 approbrio,
473 4763 525 4803 et
573 4750 825 4820 portione
865 4765 1025 4819 quam
1073 4759 1390 4816 acceperat,
1440 4758 1693 4803 exuatur.

95 4844 308 4915 Dignus
338 4845 482 4900 enim
515 4855 632 4900 erat
669 4844 898 4915 perdere
939 4843 1183 4897 inutilem
1219 4841 1378 4896 lidem
1403 4885 1416 4908 ,
1453 4842 1541 4909 qui
1592 4859 1696 4898 non

96 4947 428 4991 exercuerat
457 4936 797 4992 charitatem.
842 4935 995 4994 Unde
1023 4945 1078 4992 et
1113 4935 1164 4990 in
1199 4934 1551 5004 subsequenti
1584 4948 1700 4988 ser-

96 5046 304 5094 mone,
343 5046 449 5100 quo
485 5029 830 5099 apertissime
867 5028 1176 5086 declaratur
1213 5027 1374 5082 luturi
1416 5024 1587 5084 forma
1612 5025 1701 5095 jn—

96 5125 260 5192 dicii,
313 5123 541 5180 sedente
570 5123 707 5178 Filio
733 5122 969 5180 hominis
999 5121 1052 5178 in
1080 5122 1210 5180 sede
1235 5120 1538 5190 majestatis
1567 5136 1700 5184 suae,

101 5228 235 5271 ante
271 5215 410 5272 facta
455 5215 878 5287 congregatione
923 5215 1164 5270 omnium
1192 5212 1434 5282 gentium
1456 5253 1469 5278 ,
1498 5212 1588 5268 alii
1617 5211 1704 5266 di-

102 5317 315 5361 cnntnr
361 5307 424 5360 ad
467 5307 780 5370 dexteram,
820 5305 908 5359 alii
941 5305 1006 5359 ad
1040 5302 1311 5360 sinistram
1342 5303 1708 5361 constituendi

102 5397 314 5472 (lbid.)
344 5399 604 5455 :laudatis
626 5399 838 5454 dextris
865 5399 932 5454 de
955 5398 1212 5467 operibus
1239 5396 1554 5465 charitatis,
1575 5395 1713 5456 nihil

102 5495 260 5551 aliud
308 5495 548 5550 sinistris
582 5494 864 5564 objicitur,
906 5509 1066 5563 quam
1108 5491 1499 5548 misericordiae
1546 5491 1715 5546 bene-

107 5587 484 5656 volentiaeque
529 5588 828 5658 neglectus.
896 5587 1238 5654 Acceperant
1273 5599 1402 5653 ergo
1433 5584 1596 5640 etiam
1627 5583 1714 5637 isti

110 5683 312 5746 ﬁdem,
343 5681 435 5738 sed
467 5699 572 5736 non
617 5681 807 5736 sectati
835 5684 1047 5736 fuerant
1083 5677 1435 5734 dilectionem
1478 5695 1489 5730 :
1526 5691 1626 5732 nec
1651 5675 1720 5733 de

115 5791 231 5829 nam
268 5782 508 5834 servato,
537 5773 632 5828 sed
659 5771 727 5828 de
751 5788 855 5827 non
875 5781 1034 5827 aucto
1055 5768 1721 5826 muneredamnabuntur.

121 5868 398 5936 Quamvis
425 5867 568 5922 enim
602 5867 781 5920 omnia
824 5866 1002 5935 bona,
1049 5866 1188 5922 dona
1237 5865 1341 5920 sint
1372 5861 1496 5923 Dei;
1546 5877 1573 5915 a
1614 5861 1726 5920 Deo

1807 4737 2165 4801 disserendo,
2203 4733 2478 4790 existimet
2506 4731 2797 4802 aperienda
2831 4730 3007 4799 potius
3035 4744 3196 4799 quam
3231 4725 3397 4782 silen-

1810 4832 1884 4886 tio
1917 4827 2206 4886 miranda?
2251 4825 2534 4880 Patienter
2566 4824 2730 4894 igitur
2760 4833 2812 4878 et
2840 4821 3225 4893 mqnanimiter
3253 4819 3407 4888 igno-

1810 4933 1962 4978 retur
1986 4930 2095 4975 tam
2120 4927 2388 4974 remotum
2411 4917 2480 4972 ab
2502 4915 2737 4972 humana
2761 4917 3073 4986 cognitione
3095 4922 3360 4966 secretum
3391 4927 3405 4964 :

1813 5031 1914 5072 nec
1960 5022 2137 5068 tamen
2183 5011 2306 5081 quia
2353 5019 2630 5080 nequeunt
2684 5009 2865 5063 clausa
2926 5006 3241 5076 penetrari,
3289 5002 3411 5058 ideo

1813 5111 1977 5166 etiam
2004 5118 2371 5164 reseratorum
2414 5116 2496 5160 est
2523 5103 2936 5174 praetereundam
2978 5097 3252 5154 introitus.
3298 5097 3412 5150 Ma-

1815 5204 2215 5262 nifeStaverunt
2261 5200 2408 5260 enim
2459 5199 2771 5256 divinorum
2837 5195 3181 5262 eloquiornm
3230 5192 3419 5246 multae

1817 5296 2213 5361 auctoritates,
2271 5305 2325 5352 et
2377 5294 2631 5350 continua
2691 5287 2933 5343 omnium
2967 5283 3292 5342 saeculorum
3323 5297 3424 5336 ex-

1818 5392 2122 5461 perimenta
2173 5386 2516 5449 docuerunt,
2565 5382 2769 5451 justam
2819 5378 2918 5434 Dei
2959 5373 3420 5435 misericordiam,

1824 5475 2632 5548 misericordemquejustitiam
2665 5485 2765 5526 nec
2792 5469 3006 5530 alendis
3022 5483 3274 5536 umquam
3305 5481 3432 5520 cor-

1827 5577 2052 5648 poribus
2086 5573 2390 5633 hominum,
2420 5584 2517 5626 nec
2545 5565 2812 5622 docendis
2840 5561 3203 5632 juvandisque
3233 5576 3428 5620 eorum

1827 5669 2106 5726 mentibus
2138 5663 2400 5721 defuisse.
2464 5659 2700 5726 Semper
2731 5655 2933 5710 etenim
2979 5654 3114 5724 pluit
3149 5669 3312 5718 super
3337 5652 3434 5705 ho-

1829 5783 1926 5821 nos
1953 5774 2007 5820 et
2039 5762 2246 5826 malos,
2279 5771 2500 5826 semper
2542 5752 2714 5806 solem
2749 5767 2906 5806 suum
2935 5751 3071 5805 oriri
3107 5747 3234 5802 fecit
3263 5761 3436 5815 super

1836 5863 2014 5930 justus
2062 5865 2115 5912 et
2162 5853 2396 5921 injustas
2436 5847 2655 5920 (Matth.
2686 5845 2764 5913 v),
2806 5860 3025 5916 semper
3051 5842 3244 5913 vitales
3275 5855 3442 5898 auras
