3958 6314
551 279 687 341 illi
1572 280 1922 339 APPENDIX
1963 279 2054 335 AD
2091 275 2328 333 OPERA
2366 276 2426 334 S.
2469 277 2816 335 AMBROSII.
3672 280 3777 340 illi

552 401 818 472 praebuit,
867 416 1084 475 semper
1112 404 1218 459 diei
1248 413 1304 460 et
1329 403 1504 459 noctis
1542 399 1950 457 vicissitudines
1981 398 2140 454 mini-
2168 396 2224 456 A
2247 397 2453 454 viscera
2485 399 2692 470 Spiritu
2728 409 2921 456 sancto
2955 405 3199 471 repletus
3235 400 3459 457 exsultat
3485 401 3629 472 (Luc.
3655 402 3716 470 t);
3738 415 3778 458 et

552 497 778 553 stravit:
832 497 1138 554 ubertatem
1169 497 1343 569 agris,
1378 495 1890 565 multiplicationem
1921 492 2148 550 semini-
2252 502 2310 548 ut
2334 494 2512 549 nullus
2542 495 2682 550 inter
2705 504 2859 551 natos
2889 496 3183 552 mulierum
3212 496 3385 564 major
3409 497 3501 562 sit,
3529 499 3666 568 prius
3688 513 3779 554 sea-

550 587 652 642 bus
677 630 692 654 ,
746 587 1134 646 fecunditatem
1185 589 1514 660 generandis
1570 587 1884 642 hominibus
1931 600 2150 654 semper
2252 588 2315 642 tit
2339 585 2491 642 initia
2519 587 2730 657 gratiae,
2762 604 2922 658 quam
2961 601 3173 644 naturae
3200 587 3409 660 (Matth.
3438 592 3531 659 xi).
3571 590 3666 644 Sed
3689 607 3779 648 cun

553 681 837 753 impendit.
874 683 940 739 Et
966 684 1012 739 si
1035 684 1252 752 quando
1277 682 1489 756 aliquid
1513 683 1709 739 horum
1743 681 1964 748 minuit,
1993 681 2150 739 beni-
2251 689 2306 736 et
2332 681 2434 736 alia
2460 679 2722 737 similium
2751 681 3213 738 documentorum
3240 684 3482 752 exempla
3505 698 3606 738 non
3622 683 3782 753 desint,

551 776 672 846 gnis
718 777 1160 848 correptionibus
1206 779 1550 833 aversionem
1587 776 1961 849 desidiamque
2003 776 2149 832 male
2250 791 2371 846 qua:
2423 776 2706 832 brevitatis
2749 776 2930 832 studio
2978 779 3331 848 praeterimus
3372 797 3386 830 :
3437 781 3598 834 multo
3648 793 3784 837 tamen

553 870 819 925 utentium
852 871 1167 942 castigavit,
1197 883 1256 926 ut
1283 870 1670 926 miserationes
1697 871 1815 940 ejus
1840 877 2150 940 qumrerent
2251 867 2518 929 crebrior.
2565 869 2847 939 multoque
2877 869 3226 924 numerosior
3271 885 3397 939 pars
3439 870 3522 924 illa
3555 869 3785 928 hominum

556 966 607 1020 in
639 963 910 1030 adversis,
941 966 1098 1036 cujus
1125 966 1390 1034 justitiam
1415 980 1520 1018 non
1553 964 1848 1019 timuerant
1876 964 1926 1017 in
1956 977 2152 1018 secutt-
2252 969 2356 1025 est,
2399 959 2484 1013 cui
2518 961 2888 1030 particulatim
2932 961 3195 1032 quidquid
3244 977 3473 1032 superna
3500 962 3701 1032 largitas
3717 963 3787 1019 do-

550 1057 655 1110 dis.
701 1056 943 1127 Denique
976 1058 1019 1112 si
1050 1057 1117 1112 ad
1151 1058 1267 1128 ipsa
1298 1056 1486 1112 mundi
1520 1055 1743 1111 exordia
1777 1070 2144 1122 rccurramns,
2252 1061 2364 1120 nat,
2389 1055 2676 1122 accrescit,
2711 1067 2769 1110 ut
2794 1055 3251 1112 conferendarum
3273 1072 3550 1111 munerum
3575 1061 3786 1116 causae:

553 1149 896 1206 inveniemus
943 1152 1190 1206 omnium
1243 1159 1557 1206 sanctorum
1598 1150 1690 1219 qui
1720 1148 1979 1202 diluvium
2011 1163 2149 1217 prte-
2253 1147 2318 1202 iis
2348 1163 2473 1218 quae
2501 1158 2626 1204 sunt
2655 1149 2875 1215 collata,
2903 1149 3205 1220 pariantur.
3239 1149 3469 1218 Quidam
3492 1153 3788 1222 acceptatide

549 1253 836 1298 cesserunt
865 1285 878 1308 ,
937 1243 1033 1298 Dei
1056 1243 1322 1314 Spiritum
1357 1245 1520 1298 fuisse
1562 1250 1832 1297 rectorem
1863 1285 1876 1308 ,
1929 1250 2151 1312 pr0pter
2252 1239 2553 1294 diffidentia
2587 1257 2695 1294 non
2729 1251 2919 1296 carent
2941 1283 2955 1304 ,
3009 1257 3171 1312 quam
3199 1243 3387 1313 utique
3409 1244 3581 1297 inesse
3610 1245 3700 1298 sibi
3719 1261 3791 1298 ne

549 1337 694 1406 quod
724 1348 779 1392 et
811 1338 906 1392 filii
938 1339 1033 1393 Dei
1079 1339 1343 1393 nominati
1377 1347 1502 1393 sunt
1545 1337 1696 1408 (Gen.
1731 1336 1807 1406 vt)
1847 1355 1858 1390 :
1891 1338 2145 1408 quoniam
2253 1342 2406 1388 verat
2431 1335 2520 1404 qui
2548 1333 2794 1389 dicebat:
2827 1335 3036 1401 Credo,
3071 1335 3335 1402 Domine,
3372 1335 3557 1406 adjuva
3592 1338 3792 1393 incredu-

549 1431 696 1486 sicut
720 1432 798 1486 ait
824 1433 1125 1498 Apostolus
1151 1450 1163 1485 :
1192 1432 1530 1500 Quicumque
1552 1432 1744 1502 spiritu
1773 1432 1868 1486 Dei
1893 1440 2144 1501 aguntur,
2255 1425 2461 1481 litatem
2491 1442 2666 1482 meam
2692 1427 2882 1499 (Marc.
2920 1429 3025 1497 ιχ).
3090 1428 3265 1497 Quam
3295 1445 3394 1485 nec
3423 1431 3500 1484 illi
3526 1432 3700 1486 abesse.
3726 1449 3792 1502 pe-

556 1521 614 1575 lti
647 1521 744 1576 ﬁlii
775 1533 903 1578 sunt
930 1522 1021 1578 Dei
1055 1523 1233 1596 (Rom.
1265 1523 1408 1593 vui).
1457 1523 1673 1579 Etcum
1707 1522 1874 1578 iidem
1905 1524 2148 1591 neglecta
2255 1517 2402 1572 nitus
2424 1533 2453 1571 a
2474 1518 2588 1573 suis
2607 1518 2804 1574 animis
2831 1520 3144 1576 sentiebant
3165 1523 3256 1592 qui
3282 1521 3561 1578 dixerunt:
3597 1525 3790 1592 Domine,

555 1616 909 1671 observantia
938 1627 1182 1686 patrum,
1225 1617 1425 1672 illicitis
1464 1633 1523 1672 se
1554 1615 1910 1686 reproborum
1943 1631 2153 1671 connu-
2255 1625 2393 1681 auge
2421 1611 2577 1667 nobis
2610 1612 2774 1668 ﬁdem
2805 1613 2961 1684 (Luc.
2990 1615 3152 1685 xvu).
3176 1614 3408 1681 Quidam
3431 1616 3570 1687 quod
3591 1617 3790 1684 credant,

555 1710 662 1766 biis
715 1711 1094 1776 miscuissent,
1146 1721 1308 1783 atque
1334 1712 1405 1767 ob
1435 1710 1696 1767 nefariam
1726 1712 2042 1766 societatem
2068 1711 2150 1766 di-
2256 1719 2364 1758 non
2391 1703 2724 1774 intelligunt,
2749 1714 2806 1760 et
2828 1707 2981 1760 multi
3009 1706 3104 1762 diu
3134 1708 3188 1761 in
3213 1723 3327 1762 sum
3353 1709 3692 1778 simplicitatis
3709 1726 3793 1766 m0-

554 1807 646 1875 gni
676 1807 1008 1862 exterminio
1036 1806 1440 1877 iudicaremur,
1464 1806 1724 1861 Dominus
1752 1805 1858 1860 ait;
1891 1805 2006 1860 Non
2030 1819 2151 1875 per-
2182 1789 2230 1849 B
2257 1797 2386 1854 dulo
2433 1799 2767 1855 detinentur.
2830 1800 2985 1855 Multi
3025 1817 3154 1857 \‘CI‘O
3184 1803 3298 1857 CllO
3325 1803 3629 1857 intellectus
3654 1804 3791 1858 lumen

557 1899 801 1956 manebit
841 1899 1080 1969 Spiritus
1110 1915 1265 1955 meus
1301 1901 1353 1954 in
1390 1897 1701 1954 hominibus
1724 1899 1863 1964 istis,
1893 1900 2150 1968 quoniam
2256 1893 2555 1962 accipiunt.
2611 1892 2729 1963 Ipsa
2762 1905 2942 1950 autem
2975 1895 3348 1966 intelligentia
3381 1913 3483 1952 non
3512 1897 3567 1950 in
3595 1899 3793 1952 omnibus

555 2006 686 2047 caro
715 1999 840 2046 sunt
862 1990 1016 2062 (Gen.
1042 1990 1140 2061 vt).
1163 1989 1316 2046 Unde
1340 1998 1568 2060 apparet
1597 1989 1740 2058 quod
1769 1988 1871 2043 iste
1895 1988 2148 2058 populus,
2256 1987 2512 2042 eumdem
2561 1987 2731 2043 habet
2776 1990 3018 2060 vigorem
3039 2033 3053 2058 ,
3108 2000 3205 2043 aut
3246 1989 3481 2045 similem
3508 1989 3792 2045 facultatem.

554 2085 711 2155 cujus
763 2084 1152 2156 generationes
1193 2083 1430 2139 discreto
1481 2082 1670 2138 ordine
1715 2097 1839 2137 cum
1882 2096 2149 2136 annorum
2255 2079 2324 2135 Et
2354 2081 2578 2151 plurimi
2608 2097 2731 2137 cum
2757 2094 2814 2138 et
2840 2081 2950 2139 fide
2969 2092 3025 2139 et
3053 2084 3342 2140 intellectu
3373 2085 3654 2140 videantur
3675 2102 3796 2141 orna-

559 2178 1142 2248 numerodigeruntur,
1168 2175 1433 2248 spiritalis
1453 2187 1609 2232 antea
1632 2176 1753 2241 fuit,
1772 2191 1834 2232 ea
1857 2177 2041 2247 utique
2059 2190 2152 2231 vo-
2258 2175 2294 2228 ti
2315 2218 2329 2242 ,
2360 2173 2608 2230 laborant
2638 2183 2816 2231 tamen
2850 2176 3155 2249 indigentia
3192 2177 3511 2236 charitatis:
3553 2189 3607 2234 et
3632 2180 3688 2235 iis
3708 2197 3794 2251 qua:

555 2272 765 2328 luntate
791 2272 877 2327 cui
909 2272 1144 2342 Spiritus
1169 2281 1391 2326 sanctus
1427 2270 1793 2342 praesidebat,
1830 2271 1911 2325 sic
1945 2271 2152 2340 impen-
2257 2267 2366 2322 fide
2395 2277 2448 2323 et
2470 2268 2750 2324 intellectu
2776 2269 2994 2334 vident,
3038 2281 3323 2341 nequeunt
3351 2271 3649 2328 inhmrere:
3692 2287 3792 2342 quo-

555 2365 694 2421 deus
720 2365 1108 2422 moderaminis
1134 2365 1220 2420 sui
1251 2365 1514 2436 regimen,
1535 2364 1912 2420 utdeciinandi
1941 2364 2006 2418 ad
2023 2363 2149 2417 vitia
2257 2359 2401 2415 niam
2439 2363 2779 2430 perseverari
2814 2363 2869 2418 in
2896 2379 2963 2419 eo
2991 2379 3099 2419 non
3135 2376 3360 2436 potest,
3408 2367 3553 2436 quod
3591 2381 3689 2421 non
3712 2376 3793 2421 tnta

553 2474 659 2514 non
674 2458 939 2515 adimeret
957 2467 1303 2528 potestatem,
1329 2474 1432 2529 qua
1452 2465 1716 2528 potestate
1737 2456 1822 2512 hic
1853 2457 2082 2528 populus
2105 2457 2148 2512 si
2255 2454 2422 2510 corde
2441 2455 2707 2526 diligitur.
2739 2456 2954 2512 Donum
2979 2473 3201 2530 quoque
3233 2461 3404 2529 ipsius
3425 2459 3694 2516 cbaritatis
3717 2475 3793 2514 non

552 2568 660 2609 non
680 2559 940 2618 uteretur,
956 2567 1064 2607 non
1088 2552 1417 2621 relinqueret
1433 2550 1730 2616 Deum,nec
1752 2551 2152 2620 relinqueretur
2256 2563 2476 2619 semper
2514 2546 2787 2619 ejusmodi
2817 2561 2922 2619 est,
2966 2562 3026 2605 ut
3062 2550 3328 2622 quidquid
3361 2551 3427 2606 ad
3455 2552 3794 2620 plenitudinem

555 2644 1206 2713 aDco,essetqueillede
1230 2659 1341 2713 quo
1359 2644 1561 2699 dictum
1591 2653 1714 2699 est:
1747 2642 1902 2698 Felix
1932 2644 2021 2712 qui
2057 2657 2152 2713 po-
2259 2643 2517 2713 pertinet,
2565 2643 2730 2699 simul
2781 2659 2812 2699 a
2862 2645 3206 2716 percipientc
3255 2656 3523 2701 sumatur.
3588 2647 3794 2702 Esteuim

559 2737 663 2792 tuit
688 2736 1037 2806 transgredi,
1069 2746 1124 2792 et
1154 2751 1263 2791 non
1295 2746 1378 2792 est
1416 2746 1812 2805 transgressus.
1877 2736 2150 2804 Quamdiu
2256 2751 2410 2791 amor
2455 2737 2546 2808 qui
2594 2746 2776 2808 potest
2816 2739 2924 2794 alio
2962 2755 3153 2795 amore
3181 2740 3460 2811 superari.
3503 2741 3572 2796 Et
3598 2756 3721 2810 saepe
3742 2742 3797 2796 di‘

557 2845 689 2902 ergo
719 2829 860 2902 apud
895 2830 1062 2886 Deum
1092 2830 1311 2895 mansit,
1334 2845 1397 2886 ea
1424 2830 1710 2884 voluntate
1740 2830 1955 2896 mansit,
1987 2845 2149 2901 quam
2258 2827 2421 2884 lectio
2469 2828 2563 2884 Dei
2610 2844 2677 2885 ex
2725 2830 2912 2885 mundi
2958 2831 3261 2889 dilectione
3293 2836 3608 2902 marcescit,
3645 2837 3730 2891 nisi
3752 2836 3797 2889 ad

559 2925 703 2982 Deus
747 2925 1034 2996 inspiravit
1079 2933 1134 2980 et
1181 2925 1346 2979 rexit.
1401 2924 1750 2995 Praeparatur
1776 2923 1919 2980 enim
1968 2924 2152 2996 (sicut
2256 2938 2381 2979 eum
2430 2924 2698 2980 fervorem
2731 2925 2945 2995 Spiritu
2974 2936 3170 2982 sancto
3202 2928 3579 2984 inﬂammante
3608 2930 3798 2999 prolate-

555 3023 818 3087 scriptum
849 3018 964 3091 est)
1004 3018 1259 3074 voluntas
1281 3034 1308 3071 a
1333 3018 1584 3073 Domino.
1617 3018 1724 3074 Sed
1752 3019 1913 3089 hujus
1943 3035 2152 3090 praepa-
2256 3018 2360 3084 rit,
2397 3017 2490 3086 qui
2527 3019 2680 3073 nullo
2709 3019 2985 3090 exstingui
3018 3021 3260 3091 frigore,
3288 3023 3444 3077 nullo
3470 3023 3638 3090 possit
3661 3033 3800 3093 tepore

558 3113 790 3167 rationis
829 3127 937 3167 non
967 3126 1107 3166 unus
1135 3125 1350 3181 semper
1377 3121 1670 3182 provectus
1691 3153 1706 3176 ,
1735 3126 1834 3166 nec
1865 3128 1970 3167 una
2000 3128 2151 3168 men-
2205 3182 2208 3183 ν
2257 3109 2542 3182 languere.
2583 3110 2719 3166 Cum
2749 3111 2934 3183 itaque
2966 3114 3019 3168 in
3046 3112 3153 3168 hoc
3187 3115 3548 3171 inenarrabili
3577 3117 3706 3171 dono
3722 3115 3801 3169 Dea

559 3223 684 3262 sura
715 3216 831 3262 est:
859 3205 1115 3276 quoniam
1152 3207 1339 3261 multis
1375 3206 1553 3261 modis
1583 3213 1638 3260 et
1665 3207 2152 3262 innumerabilibus
2180 3182 2227 3247 (ἶ
2257 3204 2501 3258 omnium
2553 3220 2768 3260 summa
2815 3204 3110 3272 donorum,
3161 3216 3218 3262 et
3246 3208 3503 3279 quadam
3531 3212 3603 3264 sit
3628 3220 3803 3276 cuneta-

560 3297 889 3355 diﬁ‘erentiis
942 3298 1131 3370 gratiae
1161 3313 1325 3368 opera
1373 3307 1428 3354 et
1457 3299 1600 3353 dona
1640 3301 1943 3367 variantur,
1988 3300 2154 3370 inque
2260 3312 2379 3352 rum
2422 3297 2536 3351 vita
2569 3299 2869 3352 virtutum:
2913 3299 2980 3354 ad
3009 3298 3117 3354 hoc
3148 3311 3352 3356 caetera
3383 3301 3742 3366 conferuntur,
3765 3309 3803 3354 at

560 3391 696 3463 ipsis
735 3391 968 3462 singulis
1014 3392 1307 3462 generibus
1345 3408 1630 3449 munerum
1680 3394 1978 3452 dissimiles
2026 3404 2155 3451 sunt
2259 3388 2458 3445 habeat
2487 3391 2684 3444 animae
2709 3390 2886 3447 ﬁdelis
2915 3384 3175 3460 intentio,
3204 3408 3303 3463 per
3324 3409 3451 3464 quae
3471 3394 3538 3450 ad
3562 3395 3803 3466 perfectam

557 3485 795 3556 gradus,
848 3493 903 3541 et
947 3485 1180 3554 impares
1211 3485 1562 3556 quantitates.
1597 3487 1914 3543 Sicutenim
1947 3488 2000 3544 in
2030 3503 2156 3558 ger-
2257 3480 2582 3537 charitatem
2620 3484 2796 3552 possit
2830 3483 2989 3539 eniti.
3051 3483 3187 3552 Quae
3229 3488 3495 3555 quoniam
3540 3504 3642 3543 non
3668 3488 3802 3542 solum

560 3578 798 3635 minibus
829 3576 1123 3633 herbarum
1157 3586 1319 3649 atque
1347 3578 1616 3650 lignorum
1646 3596 1766 3650 quae
1791 3589 1936 3637 terra
1960 3582 2154 3652 produ-
2257 3589 2328 3630 ex
2360 3576 2491 3644 080,
2524 3575 2619 3631 sed
2649 3577 2813 3632 etiam
2845 3577 2988 3633 Deus
3015 3587 3120 3644 est,
3157 3579 3388 3635 stabiles
3416 3591 3476 3635 et
3504 3596 3804 3651 perseveras.

557 3673 654 3740 cit,
685 3687 793 3728 non
845 3688 949 3728 una
980 3674 1216 3742 species,
1261 3687 1364 3728 nec
1403 3688 1572 3728 unum
1604 3673 1658 3728 in
1692 3675 1944 3732 omnibus
1981 3692 2152 3748 genus
2259 3680 2340 3726 tes
2386 3680 2550 3743 atque
2582 3670 2982 3741 insuperabiles
3029 3671 3159 3726 facit
3190 3689 3332 3743 quos
3369 3671 3598 3729 flumine
3620 3687 3801 3729 suaena-

557 3775 664 3834 est,
698 3766 795 3822 sed
825 3766 1044 3837 singula
1074 3782 1303 3840 qumque
1335 3768 1387 3822 in
1416 3768 1500 3822 sui
1528 3768 1754 3824 seminis
1785 3769 1979 3836 forma,
2013 3781 2067 3828 et
2098 3773 2120 3826 i:

2260 3764 2481 3833 luptatis
2528 3764 2857 3835 impleverit.
2923 3764 3025 3833 Qui
3074 3777 3260 3821 autem
3313 3767 3547 3822 istarum
3594 3781 3801 3838 aquarum

555 3877 668 3919 sua:
699 3862 884 3932 stirpis
922 3861 1184 3932 qualitate
1215 3860 1553 3932 gignuntur:
1599 3863 1818 3932 plenum
1848 3875 2030 3920 autem
2060 3865 2153 3920 de-
2257 3856 2602 3914 dulcedinem
2654 3859 2928 3925 nesciunt,
2988 3858 3165 3914 adhuc
3208 3859 3278 3915 de
3317 3861 3515 3916 mundi
3558 3863 3702 3931 hujus
3725 3871 3805 3914 tor-

555 3970 746 4014 corem
779 3971 887 4012 non
913 3956 1094 4011 statim
1139 3963 1198 4010 ut
1227 3953 1462 4010 eduntur
1490 3955 1799 4026 accipiunt,
1845 3956 1941 4012 sed
1983 3959 2151 4014 certis
2257 3951 2508 4006 rentibus
2533 3949 2760 4014 bibunt:
2794 3951 3071 4006 autetiam
3095 3952 3142 4006 si
3166 3951 3399 4022 aliquid;
3421 3953 3735 4023 primoribus
3758 3955 3806 4004 ta-

555 4057 614 4105 et
637 4048 906 4104 ordinatis
937 4047 1313 4118 provehantur
1349 4049 1688 4120 augmentis,
1724 4049 1897 4105 donec
1930 4050 1995 4104 ad
2027 4066 2154 4121 per-
2258 4046 2372 4101 bris
2393 4046 2462 4102 de
2491 4047 2619 4101 vitae
2648 4045 2799 4102 fonte
2829 4057 3211 4116 gustavcrunt,
3247 4049 3525 4105 inebriari
3555 4061 3715 4106 tamen
3740 4066 3806 4104 au-

555 4141 754 4197 fectam
778 4141 863 4195 sui
900 4139 1117 4196 habitus
1148 4141 1505 4209 quantitatem
1541 4157 1637 4212 per
1665 4144 2014 4199 succedentia
2047 4145 2150 4201 sibi
2257 4153 2354 4194 reo
2374 4139 2663 4210 Babylonis
2681 4139 2854 4194 calice
2874 4139 3223 4196 delectantur
3246 4140 3495 4213 (Jenu;
3517 4145 3669 4218 Apoc.
3690 4144 3798 4212 xvii:

554 4235 894 4288 incrementa
925 4233 1247 4303 perveniant
1271 4253 1284 4289 :
1334 4236 1404 4289 ita
1429 4245 1483 4290 et
1507 4236 1712 4291 semina
1737 4235 2148 4306 charismatum,
2257 4248 2359 4288 suo
2382 4247 2608 4302 prorsus
2632 4233 2984 4302 decipiuntur
3028 4233 3260 4289 arbitrio
3286 4279 3302 4303 ,
3341 4249 3442 4291 sua
3468 4238 3733 4291 voluntate
3756 4237 3806 4287 la.

555 4324 871 4396 plantasque
921 4325 1180 4381 virtutum
1231 4342 1337 4382 non
1381 4329 1433 4382 in
1479 4329 1628 4383 omni
1676 4343 1808 4400 agro
1832 4329 2014 4386 cordis
2045 4330 2148 4386 bu-
2260 4326 2502 4381 buntur:
2530 4335 2587 4382 et
2615 4325 2744 4381 siin
2776 4325 2880 4381 hac
2906 4326 3115 4382 desidia
3149 4338 3536 4397 perseverant,
3571 4330 3664 4400 ipsi
3689 4344 3738 4384 se
3762 4328 3807 4381 iis

556 4417 708 4470 mani
734 4425 904 4471 totum
937 4417 1042 4472 hoc
1065 4419 1270 4488 pariter
1298 4420 1442 4491 quod
1471 4428 1600 4476 sunt
1625 4420 1802 4476 futura
1829 4435 2149 4489 nascuntur,
2257 4436 2379 4490 qua:
2437 4436 2735 4491 accepere,
2787 4419 3105 4491 dispoliant.
3172 4421 3364 4479 Facile
3395 4425 3546 4479 enim
3599 4423 3808 4495 qualibet

557 4521 660 4564 nec
700 4506 863 4564 facile
897 4510 1173 4579 reperitur
1206 4513 1258 4566 in
1307 4513 1531 4569 exordio
1560 4515 1866 4581 maturitas,
1905 4519 2035 4571 etin
2071 4517 2150 4571 in~
2257 4513 2399 4570 bona
2425 4514 2548 4570 sine
2569 4513 2836 4569 charitate
2862 4524 3091 4584 possunt
3113 4514 3317 4586 perire,
3345 4531 3472 4589 qua:
3495 4533 3602 4573 non
3631 4525 3805 4588 possunt
3900 4506 3901 4538 ῖ

556 4600 851 4657 choatione
883 4601 1165 4672 perfectio.
1217 4603 1437 4660 Exserit
1465 4605 1685 4676 quidem
1708 4605 2024 4678 frequenter
2051 4624 2148 4680 po-
2181 4582 2230 4641 υ
2257 4607 2376 4665 sine
2404 4607 2671 4663 charitate
2701 4582 2986 4678 prodesse.

560 4704 684 4750 tcns
721 4704 777 4750 et
804 4695 1118 4750 misericors
1151 4696 1292 4751 Deus
1322 4697 1604 4755 mirabiles
1637 4699 1768 4755 istos
1801 4715 1913 4756 suae
1943 4717 2152 4771 Opera-
2868 4699 3100 4756 CAPUT
3151 4700 3240 4755 IV.

555 4788 726 4843 tionis
769 4787 1020 4855 effectus,
1069 4799 1124 4844 et
1153 4791 1474 4860 quibusdam
1502 4793 1778 4848 mentibus
1811 4811 1920 4850 non
1947 4812 2146 4867 exspc-
2257 4793 2411 4862 Quod
2438 4795 2639 4848 aversio
2665 4810 2698 4845 a
2726 4792 2832 4848 Deo
2863 4809 2967 4847 non
2988 4794 3056 4847 sit
3081 4794 3274 4849 divinae
3299 4797 3710 4862 constitutionis,
3745 4795 3806 4849 sel

552 4887 696 4935 ctata
740 4880 1085 4950 profectuum
1135 4888 1318 4949 mora,
1353 4892 1522 4938 totum
1552 4885 1714 4940 simul
1742 4889 2000 4959 quidquid
2038 4891 2150 4946 col-
2771 4889 2997 4958 propria!
3021 4887 3332 4942 voluntatis.

541 4971 754 5028 laturus
776 4984 880 5042 est,
910 4973 1140 5028 invehit.
1171 4973 1226 5028 In
1260 4975 1492 5030 Abrahae
1523 4977 1725 5034 lumbis
1747 4978 1876 5034 Levi
1908 4981 2152 5036 sanctiii-
2323 4979 2454 5036 llam
2499 4988 2683 5035 autem
2735 4981 3051 5034 summatim
3093 4981 3450 5053 breviterque
3476 4986 3737 5053 perstricta
3761 4980 3807 5035 ad

549 5074 730 5130 catur,
762 5077 818 5122 et
837 5065 998 5121 simul
1020 5081 1142 5122 cum
1173 5081 1241 5122 eo
1267 5067 1459 5123 domus
1487 5068 1675 5125 Aaron
1703 5080 1758 5126 et
1787 5072 2146 5130 sacerdotalis
2250 5072 2304 5128 id
2332 5073 2550 5140 valent,
2591 5081 2652 5126 ut
2689 5071 2998 5126 Certissime
3025 5073 3345 5129 noverimus
3373 5076 3584 5131 nullum
3616 5076 3807 5131 ﬁdeliam
3900 5059 3901 5072 “

549 5156 686 5212 ordo
734 5157 1078 5215 benedicitur
1121 5159 1284 5233 (Heb.
1319 5156 1441 5232 vn).
1487 5161 1543 5216 lu
1575 5162 1725 5220 Isaac
1756 5163 1826 5219 de
1849 5167 2144 5236 repromis-
2253 5185 2284 5222 a
2315 5168 2427 5223 Deo
2464 5183 2572 5223 non
2609 5167 2986 5223 discedentem
3022 5168 3284 5238 relinqui,
3320 5185 3506 5241 neque
3531 5172 3806 5242 cujusquam
3900 5201 3901 5218 ξ

547 5249 706 5307 sione
755 5262 1044 5321 concepto,
1088 5261 1145 5308 et
1191 5261 1381 5309 contra
1436 5269 1591 5326 spem
1634 5257 1902 5312 sterilium
1951 5274 2142 5315 senum
2252 5263 2464 5316 ruinam
2491 5277 2558 5317 ex
2581 5263 2766 5318 divina
2789 5277 2915 5317 esse
2944 5262 3340 5319 constitutione
3373 5262 3809 5337 dispositamzsed
3900 5243 3901 5324 ξ

547 5350 697 5409 nato,
733 5343 972 5398 omnium
994 5345 1239 5415 gentium
1265 5349 1500 5413 vocatio,
1525 5358 1581 5404 et
1607 5347 1719 5404 tota
1741 5349 1944 5407 Christi
1965 5351 2144 5407 forma
2251 5355 2436 5411 multis
2463 5357 2557 5425 qui
2578 5357 2689 5427 jam
2708 5355 2919 5426 judicio
2941 5356 3170 5410 rationis
3190 5367 3448 5426 utuntur,
3472 5360 3598 5416 ideo
3621 5361 3807 5415 liberum

547 5435 917 5502 praeconditur
946 5435 1100 5510 (Gen.
1133 5439 1311 5510 xvut).
1353 5440 1522 5498 Jacob
1543 5443 1692 5498 nullo
1723 5445 1919 5500 merito
1946 5445 2144 5502 suﬂra-
2249 5462 2372 5506 esse
2399 5448 2705 5519 discedere,
2737 5460 2795 5505 ut
2825 5467 2932 5504 non
2965 5449 3296 5506 discessisse
3327 5453 3403 5507 sit
3433 5455 3710 5524 praeminet
3733 5472 3745 5507 :
3771 5459 3808 5505 et

544 5535 708 5595 gante
735 5526 967 5584 dilectus
998 5531 1314 5604 priusquam
1345 5544 1597 5592 nascatur
1625 5537 1842 5609 eligitur
1871 5538 2135 5608 (Malaclt.
2249 5553 2306 5599 ut
2335 5542 2480 5614 quod
2507 5559 2612 5598 non
2646 5552 2831 5614 potest
2855 5544 2958 5599 nisi
2991 5556 3332 5614 cooperante
3362 5548 3564 5618 spiritu
3599 5545 3805 5606 Deifien'.

539 5620 619 5690 ν).
664 5619 952 5678 Hieremiae
990 5624 1189 5682 dicitur
1221 5645 1235 5682 :
1269 5627 1590 5700 Priusquam
1639 5640 1692 5687 te
1739 5631 2030 5687 formarem
2082 5635 2136 5690 in
2247 5654 2443 5695 eorum
2475 5638 2688 5694 meritis
2724 5639 3038 5709 deputetur,
3083 5653 3319 5709 quorum
3356 5641 3412 5696 id
3445 5644 3623 5713 potuit
3660 5643 3806 5698 volun-

539 5722 723 5780 utero,
773 5719 898 5770 novi
933 5726 985 5772 te
1023 5730 1120 5774 :et
1158 5722 1469 5792 priusquam
1495 5725 1678 5781 exires
1706 5726 1778 5782 de
1807 5727 1988 5796 vulva,
2020 5743 2138 5784 san-
2246 5741 2357 5788 tate
2400 5748 2507 5787 non
2555 5730 2696 5786 ﬁeri.
2767 5731 2902 5800 Quae
2950 5731 3202 5788 voluntas
3246 5731 3300 5788 in
3345 5735 3513 5790 malis
3543 5733 3806 5792 actionibus

525 5806 764 5864 ctitieavi
818 5817 872 5864 te
923 5807 1060 5880 (Jer.
1096 5810 1159 5880 ι).
1195 5813 1432 5872 Joannes
1464 5817 1604 5872 intra
1635 5819 1915 5877 Elisabctlt
1943 5823 2134 5882 matris
2241 5824 2356 5882 sola
2379 5841 2504 5884 esse
2535 5837 2713 5898 potest
2741 5869 2756 5898 ,
2806 5831 2860 5888 in
2889 5828 3048 5887 bonis
3078 5836 3261 5884 autem
3294 5831 3415 5886 sola
3448 5847 3574 5889 esse
3603 5849 3698 5890 non
3730 5844 3804 5899 pa.
