3958 6314
109 361 236 418 1115

1155 347 1245 402 DE
1285 341 1678 402 VOCATIONE
1706 341 2020 400 GENTIUM
2059 342 2190 399 LIB.
2233 343 2298 398 ll.

3238 334 3377 393 NH

107 491 223 538 test.
264 473 518 546 Quamvis
548 471 693 528 enim
741 468 1040 526 secuudum
1083 475 1333 522 naturam
1363 465 1436 519 sit
1463 461 1670 518 homini
1700 477 1755 536 Α
1781 463 1876 518 sed
1901 463 2132 532 propria:
2162 461 2481 517 voluntatis.
2522 460 2580 517 In
2606 457 3033 515 conservatione
3055 464 3237 512 autem
3266 453 3382 513 Noe

103 586 158 632 nt
184 576 336 630 bonae
363 566 662 625 voluntatis
689 566 788 632 sit,
820 565 1016 620 vitium
1053 571 1232 617 tamen
1261 558 1404 632 quod
1438 574 1533 629 per
1562 573 1680 613 ma-

103 670 202 726 lam
227 665 558 721 voluntatem
588 660 745 715 irruit
785 660 837 714 in
872 665 1153 723 naturam,
1190 670 1295 709 non
1326 661 1535 708 naturze
1577 667 1669 707 su-

103 771 311 832 peratur
338 757 554 822 virtute,
587 754 678 810 sed
704 753 916 824 gratim.
966 751 1276 821 Regebatur
1303 763 1436 819 ergo
1467 749 1678 819 primus

99 857 188 914 ille
206 851 428 925 populus
448 849 544 905 Dei
563 848 768 918 Spiritu
790 848 910 912 Dei,
925 855 980 902 et
996 861 1026 900 ιι
1040 843 1313 900 maledicti
1331 858 1396 897 ac
1411 841 1684 913 prtedam-

99 950 204 1006 nati
253 946 432 1018 populi
487 943 754 999 societate
800 955 865 996 ac
895 939 1142 996 moribus
1174 953 1272 1009 per
1305 935 1677 993 eruditionem

98 1044 264 1101 sancti
293 1041 531 1111 Spiritus
561 1039 875 1094 abstinebat
899 1079 913 1103 ,
945 1035 1258 1091 custodiens
1286 1032 1680 1089 discretionem

97 1137 176 1196 sui
201 1153 229 1191 a
260 1133 624 1205 permixtione
653 1131 978 1196 carnalium,
1044 1145 1274 1197 quorum
1305 1128 1446 1183 mala
1474 1127 1682 1183 tamdiu

98 1226 347 1284 sustinuit
381 1225 634 1296 patientia
670 1224 807 1292 Dei,
863 1222 1120 1294 quamdiu
1159 1222 1286 1278 boni
1321 1237 1417 1292 per
1448 1220 1502 1275 id
1534 1219 1680 1292 quod

98 1337 187 1380 eos
211 1336 316 1376 non
343 1319 721 1389 imitabantur,
757 1319 976 1389 placere
1019 1325 1337 1387 potuerunt.
1415 1313 1516 1370 Ubi
1550 1328 1680 1368 vero

97 1417 253 1473 etiam
281 1413 408 1470 boni
431 1412 700 1467 malorum
731 1411 1036 1466 imitatione
1058 1408 1301 1479 corrupti
1331 1414 1484 1472 sunt,
1508 1413 1562 1461 et
1586 1419 1684 1475 per

96 1506 384 1565 voluntatis
415 1506 685 1561 defectum
720 1505 772 1559 in
795 1503 1041 1560 eamdem
1080 1501 1375 1571 nequitiam
1401 1499 1683 1569 conspira-

96 1600 174 1654 vit
205 1599 562 1654 universitas:
595 1611 734 1666 quos
765 1598 1026 1666 (excepta
1055 1592 1170 1649 Noe
1201 1592 1398 1662 domo)
1444 1606 1548 1645 una
1582 1589 1681 1644 im—

98 1693 262 1763 pietas
308 1689 643 1762 profanavit,
693 1687 967 1744 sententia
1017 1702 1119 1740 una
1141 1684 1342 1740 delevit
1387 1681 1546 1754 (Gen.
1575 1680 1675 1752 vt).

96 1786 312 1842 Bonitas
355 1792 535 1839 autem
567 1783 665 1838 Dei
697 1797 766 1838 nc
798 1781 877 1836 illi
907 1779 1126 1852 quidem
1157 1776 1299 1848 parti
1334 1776 1525 1841 deluit,
1559 1790 1680 1846 quae

1784 558 2129 628 filiorumque
2152 557 2270 627 ejus
2302 566 2354 612 et
2386 572 2650 621 nuruum,
2676 554 2732 610 in
2757 553 2959 626 quibus
2981 550 3227 607 omnium
3247 564 3383 620 gen-

1786 653 1916 707 tium
1964 651 2323 707 seminarium
2373 649 2791 720 disponebatur:
2819 645 2972 720 (Gen.
3009 643 3143 716 vn),
3177 650 3384 715 quanta

1784 746 1980 800 divinae
2009 744 2199 816 gratia:
2223 759 2388 811 opera
2419 743 2666 799 revelata
2693 742 2826 804 sint,
2867 749 3059 794 sancta
3095 734 3381 806 Scriptura

1785 838 2136 904 manifestat,
2185 835 2313 891 dum
2345 837 2397 891 in
2446 836 2534 891 illa
2579 834 2845 890 miranda:
2886 831 3206 896 capacitatis
3257 841 3387 884 arca

1786 931 2024 987 universi
2078 929 2294 1000 generis
2354 928 2666 983 animalium
2729 933 2996 999 quantum
3049 919 3382 995 reparationi

1783 1032 1868 1080 sat
1896 1034 2015 1080 erat
2038 1065 2053 1090 ,
2103 1023 2402 1092 receptrice
2426 1064 2440 1088 ,
2475 1032 2871 1093 congregatura
2901 1020 2968 1075 ad
3006 1033 3065 1075 se
3091 1031 3255 1072 omne
3288 1016 3385 1070 ho-

1783 1121 1991 1175 minum
2042 1133 2216 1189 genus
2267 1116 2517 1172 Ecclesia
2564 1115 2853 1184 figuratur,
2882 1114 3010 1169 dum
3046 1127 3146 1183 per
3173 1111 3382 1180 lignum

1783 1225 1836 1271 et
1877 1228 2071 1285 aquam
2119 1211 2424 1281 redemptio
2467 1211 2644 1266 crucis
2673 1208 2901 1277 Christi,
2935 1217 2987 1263 et
3029 1204 3238 1261 ablatio
3290 1218 3386 1274 ge-

1784 1308 2086 1384 nerationis
2133 1305 2402 1377 aperitur,
2457 1304 2585 1358 dum
2639 1303 2692 1357 in
2725 1303 2795 1357 iis
2815 1302 2906 1372 qui
2957 1316 3024 1357 ex
3061 1300 3152 1355 illa
3188 1296 3377 1353 mundi

1781 1404 2092 1459 vastatione
2123 1401 2312 1456 salvati
2340 1407 2491 1466 sunt,
2525 1399 2769 1452 omnium
2808 1396 3046 1466 gentium
3089 1391 3376 1463 plenitudo

1782 1496 2160 1560 benedicitur,
2212 1493 2340 1547 dum
2373 1491 2574 1546 donum
2622 1487 2973 1545 fecunditatis
3019 1487 3282 1552 iteratur,
3327 1488 3384 1537 et

1784 1590 1904 1646 solo
1933 1603 2027 1644 esu
2058 1586 2446 1642 suffocatorum
2476 1593 2531 1639 et
2561 1579 2844 1652 sanguinis
2877 1578 3193 1642 interdicto,
3221 1576 3391 1632 liber-

1786 1695 1867 1740 tas
1889 1682 2086 1738 edendi
2118 1679 2261 1752 quod
2294 1677 2576 1748 placuerit,
2608 1683 2862 1746 augetur,
2892 1671 3199 1742 salutisque
3222 1683 3388 1725 secu-

1784 1780 1922 1835 ritas
1949 1779 2003 1832 in
2038 1773 2350 1831 testimonio
2382 1769 2740 1827 versicoloris
2787 1780 2970 1831 arcus,
3019 1765 3123 1819 hoc
3172 1771 3290 1830 est,
3334 1761 3388 1817 in

96 1879 146 1934 in
176 1875 444 1932 charitate
483 1891 590 1930 non
623 1876 796 1944 stetit,
821 1873 965 1930 etab
1001 1872 1158 1926 initio
1187 1870 1271 1926 Stli
1302 1884 1516 1924 veneno
1558 1867 1676 1922 dia-
1711 1875 1758 1936 Β
1786 1875 1944 1945 signo
1999 1866 2353 1925 multiformis
2411 1863 2601 1935 gratim
2657 1867 3019 1916 consecratur
3073 1855 3232 1930 (Gen,
3281 1854 3386 1924 ιι),

94 1971 250 2028 bolici
283 1971 474 2026 livoris
505 1969 778 2024 intumuit.
840 1966 1150 2035 Principem
1182 1964 1328 2021 enim
1360 1962 1539 2034 gentis
1580 1964 1681 2015 im-

94 2066 193 2135 piae
239 2063 414 2120 sancti
462 2062 646 2119 fratris
698 2062 908 2118 meritis
960 2059 1319 2126 invidentem,
1370 2055 1682 2124 cmdemque

95 2159 206 2228 ejus
238 2157 550 2227 parricidali
592 2156 760 2211 corde
788 2153 1171 2217 meditantem,
1219 2151 1472 2222 dignatur
1503 2149 1685 2204 Domi-

97 2266 192 2306 nus
221 2259 452 2322 paterno
480 2249 733 2319 mitigare
759 2247 989 2303 consilio
1009 2287 1022 2312 ,
1074 2245 1262 2300 dicens
1306 2243 1372 2297 ad
1403 2243 1531 2298 Cain
1560 2259 1574 2294 :
1617 2240 1686 2296 Ut

94 2345 216 2417 quid
249 2347 422 2401 tristis
453 2344 627 2400 factus
654 2345 749 2400 es?
792 2353 849 2398 ut
880 2342 1008 2413 quid
1039 2339 1277 2395 concidit
1306 2339 1489 2392 vultus
1524 2336 1686 2392 tuus?

95 2438 277 2495 Nonne
305 2438 353 2494 si
386 2449 537 2494 recte
581 2435 817 2503 offeras,
878 2447 1026 2490 recte
1084 2445 1264 2487 autem
1311 2447 1418 2487 non
1450 2431 1683 2499 dividas,

97 2531 359 2601 peccasti?
395 2531 654 2600 Quiesce.
713 2528 799 2585 Ad
847 2538 896 2582 te
935 2527 1078 2584 enim
1123 2527 1228 2580 erit
1254 2525 1541 2580 conversio
1569 2523 1689 2594 ejus

97 2637 148 2679 et
190 2634 249 2679 tu
287 2623 661 2680 dominaberis
698 2623 838 2694 ejus.
879 2622 1135 2692 Depone,
1171 2619 1377 2689 inquit,
1408 2625 1587 2672 ortam
1619 2614 1690 2670 de

99 2718 318 2774 invidiae
340 2719 693 2774 aemulatione
726 2716 1029 2782 tristitiam,
1063 2725 1113 2769 et
1143 2713 1391 2766 flammas
1420 2710 1529 2764 odii
1565 2723 1692 2764 cru-

99 2813 230 2867 delis
255 2812 566 2883 exstingue.
596 2810 739 2866 Nihil
770 2810 865 2865 tibi
897 2809 1034 2864 Abel
1064 2809 1271 2871 nocuit,
1300 2820 1402 2861 nec
1423 2803 1553 2858 mihi
1578 2801 1692 2872 pla-

98 2907 267 2962 cendo
310 2915 363 2962 te
415 2905 587 2961 laesit:
620 2903 846 2975 despexi
892 2917 1122 2958 munera
1173 2912 1262 2956 tua
1308 2913 1429 2955 meo
1460 2896 1689 2967 judicio,

99 3015 203 3055 non
234 3000 380 3055 illius
410 3009 556 3056 voto.
606 2997 754 3068 Opus
796 2999 940 3053 enim
976 2997 1176 3050 bonum
1211 2994 1553 3065 negligenter
1575 2991 1691 3060 egi-

97 3095 197 3148 sti:
231 3104 378 3148 recta
410 3092 607 3147 fuisset
633 3089 840 3146 oblatio
868 3101 976 3157 tua,
1005 3089 1051 3144 si
1084 3089 1276 3144 fuisset
1308 3100 1455 3142 reeta
1488 3086 1698 3140 discre—

100 3188 188 3242 tio.
232 3188 430 3245 Sciens
460 3187 547 3243 cui
571 3185 818 3256 offerres,
838 3185 979 3240 scire
1001 3182 1413 3253 dcbuerasquid
1446 3195 1690 3236 voveres.

1785 1967 1914 2036 Qum
1944 1965 2132 2034 utique
2164 1959 2426 2033 mysteria
2469 1969 2636 2028 atque
2683 1964 3028 2010 sacramenta
3074 1966 3179 2007 non
3222 1950 3392 2005 unius

1788 2070 1996 2116 tantum
2030 2055 2253 2112 familiae
2285 2050 2646 2123 paucissimos
2686 2059 2811 2104 tunc
2861 2047 3134 2109 homines,
3191 2042 3285 2100 sed
3337 2043 3391 2097 in

1788 2154 1921 2225 ipsis
1969 2165 2164 2207 omnes
2209 2162 2406 2204 eorum
2455 2153 2708 2216 posteros
2748 2139 3096 2206 imbuebant,
3145 2146 3208 2192 ut
3245 2135 3392 2205 quod

1789 2249 2079 2308 eruditioni
2106 2243 2525 2316 impendebatur
2557 2247 2860 2310 parentum,
2892 2236 3190 2306 proliceret
3214 2231 3395 2287 scien-

1791 2346 1880 2401 tia:
1930 2344 2188 2398 filiorum.
2253 2339 2370 2394 Jam
2415 2351 2545 2390 vero
2589 2341 2950 2404 procurrente
2981 2329 3233 2382 humanae
3263 2340 3392 2395 pro-

1793 2437 2095 2510 pagationis
2138 2440 2431 2505 augmento
2452 2472 2468 2497 ,
2502 2445 2628 2484 cum
2659 2429 2769 2498 ipsa
2799 2423 3110 2480 mortalium
3135 2435 3397 2476 numero-

1791 2534 1925 2588 sitas
1975 2531 2043 2585 de
2093 2529 2206 2584 suis
2240 2520 2794 2594 multiplicationibus
2828 2518 3175 2588 superbiret,
3214 2525 3268 2571 et
3308 2529 3396 2571 se-

1793 2625 2033 2683 cundum
2100 2623 2353 2679 elationis
2409 2635 2522 2674 sua:
2583 2615 2926 2670 altitudinem
2978 2612 3121 2668 coelo
3171 2617 3399 2680 cuperet

1795 2720 1994 2776 molem
2027 2716 2337 2773 immodicm
2366 2709 2747 2768 instructionis
2778 2709 3024 2764 inserere
3049 2748 3062 2772 ,
3095 2720 3256 2776 quam
3295 2703 3399 2758 mi-

1795 2813 1979 2871 rabilis
2016 2827 2145 2882 erga
2195 2806 2564 2865 cohibendatn
2611 2803 2750 2859 hanc
2794 2799 3143 2856 insolentiam
3177 2796 3281 2851 fuit
3309 2796 3395 2851 di-

1795 2911 1935 2964 vina:
1965 2919 2199 2962 censura
2219 2900 2486 2974 justitim?
2539 2898 2676 2967 Qua:
2715 2911 2874 2950 unam
2909 2894 3130 2948 illorum
3169 2890 3398 2962 populo-

1797 3020 1915 3058 rum
1964 2999 2231 3070 loquelam
2276 2997 2416 3050 notis
2461 2993 2564 3049 sibi
2617 2991 2848 3046 invicem
2892 2983 3395 3057 significationibus

1796 3102 2194 3153 consonantem
2231 3087 2579 3159 septuaginta
2611 3094 2666 3140 et
2697 3084 2926 3138 duarum
2958 3082 3268 3151 linguarum
3307 3092 3402 3132 va-

1799 3192 2000 3246 rietate
2028 3183 2271 3241 confudit
2296 3181 2450 3252 (Gen.
2482 3179 2560 3251 χι)
2585 3198 2596 3232 :
2631 3186 2761 3232 utet
2789 3178 2932 3229 inter
2955 3172 3209 3229 dissonas
3235 3185 3400 3227 voces

98 3280 209 3338 Non
236 3283 402 3353 digne
434 3283 579 3338 inter
603 3298 689 3336 mc
715 3291 766 3336 et
791 3289 842 3336 te
865 3280 1127 3347 divisisti,
1160 3278 1414 3348 quoniam
1451 3275 1548 3330 tibi
1578 3276 1691 3330 ele-

1800 3281 2146 3354 operantinm
2195 3285 2460 3349 pereunte
2491 3271 2782 3328 concordia
2809 3312 2822 3336 ,
2859 3271 3066 3323 insanae
3098 3265 3401 3321 molitionis

97 3375 265 3431 ctiora
296 3377 558 3432 servasti.
619 3375 767 3430 Tuus
807 3388 937 3444 ergo
976 3373 1062 3427 hic
1095 3387 1252 3426 error
1284 3377 1402 3437 est,
1437 3378 1694 3438 tuumque

99 3482 410 3540 peccatum,
439 3469 682 3541 quiesce,
707 3478 759 3524 et
792 3468 900 3522 noli
941 3466 996 3520 in
1028 3467 1299 3521 insontem
1329 3463 1549 3517 fratrem
1581 3475 1698 3515 rno-

98 3563 236 3629 veri,
274 3563 342 3618 ad
376 3573 432 3619 te
461 3562 641 3634 potius
672 3571 760 3616 tua
783 3561 944 3631 culpa
974 3568 1297 3621 revocetur;
1332 3555 1442 3610 noli
1474 3562 1696 3625 peccato

98 3671 325 3729 regnum
355 3659 412 3712 in
451 3667 504 3712 te
529 3657 682 3724 dare,
716 3656 811 3711 sed
841 3664 893 3711 tu
918 3654 1098 3726 potius
1128 3655 1178 3707 in
1210 3653 1386 3722 ipsum
1418 3665 1573 3705 sume
1601 3648 1699 3704 do-

97 3755 392 3809 minatum.
439 3752 760 3809 Pcenitendo
812 3751 954 3805 enim
1012 3764 1111 3804 nec
1155 3750 1209 3802 in
1259 3746 1436 3818 majus
1490 3743 1700 3799 facinus

97 3851 477 3922 progredieris
499 3896 512 3921 ,
559 3859 614 3905 et
652 3851 721 3905 ab
756 3865 822 3905 eo
849 3851 900 3904 in
931 3865 1039 3920 quo
1071 3859 1122 3904 te
1147 3847 1299 3902 doles
1330 3845 1696 3916 displicuisse,

99 3943 462 3999 mundaberis
515 3941 666 4015 (Gen.
705 3943 802 4012 IV).
860 3942 993 3997 Cum
1025 3955 1155 4010 ergo
1187 3939 1310 3993 talia
1343 3939 1406 3992 ad
1447 3936 1579 3992 Cain
1623 3938 1702 3992 lo-

99 4047 362 4108 queretur
414 4037 597 4103 Deus,
647 4034 914 4106 numquid
956 4035 1272 4104 ambiguum
1317 4041 1401 4087 est
1440 4031 1700 4098 voluisse,

98 4146 254 4196 eum,
301 4139 359 4186 et
387 4137 650 4201 quantum
696 4129 762 4183 ad
794 4127 1050 4183 medendi
1085 4126 1301 4181 modum
1355 4123 1700 4191 sufficiebat,

97 4226 297 4294 egisse,
326 4234 387 4279 ut
415 4223 549 4280 Cain
568 4226 635 4278 ab
660 4224 754 4278 illo
780 4224 1077 4294 impietatis
1109 4221 1294 4276 furore
1319 4220 1707 4290 resipisceret?

97 4318 206 4374 Sed
240 4318 454 4394 malitia
487 4319 738 4388 pertinax
774 4317 902 4371 inde
943 4315 1086 4372 facta
1125 4323 1209 4370 est
1253 4313 1702 4383 inexcusabilior,

97 4410 244 4466 unde
288 4409 488 4465 debuit
537 4424 662 4464 esse
699 4409 1022 4464 correctior.
1081 4407 1147 4463 Et
1171 4409 1358 4478 utique
1387 4405 1707 4478 prmscicbat

98 4504 250 4560 Deus
283 4505 353 4561 ad
386 4518 548 4576 quem
597 4503 758 4559 ﬁnem
807 4503 1130 4559 insanientis
1178 4513 1325 4559 esset
1354 4517 1705 4574 progressura

97 4602 423 4672 conceptio.
482 4599 671 4670 Neque
701 4615 764 4656 ex
815 4615 881 4655 eo
912 4595 1056 4670 quod
1107 4599 1218 4654 falli
1253 4599 1483 4654 scientia
1521 4597 1704 4652 divina

1803 3377 2050 3433 machina
2083 3372 2409 3435 solveretur,
2448 3381 2498 3424 et
2531 3365 2827 3422 habitando
2856 3362 2974 3418 orbi
3007 3374 3275 3416 terrarum
3304 3358 3402 3414 da-

1802 3477 1886 3526 ret
1918 3467 2124 3523 incolas
2163 3465 2318 3519 mula:
2362 3458 2808 3531 congregationis
2845 3462 3150 3526 opportuna
3185 3453 3404 3520 disper-

1802 3569 1905 3623 sio.
1953 3566 2009 3619 ln
2043 3565 2152 3619 isto
2183 3571 2365 3616 autem
2399 3573 2564 3627 opere
2609 3553 2968 3626 providentia:
3010 3550 3102 3604 Dei
3139 3546 3405 3618 praeordi-

1805 3661 2077 3716 nabantttr
2109 3655 2370 3711 miracula
2402 3651 2591 3723 gratia:
2620 3648 2937 3704 christiana:
2961 3689 2974 3712 ,
3021 3659 3142 3714 qua:
3175 3655 3396 3698 omnem

1804 3755 1943 3810 hanc
1971 3750 2365 3820 dispersionem
2398 3746 2448 3799 in
2488 3744 2632 3798 illius
2665 3736 3044 3797 mdificationis
3080 3744 3199 3791 erat
3239 3748 3400 3789 voca-

1808 3860 1926 3906 tura
1975 3845 2329 3917 compagem,
2377 3843 2430 3896 in
2474 3856 2577 3909 qua
2610 3852 2772 3891 omne
2809 3849 2954 3905 genu
2996 3831 3237 3886 ﬂectitur
3267 3829 3403 3898 Deo,

1805 3953 1861 4001 et
1895 3941 2074 3997 omnis
2106 3940 2287 4009 lingua
2323 3932 2638 3992 confitetur,
2675 3927 2932 4000 quoniam
2959 3924 3199 3980 Jcsusoin
3232 3920 3407 3992 gloria

1806 4037 1900 4093 Dei
1953 4033 2130 4088 Patris
2158 4041 2239 4086 est
2269 4025 2498 4102 (Phil-ip.
2536 4022 2616 4094 ιι).
2663 4022 2810 4076 Hanc
2839 4015 3182 4074 latitudinem
3219 4012 3409 4084 gratiae

1807 4132 1859 4186 in
1907 4125 2244 4200 plenitudine
2295 4119 2686 4188 disnositorum
2734 4125 3039 4179 temporum
3073 4104 3399 4173 revelanda‘,

1809 4199 1943 4279 facta
1971 4222 2039 4276 ab
2074 4217 2344 4275 Abraham
2373 4211 2668 4284 promiSsio
2698 4207 2791 4262 Dei
2824 4206 2995 4275 signis
3021 4202 3133 4273 jam
3165 4199 3414 4255 luculen-

1809 4318 2039 4374 tioribus
2083 4309 2359 4367 indicabat
2389 4349 2401 4372 ,
2451 4303 2669 4376 quando
2717 4298 2918 4368 ilhplex
2968 4295 3084 4366 ejus
3115 4291 3416 4358 successio,

1811 4412 1905 4468 filii
1934 4408 2141 4465 scilicet
2184 4403 2367 4461 carnis
2387 4443 2400 4467 ,
2429 4410 2483 4454 et
2514 4397 2606 4453 filii
2639 4389 3047 4466 promissionis,
3078 4383 3416 4442 multitudini

1810 4519 2097 4560 arenarum
2132 4495 2554 4568 comparabatur
2597 4501 2651 4546 et
2698 4487 2965 4550 siderum,
2991 4491 3074 4548 ,ct
3123 4481 3207 4536 vir
3249 4494 3420 4534 senex

1813 4615 1910 4668 per
1939 4610 2206 4652 annosam
2247 4590 2434 4646 uxoris
2468 4583 2819 4640 sterilitatem
2866 4579 2933 4633 ah
2965 4590 3065 4645 Spe
3097 4575 3214 4646 jam
3249 4573 3421 4644 prolis

96 4709 206 4749 non
238 4693 846 4765 poterat,-necessilate
870 4692 1134 4762 peccandi
1169 4691 1466 4760 urgebatur
1494 4689 1703 4743 facinus
1735 4677 1782 4734 ι)
1811 4665 2021 4747 alienus
2050 4686 2201 4759 (Gen.
2239 4697 2354 4742 χιιι,
2391 4678 2502 4749 xxr)
2525 4721 2538 4746 ,
2581 4672 2838 4729 credebat
2871 4668 3132 4725 laudabili
3173 4665 3279 4720 fide
3319 4678 3421 4733 per

96 4789 441 4844 voluntatis:
490 4804 519 4843 a
559 4789 713 4859 cujus
754 4789 938 4858 utique
978 4788 1283 4842 intentione
1314 4797 1477 4856 atque
1511 4783 1707 4840 cfi’eclu

82 4882 283 4954 potuit
313 4881 672 4940 incblumitas
700 4882 834 4937 Abel
866 4882 1036 4937 illtesa
1067 4881 1307 4948 defendi,
1339 4881 1442 4936 nisi
1475 4880 1708 4951 placuis-

98 4987 185 5034 set
219 4980 338 5034 Deo
370 4993 496 5033 cum
525 4992 719 5048 magna
751 4977 910 5033 laude
939 4977 1218 5050 patientia:
1245 4991 1378 5041 suae,
1407 4986 1467 5031 ut
1498 4985 1706 5044 tempo-

99 5073 238 5128 ralis
283 5074 440 5126 furor
471 5072 627 5142 impii
677 5072 830 5126 fieret
862 5080 1166 5141 perpetuus
1196 5069 1556 5138 honorjnsti.
1602 5067 1708 5122 Po-

99 5166 274 5220 Steris
307 5179 445 5218 vero
476 5164 639 5219 istius
667 5158 988 5231 fratricidze,
1035 5165 1282 5233 quamvis
1311 5162 1364 5216 in
1390 5163 1712 5231 progenito-

98 5255 178 5311 ris
209 5257 298 5311 sui
330 5257 580 5311 moribus
607 5256 886 5321 viverent,
920 5269 1216 5324 numquam
1250 5268 1309 5307 se
1347 5253 1584 5306 divinam
1615 5251 1713 5306 bo-

101 5351 342 5406 nitatem
393 5365 622 5422 negasse
655 5350 778 5420 quis
813 5364 919 5403 non
950 5345 1108 5402 facile
1136 5345 1413 5412 advertat,
1450 5344 1496 5399 si
1527 5343 1714 5398 consi-

99 5445 267 5502 deret
320 5453 594 5513 quantum
654 5444 732 5499 eis
784 5441 1045 5513 prodesse
1101 5438 1342 5511 potuerit
1398 5446 1504 5491 tam
1559 5436 1714 5504 longa

102 5538 386 5612 patientia
414 5538 543 5607 Dei,
577 5551 683 5593 tam
729 5537 884 5594 dives
916 5536 1181 5591 bonorum
1217 5531 1602 5598 temporalium
1628 5543 1719 5584 co-

100 5634 232 5706 pia,
302 5641 364 5687 et
421 5631 798 5702 multiplicatae
851 5629 1203 5687 fecunditatis
1258 5635 1368 5681 tam
1424 5636 1717 5680 numerosa

102 5724 481 5798 Propagatio?
527 5725 656 5794 Qtlzc
689 5725 950 5781 beneficia
981 5723 1115 5779 licet
1145 5719 1429 5778 obduratis
1458 5715 1596 5771 nihil
1630 5730 1710 5769 re-

103 5821 280 5878 medii
341 5827 400 5873 et
448 5819 848 5876 emendationis
897 5820 1203 5886 attulerint,
1259 5815 1494 5888 probant
1535 5820 1718 5865 tamen

102 5913 462 5973 aversionem
488 5928 678 5970 coram
713 5929 823 5971 non
851 5913 1052 5971 divina:
1078 5915 1250 5971 fuisse
1281 5902 1718 5968 constitutionis,

1817 4756 2067 4857 germen
2090 4779 2248 4833 unius
2288 4773 2382 4828 filii
2434 4778 2643 4840 patrem
2669 4765 2913 4820 futurum
2945 4777 3068 4818 esse
3100 4775 3161 4816 se
3197 4756 3414 4824 mundi,

1817 4851 2161 4950 prospiciens
2193 4868 2345 4922 illum
2368 4866 2421 4918 in
2453 4862 2662 4917 semine
2688 4875 2790 4913 suo
2813 4900 2825 4922 ,
2861 4859 3030 4911 immo
3050 4851 3421 4922 conspiciens,

1817 4945 1908 5040 qui
1939 4967 2103 5023 dixit:
2153 4961 2431 5018 Abraham
2475 4955 2620 5011 diem
2650 4969 2829 5009 meum
2861 4950 3034 5012 vidit,
3088 4956 3144 5002 et
3193 4945 3419 5015 gavisus

1818 5039 1902 5119 est
1935 5060 2117 5132 (Joan.
2149 5055 2295 5124 vm).
2335 5052 2452 5122 Qua
2479 5049 2586 5106 fide
2622 5048 2899 5102 Abraham
2939 5058 3064 5097 cum
3089 5039 3425 5109 justificare-

1817 5165 1928 5222 tur,
1983 5151 2219 5207 nondum
2267 5147 2583 5204 mandatum
2633 5135 3073 5198 circumcisionis
3101 5141 3417 5203 acceperat,

1816 5249 1912 5306 sed
1964 5261 2086 5302 cum
2136 5251 2286 5298 esset
2333 5241 2386 5295 in
2420 5236 2686 5309 praeputio
2732 5227 3001 5293 naturali,
3054 5233 3307 5297 reputata
3338 5233 3424 5279 est

1819 5342 1955 5397 ﬁdes
1977 5339 2092 5410 ejus
2127 5336 2192 5391 ad
2212 5335 2479 5406 justitiam
2512 5329 2664 5402 (Gen.
2698 5340 2802 5388 xv;
2832 5321 2984 5375 Rom.
3009 5316 3115 5388 Iv);
3149 5327 3202 5398 et
3227 5314 3422 5370 eadem

1820 5434 1957 5490 fides
1979 5429 2314 5502 signaculum
2340 5419 2776 5481 circumcisionis
2802 5423 3095 5482 acceperat
3123 5410 3174 5464 in
3208 5425 3273 5464 eo
3297 5423 3424 5464 cor-

1825 5529 1970 5601 poris
1992 5526 2262 5586 membro.
2291 5537 2388 5593 per
2404 5515 2547 5589 quod
2571 5529 2755 5569 semen
2778 5507 3178 5580 procreationis
3195 5519 3427 5576 perven-

1823 5597 2002 5678 turum
2025 5627 2144 5674 erat
2186 5616 2252 5670 ad
2281 5628 2404 5669 eam
2441 5621 2683 5669 carnem,
2720 5605 2770 5658 in
2806 5617 2911 5672 qua
2943 5601 3061 5656 sine
3092 5597 3298 5654 carnali
3333 5611 3424 5652 se-

1821 5715 1971 5772 mine
2019 5713 2110 5767 Dei
2164 5709 2338 5766 Filius
2388 5707 2529 5759 Deus
2579 5699 2804 5756 verbum
2853 5709 2984 5751 caro
3033 5695 3213 5764 fieret,
3264 5708 3325 5747 ac
3354 5691 3425 5748 de

1823 5811 2058 5868 Abrahae
2104 5807 2212 5862 filia
2245 5803 2410 5860 Maria
2456 5798 2669 5871 virgine
2715 5802 3076 5858 nasceretur,
3132 5787 3429 5858 assumptis

1824 5903 2075 5962 omnibus
2129 5899 2184 5955 in
2238 5897 2400 5968 hujus
2457 5889 2764 5952 nativitatis
2813 5885 3152 5945 consortium
3219 5880 3312 5953 qui
3370 5878 3426 5934 in
