3958 6314
39 343 183 400 ΗΠ

1120 344 1204 398 DE
1246 340 1643 398 VOCATIONE
1684 337 1993 396 GENTIUM
2031 335 2165 396 ΗΒ.
2206 335 2272 395 ΙΙ.

3207 325 3347 386 HIS

34 457 280 527 gratiam
317 457 472 510 istam
509 457 561 511 in
586 471 689 526 qua
721 464 959 523 stamus,
1003 464 1057 511 et
1085 457 1387 528 gloriamur
1432 456 1485 511 in
1541 470 1637 526 spe
1665 452 1896 518 Atiam,
1922 453 1988 506 ad
2020 453 2462 510 lntormatlonem
2493 467 2682 506 eormn
2708 449 2798 520 qui
2826 444 3090 505 credituri
3117 455 3242 502 sunt
3266 442 3342 502 illi

34 549 234 618 glorite
264 549 500 602 filiorum
531 548 626 604 Dei
659 567 672 603 ε
715 563 822 604 non
852 550 1030 604 solum
1075 561 1277 616 autem,
1304 549 1399 604 sed
1442 557 1498 604 et
1526 549 1642 620 glo-

33 642 248 695 riamur
328 642 378 695 itt
447 642 930 710 tribulationibus,
982 643 1218 698 scientes
1271 643 1412 714 quod
1469 644 1642 697 tribu-

36 735 170 788 latio
239 735 552 802 patientiam
604 746 898 805 Operatur,
965 738 1224 807 patientia
1272 747 1455 792 autem
1515 753 1637 808 pro-

33 829 348 896 hationem,
402 829 654 898 probatio
699 845 836 886 vero
890 845 1074 901 spem,
1124 846 1251 900 spes
1291 842 1468 886 autem
1528 847 1638 888 non

32 921 357 989 contundit,
413 924 537 992 quia
591 925 833 980 charitas
883 924 978 980 Dei
1027 925 1221 980 ditiusa
1270 937 1355 981 est
1409 925 1462 980 in
1511 941 1641 981 cor-

31 1014 453 1079 dibusnostris,
502 1031 596 1085 per
639 1015 906 1086 Spiritum
938 1029 1185 1072 sanctum
1217 1022 1307 1089 qui
1353 1019 1512 1074 datus
1557 1028 1639 1074 est

32 1108 194 1163 nobis
235 1107 422 1181 (Rom.
451 1109 532 1180 v).
565 1108 632 1164 Et
675 1111 866 1165 iterum
921 1110 1099 1183 (Rom.
1144 1111 1260 1183 vui)
1298 1130 1309 1165 :
1345 1113 1480 1180 Quis
1539 1127 1637 1168 nos

30 1202 313 1271 separabit
360 1219 386 1254 ιι
419 1202 694 1258 charltate
746 1204 995 1259 Christi?
1047 1204 1396 1260 Trihulatio?
1436 1220 1504 1260 an
1537 1222 1636 1260 an-

30 1295 254 1364 gustia?
287 1311 354 1349 an
387 1297 736 1366 persecutio?
785 1313 852 1351 an
886 1297 1089 1351 fames!
1139 1313 1205 1351 an
1258 1297 1518 1352 anilitas?
1566 1315 1634 1353 an

35 1389 382 1458 periculum?
433 1403 502 1442 an
558 1388 993 1458 gladius?Sicut
1035 1390 1296 1460 scriptum
1350 1391 1636 1459 estthtia

27 1495 260 1554 propter
310 1493 362 1538 te
414 1484 805 1539 mortiﬁcamur
843 1494 951 1539 tota
1005 1485 1119 1551 die,
1149 1487 1402 1540 restituati
1443 1501 1633 1542 sumus

28 1576 169 1630 sicut
202 1589 340 1629 oves
382 1576 674 1630 occisionis
705 1575 823 1647 (Ps.
871 1577 1043 1648 xuii).
1075 1577 1184 1633 Sed
1221 1580 1272 1631 in
1315 1577 1398 1632 his
1459 1578 1636 1636 omni-

30 1669 128 1723 bus
185 1684 540 1738 superamus,
576 1685 673 1740 per
702 1685 825 1726 eum
865 1674 955 1742 qui
1010 1671 1212 1727 dilexit
1261 1688 1381 1727 nos.
1433 1672 1632 1728 Certus

27 1778 145 1816 S'llll
190 1764 342 1816 enim
375 1765 498 1833 quia
529 1779 704 1834 neque
729 1780 898 1830 mors,
934 1781 1110 1837 neque
1140 1767 1272 1832 vita,
1309 1783 1484 1836 neque
1533 1784 1632 1821 an-

1745 545 1798 600 io
1827 546 1990 600 vitam
2022 555 2288 604 aeternam
2322 546 2365 610 (Ι
2398 544 2536 599 Tim.
2567 543 2628 614 t).
2661 541 2791 599 Sive
2815 553 2948 608 ergo
2976 534 3340 600 circumcisio.

1744 635 1857 691 sive
1877 637 2222 706 praeputium,
2241 645 2470 707 peccato
2493 632 2872 691 universaliter
2890 627 3339 697 concludebatur,

1743 746 1991 799 unusque
2019 745 2210 784 omnes
2265 739 2447 784 reatus
2478 727 2877 792 obstrinxerat,
2911 732 2969 784 et
2998 723 3138 780 inter
3168 718 3344 790 magis

1745 824 2246 894 minusqueimpios
2273 839 2435 878 nemo
2451 833 2568 876 erat
2594 821 2684 891 qui
2705 827 2884 889 posset
2906 819 3111 888 absque
3134 813 3340 874 Christi

1742 917 2117 986 redemptione
2161 915 2360 971 salvari
2397 932 2408 967 :
2447 929 2570 984 qu
2600 910 2900 980 redemptio
2932 908 3184 969 universo
3217 919 3339 964 sese

1741 1011 1927 1066 intulit
1948 1011 2168 1075 mando,
2184 1008 2507 1066 etotnnibus
2519 1005 2830 1064 hominibus
2848 1000 3225 1060 indiﬂ'erenter
3252 998 3336 1056 itt-

1743 1104 2398 1173 notuit:quandoquidem
2442 1101 2496 1155 in
2517 1098 2608 1158 die
2651 1095 3100 1168 quinquagesimo
3141 1090 3338 1148 abillo

1744 1195 2128 1265 paschainquo
2152 1210 2215 1250 se
2240 1195 2475 1249 hostiam
2496 1190 2611 1247 Deo
2640 1204 2804 1246 verus
2826 1187 3015 1258 Agnus
3037 1185 3337 1253 obtulerat,

1740 1305 1862 1344 cum
1888 1291 2120 1357 apostoli
2146 1300 2200 1344 et
2229 1289 2318 1358 qtti
2349 1303 2472 1344 eum
2494 1285 2575 1342 eis
2599 1283 2886 1340 unanimes
2927 1290 3107 1348 erant,
3145 1279 3341 1350 repleti

1742 1381 1945 1451 Spiritu
1974 1389 2166 1434 sancto
2192 1380 2390 1449 linguis
2415 1377 2658 1434 omnium
2681 1375 2920 1445 gentium
2942 1374 3332 1444 loquerentur,

1739 1473 2102 1528 conveniebat
2129 1473 2302 1528 excita
2348 1471 2611 1526 mitaoulo
2653 1468 2857 1524 diversi
2885 1467 3106 1538 generis
3159 1465 3337 1523 homic

1740 1583 1866 1621 num
1903 1565 2211 1633 multitudo,
2259 1576 2317 1620 ut
2360 1565 2716 1636 Evangelium
2776 1562 2978 1620 Clu-isti
3022 1561 3073 1620 in
3116 1561 3197 1616 eis
3243 1559 3336 1630 qui

1738 1660 1984 1728 aderant,
2022 1669 2167 1712 totus
2199 1658 2436 1714 nmudus
2452 1657 2686 1714 audiret.
2720 1653 3116 1712 Conﬂuxerant
3144 1660 3331 1708 autem

1738 1751 1902 1823 (sicut
1931 1753 2192 1820 scriptum
2222 1750 2329 1820 est)
2362 1748 2548 1807 Parthi
2577 1761 2630 1806 et
2662 1747 2800 1805 Medi
2826 1763 2839 1800 :
2869 1745 3140 1810 Elamitaa,
3164 1755 3216 1800 et
3240 1760 3312 1814 qn

27 1857 152 1926 geli,
187 1872 366 1926 neque
396 1858 752 1926 principatus,
787 1874 962 1930 neque
993 1859 1269 1925 instantia,
1313 1875 1490 1930 neque
1539 1861 1620 1913 ln-

1737 1845 2036 1901 inhabitant
2107 1844 2578 1912 Mesopotamiam,
2637 1843 2879 1900 iudicatu
2957 1853 3011 1900 et
3053 1840 3336 1910 Cappado-

29 1962 168 2015 tura,
222 1966 403 2019 neque
461 1951 741 2017 fortitudo,
775 1969 950 2023 neque
994 1955 1249 2018 altitudo,
1293 1970 1470 2024 neque
1503 1969 1631 2026 pro-

25 2044 278 2108 fuit-lum,
311 2060 486 2110 neque
535 2055 788 2100 creatura
831 2046 936 2100 alia
978 2047 1178 2116 poterit
1225 2060 1324 2101 nos
1371 2061 1630 2113 separare

28 2153 55 2190 a
88 2139 361 2193 charitate
395 2139 492 2194 Dei
520 2154 641 2210 qua:
673 2151 754 2194 est
789 2141 842 2193 in
865 2139 1083 2195 Christo
1113 2141 1245 2195 Jcsu
1269 2141 1498 2194 Domino
1527 2157 1628 2194 no-

27 2245 158 2287 stro.
220 2233 349 2289 [hec
389 2233 630 2288 charltas
679 2232 872 2288 diﬂ‘usa
914 2249 1012 2303 per
1061 2232 1325 2304 Spiritum
1379 2243 1627 2290 sanctum

31 2328 172 2391 fecit,
200 2341 256 2383 ιιι
291 2329 533 2384 mundus
565 2329 804 2383 lltlelium
846 2329 1109 2384 mundum
1140 2330 1382 2386 vinceret
1433 2331 1630 2399 impio-

29 2438 166 2477 rum.
196 2423 327 2478 lltec
355 2421 587 2477 Neronis
611 2422 1019 2485 crudelitatem,
1045 2423 1338 2477 Domitiani
1364 2423 1625 2489 furorem,

34 2517 439 2586 multorumque
469 2531 589 2586 post
619 2532 716 2572 eos
748 2518 1058 2586 principum
1109 2519 1352 2588 glorioso
1378 2518 1630 2572 innume-

30 2610 275 2664 rabilium
321 2623 620 2681 martyrum
655 2613 764 2666 line
788 2610 1058 2674 confudit,
1101 2609 1341 2664 donante
1404 2609 1627 2665 Christo

31 2701 395 2756 intitatoribus
423 2701 539 2756 suis
561 2702 629 2755 de
667 2702 1141 2770 persecutionibus
1195 2716 1407 2769 regum,
1466 2711 1628 2756 mter-

31 2811 214 2849 narum
240 2805 530 2851 stemmata
564 2812 913 2850 coronarum.

635 2916 862 2974 CAPUT
904 2915 987 2970 Vl.

36 3031 179 3096 Quod
248 3032 484 3087 Christus
537 3047 631 3102 pro
682 3029 916 3086 omnibus
964 3030 1132 3101 impiis
1174 3038 1219 3082 et
1276 3027 1626 3100 peccatoribus

638 3136 868 3182 mortuus
918 3125 1093 3195 fuerit.

1735 1941 1898 2004 ciam,
1931 1937 2163 1995 Pontum
2210 1945 2267 1993 et
2298 1935 2818 2006 Asiam,Pbrygiam
2849 1943 2905 1991 ct
2931 1932 3333 2004 Pamphyliam,

1733 2027 2029 2100 Egyptnm
2057 2037 2112 2084 et
2141 2036 2320 2096 partes
2353 2027 2560 2098 Libyas,
2590 2042 2710 2097 qua:
2753 2035 2838 2082 est
2865 2027 3012 2082 circa
3054 2024 3334 2096 Cyrenen,

1733 2129 1789 2174 et
1818 2122 2044 2178 advena:
2074 2119 2328 2185 Romani,
2359 2119 2531 2176 Judaei
2561 2134 2780 2190 quoque
2803 2130 2856 2174 et
2886 2117 3178 2190 Proselyti,
3203 2118 3336 2172 Cre-

1734 2223 1814 2270 tes
1869 2223 1924 2271 et
1955 2213 2187 2277 Arabes,
2219 2211 2509 2272 audientes
2531 2227 2722 2268 eorum
2778 2209 2979 2282 linguis
3044 2208 3333 2280 praedicari
3371 2229 3374 2232 ·

1734 2305 2006 2377 magnalia
2037 2306 2130 2362 Dei
2158 2306 2300 2375 (Act.
2337 2306 2396 2375 ιι)
2435 2323 2448 2357 :
2487 2319 2722 2375 quorum
2748 2302 3060 2363 testiﬁcatio
3083 2302 3246 2360 etiam
3278 2302 3333 2358 in

1733 2416 1828 2456 eas
1853 2411 2042 2471 gentes
2064 2416 2185 2469 quae
2213 2400 2536 2455 remotiores
2565 2407 2715 2464 sunt,
2748 2397 2910 2468 longe
2951 2397 3170 2467 lateque
3200 2410 3329 2468 pro-

1733 2501 2000 2548 (ειιι-ιοιϊει.
2044 2491 2126 2548 Ad
2153 2494 2309 2559 cujus
2339 2491 2418 2548 rei
2445 2490 2698 2550 eﬁectutn
2728 2490 3002 2546 credimus
3036 2490 3333 2559 providen-

1735 2585 1803 2638 tia
1834 2584 1928 2638 Dei
1955 2585 2182 2640 Romani
2209 2585 2356 2654 regni
2383 2583 2720 2640 latitudinem
2747 2590 3130 2654 praeparatam,
3155 2590 3212 2638 ut
3235 2595 3335 2638 na-

1734 2678 1911 2733 tiones
1943 2676 2202 2733 vocandae
2234 2678 2299 2732 ad
2351 2678 2616 2733 unitatem
2645 2675 2895 2746 corporis
2922 2675 3147 2741 Christi,
3182 2675 3335 2747 prius

1726 2769 1850 2838 jure
1877 2769 2036 2824 unius
2066 2768 2278 2840 imperii
2309 2769 2754 2826 consociarentur
2785 2768 3113 2840 impietatis;
3137 2783 3333 2840 quam-

1737 2863 1815 2918 vis
1842 2862 2015 2930 gratia
2046 2861 2344 2919 christiana
2377 2880 2480 2917 non
2507 2871 2762 2919 contenta
2785 2863 2856 2917 sit
2877 2862 3100 2918 eosdem
3131 2860 3336 2918 limites

1734 2955 1938 3012 habere
1970 2971 2105 3024 quos
2138 2956 2335 3020 ltoma,
2367 2956 2676 3025 multosque
2702 2955 2813 3025 jam
2851 2955 3173 3025 populorum
3215 2968 3337 3009 sce-

1734 3055 1853 3116 ptro
1881 3049 2060 3104 crucis
2092 3046 2298 3103 Christi
2336 3047 2429 3102 illa
2459 3047 2792 3115 subdiderit,
2835 3061 2974 3118 quos
3011 3049 3179 3102 armis
3222 3044 3337 3099 suis

1737 3141 1838 3195 ista
1869 3155 1979 3197 non
2009 3141 2242 3196 domuit.
2272 3141 2406 3210 Qum
2435 3150 2612 3196 tamen
2641 3155 2737 3210 per
2760 3139 3048 3210 apostolici
3081 3138 3339 3194 sacerdo-

96 3219 246 3276 Nulla
295 3220 459 3288 igitur
490 3219 630 3276 ratio
680 3218 962 3276 dubitandi
986 3227 1069 3273 est
1124 3216 1307 3273 Jesum
1349 3217 1622 3275 Christum

1739 3237 1798 3290 tii
1856 3237 2218 3307 principatum
2265 3236 2500 3305 amplior
2533 3235 2671 3290 facta
2700 3243 2788 3289 est
2843 3249 2971 3290 arce
3029 3233 3340 3304 religionis,

33 3314 312 3368 Dominum
347 3324 592 3370 nostrum
628 3327 724 3382 pro
757 3313 939 3386 impiis
965 3321 1019 3366 et
1052 3312 1428 3384 peccatoribus
1476 3327 1630 3366 mor-

34 3419 175 3466 tuum
212 3427 224 3460 ε
262 3425 293 3464 a
331 3425 562 3479 quorum
591 3423 817 3462 numero
861 3407 904 3460 si
948 3406 1146 3476 aliquis
1189 3405 1327 3460 liber
1371 3407 1623 3462 inventus

33 3511 146 3565 cst,
191 3518 301 3559 non
338 3512 422 3558 est
469 3517 566 3574 pro
609 3500 861 3558 omnibus
904 3511 1154 3555 mortuus
1193 3497 1460 3556 Christus.
1517 3499 1623 3556 Sed

34 3611 249 3663 prorsus
287 3613 389 3669 pro
418 3596 671 3652 omnibus
702 3604 949 3652 mortuus
975 3603 1081 3650 est.
1114 3593 1284 3650 Nemo
1334 3610 1464 3666 ergo
1508 3610 1625 3650 om-

35 3688 172 3743 nium
205 3691 487 3748 hominum
508 3700 633 3748 ante
663 3688 1184 3753 reconciliationem,
1212 3705 1331 3762 qum
1358 3703 1452 3758 per
1469 3687 1625 3744 Chri-

34 3783 94 3836 sti
159 3785 480 3856 sangninem
535 3783 673 3839 facta
725 3792 845 3850 est,
903 3799 1012 3838 non
1068 3791 1161 3836 aut
1216 3793 1471 3854 peccator
1532 3791 1627 3838 aut

33 3877 255 3946 impius,
332 3876 548 3934 dicente
594 3875 974 3948 Apostolo:Si
1010 3876 1155 3932 enim
1206 3875 1454 3931 Christus
1503 3890 1627 3931 cum

31 3973 198 4031 adhuc
221 3973 425 4029 infirmi
442 3988 706 4040 essemus,
725 3973 873 4044 juxta
897 3981 1110 4042 tempus
1137 3987 1233 4042 pro
1257 3971 1438 4041 impiis
1480 3987 1624 4027 mor—

35 4076 149 4124 tuus
175 4079 258 4125 est
285 4087 299 4125 :
342 4068 430 4124 vix
461 4068 604 4125 enim
631 4083 730 4142 pro
754 4068 899 4137 justo
926 4066 1046 4138 quis
1077 4066 1325 4132 moritur,
1359 4080 1480 4122 nam
1528 4080 1628 4136 pro

35 4160 172 4214 bono
198 4160 429 4219 forsitan
461 4165 582 4232 quis
610 4160 991 4217 audeatmori.
1042 4157 1400 4214 Commendat
1445 4167 1623 4214 autem

33 4265 178 4310 suam
209 4255 530 4310 t-baritatem
565 4253 707 4310 Deus
737 4253 788 4310 in
815 4252 997 4321 nobis,
1020 4250 1279 4324 quoniam
1310 4250 1355 4306 si
1381 4266 1506 4306 cum
1531 4249 1626 4306 ad-

37 4345 135 4403 lmc
179 4355 498 4419 peccatores
530 4361 796 4416 essemus,
831 4346 1088 4404 Christus
1116 4360 1215 4418 pro
1269 4345 1429 4402 nobis
1479 4361 1627 4400 mor—

36 4447 154 4497 tuus
189 4451 310 4511 est,
345 4442 512 4499 multo
543 4441 713 4512 magis
761 4439 1044 4510 jttsuticati
1098 4440 1149 4496 in
1192 4441 1460 4511 sanguine
1537 4439 1621 4512 ip-

35 4532 140 4589 sius
172 4536 306 4591 salvi
335 4535 540 4592 erimus
568 4534 637 4591 ab
661 4535 738 4589 ira
768 4548 864 4605 per
892 4533 1089 4604 ipsum.
1121 4532 1177 4589 Si
1201 4534 1346 4589 enim
1375 4550 1499 4592 cum
1525 4534 1629 4590 ini-

1739 3345 1901 3397 quam
1952 3330 2089 3386 solio
2141 3330 2448 3402 potestatis.
2493 3327 2649 3395 Quod
2675 3329 2718 3382 si
2763 3327 2926 3394 forte,
2979 3327 3341 3400 quemadmo-

1737 3423 1867 3479 dum
1899 3427 2163 3494 quastlant
2196 3433 2410 3492 gentes,
2442 3423 2586 3492 quod
2619 3438 2727 3477 non
2763 3422 2973 3486 volunt,
3015 3421 3068 3474 in
3113 3435 3340 3476 consor-

1730 3517 1860 3572 tittnt
1917 3517 2148 3572 liliorum
2201 3517 2292 3570 Dei
2323 3517 2572 3572 novimus
2643 3515 2976 3582 atIOptatas,
3027 3514 3100 3570 ita
3172 3515 3338 3568 etiam

1729 3609 1956 3664 nuncin
2011 3607 2278 3664 extremis
2319 3605 2505 3662 mundi
2553 3605 2797 3676 partibus
2835 3611 2964 3658 sunt
3009 3603 3207 3668 aliqua:
3245 3619 3343 3662 na-

1731 3701 1908 3756 tiones
1953 3702 2149 3770 quibus
2187 3699 2424 3756 nondum
2458 3699 2632 3770 gratia
2655 3697 2954 3753 Salvatoris
2983 3695 3163 3752 illuxit
3192 3713 3203 3747 :
3231 3711 3340 3750 non

1728 3793 2056 3865 antbigimus
2106 3795 2268 3848 etiam
2326 3793 2469 3846 circa
2530 3791 2648 3846 illas
2695 3792 2912 3847 occulto
2974 3789 3182 3862 judicio
3241 3789 3339 3845 Dei

1731 3897 1945 3957 tempus
1971 3885 2284 3940 vocationis
2305 3899 2429 3940 esse
2450 3883 2796 3954 dispositum,
2831 3896 2940 3952 quo
2981 3881 3338 3952 Evangeliutn

1729 3981 1872 4053 quod
1907 3979 2151 4036 nondum
2183 3978 2464 4043 viderunt,
2514 3977 2737 4032 audiant
2795 3984 2958 4046 atque
3009 3975 3334 4046 suscipiant.

1729 4073 1936 4142 Quibus
1960 4083 2140 4128 tamen
2173 4059 2262 4130 illa
2293 4085 2544 4127 mensura
2574 4068 2847 4140 generalis
2879 4067 3068 4124 auxilii
3094 4084 3214 4140 qua:
3238 4066 3336 4122 de-

1729 4183 1894 4234 super
1921 4166 2179 4222 omnibus
2210 4179 2426 4233 semper
2457 4163 2775 4222 hominibus
2809 4169 2897 4218 est
2927 4163 3180 4232 praebita,
3228 4177 3338 4218 non

1729 4270 2001 4331 negatur:
2033 4260 2283 4330 quamvis
2337 4267 2444 4312 tam
2476 4258 2678 4312 acerbo
2708 4265 2899 4310 natura
2949 4253 3184 4310 lmmaua
3223 4253 3343 4310 vul-

1732 4371 1862 4411 nere
1886 4353 2125 4410 sauciata
2155 4354 2249 4423 sit,
2282 4364 2343 4410 ut
2389 4351 2456 4406 ad
2491 4351 2858 4422 cognitionem
2912 4346 3006 4403 Dei
3061 4346 3342 4404 neminem

1729 4447 2127 4518 contemplatio
2153 4457 2458 4517 spontanee
2501 4444 2660 4515 plene
2704 4442 2880 4496 valeat
2910 4440 3137 4498 erudire
3161 4483 3177 4511 ,
3234 4440 3342 4495 nisi

1737 4542 2210 4599 obumbrationem
2239 4540 2420 4598 cordis
2469 4553 2600 4596 vera
2651 4536 2742 4591 lux
2775 4534 3134 4601 discusserit,
3177 4548 3340 4601 quam

38 4627 156 4681 11ιὶρί
209 4642 456 4684 θεειξηιιις
506 4625 838 4682 reconciliati
879 4639 1066 4682 sumus
1104 4625 1212 4678 Deo
1258 4641 1352 4695 per
1391 4637 1623 4680 mortem

1737 4634 2066 4692 inscrutabili
2115 4635 2314 4704 judicio
2375 4633 2516 4692 Deus
2567 4630 2753 4702 justus
2797 4639 2854 4685 et
2901 4629 3078 4684 bonus
3105 4643 3211 4680 non
3242 4617 3342 4680 'ita

37 4718 153 4774 Filii
181 4723 324 4794 ejus,
360 4721 524 4776 nntlto
561 4721 730 4792 magis
765 4719 1106 4776 reconciliati
1137 4720 1273 4774 salvi
1308 4721 1512 4777 erimus
1569 4720 1622 4778 in

37 4812 139 4867 vita
174 4815 344 4884 ipsius
389 4814 571 4884 (Rom.
605 4816 680 4885 v).
739 4812 887 4870 idem
924 4823 1105 4868 autem
1131 4813 1425 4882 Apostolus
1472 4814 1523 4867 in
1540 4827 1624 4869 se-

38 4906 206 4962 cunda
231 4908 296 4963 ad
338 4907 654 4964 Corinthios
685 4908 762 4962 ait
792 4925 804 4961 :
845 4904 1099 4964 Charitas
1129 4905 1272 4962 enim
1309 4905 1513 4960 Christi
1537 4921 1627 4959 ur-

38 5007 126 5065 get
151 5015 271 5071 nos,
296 4999 606 5070 judicantes
646 4999 769 5066 hoc,
808 4998 1066 5070 quoniam
1111 4998 1156 5054 si
1195 5013 1337 5052 unus
1380 5013 1476 5066 pro
1511 5013 1631 5054 ont-

41 5090 195 5149 nibus
229 5102 477 5150 mortuus
505 5104 611 5159 est,
657 5107 786 5165 ergo
813 5106 1004 5150 omnes
1026 5093 1222 5148 mortui
1247 5102 1392 5162 sunt,
1425 5101 1482 5146 et
1530 5106 1631 5163 pro

40 5185 288 5242 omnibus
319 5194 567 5242 mortuus
590 5195 693 5252 est,
723 5194 780 5240 ιιι
809 5193 867 5242 et
889 5184 981 5258 qui
1005 5186 1217 5250 vivunt,
1240 5185 1352 5256 jatu
1382 5200 1486 5240 non
1514 5185 1616 5241 sibi

44 5277 245 5348 vivant,
270 5281 363 5337 sed
394 5282 441 5336 ei
470 5281 558 5350 qui
593 5296 692 5350 pro
718 5279 852 5350 ipsis
893 5293 1137 5337 mortuus
1184 5290 1288 5352 est,
1338 5289 1394 5338 et
1442 5296 1628 5336 resur-

42 5372 179 5425 rexit
206 5373 269 5446 (ΙΙ
302 5372 422 5428 Cor.
457 5373 534 5445 v).
580 5373 657 5429 De
697 5388 758 5428 se
806 5373 922 5445 ipso
975 5386 1104 5428 vero
1134 5373 1261 5443 quid
1315 5375 1632 5442 pronuntiet

44 5463 364 5521 audiamus:
411 5465 633 5529 Fidelis,
680 5466 889 5537 inquit,
945 5481 1167 5528 sermo,
1225 5474 1281 5519 et
1337 5467 1481 5520 omni
1541 5481 1630 5520 ac-

43 5557 284 5625 ceptione
330 5559 548 5630 dignus,
601 5559 724 5629 quia
769 5558 1018 5614 Chrisms
1050 5559 1195 5613 venit
1220 5561 1270 5612 in
1297 5551 1440 5614 hunc
1474 5575 1626 5612 mun-

46 5646 163 5701 dum
193 5663 504 5720 peccatores
533 5653 712 5707 salvos
753 5653 962 5716 facere,
1007 5667 1236 5726 quorum
1284 5652 1490 5722 primus
1530 5667 1629 5722 ego

46 5750 180 5796 sum.
213 5744 317 5798 Sed
344 5744 466 5796 ideo
500 5743 930 5800 misericordiam
958 5755 1285 5800 consecutus
1317 5760 1460 5814 sum,
1488 5755 1546 5798 ιιι
1578 5747 1628 5800 in

52 5845 134 5885 me
169 5837 340 5908 primo
368 5838 678 5894 ostenderet
713 5839 962 5897 Christus
995 5842 1153 5896 Jesus
1177 5856 1392 5897 omnem
1425 5842 1633 5914 patien—

1737 4731 2030 4806 praeteritis
2062 4731 2282 4786 sarculis
2302 4726 2762 4800 quemadmodum
2799 4726 2851 4780 in
2879 4722 3194 4782 novissimis
3223 4720 3342 4778 die-

1741 4827 1844 4883 bus
1871 4823 2076 4882 eﬁ‘udit.
2096 4821 2247 4879 Unde
2271 4831 2326 4878 et
2357 4821 2548 4876 beatus
2566 4818 2846 4892 apostolus
2869 4818 3072 4873 Paulus
3092 4813 3341 4868 scribens

1738 4918 2151 4978 Colossensibus
2173 4916 2288 4973 ait:
2316 4915 2626 4986 Mysterium
2663 4913 2806 4984 quod
2838 4907 3217 4966 absconditum
3241 4907 3344 4962 luit

1737 5033 1768 5070 a
1792 5014 2008 5070 saeculis
2035 5021 2092 5067 et
2119 5008 2594 5081 generationibus,
2631 5022 2773 5062 nunc
2803 5016 2984 5062 autem
3027 4999 3342 5057 manifesta-

1742 5113 1856 5160 tum
1877 5112 1962 5158 est
1984 5104 2189 5158 sanctis
2211 5102 2351 5172 ejus,
2384 5101 2581 5171 quibus
2602 5100 2780 5154 voluit
2805 5099 2946 5152 Deus
2975 5103 3131 5150 notas
3161 5091 3342 5148 facere

1742 5196 1962 5253 divitias
1984 5195 2174 5266 gloria:
2221 5193 2550 5250 sacramenti
2578 5192 2736 5262 hujus
2767 5189 2820 5246 in
2859 5187 3134 5259 gentibus,
3193 5183 3340 5255 quod

1739 5298 1823 5345 est
1850 5287 2100 5343 Christus
2149 5288 2202 5340 in
2235 5287 2390 5342 vobis
2421 5300 2546 5354 spes
2585 5284 2774 5352 gloria:
2802 5279 3026 5354 (Coloss.
3051 5278 3118 5350 ι).

2372 5375 2599 5434 CAPUT
2645 5373 2755 5430 ιιι.

1744 5472 2014 5542 Quomodo
2043 5472 2349 5544 mysterium
2371 5467 2654 5524 vocationis
2684 5467 2914 5536 gentium
2939 5461 3202 5535 praphetis
3229 5463 3344 5534 fue-

2169 5565 2236 5618 rit
2267 5563 2527 5634 cognitum
2556 5568 2604 5614 et
2635 5558 2908 5632 apostolis.

1810 5659 2084 5736 Numquid
2127 5659 2232 5716 hoc
2287 5655 2609 5727 mysterium
2661 5653 2824 5708 etiam
2857 5653 3139 5734 prOphetis
3187 5653 3343 5708 inco-

1737 5755 1945 5828 gnitum
1971 5754 2108 5810 fuit?
2135 5758 2191 5806 et
2234 5752 2310 5808 illi
2338 5765 2436 5821 per
2458 5762 2599 5820 quos
2624 5747 2867 5818 Spiritus
2895 5759 3118 5804 sanctus
3150 5748 3348 5818 Inque-

1673 5911 1704 5922 __
1741 5849 1921 5912 batur,
1958 5861 2020 5902 ea
2065 5859 2292 5924 quorum
2318 5843 2386 5899 ab
2413 5840 2544 5915 ipsis
2597 5840 2803 5904 fiebant
2859 5840 3348 5912 denuntiationes,
