3958 6314
697 317 840 378 1119

1717 309 2072 374 APPENDIX
2109 310 2202 368 AD
2240 308 2474 368 OPERA
2515 309 2576 368 S.
2617 307 2970 368 AMBROSII.
3699 323 3771 381 “ﬁ

697 435 1055 495 nesciebant?
1075 437 1194 494 Non
1241 435 1316 492 ita
1339 435 1498 506 plane
1535 433 1952 506 intelligendum
1982 441 2112 504 puto
2129 477 2144 502 ,
2169 431 2286 488 'sed
2315 433 2366 494 A
2391 443 2446 489 et
2473 431 2724 504 gentibus
2749 433 2894 489 Deus
2923 431 3294 504 paenitentiam
3331 433 3390 490 ad
3413 435 3544 492 vitam
3565 438 3666 497 dedit
3685 446 3696 514 (
3715 447 3776 505 Art.

693 531 831 602 ipsis
859 531 1121 602 gentibus
1150 529 1530 586 absconditum
1561 527 1728 584 fuisse
1751 525 2096 600 mysterium,
2142 523 2290 596 quod

697 625 962 683 Dominus
1001 625 1216 696 quando
1247 625 1440 690 voluit,
1473 633 1528 680 et
1557 623 1758 696 quibus
1795 622 1968 678 voluit
2007 619 2286 676 revelavit.

691 718 828 776 Nam
856 719 925 776 de
951 719 1237 777 vocatione
1266 719 1511 790 gentium
1553 734 1674 788 quze
1707 731 1820 772 non
1865 723 2024 772 erant
2057 713 2292 786 populus

695 812 818 880 Dei,
849 821 904 869 et
926 813 1124 884 quibus
1159 813 1312 884 prius
1349 826 1455 868 non
1487 811 1746 867 misertus
1768 819 1883 878 est,
1917 823 2062 866 nunc
2107 817 2290 864 autem

695 905 1013 970 miseretur,
1060 903 1114 958 in
1160 905 1585 960 Deuteronomio
1631 904 1704 959 ita
1755 903 2002 960 dicitur:
2047 901 2114 956 Et
2159 900 2296 956 vidit

695 997 978 1068 Dominus,
1006 1005 1062 1054 et
1083 997 1301 1068 zelavit,
1333 1011 1389 1053 et
1419 999 1592 1054 iratus
1609 1007 1696 1054 est
1723 1007 1948 1068 propter
1979 997 2116 1052 iram
2147 995 2291 1050 ﬁlio-

690 1105 813 1146 rum
845 1105 1068 1146 suorum
1097 1100 1154 1146 et
1181 1089 1437 1158 ftliarnm,
1487 1099 1542 1146 et
1574 1090 1712 1145 dixit
1745 1107 1758 1144 :
1809 1090 2066 1146 Avertam
2095 1088 2292 1144 faciem

697 1197 874 1239 meam
903 1183 973 1238 ab
1003 1181 1087 1238 eis
1112 1227 1126 1252 ,
1152 1194 1208 1238 et
1231 1182 1520 1237 ostendam
1553 1179 1686 1252 quid
1711 1181 1817 1237 erit
1847 1181 1900 1236 in
1953 1179 2254 1235 novissimo
2275 1221 2290 1246 ,

693 1279 822 1350 quia
863 1277 1156 1349 generatio
1175 1292 1435 1348 perversa
1467 1288 1574 1346 est,
1611 1277 1706 1330 ﬁlii
1741 1277 1792 1330 in
1833 1275 2029 1346 quibus
2057 1289 2164 1329 non
2215 1283 2298 1330 est

695 1370 908 1428 fidesin
939 1371 1072 1426 illis.
1123 1370 1228 1441 Ipsi
1255 1371 1310 1426 in
1341 1371 1516 1426 zelum
1565 1370 1948 1440 compulerunt
1993 1385 2080 1424 me
2132 1369 2184 1422 in
2229 1384 2294 1424 eo

691 1464 836 1536 quod
865 1481 973 1520 non
1015 1475 1100 1520 est
1129 1465 1309 1534 Deus,
1343 1465 1696 1520 irritaverunt
1729 1479 1815 1519 me
1849 1464 1903 1519 in
1945 1463 2104 1518 idolis
2157 1461 2295 1530 suis,

691 1567 750 1614 et
777 1573 879 1630 ego
900 1559 954 1614 in
993 1557 1171 1613 zelum
1217 1557 1456 1612 incitabo
1487 1571 1588 1614 eos
1639 1557 1692 1612 in
1740 1572 1802 1612 ea
1860 1572 1979 1627 qua:
2027 1571 2132 1610 non
2178 1562 2298 1610 erat

691 1667 852 1723 gens,
912 1667 1078 1723 super
1133 1663 1298 1723 gente
1363 1651 1656 1723 insipiente
1705 1651 1938 1706 irritabo
1989 1667 2084 1706 eos
2113 1649 2292 1722 (Deut.

698 1743 895 1818 mm).
924 1745 991 1800 Et
1023 1745 1190 1800 David
1219 1747 1333 1800 tunc
1361 1746 1430 1801 de
1479 1745 1791 1800 adoraturis
1829 1744 1998 1800 Deum
2043 1743 2296 1798 omnibus

2394 523 2760 596 x1).Jacobus
2787 541 3004 597 quoque
3027 527 3306 596 apostolus
3335 528 3396 583 de
3415 528 3498 586 hac
3511 534 3780 608 vocationes-

2395 620 2526 676 tium
2559 621 2854 694 dicit(Act.
2887 620 3010 692 xv):
3037 621 3150 678 Viri
3167 621 3390 688 fratres,
3417 625 3561 680 audite
3577 631 3781 690 ωθεεὶωεεεε

2393 715 2640 770 narravit
2665 713 3122 785 quemadmodum
3151 716 3378 786 primum
3410 716 3528 772 Deus
3547 721 3710 778 risitavit
3733 741 3780 781 se

2395 823 2544 864 mere
2569 823 2633 864 ex
2667 807 2924 878 gentibus
2957 809 3212 878 populum
3245 811 3438 866 nomini
3456 826 3534 867 suo
3555 825 3592 868 et
3605 815 3690 872 huic
3723 835 3786 874 eos

2393 903 2624 958 cordant
2665 903 2834 958 verba
2881 901 3292 974 prophetarum,
3347 905 3470 960 sicut
3507 909 3690 978 scriptun
3721 923 3782 968 est:

2395 995 2526 1052 Post
2581 995 2698 1051 haec
2745 1007 3024 1064 revertar,
3071 1005 3128 1052 et
3182 996 3498 1052 reaedificabo
3536 1001 3786 1060 tabernam

2397 1089 2586 1154 David,
2642 1089 2788 1160 quod
2809 1089 3025 1154 cecidit,
3073 1099 3131 1145 et
3175 1090 3353 1146 diruta
3399 1085 3500 1161 eju's
3537 1091 3788 1160 tediticabmt

2397 1185 2604 1254 erigant
2635 1183 2772 1239 illud
2815 1183 2994 1253 (Amos
3021 1184 3135 1254 Ix),
3185 1192 3242 1238 ut
3265 1183 3517 1254 requirant
3545 1189 3674 1241 ceteri

2395 1291 2526 1332 nttm
2561 1275 2874 1342 Dominum,
2917 1286 2967 1332 et
2993 1291 3188 1332 omnes
3231 1287 3414 1347 gentes
3445 1292 3574 1347 super
3599 1294 3693 1348 quas
3715 1281 3791 1336 iure

2395 1379 2572 1426 catum
2591 1379 2674 1426 est
2703 1385 2900 1426 nomen
2921 1385 3126 1436 meum,
3159 1367 3292 1425 dicit
3313 1370 3537 1425 Dominus
3554 1370 3699 1426 faciens
3717 1377 3790 1429 hac:

2397 1473 2582 1518 notum
2603 1479 2630 1516 a
2645 1463 2848 1518 saeculo
2863 1471 2948 1518 est
2975 1463 3204 1518 Domino
3233 1479 3366 1532 onus
3393 1478 3538 1518 suum.
3561 1463 3794 1535 Simoenta-

2396 1575 2506 1631 que
2530 1559 2648 1624 ille,
2677 1559 2764 1614 cui
2793 1573 3115 1630 responsum
3147 1568 3322 1613 erata
3367 1557 3546 1627 Spiritu
3581 1568 3710 1613 sancto
3741 1576 3793 1614 ira

2351 1699 2358 1704 .
2395 1667 2522 1708 eum
2561 1651 2802 1708 visurum
2835 1660 3072 1708 mortem
3103 1652 3412 1724 priusquam
3443 1649 3611 1706 videret
3641 1650 3794 1706 Chrisua

2401 1748 2639 1814 Domini,
2671 1747 2738 1804 de
2767 1747 2946 1803 salute
2967 1747 3214 1804 omnium
3244 1747 3472 1818 gentium
3499 1761 3596 1815 qua
3616 1745 3654 1800 in
3681 1745 3796 1801 ChrlSlri

697 1839 956 1910 gentibus
983 1837 1235 1910 praecinit
1265 1855 1278 1892 :
1323 1838 1526 1892 Omnes
1569 1847 1760 1907 gentes
1803 1852 2174 1908 quascumque
2209 1835 2291 1892 fe-
2325 1829 2372 1890 B
2399 1840 2763 1908 revelabatur,
2793 1839 2908 1895 hinc
2937 1838 3082 1894 dixit
3109 1857 3122 1892 :
3147 1837 3304 1894 Nunc
3327 1837 3522 1892 dimitte
3539 1852 3692 1892 servum
3711 1849 3798 1902 tuta,

697 1933 844 1999 cisti,
898 1933 1122 1988 venient
1161 1941 1216 1988 et
1256 1931 1566 1988 adorabunt
1593 1946 1778 1986 coram
1831 1939 1914 2000 te,
1955 1930 2212 1996 Domine,
2241 1939 2298 1985 et

697 2025 1082 2098 glorificabunt
1121 2041 1320 2081 nomen
1366 2037 1516 2080 tuum
1567 2025 1688 2097 (Ps.
1724 2024 1946 2096 Lxxxv).
1981 2025 2048 2080 Et
2097 2025 2294 2080 iterum

699 2119 844 2175 idem
879 2138 891 2173 :
927 2119 994 2175 Et
1023 2117 1332 2175 adorabunt
1378 2134 1503 2176 eum
1537 2133 1727 2174 omnes
1749 2133 1906 2190 reges
1937 2126 2118 2185 terrae,
2180 2132 2297 2172 om-

693 2229 792 2269 nes
818 2223 1008 2285 gentes
1030 2213 1274 2270 servient
1300 2213 1350 2269 ei
1383 2212 1498 2278 (Ps.
1533 2211 1707 2284 Lm).
1747 2212 1815 2266 Et
1839 2211 2040 2266 iterum
2077 2227 2088 2262 :
2123 2210 2296 2266 Benec

699 2307 950 2365 dicentur
983 2309 1033 2362 in
1068 2308 1185 2379 ipso
1221 2322 1413 2364 omnes
1459 2308 1632 2363 tribus
1660 2318 1848 2372 teme;
1880 2319 2070 2361 omnes
2103 2315 2298 2376 gentes

701 2403 1129 2475 magniﬁcabunt
1175 2418 1299 2459 eum
1346 2401 1564 2474 (Ibid.).
1601 2401 1790 2458 Esaias
1830 2416 2048 2473 quoque
2095 2401 2298 2457 similia

702 2497 1018 2562 annuntiat,
1054 2496 1241 2552 dicens
1273 2513 1286 2551 :
1317 2496 1592 2565 Quoniam
1615 2497 1722 2552 erit
1743 2497 1796 2550 in
1824 2495 2141 2551 novissimis
2183 2495 2300 2552 die-

700 2591 805 2648 bus
833 2592 1156 2648 manifestus
1183 2607 1338 2648 mons
1371 2591 1621 2658 Domini,
1661 2601 1718 2648 et
1758 2592 1953 2646 domus
2001 2589 2097 2645 Dei
2129 2590 2180 2644 in
2212 2605 2300 2644 ea-

701 2686 920 2742 cumine
963 2685 1252 2753 montium,
1313 2694 1369 2741 et
1417 2683 1754 2739 exaltabitur
1791 2698 1956 2754 super
2004 2683 2196 2750 colles,
2246 2693 2302 2738 et

701 2779 926 2835 venient
955 2779 1020 2834 ad
1058 2794 1182 2835 eum
1215 2793 1410 2834 omnes
1433 2785 1623 2850 gentes
1654 2775 1814 2848 (Isai.
1847 2775 1928 2848 tt).
1985 2776 2052 2832 Et
2099 2773 2298 2831 iterum

699 2872 846 2928 idem
879 2889 891 2926 :
929 2872 994 2928 Et
1025 2869 1212 2940 faciet,
1255 2871 1450 2942 inquit,
1487 2869 1746 2924 Dominus
1776 2867 2004 2922 sabaoth
2043 2866 2298 2922 omnibus

701 2967 980 3038 gentibus,
1010 2967 1063 3021 in
1110 2975 1294 3022 monte
1325 2967 1430 3022 isto
1477 2966 1668 3021 bibent
1717 2965 1769 3019 in
1817 2965 2160 3036 jucunditate
2217 2965 2296 3018 vi-

705 3074 860 3128 num,
901 3067 1176 3128 ungentur
1203 3067 1484 3130 unguento
1509 3059 1560 3113 in
1595 3067 1780 3114 monte
1803 3057 1942 3127 ipso,
1989 3058 2300 3112 tradetlttec

707 3152 892 3206 omnia
925 3153 1200 3223 gentibus,
1244 3152 1348 3207 hoc
1379 3152 1524 3206 enim
1569 3151 1861 3207 consilium
1890 3165 2053 3219 super
2107 3166 2298 3208 omnes

2398 1935 2648 2002 Domine,
2679 1933 2980 1990 secundum
3009 1933 3242 1989 verbum
3273 1942 3420 1988 tuum
3449 1934 3494 1987 in
3524 1947 3652 2002 pace:
3673 1933 3800 2001 quur}-

2399 2026 2596 2082 derunt
2641 2026 2786 2082 oculi
2819 2027 2926 2082 mei
2959 2026 3202 2082 salutare
3233 2037 3402 2090 tuum,
3431 2025 3552 2096 quod
3583 2027 3718 2092 paraui
3743 2039 3800 2078 ne

2401 2119 2592 2174 faciem
2625 2123 2870 2174 omnium
2903 2120 3254 2190 populorum,
3280 2119 3454 2174 lumen
3482 2117 3537 2172 ad
3565 2118 3799 2172 revaluisset:

2399 2213 2669 2284 gentium,
2695 2221 2751 2268 et
2779 2213 3008 2284 gloriam
3033 2211 3208 2284 plebis
3235 2222 3342 2267 tute
3371 2211 3518 2267 Israel
3557 2210 3730 2280 (Laeni.
3761 2211 3802 2263 lli:

2399 2317 2454 2361 et
2474 2307 2595 2361 aliis
2621 2307 2948 2361 testimoniis
2989 2305 3398 2375 Seripturarum
3419 2319 3512 2359 non
3537 2304 3662 2358 dubie
3679 2303 3800 2358 demos-

2399 2411 2602 2486 stratur
2631 2403 2792 2458 istam
2809 2402 3164 2472 ditissimum,
3179 2400 3605 2472 potentissimatn,
3623 2397 3804 2468 benignissi-

2403 2511 2546 2552 mam
2601 2495 2832 2568 gratiam
2882 2501 2996 2568 qua"
3047 2497 3102 2550 in
3143 2495 3441 2550 novissimo
3485 2492 3634 2548 mundi
3679 2499 3806 2559 tentare

2406 2605 2604 2647 omnes
2633 2599 2826 2662 gentes
2873 2591 2928 2646 in
2965 2605 3192 2660 regnum
3224 2588 3426 2644 Christi
3453 2595 3680 2651 vocantur,
3715 2585 3808 2654 psa-

2401 2683 2501 2738 bus
2529 2684 2748 2740 sarculis
2777 2685 2830 2740 in
2861 2684 3072 2740 occulto
3103 2683 3198 2738 Dei
3235 2681 3584 2738 absconditam
3611 2679 3726 2734 fuisse
3747 2691 3808 2730 cst-

2401 2777 2548 2834 silio.
2583 2779 2647 2834 Et
2675 2793 2772 2834 cur
2793 2778 2895 2834 hac
2917 2777 3368 2833 manifestatione
3387 2793 3482 2844 qua
3511 2791 3628 2831 nunc
3663 2771 3808 2829 litiliél’Sli

2402 2872 2714 2928 nationibus
2745 2872 3060 2936 innotescit,
3090 2881 3254 2928 antea
3311 2870 3534 2927 revelata
3587 2883 3669 2922 non
3711 2864 3808 2926 fuerit,

2401 2967 2604 3021 nullam
2629 2981 2788 3037 posse
2817 2967 3105 3021 scientiam
3134 2964 3600 3036 comprehendere,
3627 2960 3756 3015 nullam
3779 2959 3810 3009 ia-

2402 3059 2756 3129 telligentiam
2791 3069 3082 3130 penetrare
3113 3077 3125 3112 :
3171 3074 3296 3114 cum
3332 3067 3499 3112 tamen
3541 3054 3650 3110 illud
3677 3049 3810 3124 quali?

2403 3153 2642 3210 bonitate
2681 3153 2776 3209 Dei
2829 3154 3070 3224 piissime
3103 3155 3370 3220 creditur,
3413 3153 3526 3224 quia
3551 3164 3697 3204 omnes

705 3255 902 3316 gentes
935 3243 1096 3314 (luti.
1130 3245 1280 3316 xxv).
1313 3245 1740 3299 Etiterumidem
1774 3263 1786 3298 :
1815 3245 1886 3299 Et
1907 3244 2164 3300 revelabit
2193 3245 2297 3298 Do-
2325 3223 2372 3286 (δ
2406 3263 2504 3304 nes
2529 3223 2872 3304 velitsalvos
2893 3246 3034 3314 ﬁeri,
3069 3247 3200 3303 etin
3241 3223 3551 3316 agnitionem
3577 3243 3751 3299 veritatis
3777 3255 3814 3290 lt"

708 3335 1180 3393 minusbrachium
1198 3354 1352 3392 suum
1377 3349 1625 3392 sanctum
1658 3339 1708 3392 in
1729 3349 2022 3408 conspectu
2053 3341 2294 3395 omnium

703 3430 970 3502 gentium,
1021 3439 1076 3486 et
1122 3429 1386 3486 videbunt
1429 3445 1619 3488 omnes
1669 3432 1807 3488 lines
1849 3441 2010 3487 terra:
2065 3431 2298 3488 salutem

702 3537 826 3594 quae
855 3538 885 3578 a
919 3523 1150 3579 Domino
1179 3533 1262 3578 est
1293 3523 1448 3594 (Isai.
1474 3525 1590 3596 ut).
1623 3523 1694 3580 Et
1716 3526 1912 3582 iterum
1949 3543 1962 3580 :
1999 3525 2142 3581 Ecce
2197 3527 2297 3581 ad—

705 3629 861 3670 vena:
900 3615 968 3670 ad
1001 3623 1053 3671 te
1091 3630 1186 3687 per
1218 3631 1306 3671 me
1332 3615 1620 3684 accedent,
1645 3625 1701 3673 et
1723 3617 1791 3671 ad
1820 3627 1872 3672 te
1904 3617 2108 3688 fugient
2139 3615 2295 3688 (Isai.

708 3708 840 3780 Ltv).
884 3708 950 3763 Et
982 3707 1118 3764 infra
1151 3727 1164 3763 :
1195 3707 1401 3765 Gentes
1441 3725 1560 3780 quae
1611 3717 1664 3766 te
1717 3725 1828 3765 non
1883 3719 2256 3780 cognoverunt
2283 3752 2297 3778 ,

707 3801 1043 3858 invocabunt
1069 3811 1120 3857 te
1152 3817 1167 3856 :
1201 3811 1255 3856 et
1280 3802 1470 3872 populi
1495 3803 1583 3872 qui
1617 3811 1670 3857 te
1697 3803 1966 3866 nesciunt,
1995 3801 2062 3856 ad
2086 3813 2140 3859 te
2169 3817 2300 3858 con-

708 3893 920 3966 fugient
967 3894 1125 3966 (Isai.
1155 3894 1270 3966 ιν).
1322 3897 1464 3952 Osee
1505 3911 1720 3967 quoque
1773 3897 1920 3969 paria
1967 3897 2297 3968 prophetat,

703 3989 891 4046 dicens
939 4008 952 4044 :
981 3991 1046 4046 Et
1075 3991 1180 4047 erit
1209 3991 1264 4046 in
1293 3992 1416 4048 loco
1447 3993 1500 4048 in
1531 4009 1640 4064 quo
1669 3993 1875 4048 dictum
1910 4004 1994 4048 est
2015 3993 2096 4048 eis
2133 4011 2144 4048 :
2179 3991 2297 4048 Non

709 4083 944 4156 populus
997 4101 1148 4140 meus
1203 4099 1319 4154 vos,
1380 4085 1453 4142 ibi
1509 4087 1847 4142 vocabuntur
1894 4087 1990 4143 lilii
2047 4087 2144 4144 Dei
2193 4088 2300 4143 vivi

703 4187 758 4232 et
823 4178 1302 4246 congregabuntur
1349 4178 1460 4249 filii
1507 4178 1656 4235 'Juda
1707 4191 1764 4236 et
1838 4179 1934 4236 ﬁlii
2007 4181 2174 4237 Israel
2244 4182 2298 4237 in

707 4269 942 4340 idipsum
997 4270 1151 4342 (Osee
1179 4271 1245 4344 t).
1301 4273 1364 4327 Et
1413 4274 1654 4329 iterum:
1699 4275 1996 4332 Miserebor
2053 4291 2160 4331 non
2217 4275 2300 4330 di-

714 4361 891 4431 lectui,
953 4374 1008 4418 et
1051 4363 1230 4418 dicam
1289 4379 1396 4420 non
1427 4367 1630 4436 populo
1657 4383 1781 4424 meo
1815 4385 1828 4422 :
1875 4369 2112 4438 Pepulus
2146 4385 2298 4426 meus

702 4469 765 4510 es
848 4463 932 4524 tu,
984 4467 1039 4512 et
1069 4457 1186 4528 ipse
1241 4459 1436 4515 dicet:
1487 4461 1630 4517 Deus
1685 4477 1840 4518 meus
1891 4480 1952 4519 es
2029 4472 2084 4518 tu
2145 4463 2300 4536 (Osee

705 4545 791 4618 tt).
825 4547 939 4606 Sub
987 4553 1252 4620 apostolis
1299 4569 1431 4610 vero
1455 4570 1578 4610 cutn
1627 4557 1664 4611 ii
1706 4558 1796 4629 qui
1829 4557 1882 4613 in
1905 4557 2183 4614 Christum
2232 4575 2294 4616 ex

707 4642 1126 4718 circumcisione
1164 4646 1548 4718 crediderant,
1581 4665 1676 4706 eos
1713 4651 1806 4722 qtti
1835 4653 2068 4723 gentiles
2107 4663 2294 4722 erant,
2325 4629 2380 4690 Β

705 4733 1143 4809 dicebanturque
1193 4743 1560 4812 praeputium,
1599 4745 2056 4814 justiﬁcationum
2111 4747 2300 4818 gratiae

707 4833 1115 4889 arbitrarentur
1143 4837 1435 4907 participes
1462 4853 1585 4896 esse
1609 4855 1714 4894 non
1743 4855 1905 4912 posse
1940 4859 1953 4896 :
1979 4841 2143 4898 docet
2171 4843 2301 4898 bea-

707 4935 795 4981 tus
826 4928 1108 4998 apostolus
1137 4927 1333 4985 Petrus
1360 4947 1521 5002 quam
1565 4933 1890 4990 indiscretus
1935 4936 2076 5006 apud
2125 4935 2295 4993 Deum

706 5029 939 5091 uterque
967 5022 1041 5076 sit
1070 5024 1323 5094 populus,
1360 5025 1404 5079 si
1438 5027 1492 5081 in
1515 5028 1774 5084 unitatem
1799 5029 1924 5084 fidei
1965 5031 2126 5086 ambo
2167 5045 2298 5087 con-

701 5111 976 5167 venerint.
1011 5112 1144 5168 Cum
1177 5123 1380 5180 autem,
1417 5116 1613 5187 inquit,
1644 5120 1932 5189 cmpissem
1966 5120 2136 5191 loqui,
2201 5121 2296 5177 de-

704 5203 838 5260 cidit
905 5205 1139 5277 Spiritus
1189 5219 1410 5264 sanctus
1463 5225 1628 5281 super
1674 5228 1789 5281 eos,
1835 5215 1975 5270 sicut
2007 5225 2061 5270 et
2093 5219 2144 5269 in
2199 5231 2298 5272 nos

707 5300 762 5355 in
818 5301 995 5356 initio.
1055 5301 1393 5360 Recordatus
1450 5322 1566 5360 sum
1626 5317 1808 5362 autem
1865 5310 2017 5364 verbi
2087 5310 2299 5364 Domini

699 5395 846 5450 sicut
903 5395 1119 5454 dicebat
1157 5416 1169 5452 :
1219 5397 1460 5456 Joannes
1501 5400 1726 5472 quidem
1769 5401 2066 5473 baptizavit
2119 5419 2290 5474 aqua,

701 5499 801 5541 vos
845 5497 1028 5544 autem
1081 5490 1494 5562 baptizabimini
1538 5495 1743 5564 Spiritu
1805 5505 2015 5552 sancto.
2074 5498 2130 5553 Si
2163 5513 2296 5569 ergo

700 5577 950 5635 eamdem
975 5585 1206 5654 gratiam
1239 5586 1391 5642 dedit
1417 5587 1524 5642 illis
1553 5588 1695 5646 Deus
1741 5591 1882 5646 sicut
1908 5601 1961 5646 et
1993 5590 2172 5657 nobis,
2203 5592 2296 5662 qui

696 5671 1110 5732 credidimusin
1141 5679 1426 5735 Dominum
1453 5679 1640 5737 Jesum
1671 5681 1974 5752 Christum,
2000 5699 2128 5754 ergo
2171 5685 2294 5755 quis

697 5781 844 5822 eram
875 5770 965 5842 qui
992 5785 1208 5841 possem
1243 5775 1542 5844 prohibere
1578 5779 1784 5833 Deum?
1828 5779 1920 5834 llis
1951 5778 2178 5846 auditis,
2213 5789 2294 5834 ta-

739 5871 960 5928 uerunt,
1006 5871 1062 5918 et
1103 5865 1542 5934 glorificaverunt
1575 5871 1772 5934 Deum,
1805 5871 2051 5928 dicentes
2101 5889 2113 5926 :
2147 5871 2293 5940 Ergo

2401 3341 2521 3395 nire
2550 3340 2592 3412 (Ι
2621 3339 2754 3394 Tim.
2809 3339 2894 3410 ιι),
2929 3356 3038 3396 non
3069 3349 3327 3410 dporteat
3351 3341 3449 3395 nisi
3475 3346 3722 3408 perpetuum
3743 3342 3814 3385 2r:-

2402 3449 2644 3504 numque
2685 3434 2897 3500 sentiri,
2959 3433 3262 3489 secundum
3295 3449 3390 3488 eas
3445 3443 3682 3488 mensuras
3719 3424 3814 3497 quiia

2402 3526 2546 3582 Deus
2576 3527 2714 3582 dona
2739 3526 3018 3597 generalia
3043 3525 3378 3597 specialibus
3401 3526 3535 3581 novit
3551 3521 3752 3579 cumulare
3765 3533 3816 3570 ar-

2403 3621 2623 3676 neribus
2657 3633 2752 3674 :ut
2779 3630 2831 3674 et
2857 3621 2947 3690 qui
2971 3629 3225 3676 exsortes
3269 3620 3458 3691 gratia:
3501 3617 3684 3677 fuerint,

2403 3713 2640 3783 nequitia
2695 3713 3090 3784 redarguantur
3121 3731 3138 3766 :
3165 3723 3220 3769 et
3247 3714 3342 3784 qui
3373 3713 3486 3782 ejus
3513 3711 3686 3767 lumine
3711 3705 3817 3760 éﬂilltr"

2401 3807 2528 3873 rint,
2563 3823 2669 3862 non
2701 3809 2751 3862 in
2785 3823 2885 3862 suo
2913 3807 3128 3873 merito,
3160 3805 3260 3862 sed
3310 3807 3364 3862 in
3396 3805 3606 3863 Domino
3639 3799 3816 3872 gloriemur.

2403 3900 2460 3955 In
2496 3902 2598 3956 hoc
2619 3915 2754 3956 sane
2782 3909 3012 3971 :uthle
3036 3899 3285 3968 quidem,
3316 3899 3410 3955 sed
3451 3907 3608 3952 tamen
3627 3889 3818 3949 rectointzi-

2405 3995 2642 4067 ligentiaa
2705 3996 2922 4050 tramite
2973 4011 3080 4049 non
3131 4010 3325 4066 parum
3381 3989 3672 4049 difﬁcultatis
3709 3981 3820 4056 optes:

2399 4089 2768 4146 consideratio
2799 4089 3168 4158 parvulorum,
3195 4089 3284 4160 qui
3315 4089 3464 4144 nullo
3512 4085 3682 4158 judicio
3709 4079 3820 4134 ratius

2401 4193 2649 4250 utuntur,
2677 4199 2782 4254 quo
2820 4184 3062 4238 auctoris
3109 4183 3196 4238 sui
3237 4182 3496 4240 beneficia
3537 4179 3766 4236 sentientes.
3795 4181 3821 4218 ξεί

2403 4279 2736 4347 agnitionem
2773 4277 2989 4332 valeant
3020 4277 3264 4332 veritatis
3291 4275 3564 4342 accedere,
3595 4267 3822 4326 neci-idenm

2403 4371 2470 4427 de
2487 4371 2736 4442 neglectu
2755 4370 3069 4440 opitulantis
3086 4371 3274 4440 gratiae
3298 4369 3444 4441 juste
3469 4367 3622 4438 argui,
3636 4365 3677 4419 in
3691 4357 3822 4426 illzigrr

2403 4463 2576 4519 rantia
2605 4464 2926 4519 naturaliter
2953 4462 3262 4531 constituti,
3295 4477 3452 4534 quam
3474 4460 3662 4516 dubium
3693 4467 3760 4508 non

2404 4556 2604 4611 nullam
2617 4556 2864 4626 recipere
2887 4556 3192 4622 scientiam,
3212 4555 3416 4610 nullam
3439 4554 3622 4611 sentire
3639 4545 3814 4604 doctum

2976 4647 3204 4704 CAPUT
3249 4647 3384 4704 VIII.

2407 4743 2579 4810 Quare
2606 4753 2750 4798 tanta
2777 4743 3054 4797 multitudo
3110 4759 3214 4797 non
3263 4749 3650 4816 regeneraturum
3673 4729 3824 4804 infami”

2797 4855 2828 4891 α
2855 4845 3098 4908 perpetua
3121 4835 3380 4891 alienetur
3405 4835 3581 4892 saltue.
3821 4911 3824 4914 .

2473 4930 2630 4988 Unde
2657 4946 2777 4987 cum
2823 4947 3014 4987 omnes
3041 4932 3294 4987 homines
3323 4932 3454 4988 velit
3491 4931 3614 4985 Deus
3641 4915 3824 4980 salvosir-

2403 5025 2617 5098 (Ibid.),
2651 5025 2780 5096 quid
2835 5034 2920 5083 est
2965 5027 3108 5095 quod
3137 5026 3412 5082 alienatur
3451 5043 3480 5080 a
3525 5024 3668 5080 salute
3688 5021 3824 5089 pertiti?

2403 5129 2550 5174 tanta
2601 5119 2889 5176 infantium
2914 5121 3234 5188 multitudo,
3269 5131 3454 5192 totque
3502 5122 3548 5176 in
3593 5119 3660 5173 bis
3697 5109 3826 5166 ειειέῒῶ

2401 5212 2679 5268 hominum
2712 5215 2875 5268 millia
2903 5225 3056 5269 extra
3085 5215 3251 5269 vitam
3285 5216 3642 5285 relinquuntur
3658 5209 3824 5263 intervisi

2399 5307 2552 5377 quasi
2577 5306 2643 5361 ad
2677 5306 2778 5362 hoc
2809 5315 3013 5362 tantum
3045 5308 3250 5363 conditi
3299 5310 3409 5365 sint
3461 5309 3524 5364 ab
3547 5322 3624 5372 eo,
3647 5303 3714 5374 qui
3743 5293 3825 5352 trai-

2400 5417 2523 5456 nem
2557 5401 2748 5458 odiens
2774 5405 3004 5470 creavit,
3037 5415 3094 5459 ut
3127 5408 3252 5476 quia
3279 5408 3332 5461 in
3371 5409 3512 5463 hunc
3557 5402 3748 5461 mundum
3775 5401 3824 5444 ιῖέ

2400 5497 2614 5568 peccati
2667 5513 2832 5554 carne
2885 5511 3177 5568 venerunt,
3221 5501 3523 5560 insolubilis
3561 5499 3698 5569 culpa
3720 5492 3826 5544 vim:

2399 5591 2516 5646 sine
2568 5600 2718 5646 reatu
2779 5596 3016 5664 propria:
3055 5595 3288 5650 actionis
3345 5579 3824 5655 inciderentiﬂaidl'?

2399 5684 2743 5756 profundius,
2770 5687 2898 5756 quid
2923 5687 3225 5744 mirabilius
3247 5703 3372 5747 esse
3393 5689 3601 5762 potest?
3621 5669 3824 5753 Nequeta‘i

2400 5777 2480 5833 fas
2497 5789 2600 5842 est.
2635 5796 2732 5835 eos
2760 5781 2850 5852 qui
2884 5785 3316 5853 regenerationis
3349 5801 3456 5841 non
3506 5781 3662 5850 adepti
3697 5777 3824 5827 suntv'

2399 5885 2757 5942 crumentum,
2786 5877 2850 5931 ad
2883 5877 3052 5931 ullum
3107 5879 3398 5934 beatorum
3457 5878 3686 5948 pertinere
3716 5867 3824 5920 causa
