3958 6314
50 298 170 360 ῃξῃ
1067 283 1157 341 DE
1197 277 1590 342 VOCATIONE
1629 276 1944 342 GENTIUM
1984 278 2116 340 LIB.
2158 279 2226 340 ll.
3162 275 3305 336 "22

46 414 184 466 tium.
237 404 302 459 Et
327 400 494 472 magis
542 397 890 468 stupendum,
925 399 1206 470 magisque
1253 400 1327 454 sit
1381 401 1598 466 mirum,
1631 403 1682 464 Α
1710 408 1855 458 rcut.
1884 397 1980 452 sed
2007 407 2061 453 ut
2086 398 2325 469 generali
2356 395 2682 456 necessitate
2723 393 2957 463 variata,
2989 406 3184 452 causas
3205 393 3308 449 sibi

43 502 170 571 quod
219 498 301 552 ubi
330 495 469 550 actio
496 509 599 548 non
631 490 876 560 offendit,
909 490 1000 545 ubi
1052 490 1336 546 arbitrium
1389 506 1495 546 non
1520 506 1606 546 re-
1708 489 1972 544 Dominus
2025 490 2376 561 indulgentia:
2407 491 2882 562 corrcptionisque
2912 495 3178 555 servaret,
3221 501 3308 542 es-

41 594 188 659 sistit,
217 591 300 645 ubi
330 587 510 644 eadem
537 585 770 650 miseria,
814 584 1005 639 similis
1043 583 1408 647 imbecillitas,
1441 597 1604 638 causa
1707 588 1896 652 setque
1920 581 1970 635 in
2003 597 2110 636 uno
2136 585 2379 639 omnium
2409 583 2595 640 debito
2619 583 2764 654 quod
2797 592 2853 638 et
2882 581 3200 638 misericors
3223 594 3312 636 re-

41 684 325 742 communis
374 687 486 746 est,
520 694 624 734 non
679 693 844 733 unum
873 692 996 733 esse
1044 677 1112 732 de
1145 686 1292 732 tanta
1339 677 1608 747 parilitate
1706 674 1990 742 mitteret,
2037 683 2092 729 et
2135 674 2320 746 justus
2365 679 2632 749 exigeret.
2689 675 2822 732 Cum
2874 675 3037 748 igitur
3082 673 3224 745 justa
3255 682 3313 729 et

36 776 321 850 judicium;
351 781 404 827 et
441 771 628 842 quales
684 770 946 839 reprobat
975 769 1269 836 abdicatio,
1304 769 1444 823 tales
1476 767 1607 822 ado-
1708 771 2055 840 omnipotens
2086 771 2425 841 providentia
2474 772 2570 829 Dei
2602 769 3012 828 incessabiliter
3057 769 3312 824 universa

41 869 372 943 ptatclectio.
408 866 795 922 Verumtamen
851 865 920 920 de
947 863 1049 920 hac
1078 864 1364 918 altitudine
1405 862 1609 918 discre-
1708 860 1997 933 dijudicct,
2027 871 2082 918 et
2107 877 2273 919 nemo
2322 865 2376 918 in
2427 864 2570 920 hunc
2593 863 2855 920 mundum
2885 861 3091 927 veniat,
3132 873 3313 931 neque

41 966 188 1020 tionis
219 964 310 1018 Dei
363 976 467 1016 non
513 960 929 1017 conturbabitur
959 971 1347 1023 cornostrum,
1374 959 1419 1013 si
1453 957 1606 1013 ﬁrma
1709 957 1778 1012 ab
1804 959 1906 1012 hoc
1958 958 2160 1013 mundo
2213 967 2392 1022 exeat,
2427 961 2531 1014 nisi
2575 974 2641 1014 eo
2695 965 2818 1014 ortu
2849 967 3011 1029 atque
3057 955 3312 1024 decessu,

39 1068 86 1116 et
122 1058 290 1114 stabili
333 1057 436 1113 fide
487 1071 649 1110 omne
675 1054 939 1126 judicium
973 1055 1066 1111 Dei
1104 1054 1311 1125 justum
1339 1068 1462 1110 esse
1492 1067 1611 1109 cre-
1710 1064 1870 1120 quem
1904 1065 2083 1105 rerum
2115 1049 2341 1119 {arbiter
2393 1050 2691 1105 secundum
2754 1050 3081 1104 altissimam
3137 1046 3316 1102 scien-

41 1153 238 1218 damus,
263 1167 361 1207 nec
409 1161 725 1222 appetamus
755 1149 962 1206 habere
1010 1150 1308 1221 cognitum,
1344 1147 1612 1220 quodvo-
1713 1145 1844 1198 tiam
1878 1160 2032 1198 suam
2081 1145 2518 1214 sapientiamque
2547 1143 2818 1209 decernit,
2847 1144 2992 1198 sicut
3049 1142 3312 1212 scriptum

41 1246 128 1303 luit
173 1260 289 1302 esse
336 1254 602 1301 secretum
631 1260 646 1309 ;
686 1252 746 1298 ut
785 1245 874 1299 ubi
927 1243 1243 1314 investigari
1291 1257 1397 1298 non
1433 1250 1611 1312 potest
1712 1247 1796 1294 est
1824 1239 1876 1293 in
1907 1239 2052 1292 libro
2083 1238 2186 1294 Job
2218 1256 2228 1292 :
2261 1238 2396 1307 Quis
2425 1239 2639 1308 ignorat
2666 1237 2812 1306 quod
2847 1237 3031 1291 omnia
3055 1234 3172 1290 haec
3200 1248 3317 1288 tua-

40 1354 192 1410 quare
222 1340 288 1393 ita
309 1337 534 1409 judicet,
559 1336 800 1393 sufﬁciat
830 1337 970 1392 scire
991 1337 1115 1407 quis
1143 1335 1371 1406 judicet.
1407 1336 1610 1402 Quam-
1713 1347 1815 1387 nus
1849 1333 2062 1387 Domini
2086 1331 2312 1398 fecerit,
2337 1332 2392 1386 in
2422 1331 2582 1402 cujus
2614 1345 2778 1385 manu
2803 1330 2984 1385 anima
3030 1329 3210 1384 omnis
3239 1326 3320 1382 vi-

41 1446 186 1502 quam
233 1445 335 1484 non
380 1431 449 1484 ita
506 1429 951 1501 incoguoscihilis
1005 1429 1104 1484 ista
1150 1429 1220 1483 sit
1265 1429 1515 1499 quaestio,
1552 1437 1614 1483 ut
1711 1429 1893 1485 ventis
1918 1437 1972 1483 et
1990 1428 2214 1499 spiritus
2237 1428 2508 1483 universae
2531 1428 2720 1482 carnis
2750 1424 2986 1480 hominis
3007 1425 3148 1496 (Job.
3185 1420 3321 1494 xu)?

41 1522 162 1578 nihil
190 1523 258 1577 sit
285 1521 424 1592 quod
469 1521 534 1577 de
557 1538 619 1577 ea
647 1522 972 1578 eruditionis
1001 1522 1273 1592 possimus
1301 1522 1609 1592 acquirere,
1715 1521 1786 1577 Et
1818 1523 2014 1577 iterum
2051 1539 2064 1576 :
2111 1522 2311 1578 Breves
2342 1521 2460 1577 dies
2507 1520 2746 1576 hominis
2798 1529 2944 1585 sunt,
2978 1527 3033 1574 et
3063 1531 3323 1573 numerus

41 1616 81 1669 si
103 1614 161 1669 ad
185 1615 662 1684 contemplandum
688 1614 737 1669 id
766 1615 910 1685 quod
932 1615 1107 1668 videri
1133 1622 1333 1685 potest,
1353 1614 1614 1684 tranquil-
1716 1613 1923 1670 dierum
1951 1615 2070 1684 ejus
2102 1615 2245 1685 apud
2273 1625 2323 1670 te
2349 1623 2434 1670 est
2458 1632 2470 1668 :
2495 1615 2618 1685 quis
2655 1613 2852 1668 audeat
2881 1627 3074 1668 causas
3096 1625 3322 1680 eperum

40 1709 115 1763 lus
141 1708 296 1765 sobrii
327 1707 506 1763 cordis
529 1708 854 1763 adhibeatur
878 1709 1125 1762 intuitus.
1151 1707 1287 1762 Cum
1313 1708 1458 1763 enim
1480 1721 1611 1760 con-
1685 1710 1773 1765 ‘et
1805 1709 2161 1765 consiliorum
2191 1709 2313 1780 ejus
2357 1709 2640 1780 inquirere
2671 1707 2824 1780 (Job.
2857 1708 3020 1778 xiv)?
3049 1707 3324 1763 Inscruta-

42 1800 326 1856 sideramus
353 1800 494 1855 inter
537 1815 799 1871 paganos,
825 1800 969 1855 inter
998 1799 1240 1866 Judaeos,
1271 1800 1411 1854 inter
1443 1799 1618 1854 haere-
1645 1795 1694 1856 B
1723 1801 1833 1856 bile
1862 1802 2006 1856 enim
2037 1808 2148 1866 est,
2188 1799 2458 1869 valdeque
2505 1807 2776 1856 secretum
2831 1814 2929 1855 cur
2971 1798 3139 1853 tantis
3167 1797 3329 1852 diﬁc-

44 1896 185 1961 ticos,
215 1897 353 1951 inter
393 1897 539 1967 ipsos
569 1897 871 1952 catholicos
902 1895 1232 1951 christianos
1251 1911 1410 1966 quam
1439 1896 1621 1950 multi-

49 1989 159 2059 plex
191 1997 372 2058 pereat
397 2003 660 2045 numerus
693 1988 1066 2058 parvulorum,
1094 2003 1232 2060 quos
1257 1999 1522 2059 quantum
1554 1987 1621 2044 ad

49 2084 281 2153 preprias
304 2083 541 2154 pertinet
584 2084 918 2150 voluntates,
947 2099 1122 2155 neque
1149 2085 1350 2139 bonum
1391 2084 1618 2155 aliquid,

45 2191 206 2245 neque
238 2176 437 2231 malum
476 2186 695 2232 constat
750 2177 970 2248 egisse:
1025 2176 1290 2232 discimus
1337 2193 1500 2246 super
1529 2192 1624 2234 eos

46 2268 179 2325 illam
233 2286 448 2326 manere
499 2272 852 2337 sententiam,
900 2287 1063 2342 quam
1097 2276 1392 2327 humanum
1451 2287 1626 2344 genus

43 2363 472 2431 praevaricatione
501 2365 660 2430 primi
687 2365 931 2435 parentis
951 2365 1190 2435 excepit,
1213 2367 1371 2437 cujus
1402 2376 1628 2422 senten-

43 2454 122 2508 tiae
145 2455 285 2526 rigor
305 2457 431 2512 dum
461 2457 627 2513 etiam
650 2459 792 2514 circa
826 2458 960 2514 tales
982 2475 1089 2513 non
1113 2459 1430 2527 resolvitur,
1465 2474 1626 2530 quam

45 2564 284 2620 magnum
318 2552 446 2606 illud
478 2561 762 2624 peccatum
809 2554 972 2608 fuerit
1002 2554 1429 2611 demonstratur.
1457 2554 1628 2611 Nemo

48 2653 212 2699 autem
262 2656 545 2715 putaretur
600 2662 708 2701 non
754 2648 1014 2703 innocens
1080 2648 1253 2714 nasci,
1303 2648 1409 2703 nisi
1461 2648 1628 2704 etiam

51 2738 230 2792 talibus
257 2753 376 2795 esse
428 2741 652 2794 noxium
701 2755 809 2795 non
867 2741 1103 2796 renasci.
1135 2741 1212 2797 De
1241 2741 1631 2797 immaturitate

46 2845 166 2886 vero
191 2834 377 2889 mortis
403 2849 508 2889 non
543 2843 631 2890 est
670 2836 812 2890 ratio
860 2836 1252 2907 conquerendi,
1304 2851 1426 2892 cum
1461 2837 1631 2892 semel

44 2923 92 2978 in
123 2935 362 2982 naturam
398 2938 647 2983 nostram
675 2944 774 3000 per
801 2939 1084 3000 peccatum
1119 2931 1362 3001 ingressa
1391 2930 1632 2986 mortali-

45 3024 119 3072 tas
142 3020 432 3076 obnoxium
474 3021 581 3078 sibi
601 3037 816 3078 omnem
855 3024 983 3079 vitae
1011 3034 1214 3079 nostra:
1247 3025 1433 3080 fecerit
1464 3025 1628 3080 diem.

44 3108 192 3165 Esset
243 3112 407 3180 enim,
462 3114 725 3186 quoniam
778 3115 1076 3170 secundum
1125 3115 1359 3186 aliquem
1413 3115 1632 3171 modum

1725 1897 1918 1951 rentiis
1948 1895 2191 1951 conditio
2224 1895 2457 1950 humana
2490 1895 2701 1949 variata
2731 1894 2828 1950 sit.
2858 1893 3020 1949 Illum
3050 1892 3120 1948 ab
3149 1890 3332 1947 infan-

1726 1991 1795 2044 tia
1827 2005 1998 2061 usque
2046 1990 2100 2045 in
2135 1998 2478 2044 senectutem
2534 1988 2776 2058 longaeva
2806 1987 2986 2057 carpit
3013 1985 3328 2050 infirmitas,

1725 2099 1827 2140 nec
1855 2085 2001 2139 inter
2023 2091 2444 2155 perseverantes
2476 2081 2700 2137 dolores
2730 2090 2947 2136 statutae
2976 2079 3162 2136 deﬁcit
3195 2089 3335 2133 tem-

1725 2192 1826 2248 pus
1857 2177 2056 2232 aetatis.
2099 2176 2254 2233 Illum
2297 2176 2526 2247 integris
2577 2176 2848 2231 valentem
2904 2174 3111 2229 viribus
3158 2185 3331 2227 anno-

1727 2270 1980 2326 sissimns
2019 2271 2176 2343 vigor
2220 2279 2464 2342 vegetat.
2495 2269 2636 2325 lluic
2684 2269 2737 2324 in
2781 2267 3013 2340 pueritia
3072 2266 3193 2321 ﬁnis
3223 2273 3329 2334 est,

1728 2365 1808 2420 illi
1840 2367 1891 2420 in
1922 2364 2314 2421 adolescentia.
2349 2364 2488 2420 Huic
2509 2364 2650 2420 ultra
2671 2363 3021 2434 juventutem
3069 2377 3175 2416 non
3200 2359 3334 2415 licet

1731 2458 1988 2530 progredi
2017 2477 2028 2512 :
2066 2459 2140 2512 illi
2166 2457 2510 2528 impossibile
2535 2467 2618 2512 est
2649 2472 2822 2527 usque
2863 2456 2929 2511 ad
2962 2453 3217 2526 loquendi
3245 2468 3335 2507 ru-

1730 2552 1970 2607 dimenta
2007 2550 2392 2622 grandescere.
2445 2550 2592 2618 Quas
2616 2549 2740 2604 vita:
2781 2560 2958 2604 metas
2987 2545 3338 2602 multiformi-

1732 2652 1816 2700 ter
1871 2645 2169 2714 inaequales
2223 2644 2403 2700 minus
2454 2643 2683 2700 acerbas
2726 2642 3072 2712 experiretur
3129 2639 3335 2695 caduca

1734 2737 2039 2793 mortalitas
2065 2780 2080 2804 ,
2129 2738 2174 2792 si
2228 2735 2518 2808 praesentis
2551 2745 2761 2792 tantum
2794 2733 2976 2790 saeculi
3006 2733 3339 2790 detrimenta

1733 2839 2036 2903 pateretur,
2074 2838 2128 2885 et
2154 2845 2261 2885 non
2293 2831 2344 2885 in
2376 2839 2610 2885 aeternas
2638 2830 2893 2886 miserias
2918 2828 3205 2894 caderent,
3235 2827 3332 2898 qui

1734 2925 1864 2980 hinc
1905 2925 2028 2980 sine
2050 2925 2268 2980 lavacro
2296 2924 2736 2998 regenerationis
2783 2923 3046 2979 exissent.
3075 2921 3180 2979 Sed
3213 2922 3339 2978 curri

1734 3020 2108 3076 inscrutabilis
2154 3021 2224 3074 sit
2253 3035 2419 3075 causa
2449 3028 2558 3074 tam
2589 3018 2860 3074 donorum
2890 3033 3012 3090 qua:
3038 3017 3208 3088 gratia
3243 3014 3340 3070 tri-

1735 3115 1877 3182 buit,
1905 3131 2066 3187 quam
2097 3114 2440 3170 miseriarum
2465 3129 2604 3185 quas
2628 3123 2818 3169 natura
2841 3113 3142 3184 promeruit
3172 3128 3186 3166 :
3222 3113 3340 3183 ipsa

43 3200 357 3260 immortalis
401 3206 509 3262 dici
540 3207 706 3261 homo
746 3216 950 3277 posset,
987 3209 1030 3263 si
1063 3219 1207 3262 esset
1255 3219 1465 3280 tempus
1488 3210 1628 3265 intra
1656 3194 1702 3257 Ο
1736 3224 1836 3264 nos
1879 3207 2258 3279 intelligentiae
2285 3205 2584 3261 difﬁcultas
2627 3205 2693 3262 ad
2721 3217 2966 3262 nostrum
2989 3205 3216 3262 remittit
3242 3220 3344 3259 au-

43 3299 172 3366 quod
205 3301 337 3355 mori
369 3302 600 3356 omnino
648 3317 757 3356 non
791 3311 1000 3370 posset.
1055 3300 1160 3357 Sed
1190 3318 1480 3373 numquam
1504 3318 1630 3357 cor-

41 3392 212 3462 ruptio
240 3393 315 3449 ita
339 3395 772 3465 incorruptionis
801 3404 885 3451 est
905 3395 1200 3466 particeps,
1241 3405 1300 3450 ttt
1359 3411 1466 3451 non
1490 3412 1632 3452 sem-

41 3500 134 3556 per
159 3489 457 3546 obnoxium
487 3492 560 3546 sit
589 3489 881 3546 defectioni
920 3490 1064 3561 quod
1119 3490 1352 3546 debetur
1399 3490 1635 3546 occasui.

41 3580 169 3638 Vitae
217 3584 375 3655 hujus
430 3584 790 3657 principium,
826 3586 1020 3640 mortis
1068 3585 1355 3641 exordium
1385 3592 1508 3642 est:
1538 3601 1640 3642 nec

42 3676 183 3746 prius
211 3678 400 3750 incipit
427 3677 623 3752 augeri
653 3687 786 3734 tetas
816 3687 1025 3746 nostra,
1059 3693 1219 3750 quam
1250 3678 1442 3734 minui.
1473 3678 1571 3733 (lui
1594 3677 1641 3733 si

42 3771 159 3840 quid
187 3771 441 3844 adjicitur
470 3773 636 3844 spatii
677 3773 1019 3843 temporalis,
1070 3789 1177 3827 non
1202 3773 1268 3828 ad
1303 3773 1406 3828 hoc
1431 3772 1643 3828 accedit

42 3872 352 3934 utmaneat,
382 3867 480 3923 sed
513 3866 570 3921 in
603 3865 704 3921 hoc
734 3865 929 3922 transit
958 3874 1020 3921 ut
1067 3875 1275 3936 pereat.
1331 3864 1482 3933 Quod
1511 3879 1643 3936 ergo

42 3957 266 4016 abinitii
313 3963 396 4015 sui
426 3959 518 4016 die
571 3959 804 4014 mortale
827 3966 932 4023 est,
969 3959 1212 4030 qualibet
1261 3957 1475 4014 occidat
1529 3957 1641 4026 die,

43 4067 143 4107 non
171 4066 360 4110 contra
416 4055 596 4124 legem
631 4052 988 4108 mortalitatis
1035 4052 1342 4116 occumbit,
1377 4066 1477 4106 nec
1526 4067 1646 4106 um-

43 4160 196 4216 quam
222 4148 272 4204 ei
304 4148 545 4203 vicinius
573 4155 655 4200 est
687 4161 850 4216 posse
897 4145 1106 4211 vivere,
1133 4160 1292 4216 quam
1322 4159 1483 4214 posse
1504 4143 1646 4198 deﬁ-

42 4250 178 4296 cere.
211 4241 474 4310 Quamvis
503 4251 688 4296 autem
721 4254 787 4294 ex
821 4253 926 4294 una
948 4254 1113 4295 causa
1167 4237 1411 4294 omnium
1469 4238 1648 4294 homi-

43 4349 166 4390 num
195 4338 264 4391 sit
296 4345 415 4392 orta
458 4334 791 4402 mortalitas,
814 4349 922 4390 non
955 4333 1008 4389 in
1040 4349 1204 4389 unam
1235 4343 1438 4402 tamen,
1475 4333 1567 4388 sed
1593 4332 1647 4387 in

44 4427 398 4495 multiplicem
429 4426 864 4483 imbecillitatem
888 4426 1262 4495 corruptibilis
1313 4435 1509 4481 natura
1539 4427 1650 4482 dis-

45 4523 296 4579 trahitur.
330 4523 398 4578 Et
431 4523 552 4578 sive
572 4521 798 4586 morbis,
826 4522 943 4577 sive
970 4520 1371 4589 debilitatibus,
1395 4521 1510 4577 sive
1531 4520 1650 4576 vul-

1736 3310 1971 3358 ctorem.
1998 3301 2068 3356 Et
2099 3317 2226 3357 cum
2282 3301 2580 3371 quaerimus
2635 3300 2912 3370 quomodo
2943 3315 3134 3355 omnes
3166 3297 3346 3354 homi-

1738 3411 1837 3451 nes
1867 3396 2050 3450 salvos
2080 3393 2198 3450 ﬁeri
2228 3394 2384 3462 velit,
2411 3393 2508 3465 qui
2533 3410 2639 3449 non
2675 3395 2934 3450 omnibus
2963 3393 3096 3450 illud
3127 3403 3344 3463 tempus

1740 3488 2004 3560 impertit,
2031 3487 2085 3542 in
2115 3503 2222 3558 quo
2269 3503 2368 3558 per
2397 3487 2760 3542 voluntariam
2787 3488 2948 3544 ﬁdem
2975 3485 3342 3558 percipiendae

1741 3582 1930 3652 gratia:
1960 3580 2074 3635 sint
2118 3595 2372 3651 capaces,
2426 3594 2532 3635 non
2563 3580 2870 3650 irreligiose
2899 3580 3139 3636 arbitror
3167 3578 3343 3647 credi,

1745 3691 1925 3747 neque
1957 3675 2412 3730 inconvenienter
2456 3673 2684 3746 intelligi
2720 3673 2862 3746 quod
2909 3674 2999 3731 isti
3049 3688 3346 3746 paucorum

1743 3770 1954 3826 dierum
1988 3768 2239 3824 homines
2270 3767 2337 3822 ad
2378 3767 2526 3822 illam
2562 3768 2871 3839 pertineant
2898 3769 3087 3839 gratim
3113 3779 3352 3838 partem,

1744 3877 1864 3933 quae
1886 3876 2104 3932 semper
2155 3861 2428 3916 universis
2472 3870 2559 3916 est
2605 3861 2848 3932 impensa
2877 3861 3216 3928 nationibus,
3241 3875 3351 3932 qua

1746 3958 1931 4028 utique
1961 3956 2007 4010 si
2043 3955 2182 4011 bene
2209 3968 2400 4010 eorutn
2434 3963 2726 4010 uterentur
2747 3963 3022 4024 parentes,
3054 3953 3216 4010 etiam
3244 3955 3352 4026 ipsi

1748 4066 1845 4121 per
1895 4049 2115 4105 eosdem
2167 4048 2512 4118 juvarentur.
2539 4047 2796 4104 Omnium
2842 4065 3079 4119 namque
3123 4049 3351 4107 exordia

1748 4144 2126 4214 parvulorum,
2155 4151 2380 4211 totaque
2425 4140 2513 4196 illa
2553 4141 2816 4212 principia
2849 4141 3080 4198 necdum
3113 4143 3359 4198 rationa-

1750 4237 1819 4293 lis
1859 4235 2125 4302 infantiae,
2159 4235 2263 4292 sub
2295 4235 2522 4290 arbitrio
2556 4235 2742 4306 jacent
2788 4236 3086 4292 voluntatis
3138 4235 3356 4308 alienae,

1752 4345 1851 4386 nec
1880 4329 1995 4384 ullo
2042 4327 2204 4383 modo
2235 4329 2317 4384 eis
2349 4326 2453 4383 nisi
2505 4343 2602 4398 per
2630 4328 2770 4384 alios
2811 4329 3026 4384 consuli
3059 4338 3262 4401 potest,
3305 4341 3365 4388 et

1750 4433 2102 4496 consequens
2123 4435 2202 4479 est
2227 4423 2351 4478 illos
2374 4423 2440 4478 ad
2466 4438 2657 4480 eorum
2686 4422 2965 4494 pertinere
2993 4424 3360 4495 consortium,

1751 4532 1985 4588 quorum
2032 4517 2116 4571 vel
2168 4526 2323 4572 recto
2353 4515 2439 4570 vel
2472 4531 2643 4585 pravo
2696 4525 2931 4586 aguntur
2960 4516 3176 4574 affectu.
3207 4517 3362 4575 Sicut

45 4616 285 4682 neribus,
320 4631 431 4672 non
457 4615 636 4672 solum
669 4613 797 4668 anni
848 4621 943 4668 aut
967 4628 1184 4670 menses
1213 4613 1297 4668 vel
1327 4615 1445 4670 dies
1467 4614 1648 4670 astatis
1677 4588 1730 4649 Β
1758 4612 1903 4668 enim
1948 4627 2012 4666 ex
2045 4609 2227 4666 aliena
2275 4609 2625 4665 confessione
2677 4610 2928 4678 credunt,
2962 4611 3034 4667 ita
3062 4628 3129 4670 ex
3182 4612 3362 4669 aliena

45 4707 316 4779 humanae,
370 4707 470 4764 sed
503 4715 561 4761 et
604 4720 795 4762 omnes
845 4702 996 4760 horae
1051 4706 1346 4775 omniaque
1378 4716 1653 4762 momenta

45 4802 286 4872 subjecta
341 4810 493 4857 sunt.
548 4799 657 4856 Nec
706 4808 790 4854 est
837 4797 1062 4868 aliquod
1115 4798 1305 4852 mortis
1338 4812 1533 4867 genus,
1563 4806 1657 4853 aut

46 4896 188 4952 ullus
219 4895 464 4952 oheundi
517 4893 738 4956 modus,
769 4891 861 4963 qui
917 4906 1023 4946 non
1067 4891 1208 4946 intra
1242 4890 1653 4947 universitatem

47 4991 362 5045 mortalium
425 4987 482 5043 in
540 4987 777 5058 aliquam
836 4983 1040 5040 incidat
1090 4984 1420 5054 portionem.
1480 4983 1662 5038 Manet

48 5086 190 5141 enim
222 5100 393 5158 grave
416 5082 610 5154 jngum
638 5094 808 5152 super
836 5078 975 5134 ﬁlios
1001 5078 1168 5134 Adam
1200 5093 1233 5132 a
1261 5079 1351 5136 die
1383 5078 1561 5135 exitus
1590 5078 1657 5135 de

48 5185 236 5233 ventre
266 5176 464 5233 matris
507 5188 720 5235 eorum.
757 5174 810 5226 in
843 5169 990 5227 diem
1024 5171 1317 5240 sepulturae
1340 5173 1396 5228 in
1427 5184 1656 5229 matrem

48 5271 288 5326 omnium
320 5267 499 5342 (Eccl.
557 5266 668 5338 η).
701 5263 807 5320 Sed
839 5264 998 5336 hujus
1044 5265 1326 5335 asperrimi
1357 5266 1468 5338 jngi
1523 5282 1660 5339 pon-

49 5364 173 5420 dera
207 5379 317 5419 non
352 5363 429 5417 ita
462 5360 517 5414 in
567 5358 696 5414 Adte
742 5357 878 5414 filios
912 5357 1212 5423 irruerunt,
1257 5367 1316 5413 ιιι
1359 5359 1541 5415 divina
1571 5360 1660 5431 ju-

49 5455 198 5511 stitia
234 5453 375 5510 nihil
420 5452 507 5509 eis
537 5467 649 5507 sua:
673 5449 1036 5508 dimensionis
1055 5450 1364 5519 adhiberet,
1395 5469 1515 5522 quae
1557 5453 1660 5510 de-

50 5547 350 5604 fectionum
408 5544 624 5617 legibus
669 5545 742 5600 ita
790 5545 1066 5600 defectura
1119 5543 1373 5613 subjecit,
1410 5555 1467 5600 ut
1493 5546 1562 5602 ab
1583 5548 1664 5603 eis

53 5645 501 5701 moderationum
562 5656 783 5696 suarum
837 5655 945 5696 non
1000 5650 1272 5696 averteret
1315 5651 1660 5712 potestatem.

51 5734 165 5792 Nec
193 5737 321 5792 ideo
353 5734 549 5790 omnia
603 5747 798 5789 omnes
856 5733 1167 5790 inciderent
1215 5735 1383 5796 mala,
1414 5737 1542 5807 quia
1572 5751 1670 5808 per

54 5845 420 5889 communem
460 5826 835 5884 conditionem
899 5821 1088 5886 omnes
1133 5829 1388 5888 omnibus
1415 5831 1667 5904 subiace-

1760 4703 2080 4759 inﬁdelitate
2131 4710 2226 4757 aut
2290 4701 2726 4757 dissimulatione
2786 4718 2894 4758 non
2963 4705 3212 4760 credunt.
3289 4703 3361 4760 Et

1760 4811 1884 4852 cum
1954 4795 2059 4865 ipsi
2119 4809 2218 4849 nec
2255 4794 2546 4864 praesentis
2607 4793 2734 4850 vitae
2779 4794 3110 4852 desiderium
3149 4795 3358 4852 habue-

1760 4896 1910 4953 runt,
1934 4901 2035 4942 nec
2064 4884 2298 4952 futurae;
2331 4901 2492 4956 quam
2544 4886 2787 4958 ipsorum
2833 4887 3035 4947 factum
3077 4899 3158 4947 est
3185 4889 3358 4959 nasci,

1761 4994 1870 5040 tam
1926 4983 2166 5054 ipsorum
2207 4983 2443 5041 efﬁcitur
2499 5000 2606 5042 non
2664 4988 2898 5045 renasci.
2965 4987 3118 5043 Sicut
3179 4994 3362 5042 autem

1765 5081 1910 5137 circa
1963 5079 2200 5150 majores
2267 5089 2466 5149 praeter
2525 5082 2675 5138 illam
2739 5083 3048 5155 generalem
3129 5082 3360 5154 gratiam

1765 5176 1981 5249 parcius
2037 5184 2199 5247 atque
2237 5175 2506 5232 occultius
2571 5177 2812 5233 omnium
2878 5175 3157 5230 hominum
3199 5175 3367 5234 corda

1768 5273 2093 5343 pulsantem,
2142 5271 2540 5328 excellentiore
2577 5285 2768 5343 opere,
2811 5271 3047 5342 largiore
3104 5286 3365 5344 munere,

1769 5366 2074 5437 potentiore
2135 5366 2340 5422 virtute
2391 5369 2604 5422 vocatio
2643 5363 2892 5434 specialis
2931 5365 3204 5442 exseritur
3236 5406 3252 5430 ,
3292 5366 3371 5423 ita

1769 5461 1930 5518 etiam
1985 5461 2129 5517 circa
2187 5460 2509 5518 innumeros
2579 5459 2834 5530 parvulos
2889 5459 3082 5516 eadem
3143 5461 3372 5520 manife-

1772 5563 1945 5612 statur
1989 5556 2230 5625 electio;
2289 5572 2411 5628 qua:
2474 5553 2689 5624 quidem
2741 5569 2841 5612 nec
2903 5555 3013 5612 illis
3042 5557 3135 5628 qui
3196 5561 3374 5618 renati

1772 5665 1881 5706 non
1944 5658 2091 5716 sunt,
2134 5651 2189 5706 in
2256 5649 2573 5721 parentibus
2639 5646 2832 5716 defuit,
2894 5647 2992 5705 sed
3048 5647 3115 5706 iis
3139 5652 3231 5722 qui
3285 5667 3376 5709 re-

1775 5744 1887 5800 nati
1917 5753 2066 5813 sunt,
2098 5759 2210 5815 prae
2240 5743 2560 5815 parentibus
2591 5742 2792 5810 adfuit;
2821 5744 2893 5799 ita
2927 5753 2986 5801 ut
3013 5745 3198 5802 mttltis
3223 5759 3375 5817 saepe

1775 5852 1913 5908 quos
1945 5852 2172 5896 suorum
2198 5837 2452 5910 impietas
2477 5835 2742 5909 deseruit,
2768 5837 3080 5897 alienorum
3106 5853 3237 5897 cura
3264 5853 3377 5899 ser~
