3958 6314
611 271 752 334 1133

1635 252 1984 316 APPENDIX
2025 251 2118 310 AD
2155 247 2392 308 οΡΕηΑ
2429 247 2490 304 8.
2531 245 2881 308 AMBROSII.
2965 243 3012 260 "

3709 247 3794 310 llil

605 388 790 450 vierit,
813 393 868 440 et
895 383 960 438 ad
993 377 1471 452 regenerationem
1497 372 1748 430 venerint
1779 387 1877 442 per
1899 379 2210 434 extraneos,
2243 373 2290 432 Α
2321 375 2429 432 tur,
2461 381 2585 422 cum
2618 367 2783 421 etiam
2831 365 2968 436 ipsis
2999 361 3240 434 parvulis
3269 375 3365 434 per
3391 363 3560 420 aliena
3579 363 3798 422 Volumus

609 495 733 552 quae
760 480 841 534 eis
889 491 996 532 non
1023 483 1142 530 erat
1179 467 1510 541 providenda
1541 481 1637 538 per
1685 464 1986 536 proximos.
2017 461 2072 516 In
2097 475 2208 532 quo

603 587 776 644 opere
803 569 990 641 gratiae
1037 565 1161 636 quis
1193 565 1296 620 nisi
1319 559 1806 631 arrogantissimus
1839 566 2000 626 atque
2029 554 2210 608 vanis-

606 668 784 724 simus
838 664 906 720 de
957 661 1150 718 divina
1199 657 1410 730 justitia
1465 661 1861 724 conqueratur,
1893 649 2038 721 quod
2097 663 2208 704 non

609 761 867 816 oniuihus
901 755 1142 828 parvulis
1187 753 1390 808 similis
1415 749 1764 820 providentia
1789 745 2062 808 consulat,
2095 759 2213 798 om-

609 853 810 922 niaque
849 849 1094 920 pericula
1143 859 1265 916 quae
1295 843 1684 900 moriturorum
1735 839 2210 908 regenerationem

609 944 905 1016 prohibere
935 947 1182 1012 possunt,
1209 945 1592 1006 autpotestate
1621 933 1962 998 submoveat,
1989 939 2082 984 aut
2111 927 2208 982 mi-

607 1037 886 1092 seratione
948 1030 1286 1104 praeveniat?
1317 1029 1474 1097 Quod
1519 1029 1708 1098 utique
1735 1041 1866 1094 erga
1917 1037 2106 1078 omnes
2137 1023 2212 1078 ita

609 1129 768 1186 ﬁeret
787 1128 834 1182 si
863 1129 934 1181 ita
963 1125 1080 1181 ﬁeri
1110 1124 1360 1178 deberet.
1392 1120 1510 1176 Non
1555 1129 1738 1174 autem
1787 1117 1924 1172 latet
1949 1123 2208 1184 quantum

607 1219 864 1276 cordibus
903 1217 1142 1274 ﬁdelium
1184 1214 1410 1270 desidiae
1450 1213 1774 1284 gigneretur
1801 1250 1818 1276 ,
1855 1209 1900 1262 si
1949 1207 2002 1261 in
2035 1205 2214 1276 bapti-

607 1313 798 1368 zandis
852 1311 1094 1384 parvulis
1151 1307 1422 1366 nihilde
1475 1306 1794 1376 cujusquam
1853 1300 2212 1372 negligentia,

609 1408 747 1468 nihil
795 1407 866 1464 de
911 1407 1158 1476 ipsorum
1209 1411 1358 1460 esset
1425 1400 1754 1456 mortalitate
1809 1395 2208 1452 metuendum:

607 1499 1052 1572 quandoquidem
1073 1505 1132 1552 ut
1165 1497 1300 1552 tales
1329 1494 1608 1564 Baptismo
1633 1491 2039 1552 fraudarentur,
2066 1487 2212 1542 nullo

609 1597 774 1652 modo
803 1601 994 1664 posset
1021 1589 1292 1646 accidere.
1323 1588 1438 1644 Hac
1465 1601 1595 1641 vero
1625 1597 1730 1638 tam
1759 1579 2100 1638 inamissibili
2129 1579 2211 1634 le-

609 1689 816 1744 licitate
843 1686 1130 1742 infantium
1183 1679 1668 1739 vehementissime
1715 1679 1900 1748 opinio
1949 1676 2092 1730 illius
2125 1689 2234 1730 πο·-

2315 457 2676 514 Subveniatur
2699 457 3048 528 obsequium.

2937 549 3172 608 CAPUT
3215 549 3304 604 IX.

2315 647 2590 714 Quomodo
2641 647 2810 716 gratia
2859 655 3124 716 tamquam
3175 645 3424 714 {auratam
3473 655 3518 698 et
3567 646 3806 712 recepturus

2527 741 2782 794 donorum
2811 755 3026 794 suarum
3071 747 3332 808 praeparet
3357 737 3662 792 retentarent.

2385 835 2572 890 Gratia
2627 834 2842 904 quidem
2889 833 2984 892 Dei
3045 835 3097 888 in
3149 833 3404 888 omnibus
3425 831 3808 901 iustiﬁcationth

2317 929 2696 999 principaliter
2725 927 3068 997 pra-eminet,
3101 925 3386 982 suadendo
3411 925 3810 990 exhortatitunihs.

2313 1021 2586 1076 monendo
2645 1019 2911 1090 exemplis
2939 1061 2954 1086 ,
3015 1017 3276 1074 terrendo
3331 1019 3594 1086 periculis.
3623 1021 3814 1076 incitaret

2317 1115 2617 1180 miraculis,
2643 1114 2821 1170 dando
2845 1114 3204 1176 intellectum,
3243 1113 3560 1180 inspirando
3593 1114 3812 1174 consiliarii,

2313 1223 2520 1278 corque
2553 1207 2728 1278 ipsum
2763 1207 3148 1270 illuminanda,
3177 1217 3230 1260 et
3253 1205 3380 1260 ﬁdei
3402 1205 3816 1262 aﬂ‘ectionibnsis-

2315 1299 2560 1356 buendo.
2587 1299 2696 1356 Sed
2727 1301 2890 1354 etiam
2935 1301 3190 1354 Voluntas
3219 1297 3460 1354 hominis
3497 1298 3817 1368 sttbjungitmi

2315 1403 2478 1460 atque
2499 1392 2880 1464 conjungitur,
2909 1407 3032 1462 qua:
3055 1389 3122 1446 ad
3147 1391 3252 1446 hoc
3281 1390 3556 1458 praedictis
3575 1393 3818 1446 estexeitaa

2317 1483 2612 1556 praesidiis,
2647 1495 2702 1540 ut
2731 1484 2918 1540 divino
2943 1488 2994 1540 in
3043 1501 3102 1540 se
3131 1495 3466 1554 conparetur
3497 1485 3659 1555 operi,
3683 1486 3822 1540 etinsi-

2317 1581 2430 1648 piat
2451 1593 2712 1634 exercere
2729 1579 2795 1634 ad
2825 1581 3102 1645 meritum,
3117 1579 3262 1648 quod
3285 1594 3526 1648 superno
3545 1581 3726 1636 semine
3743 1597 3824 1636 cea-

2315 1671 2546 1741 cepitad
2577 1671 2816 1726 studium
2847 1691 2861 1726 :
2891 1673 2960 1726 de
2987 1687 3084 1728 sua
3121 1671 3333 1728 habens
3355 1673 3698 1726 mutabilitate
3717 1675 3826 1728 sit:-

609 1783 902 1838 boraretur
931 1781 1164 1843 erroris,
1187 1777 1279 1846 qui
1309 1776 1538 1848 gratiam
1591 1773 1684 1828 Dei
1745 1770 2044 1826 secundum
2095 1783 2210 1822 me-
2237 1763 2285 1828 Β
2315 1763 2448 1828 ﬁcit,
2481 1763 2550 1818 de
2581 1765 2768 1834 gratim
2798 1764 3159 1834 opitulatione
3183 1765 3228 1819 si
3261 1764 3497 1834 proﬁcit.
3529 1767 3650 1831 Quae
3671 1765 3826 1836 opimit-

607 1875 710 1930 rita
745 1874 1026 1930 hominum
1057 1871 1174 1926 dari
1223 1868 1392 1924 audet
1435 1877 1628 1922 contra
1675 1863 1836 1920 ﬁdem
1880 1861 2208 1920 catholicam

609 1967 930 2038 praedicare.
975 1964 1264 2020 Videretur
1287 1961 1492 2032 quippe
1523 1957 1840 2028 inculpabili
1885 1955 2210 2010 innocentiae

607 2059 712 2116 hoc
749 2070 856 2112 tota
885 2057 1145 2127 aequitate
1177 2055 1392 2116 deberi,
1430 2060 1492 2108 ut
1537 2051 1814 2106 net‘ninem
1845 2063 2033 2104 eorum
2080 2046 2212 2102 ado-

603 2153 720 2222 ptio
751 2152 1062 2222 praeteriret
1083 2189 1099 2216 ,
1143 2163 1282 2218 qttos
1331 2147 1518 2202 nullus
1545 2152 1728 2200 reatus
1759 2141 2158 2212 pet-stringeret
2189 2155 2204 2192 ε

599 2262 704 2302 nec
738 2247 898 2316 impie
920 2263 946 2298 ει
973 2244 1204 2314 quodam
1225 2241 1292 2298 de
1315 2239 1666 2312 parvulorum
1693 2237 1970 2306 Baptisuto
1996 2235 2206 2288 dictum

599 2339 816 2404 luisset,
847 2338 1018 2394 liabet
1049 2337 1224 2406 gratia
1269 2333 1412 2404 quod
1445 2333 1691 2402 adoptct,
1727 2346 1834 2386 non
1863 2328 2026 2384 habet
2065 2326 2206 2382 unda

599 2432 747 2502 quod
777 2431 971 2488 diluat.
1003 2429 1110 2486 Sed
1139 2428 1242 2484 hoc
1279 2424 1682 2482 detestabiliter
1703 2421 2052 2490 przcdicatum
2085 2433 2206 2474 om-

597 2540 704 2582 nes
733 2523 990 2594 discipuli
1028 2521 1280 2578 veritatis
1309 2517 1664 2588 intelligunt;
1722 2523 1776 2568 et
1827 2512 1952 2568 inde
1983 2508 2208 2566 manife-

597 2628 743 2676 stum
767 2629 850 2672 est
877 2632 976 2672 eos
1015 2615 1108 2686 qui
1139 2613 1273 2670 salvi
1317 2611 1475 2678 ﬁunt,
1507 2625 1616 2664 non
1645 2607 1866 2674 merito,
1896 2605 1992 2660 sed
2031 2603 2204 2674 gratia

598 2708 991 2778 liberari,quia
1021 2707 1144 2762 sine
1170 2703 1444 2774 baptismo
1465 2711 1713 2756 mortuos
1735 2697 1947 2767 perisse
1975 2711 2084 2752 non
2111 2695 2204 2750 du.

597 2803 748 2858 bium
779 2812 883 2858 est.
918 2799 1024 2868 Qui
1077 2800 1264 2868 utique
1295 2797 1398 2854 nisi
1437 2793 1745 2866 gravissimi
1781 2791 1986 2862 peccati
2019 2799 2208 2846 essent

597 2895 916 2968 participes,
941 2907 1048 2948 non
1083 2891 1344 2962 perirent.
1369 2888 1521 2944 Nunc
1543 2895 1726 2940 autem
1752 2883 1962 2940 occulta
1987 2882 2204 2950 quidem

600 2987 694 3042 Dei
726 2987 1086 3050 discretione,
1111 2983 1206 3038 sed
1231 2984 1404 3052 justa,
1423 2981 1503 3034 sic
1519 2977 1828 3034 ostenditur
1845 2983 1900 3030 ct
1921 2975 2046 3046 quid
2076 2989 2204 3028 cou-

597 3079 740 3136 ferat
766 3079 962 3150 gratia,
993 3086 1049 3132 et
1070 3074 1199 3146 quid
1231 3071 1930 3144 prmvaricatrixmereatur
1961 3075 2148 3122 natura
2185 3081 2200 3130 ;

2318 1857 2392 1910 tio
2421 1872 2516 1924 per
2541 1857 2860 1912 imutmeros
2911 1855 3106 1912 modos
3137 1858 3254 1912 sive
3285 1857 3560 1922 occultos,
3587 1859 3690 1912 sive
3721 1875 3828 1910 uias.-

2317 1951 2488 2006 t'estos
2509 1951 2766 2006 onmibus
2809 1951 3145 2014 adhibetur;
3179 1963 3232 2006 et
3265 1952 3414 2022 quod
3449 1969 3478 2004 ει
3507 1953 3676 2008 multis
3695 1953 3828 2007 tcta:-

2315 2055 2425 2114 tur,
2477 2045 2718 2114 ipsorum
2773 2055 2856 2099 est
2889 2044 3191 2116 nequitias:
3234 2045 3380 2114 quod
3425 2053 3604 2100 autem
3651 2060 3676 2100 ι
3707 2047 3830 2100 multa

2313 2135 2634 2205 Suscipitur,
2663 2145 2720 2192 et
2767 2135 2960 2206 gratia:
3009 2147 3094 2192 est
3137 2135 3444 2196 divi:na:,et
3487 2136 3830 2192 voluntati-ln-

2313 2245 2508 2286 manae.
2567 2231 2695 2288 Sive
2727 2231 2890 2302 igitur
2923 2231 3095 2298 initia,
3153 2231 3272 2286 sive
3325 2231 3598 2300 profectus
3639 2231 3826 2296 Iidrlimr,

2312 2323 2428 2380 sive
2456 2339 2626 2393 usque
2677 2324 2734 2380 in
2777 2325 2939 2380 linem
2975 2324 3452 2392 perseverantium
3497 2325 3830 2394 cogitemus.

2313 2431 2436 2480 nus,
2483 2418 2630 2474 nulla
2659 2419 2872 2488 species
2901 2418 3224 2488 cujusquam
3249 2419 3468 2474 virtutis
3505 2423 3830 2488 occur-rima

2311 2511 2396 2566 vel
2428 2511 2548 2566 sine
2601 2512 2748 2566 dono
2797 2511 2994 2566 divina:
3021 2515 3232 2582 gratiae,
3263 2513 3350 2568 vel
3369 2513 3492 2568 sine
3515 2529 3830 2570 consensus-

2309 2611 2436 2656 slra:
2464 2603 2760 2658 voluntatis
2791 2605 3078 2658 habeatur.
3109 2603 3234 2674 Ipsa
3262 2605 3408 2660 enim
3439 2605 3606 2675 gratia
3631 2605 3718 2660 hoc
3731 2605 3832 2658 ensi

2307 2711 2510 2764 genere
2539 2697 2792 2754 medendi
2819 2697 3296 2768 atqtteauxiliaudi
3319 2697 3454 2768 agit,
3484 2707 3541 2752 ut
3565 2698 3616 2752 in
3637 2715 3693 2751 (ο
3721 2713 3832 2766 quem

2311 2799 2490 2854 vocat,
2526 2789 2759 2856 primam
2809 2790 2911 2844 sibi
2957 2788 3316 2857 receplricem
3349 2799 3403 2845 et
3449 2791 3688 2844 lunulam
3713 2790 3832 2842 desa-

2309 2895 2428 2934 rum
2459 2895 2680 2936 suorum
2725 2891 2999 2950 praeparet
3025 2881 3387 2938 voluntatem.
3433 2882 3564 2936 Nam
3593 2883 3740 2938 virtus
3771 2897 3832 2935 ss-

2311 2973 2538 3028 lentium
2585 2973 2732 3028 nulla
2757 2983 2864 3040 est,
2895 2990 2994 3028 nec
3043 2983 3222 3044 potest
3261 2976 3438 3030 asseri
3483 2977 3569 3030 vel
3607 2975 3834 3038 ﬁliumve!

2307 3077 2486 3134 Spem,
2511 3065 2596 3120 vel
2625 3065 2946 3120 charitatem
2971 3064 3054 3120 eis
3095 3065 3303 3132 inesse,
3331 3081 3560 3136 quorum
3581 3067 3648 3122 ab
3671 3067 3740 3120 bis
3775 3067 3836 3118 to

599 3183 786 3228 utnec
829 3180 1018 3226 contra
1049 3169 1255 3224 donum
1287 3167 1534 3222 elevetur
1560 3161 1841 3233 superbia,
1875 3177 1973 3215 nec
2010 3169 2200 3214 contra
2229 3162 2275 3224 ρ
2309 3157 2392 3212 nis
2415 3171 2718 3214 consensus
2751 3157 2964 3212 alienus
3011 3168 3116 3214 est.
3145 3158 3304 3232 llnnc
3355 3169 3538 3214 autem
3571 3174 3834 3216 consensum

599 3265 904 3337 periculum
958 3272 1138 3318 cesset
1167 3259 1456 3316 industria.
1493 3258 1622 3314 Sive
1685 3255 1848 3326 igitur
1907 3253 2201 3308 novissima

598 3355 1038 3426 contemplemur
1057 3352 1280 3418 saecula,
1324 3367 1420 3406 seu
1453 3351 1650 3420 prima,
1685 3363 1780 3402 seu
1815 3346 2014 3412 media,
2039 3345 2206 3400 ratio-

598 3449 861 3508 nabiliter
885 3447 1130 3504 creditur
1161 3460 1353 3500 omnes
1383 3442 1635 3498 homines
1677 3439 1857 3494 salvos
1885 3439 2000 3494 ﬁeri
2033 3439 2200 3494 Deum

596 3543 762 3610 velle,
795 3556 1126 3612 semperque
1157 3539 1431 3598 voluisse:
1461 3543 1516 3592 et
1543 3535 1644 3590 hoc
1667 3549 1774 3589 non
1801 3529 2024 3588 aliunde
2049 3547 2208 3586 mon-

596 3645 824 3704 strator,
859 3651 1022 3706 quam
1063 3633 1131 3688 de
1175 3633 1240 3686 iis
1303 3629 1606 3692 beneﬁciis,
1655 3641 1829 3696 eaque
1863 3621 2202 3696 providentia

597 3730 714 3798 Dei,
745 3745 904 3800 quam
939 3726 1208 3784 universis
1249 3721 1698 3796 generationibus
1721 3719 2093 3774 communiter
2118 3727 2203 3772 at-

595 3840 705 3896 que
728 3823 1103 3880 indifferenter
1123 3819 1407 3891 impendit.
1435 3817 1676 3874 Fuerunt
1709 3815 1852 3868 enim
1877 3829 1938 3868 ac
1961 3811 2204 3868 suuthu—

585 3918 826 3990 jusmodi
852 3917 991 3972 dona
1017 3918 1086 3972 ita
1105 3913 1406 3986 generalia,
1430 3922 1482 3966 ut
1503 3926 1598 3980 per
1626 3910 1863 3978 ipsormn
1891 3905 2199 3961 testimonia

595 4011 662 4066 ad
681 4009 1036 4082 quzerendum
1065 4021 1252 4062 verum
1299 4006 1470 4060 Deum
1508 4013 1728 4070 trossent
1754 3999 2009 4055 homines
2041 3997 2198 4066 adju-

595 4104 757 4170 vari;
786 4104 984 4174 quibus
1027 4101 1184 4158 donis
1231 4107 1514 4154 auctorem
1545 4111 1700 4152 suum
1735 4109 1831 4166 per
1887 4093 2068 4148 omnia
2093 4105 2196 4146 δειε-

595 4199 712 4254 cula
745 4195 1202 4268 protestantibus,
1247 4193 1504 4264 specialis
1543 4191 1732 4260 gratia:
1759 4189 1982 4258 largitas
2009 4200 2200 4254 super-

595 4289 716 4348 fusa
739 4289 983 4357 est.Qua:
1015 4287 1142 4340 licet
1167 4285 1441 4354 eopiosius
1466 4299 1608 4336 nunc
1630 4297 1790 4352 quam
1817 4291 1943 4334 ante
1975 4285 2198 4348 prarste-

597 4393 710 4450 tur,
737 4395 932 4436 causas
965 4389 1147 4434 tamen
1181 4377 1636 4431 distributionum
1677 4388 1899 4428 suarum
1937 4369 2200 4425 Dominus

595 4473 738 4548 apud
767 4475 1048 4531 scientiam
1085 4487 1238 4528 suam
1273 4469 1470 4538 tenuit,
1499 4479 1553 4524 et
1607 4469 1746 4522 intra
1791 4475 2062 4521 srcretttm
2096 4479 2195 4534 p0-

596 4568 916 4625 tentissimae
941 4565 1237 4620 voluntatis
1260 4561 1538 4626 occuluit;
1563 4575 1685 4632 quae
1719 4560 1763 4612 si
1795 4556 2050 4612 omnibus
2075 4555 2192 4609 uni-
2221 4549 2272 4610 Il

595 4661 851 4718 formiter
890 4659 1200 4722 alﬁuerent,
1229 4671 1337 4712 non
1363 4653 1618 4710 laterent.
1647 4649 1715 4706 Et
1743 4668 1903 4722 quam
1940 4651 2086 4706 nulla
2117 4659 2202 4705 est

595 4763 924 4836 ambiguitas
953 4761 1024 4818 de
1055 4761 1398 4831 benignitate
1439 4757 1708 4830 generali,
1745 4765 1852 4810 tam
1883 4753 1950 4810 de
1973 4753 2198 4824 speciali

597 4865 976 4924 misericordia
1007 4863 1140 4918 nihil
1171 4861 1316 4933 quod
1372 4861 1705 4932 stupendum
1735 4867 1883 4914 esset
1912 4857 2190 4924 existeret,

593 4985 658 5026 ac
699 4967 924 5040 proinde
949 4966 1038 5022 illa
1061 4973 1207 5020 esset
1231 4963 1427 5034 gratia,
1471 4963 1574 5018 ista
1623 4977 1732 5016 non
1763 4967 1931 5016 esset.
1959 4957 2072 5014 Deo
2100 4972 2196 5012 au-

593 5081 700 5130 tem
733 5071 938 5142 placuit
967 5077 1024 5125 et
1059 5069 1198 5122 hanc
1243 5065 1432 5120 multis
1479 5063 1744 5128 tribuere,
1769 5069 1826 5118 et
1845 5059 1992 5116 illam
2035 5075 2064 5114 a
2097 5074 2192 5116 ue-

591 5174 740 5228 mine
773 5172 1102 5226 submovere
1128 5184 1142 5233 ;
1167 5175 1226 5220 ut
1247 5181 1310 5222 ex
1337 5174 1568 5232 utraque
1595 5171 1858 5234 appareat
1887 5177 1994 5216 non
2027 5177 2192 5230 negat

587 5283 702 5332 tum
735 5271 1105 5334 universitati,
1133 5268 1276 5341 quod
1299 5267 1564 5323 collatum
1595 5267 1682 5320 est
1711 5263 1948 5334 portioni
1975 5277 1990 5330 ;
2016 5262 2113 5318 sed
2134 5263 2189 5318 in

591 5377 720 5434 aliis
747 5377 1102 5448 praevaluisse
1132 5374 1391 5444 gratiam,
1435 5372 1486 5426 in
1549 5369 1674 5426 aliis
1703 5367 1988 5424 resiluisse
2033 5376 2193 5422 natu-

591 5493 733 5535 ram.
769 5477 920 5532 lianc
949 5477 1150 5548 quippe
1179 5473 1637 5532 abundantiorem
1685 5474 1914 5542 gratiam
1959 5469 2030 5524 ita
2065 5483 2192 5525 cre-

589 5577 772 5636 dimus
819 5591 977 5652 atque
1032 5580 1356 5646 experimur
1399 5583 1706 5647 potentem,
1729 5579 1789 5627 ut
1827 5571 1978 5628 nullo
2029 5567 2191 5626 modo

589 5685 927 5743 arbitremur
955 5699 1076 5738 esse
1097 5677 1423 5750 violentam,
1469 5693 1578 5752 quo
1605 5676 1867 5750 quidquid
1899 5675 1952 5731 in
1978 5676 2192 5729 salvan-

593 5791 679 5850 dls
707 5785 1024 5846 hominibus
1055 5789 1258 5862 agitur,
1293 5803 1357 5844 ex
1383 5785 1496 5842 sola
1533 5779 1626 5842 Dei
1659 5783 1942 5840 voluntate
1965 5795 2192 5854 peraga-

2307 3263 2412 3302 ltOtt
2445 3249 2628 3304 solum
2652 3248 2964 3304 cohortatio
2997 3249 3440 3318 prmdicantium,
3477 3262 3528 3306 et
3553 3252 3836 3306 incitamenta

2305 3343 2591 3410 doctrinae,
2625 3343 2719 3400 sed
2773 3355 2826 3400 et
2875 3355 3056 3400 metus
3095 3345 3308 3416 gignit;
3337 3359 3558 3416 propter
3587 3349 3714 3418 quod
3745 3363 3836 3400 ser.-

2307 3452 2456 3510 ptum
2512 3452 2596 3496 est
2657 3459 2670 3494 :
2727 3441 3066 3510 Principium
3117 3443 3406 3512 sapientiae
3463 3444 3624 3500 timor
3681 3441 3836 3498 Domini

2307 3534 2496 3606 (Prov.
2521 3535 2620 3606 vt).
2645 3535 2746 3604 Qui
2769 3535 3122 3608 quantislibet
3151 3537 3460 3593 terroribus
3487 3539 3748 3600 inferatur,
3767 3551 3838 3589 an

2305 3629 2454 3684 aliud
2485 3629 2616 3702 agit,
2674 3644 2838 3698 quam
2883 3639 2940 3684 ut
2971 3645 3130 3700 quem
3167 3629 3364 3686 iecerit
3391 3632 3688 3696 timentem,
3729 3629 3842 3682 aest.

2303 3739 2358 3780 et
2394 3725 2668 3780 volentem
2702 3740 2714 3778 :
2749 3737 2852 3780 nec
2907 3723 3082 3778 solum
3139 3723 3448 3786 volentem,
3475 3725 3570 3780 sed
3625 3725 3842 3780 etiamsi-

2303 3817 2564 3888 pientetn.
2593 3815 2744 3874 Unde
2767 3824 2824 3872 et
2851 3815 2980 3872 illud
3007 3817 3266 3886 scriptum
3311 3827 3398 3872 est
3431 3837 3442 3872 :
3477 3818 3666 3874 Beatus
3683 3818 3756 3871 cui
3777 3816 3842 3868 ds-

2304 3921 2490 3966 natum
2547 3923 2628 3968 est
2679 3912 2885 3968 habere
2915 3915 3168 3968 timorem
3199 3912 3296 3968 Dei
3349 3911 3548 3984 (Eccti.
3581 3915 3718 3982 xxv).
3745 3913 3842 3980 Qui

2301 4004 2445 4060 enim
2504 4013 2611 4058 tam
2659 4005 2970 4060 beatiﬁcum
3007 4020 3168 4076 quam
3203 4004 3290 4060 hic
3333 4006 3524 4074 timor,
3550 4009 3636 4077 qui
3683 4008 3844 4078 genie-1

2301 4099 2655 4170 ernditorque
2699 4099 2984 4168 sapientia:
3029 4099 3167 4154 est?
3199 4099 3256 4156 In
3293 4100 3456 4171 cujus
3509 4103 3682 4172 utique
3725 4101 3846 4154 devs-

2303 4189 2450 4246 tione
2479 4191 2672 4246 devota
2703 4201 2790 4246 est
2819 4201 2876 4246 et
2900 4191 3170 4257 voluntas,
3203 4206 3329 4261 qum
3349 4205 3580 4248 auctore
3605 4193 3848 4264 gralircu-

2300 4283 2424 4339 dem
2469 4283 2683 4352 proﬁcit
2711 4284 2923 4348 timore,
2956 4301 3064 4356 quo
3087 4286 3272 4354 C(Bpil.
3313 4285 3458 4342 Cum
3483 4303 3616 4359 ergo
3639 4287 3848 4342 ille

2301 4377 2465 4430 etiam
2505 4391 2600 4444 per
2627 4375 2916 4444 quamdam
2951 4377 3059 4432 vim
3095 4377 3274 4448 magni
3311 4379 3549 4432 terroris
3577 4377 3850 4436 immittitur.

2301 4486 2408 4524 nou
2437 4470 2506 4524 ibi
2533 4473 2674 4526 ratio
2697 4469 3089 4542 exstinguitur,
3127 4486 3228 4526 nec
3275 4471 3594 4528 intellectus
3639 4475 3852 4528 solerter.

2301 4561 2394 4618 sed
2421 4562 2506 4616 illa
2537 4563 2721 4634 potius
2747 4579 2868 4633 qua:
2901 4573 3135 4620 mentem
3189 4565 3486 4633 premebat
3523 4566 3696 4636 caligo

2299 4655 2446 4722 titur,
2477 4665 2534 4710 ut
2559 4656 2806 4712 voluntas
2835 4657 3128 4723 depravata
3163 4658 3317 4726 prius
3349 4667 3521 4730 atque
3549 4660 3776 4730 captiva,
3797 4671 3856 4711 rs-

2300 4760 2386 4806 cta
2413 4749 2683 4806 efﬁciatur
2721 4761 2774 4806 et
2798 4750 2990 4806 libera.
3023 4749 3180 4808 Unde
3209 4753 3356 4806 sicut
3385 4753 3610 4808 animus
3636 4751 3760 4807 nihil
3785 4751 3858 4802 vir-

2300 4845 2429 4896 tutis
2457 4843 2602 4912 capit
2653 4842 2760 4898 nisi
2797 4841 3010 4904 radium
3053 4843 3172 4898 veri
3217 4847 3502 4913 acceperit
3537 4845 3768 4912 luminis,
3809 4845 3858 4894 in

2295 4934 2472 5006 gratia
2503 4934 2634 4988 nihil
2666 4935 2716 4988 ei
2739 4949 2902 5004 quem
2933 4945 3110 5002 vocat,
3139 4935 3379 5001 confert,
3407 4937 3519 4994 nisi
3549 4939 3734 4994 oculos
3755 4939 3860 4991 iam

2301 5029 2576 5098 aperuerit
2603 5027 2921 5082 voluntatis.
2955 5028 3088 5096 Quae
3132 5029 3184 5082 in
3227 5030 3508 5102 plerisque
3559 5033 3716 5104 (sicut
3737 5045 3860 5094 sure

2301 5122 2418 5176 rius
2453 5119 2788 5190 disputatum
2814 5119 2920 5193 est)
2951 5120 3018 5176 ab
3049 5121 3168 5192 ipso
3213 5121 3371 5178 initio
3409 5124 3860 5182 sxtiurdentissim

2299 5214 2422 5269 citis
2451 5225 2500 5269 et
2537 5215 2748 5285 magnis
2773 5213 2978 5268 ditatur
3021 5216 3330 5284 augmentis
3361 5232 3374 5268 :
3409 5217 3464 5270 in
3509 5217 3776 5287 plerisque
3793 5231 3862 5267 ar.-

2297 5319 2406 5366 tem
2437 5309 2590 5366 tarde
2639 5318 3073 5380 cunctanterque
3109 5309 3430 5380 proﬁciens,
3481 5315 3572 5370 vix
3617 5315 3678 5370 ad
3709 5329 3766 5368 ea
3807 5315 3862 5362 ir:-

2297 5417 2573 5460 crementa
2598 5403 3336 5474 provehunt-mureidoneam
3357 5407 3426 5462 ad
3451 5407 3860 5478 pet-serenam“

2297 5500 2534 5558 habeant
2579 5497 2908 5555 ﬁrmitatem.
2953 5499 3090 5554 Dicit
3133 5499 3356 5570 quidem
3393 5501 3658 5558 Dominus
3685 5521 3700 5554 :
3727 5500 3862 5556 Neme-

2299 5595 2442 5650 vcnit
2475 5593 2540 5648 ad
2561 5607 2667 5658 me,
2697 5592 2798 5646 nisi
2821 5591 2980 5646 Pater
3006 5591 3100 5663 qui
3134 5592 3286 5648 misit
3309 5611 3422 5660 me,
3457 5595 3738 5650 attraxerit
3769 5607 3858 5644 eest

2297 5685 2584 5762 (Joan.v1).
2617 5685 2722 5742 Sed
2753 5685 2854 5742 hoc
2883 5685 3006 5742 ideo
3031 5685 3240 5742 dictum
3271 5697 3382 5754 est,
3411 5701 3475 5744 ut
3521 5690 3662 5746 illam
3709 5685 3856 5743 tidem,

2300 5779 2417 5838 sine
2449 5795 2555 5850 qua
2583 5794 2744 5836 nemo
2776 5781 2842 5836 ad
2881 5775 3163 5834 Christum
3197 5781 3378 5847 venit,
3405 5795 3480 5840 ex
3507 5781 3678 5840 Patris
3703 5775 3858 5834 haberi
