3958 6314
72 278 206 336 H23

1121 277 1211 336 ora:
1250 251 1643 334 vocamur:
1679 273 1988 336 οειιτιυιι
2033 277 2159 338 LIB.
2202 279 2268 338 ιι.

63 407 285 448 munere
307 395 646 463 noverimus,
682 395 980 450 secundum
1029 393 1163 449 illud
1207 393 1350 464 quod
1381 391 1645 463 Apostolo
1673 389 1728 452 Λ
1754 395 2038 459 praesentis
2059 405 2242 452 autem
2270 399 2460 468 agonia
2484 398 2693 454 incerto
2715 399 2805 454 ubi
2831 408 2940 457 tota
2981 403 3087 459 vita
3117 407 3346 459 tentorio

62 486 256 540 dicitur
287 505 297 539 :
331 487 530 542 Beatus
562 503 652 554 es,
698 487 882 544 Simon
940 488 1198 556 Barjona,
1251 487 1374 551 quia
1407 499 1538 540 caro
1594 491 1650 538 et

57 577 273 647 sanguis
307 594 409 632 non
462 580 725 634 revelavit
757 580 877 644 tibi,
927 579 1024 634 sed
1073 580 1232 634 Pater
1273 593 1429 632 meus
1475 577 1564 646 qui
1598 577 1648 630 in

57 669 210 723 C(Blis
235 679 318 724 est
340 669 556 741 (Matth.
578 673 716 740 xvr).
748 674 848 738 Qui
879 674 930 725 in
966 672 1229 727 cordibus
1261 670 1648 726 tralrerrdorum

56 758 156 814 hoc
187 761 322 830 egit,
354 773 408 815 ut
461 765 753 819 crederent
781 782 794 818 :
822 766 924 819 hoc
953 764 1156 831 effecit,
1189 773 1246 818 ιιι
1278 765 1495 818 vellent.
1530 763 1646 819 Non

53 853 194 906 enim
238 863 386 907 esset
417 856 560 910 unde
617 857 985 924 traherentur,
1027 859 1070 912 si
1119 872 1384 926 sequaces
1439 857 1544 912 ﬁde
1593 867 1650 912 et.

53 944 329 1002 voluntate
387 963 495 1003 non
545 960 734 1006 essent
772 970 784 1005 :
818 954 1080 1022 quoniam
1113 954 1202 1022 qui
1255 969 1359 1006 rton
1391 951 1646 1018 credunt,

53 1054 151 1094 nec
196 1041 491 1097 trahuntur
543 1045 794 1109 omnino,
831 1061 932 1100 nec
963 1047 1222 1110 veniunt;
1255 1061 1432 1115 neque
1486 1061 1644 1101 acce-

50 1131 302 1205 duntqrti
354 1135 708 1204 dissentiunt,
760 1139 857 1192 sed
915 1141 1198 1194 recedunt.
1249 1140 1346 1208 Qui
1395 1155 1526 1210 ergo
1559 1154 1650 1194 ve.

53 1226 224 1291 niunt,
245 1242 434 1285 amore
459 1229 768 1296 ducuntur;
799 1231 985 1287 dilecti
1019 1233 1168 1287 enim
1198 1244 1346 1299 surtt,
1372 1243 1428 1286 et
1444 1232 1649 1286 dilexe-

51 1328 220 1372 runt:
262 1323 476 1390 quaesiti
530 1334 677 1392 sunt,
734 1337 787 1379 et
827 1326 1203 1394 quaesienunt;
1257 1333 1313 1380 et
1367 1323 1508 1394 quod
1554 1337 1650 1378 eos

51 1417 220 1472 voluit
251 1418 396 1475 Deus
413 1421 575 1488 velle,
603 1421 933 1477 voluerunt:
961 1422 1137 1492 quiad
1153 1421 1522 1477 obediendnm
1543 1419 1647 1474 sibi

49 1509 223 1580 ipsrrm
271 1515 415 1568 velle
469 1514 548 1569 sic
599 1515 805 1582 donat,
842 1525 899 1571 ut
953 1517 1116 1570 etiam
1151 1533 1179 1568 a
1217 1513 1651 1584 perseveraturis

50 1605 192 1661 illam
227 1609 654 1665 mutabilitatem
685 1627 807 1679 quae
841 1619 1024 1679 potest
1053 1609 1222 1676 nolle,
1256 1625 1364 1662 nott
1414 1605 1649 1662 auferat.

51 1698 306 1767 Alioquin
333 1715 497 1756 nemo
525 1716 782 1771 umquam
809 1701 1056 1756 ﬁdelium
1105 1703 1426 1755 recessisset
1457 1715 1485 1752 a
1521 1699 1648 1752 ﬁde.

1748 494 1853 551 est,
1884 497 1940 541 et
1962 488 2031 541 ab
2063 488 2342 544 insidianti
2369 491 2617 560 superbia
2649 509 2748 547 nec
2778 494 2890 562 ipsa
2933 506 3014 550 est
3037 506 3147 550 tnta
3178 501 3351 553 victo-

1749 579 1824 632 ria
1859 577 2001 652 (Job.
2030 582 2152 652 vit),
2190 584 2567 640 rnutabilitatis
2605 587 2846 654 periculo
2869 603 2974 642 non
3005 599 3242 646 caretur.
3279 591 3352 648 Et

1749 671 1877 726 licet
1905 673 2205 731 innumeris
2244 678 2451 732 sanctis
2484 676 2597 732 suis
2628 678 2792 733 donet
2822 679 3075 735 virtutem
3103 699 3356 750 perseve-

1748 766 1904 819 randi
1930 783 2098 837 usque
2131 770 2180 822 irt
2207 770 2568 825 ﬁnemdiviua
2601 774 2934 840 protectio,a
2971 775 3130 829 nulli~
3165 785 3349 832 tamen

1749 857 1930 913 aufert
1976 862 2120 931 quod
2153 863 2287 934 ipsis
2329 875 2595 934 repugnat
2623 883 2690 920 ex
2739 868 2888 936 ipsis,
2924 878 2980 923 ut
3009 869 3065 923 in
3096 871 3354 928 omnibus

1747 953 1944 1008 studiis
1972 969 2160 1009 eorum
2185 967 2346 1027 atque
2373 959 2660 1014 conatibus
2692 975 2910 1030 semper
2942 963 3083 1017 inter
3113 980 3173 1018 se
3209 965 3355 1019 velle

1749 1054 1799 1100 ct
1834 1046 1980 1100 nolle
2011 1047 2272 1104 decertet.
2291 1050 2462 1118 Quam
2523 1056 3000 1123 contpugnantiam
3041 1057 3181 1111 idem
3225 1059 3356 1114 bea-

1751 1136 1994 1192 tissimus
2044 1140 2236 1195 Petrus
2279 1145 2445 1198 etiam
2505 1145 2556 1198 in
2589 1145 2706 1214 ipsa
2757 1146 3053 1216 palmarum
3103 1152 3349 1204 onmium

1749 1236 2223 1290 consummatione
2274 1224 2566 1308 perpessus
2602 1249 2705 1294 est.
2754 1241 3034 1308 Siquidem
3087 1245 3188 1298 hoc
3231 1246 3351 1315 ipse

1754 1321 2013 1378 Dominus
2038 1337 2438 1395 protesreturet
2459 1330 2603 1385 dicat
2633 1349 2645 1383 :
2670 1337 2864 1400 Amen,
2897 1350 3055 1389 arnen
3082 1335 3204 1390 dico
3231 1336 3349 1407 tibi,

1750 1417 1969 1487 quando
1993 1418 2210 1488 juvenis
2241 1437 2397 1485 eras,
2429 1425 2804 1495 pratcingehas
2837 1437 2908 1492 te,
2944 1439 2997 1482 et
3029 1429 3354 1484 ambulabas

1753 1510 1843 1563 ubi
1879 1510 2103 1567 volebas
2134 1531 2146 1565 :
2175 1530 2298 1567 cnru
2346 1526 2526 1571 autem
2553 1520 2828 1584 senueris,
2862 1520 3127 1576 extendes
3160 1538 3355 1577 manus

1756 1613 1898 1668 tuas,
1933 1613 1986 1657 et
2008 1604 2147 1658 alius
2175 1615 2225 1660 te
2258 1610 2581 1678 pra‘ciuget,
2608 1622 2662 1666 et
2704 1612 2869 1668 ducet
2904 1630 3012 1684 quo
3035 1625 3088 1668 tu
3114 1629 3220 1669 non
3248 1618 3351 1670 vis.

1755 1695 1867 1750 Hoc
1892 1709 2072 1752 autent
2103 1701 2267 1768 dixit,
2312 1704 2629 1773 signiﬁcans
2672 1724 2776 1775 qua
2811 1721 2987 1764 morte
3018 1710 3352 1779 gloriﬁCatn-

51 1791 329 1848 Neminem
372 1796 819 1864 concupiscentia
855 1795 1134 1860 vinceret,
1166 1795 1437 1850 nemiuem
1485 1791 1654 1847 tristi-
1683 1779 1732 1839 Β
1761 1804 1850 1841 l'us
1878 1800 2024 1845 esset
2057 1793 2226 1847 Deum
2253 1794 2436 1866 (Joon.
2466 1799 2599 1868 xxi).
2620 1800 2748 1866 Quis
2781 1818 2912 1872 ergo
2943 1806 3203 1874 ambigat,
3235 1809 3355 1876 quis

55 1883 120 1938 tia
152 1885 411 1953 elideret,
446 1887 722 1942 neminem
758 1888 1043 1942 iracundia
1080 1887 1405 1950 debellaret,
1442 1885 1649 1940 nullius

47 1976 286 2032 Charitas
321 1979 733 2049 refrigesceret,
757 1980 958 2034 nullius
991 1979 1252 2049 patientia
1279 1977 1648 2048 frangeretur,

48 2079 102 2124 et
128 2070 390 2124 collatam
424 2072 532 2126 sibi
557 2074 788 2142 gratiam
837 2087 1003 2127 neruo
1033 2072 1358 2142 negligeret.
1385 2070 1490 2125 Sed
1523 2068 1651 2138 quia

48 2162 162 2218 haec
190 2176 426 2234 possunt
474 2165 614 2232 ﬁeri,
641 2178 694 2221 et
724 2167 779 2220 in
809 2181 1141 2221 consensum
1177 2165 1362 2219 talium
1389 2163 1650 2218 tentatio-

50 2276 174 2314 num
196 2260 380 2316 facilis
407 2263 642 2316 nimium
673 2263 1041 2331 proclivisque
1060 2261 1350 2316 descensio
1369 2270 1475 2326 est,
1498 2274 1655 2312 nurn-

47 2367 207 2422 quam
240 2353 413 2410 debet
443 2354 498 2408 irt
525 2355 754 2409 auribus
778 2355 1027 2410 ﬁdelium
1051 2371 1154 2409 vox
1185 2355 1272 2408 illa
1297 2353 1513 2407 Domini
1545 2368 1651 2405 non

48 2462 272 2515 sonare,
311 2465 416 2516 qua
447 2452 717 2519 apostolis
741 2449 940 2503 dicitur
972 2466 984 2502 :
1013 2447 1246 2519 Vigilate
1291 2460 1343 2502 et
1386 2459 1560 2511 orate,
1587 2463 1654 2500 ne

48 2542 270 2597 intretis
319 2542 376 2596 in
429 2541 788 2597 tentationem
841 2541 1075 2614 (Matth.
1138 2541 1313 2610 xxvi).
1355 2537 1455 2596 Ubi
1495 2539 1540 2593 si
1587 2539 1655 2594 de

48 2637 336 2706 vigilando
383 2647 615 2701 tantum,
649 2655 752 2690 non
785 2639 952 2693 etiarn
998 2638 1067 2692 de
1114 2636 1332 2691 orando
1357 2635 1656 2706 discipulos

48 2729 399 2799 admoneret,
427 2729 577 2783 solas
611 2729 767 2783 liberi
795 2729 1012 2784 arbitrii
1055 2728 1198 2782 vires
1225 2727 1507 2782 videretur
1531 2727 1658 2781 hor-

49 2830 215 2877 tatus.
252 2821 363 2877 Sed
388 2839 511 2876 cum
543 2822 754 2876 addidit
787 2840 800 2876 :
837 2821 905 2876 Et
933 2833 1111 2886 orate,
1158 2822 1296 2874 satis
1336 2821 1522 2874 docuit
1562 2834 1655 2873 su-

49 2916 205 2984 perni
236 2915 487 2970 futurum
520 2916 787 2979 muneris,
808 2926 865 2969 ut
896 2930 992 2970 eos
1025 2915 1193 2970 etiam
1222 2914 1517 2984 vigilantes
1543 2925 1660 2967 tcir-

49 3009 277 3062 talionis
314 3009 553 3078 procella
578 3025 685 3062 non
716 3008 977 3063 vinceret.
1008 3007 1138 3063 Tale
1164 3018 1242 3062 est
1272 3016 1328 3062 et
1355 3006 1485 3062 illud
1514 3004 1656 3075 quod

47 3103 123 3156 ait
155 3119 168 3155 :
215 3091 432 3170 Simon,
467 3101 656 3157 Simon
694 3144 709 3169 ,
759 3118 888 3157 ecce
935 3103 1169 3158 Satanas
1207 3101 1571 3171 expostulavit
1603 3108 1660 3154 rtt

1755 1883 1965 1952 ignoret
1995 1883 2134 1941 hanc
2167 1889 2519 1945 fortissimam
2560 1903 2792 1962 petram,
2851 1913 2970 1965 quae
3003 1901 3071 1952 ab
3104 1899 3192 1952 illa
3213 1902 3361 1969 prin-

1753 1977 1914 2045 cipali
1951 1989 2100 2046 petra
2121 1985 2566 2039 communionem
2597 1999 2648 2040 et
2679 1990 2895 2042 virtutis
2919 1993 3150 2060 sumpsit
3176 2003 3231 2048 et
3263 2010 3358 2046 tto-

1718 2124 1720 2126 ,
1756 2071 1942 2132 minis,
1974 2072 2078 2126 hoc
2131 2074 2466 2130 desiderium
2515 2093 2731 2149 semper
2762 2081 3042 2148 habuisse,
3075 2096 3133 2139 ιιι
3161 2086 3212 2138 ei
3244 2103 3350 2139 rno-

1755 2163 1930 2216 riendi
1958 2180 2056 2234 pro
2085 2166 2310 2222 Christo
2341 2173 2653 2226 constantia
2702 2173 3041 2231 donaretur?
3073 2177 3359 2232 Verumta-

1759 2269 1880 2308 men
1916 2255 1985 2308 ita
2029 2258 2365 2315 inevitabilis
2389 2274 2502 2316 erat
2539 2264 2836 2320 obluctatio
2866 2269 3272 2336 trepidationis,
3303 2282 3363 2326 ut

1759 2346 1840 2398 vir
1882 2348 2127 2418 martyrii
2167 2352 2539 2417 avidissimus,
2573 2356 2873 2427 adepturus
2899 2362 3118 2427 quidem
3150 2364 3361 2418 denun-

1761 2436 1989 2522 tialt'etur
2019 2443 2300 2498 victoriam
2328 2449 2618 2517 passionis,
2647 2451 2739 2505 sed
2781 2467 2887 2506 non
2911 2453 3030 2508 sine
3061 2458 3362 2514 tentatiorre

1761 2519 2085 2587 formidinis.
2129 2535 2321 2592 Merito
2368 2540 2531 2607 igitur
2577 2559 2682 2596 non
2737 2546 2914 2600 solum
2949 2548 3357 2618 incipientibus,

1760 2639 1947 2678 verum
1993 2627 2158 2682 etiam
2202 2647 2227 2683 a
2290 2635 2723 2699 provectissimis
2771 2641 2972 2694 sanctis
3016 2642 3361 2700 uniformiter

1762 2715 1994 2772 Domino
2042 2723 2398 2791 supplicatur,
2435 2739 2486 2781 et
2517 2728 2716 2784 dicitur
2761 2749 2774 2783 :
2807 2731 2888 2787 Ne
2919 2749 3020 2789 nos
3047 2735 3273 2791 inducas
3308 2742 3359 2794 ιιι

1762 2813 2144 2880 tentationem,
2176 2816 2272 2870 sed
2304 2817 2479 2874 libera
2512 2836 2611 2878 uos
2642 2840 2668 2875 a
2703 2826 2846 2879 malo
2879 2827 3199 2901 (ΜαιιΙι.νι).
3234 2833 3368 2889 Utri-

1762 2904 1936 2958 versis
1962 2907 2105 2960 enim
2137 2911 2228 2979 qui
2255 2910 2309 2964 in
2342 2911 2448 2966 ﬁde
2477 2924 2532 2968 et
2587 2915 2882 2974 dilectione
2915 2936 3261 2992 permanent,
3293 2927 3361 2981 ab

1760 2996 1878 3068 ipso
1907 2999 2142 3058 donatur
2195 3021 2263 3058 ne
2303 3005 2356 3060 in
2418 3010 2714 3064 tentatioue
2758 3025 3126 3082 superentur;
3161 3027 3222 3072 ut
3269 3022 3360 3089 qui

1759 3092 2042 3162 gloriatur,
2085 3098 2135 3150 in
2173 3099 2402 3156 Domino
2437 3102 2707 3172 glorietur
2749 3123 2760 3157 :
2807 3107 3087 3178 ipsamque
3128 3111 3360 3181 gloriam

49 3210 147 3250 νυε
197 3194 478 3250 (πίω-ωηεν,
517 3195 661 3249 velut
696 3194 968 3260 “meum;
1001 3211 1100 3266 ego
1132 3205 1312 3250 autem
1345 3194 1527 3264 rogavi
1559 3209 1655 3262 pro
1681 3171 1728 3232 (ἶ
1762 3184 1954 3242 iisdem
2011 3189 2212 3260 quibus
2256 3208 2374 3248 eam
2408 3195 2676 3266 impertit,
2717 3200 2937 3256 ascribit
2968 3200 3007 3274 (l
3040 3203 3162 3256 Cor.
3195 3204 3235 3274 ι)
3269 3222 3280 3256 :
3308 3217 3367 3260 ut

51 3296 123 3353 te,
159 3304 233 3344 ne
255 3289 482 3343 deﬁciat
532 3290 665 3345 fides
718 3299 803 3343 tua
838 3305 853 3354 ;
889 3298 944 3345 et
973 3297 1026 3343 tu
1073 3289 1292 3344 tandem
1335 3302 1656 3357 conversus,

47 3380 326 3436 conﬁrma
378 3382 576 3435 fratres
609 3392 753 3448 tuos,
785 3390 841 3436 et
863 3397 1020 3451 roga,
1053 3399 1122 3436 ne
1152 3380 1369 3436 intretis
1400 3382 1451 3434 in
1486 3388 1663 3434 tenta-

51 3476 263 3532 tiortem
296 3475 452 3545 (Luc.
487 3477 643 3546 χχιι).
669 3477 723 3531 Si
755 3491 887 3546 ergo
916 3475 1195 3530 defectura
1223 3483 1344 3529 erat
1366 3475 1500 3530 ﬁdes
1531 3474 1660 3527 tanti

47 3569 295 3641 apostoli
326 3571 427 3624 nisi
451 3585 547 3638 pro
571 3584 636 3624 eo
662 3567 914 3624 Christus
938 3579 1138 3633 oraret,
1171 3568 1341 3621 inet-at
1370 3567 1415 3620 ei
1451 3567 1664 3636 procul-

45 3665 228 3720 dubio
273 3663 627 3731 mutabilitas,
658 3679 776 3731 quae
807 3671 992 3730 posset
1027 3662 1078 3717 iu
1106 3661 1406 3716 tentatioue
1444 3669 1659 3728 nutare,

45 3767 106 3813 et
138 3773 254 3812 non
289 3757 360 3810 ita
388 3756 501 3826 jam
532 3753 956 3825 perseverantiae
1012 3754 1190 3809 fuerat
1219 3755 1418 3809 virtute
1461 3753 1665 3808 solida-

49 3863 175 3921 tus,
231 3861 293 3907 ut
348 3852 510 3904 trullis
545 3850 800 3919 periculis
849 3859 997 3904 esset
1027 3848 1320 3904 obnoxius.
1353 3849 1406 3905 Si
1439 3849 1661 3920 quidem

47 3961 166 4004 tam
197 3947 388 4020 gravis
417 3963 538 4000 ettrn
571 3945 915 4015 perturbatio
966 3947 1128 4000 etiam
1159 3953 1280 4014 post
1307 3946 1404 3998 ista
1433 3958 1666 3998 concus-

45 4046 222 4109 serit,
259 4050 316 4095 trt
345 4041 398 4096 irt
431 4038 652 4108 Caiphae
702 4040 865 4093 domo
917 4039 1075 4091 unius
1124 4038 1337 4092 ancilla:
1367 4037 1664 4106 interroga-

45 4138 212 4191 tione
238 4131 580 4205 pavefactus,
616 4147 784 4201 usque
807 4130 873 4183 ad
907 4130 1104 4184 trinam
1140 4128 1484 4198 negationem
1509 4128 1665 4183 Chri-

47 4233 148 4296 sti,
177 4229 270 4282 cui
313 4227 637 4283 moriturum
671 4241 728 4281 se
785 4225 1199 4294 spoponderat,
1233 4225 1541 4278 consrantia
1573 4222 1664 4277 de-

45 4324 287 4378 ﬁciente
345 4319 641 4389 perductus
672 4319 743 4372 sit
774 4316 991 4389 (Matth.
1027 4316 1200 4387 xxvi).
1249 4316 1354 4384 Qui
1385 4331 1514 4386 ergo
1539 4325 1665 4370 tunc

47 4413 454 4469 conturbatum
484 4427 580 4466 cor
603 4409 863 4480 apostoli,
899 4426 1005 4464 non
1034 4409 1308 4477 humanis,
1340 4409 1432 4463 sed
1467 4407 1666 4464 divinis

44 4506 326 4563 convenit
372 4505 573 4569 oculis,
605 4515 656 4559 et
690 4505 756 4556 ad
790 4503 968 4573 largos
999 4503 1352 4572 paenitudinis
1383 4502 1542 4557 ﬂetus
1567 4516 1667 4570 po-

1766 3279 2011 3343 quamvis
2042 3281 2245 3336 auxilio
2279 3285 2370 3338 Dei
2401 3290 2677 3353 steterint,
2726 3298 2906 3345 tamen
2938 3295 3068 3363 quia
3096 3293 3148 3348 in
3180 3309 3238 3351 se
3265 3296 3331 3351 ha
3353 3329 3365 3338 -

1763 3367 1966 3425 bebrnt
2019 3375 2159 3429 unde
2191 3377 2470 3447 caderent,
2525 3383 2767 3451 ipsorum
2801 3387 2867 3439 sit
2921 3389 3169 3442 tneritutn
3217 3392 3364 3461 quod

1767 3472 2052 3522 steterunt.
2087 3465 2255 3534 Igitur
2295 3469 2432 3523 sit-ut
2487 3473 2578 3541 qui
2608 3476 2962 3529 crediderunt
2996 3479 3262 3546 juvantur
3309 3490 3373 3537 ιιι

1769 3553 1820 3607 in
1850 3556 1952 3610 ﬁde
1984 3570 2240 3614 maneant
2271 3579 2283 3614 :
2319 3565 2399 3618 sic
2449 3574 2503 3618 et
2548 3567 2637 3634 qui
2693 3571 2932 3622 nondum
2993 3572 3366 3643 crediderunt,

1768 3645 2032 3716 juvantur
2061 3661 2119 3705 ut
2150 3653 2396 3710 credant.
2431 3655 2495 3710 Et
2551 3662 3007 3728 quernadmoduru
3059 3664 3134 3717 illi
3194 3668 3244 3720 ιιι
3273 3683 3373 3722 sua

1769 3736 1971 3794 ltabent
2000 3754 2272 3812 potestate
2301 3757 2356 3823 ut
2382 3759 2578 3802 exeant
2607 3767 2620 3802 :
2653 3753 2721 3804 ita
2755 3763 2810 3806 et
2842 3752 2928 3806 isti
2959 3753 3011 3808 in
3043 3771 3136 3808 sua
3168 3755 3374 3814 habent

1771 3845 2041 3902 potestate
2062 3854 2131 3894 ne
2161 3842 2402 3896 veniant.
2427 3841 2622 3913 Fitqtre
2647 3846 2994 3901 manifestum
3014 3849 3156 3917 quod
3189 3851 3373 3906 diver-

1772 3928 1849 3982 sis
1903 3937 2066 4000 atqtte
2121 3933 2426 3990 innumeris
2477 3937 2652 3991 modis
2711 3954 2897 3994 omnes
2951 3939 3202 3996 homines
3261 3943 3378 3998 vult.

1769 4017 1912 4074 Deus
1959 4023 2140 4078 salvos
2172 4025 2288 4081 ﬁeri
2312 4069 2325 4090 ,
2371 4037 2423 4081 ct
2454 4029 2507 4083 in
2532 4031 2866 4098 agnitiOuent
2917 4036 3157 4088 veritatis
3189 4035 3377 4093 venire

1769 4107 1813 4184 (Ι
1839 4113 1974 4171 Tim.
2017 4118 2100 4185 ιι).
2130 4117 2236 4172 Sed
2269 4123 2354 4188 qui
2391 4123 2639 4188 veniunt,
2678 4125 2768 4178 Dei
2799 4127 3006 4180 auxilio
3031 4128 3366 4199 diriguntur;

1770 4209 1860 4276 qui
1897 4225 2001 4264 non
2045 4213 2290 4277 veniunt,
2321 4231 2416 4270 sua
2454 4220 2753 4286 pertinacia
2798 4217 3153 4278 reluctantur.
3181 4222 3378 4291 Quam-

1779 4303 1859 4356 vis
1887 4316 2070 4360 autem
2102 4309 2260 4363 multi
2285 4322 2532 4366 amantes
2563 4313 2819 4369 tenebras
2849 4332 3000 4382 suas,
3029 4319 3376 4388 splendorem

1773 4415 1878 4454 non
1911 4401 2176 4471 recipiant
2205 4405 2472 4469 veritatis,
2500 4418 2555 4463 et
2589 4409 2743 4463 tnnlti
2795 4411 2887 4480 qui
2918 4411 3203 4467 illuminati
3260 4414 3377 4469 fuc-

1775 4501 1916 4558 t“ant,
1954 4493 2339 4551 tettcbrescant
2379 4516 2390 4551 :
2430 4501 2655 4554 verbum
2709 4510 2886 4557 tamen
2946 4506 3042 4560 Dei
3097 4516 3277 4563 ttrattct
3322 4505 3376 4561 in

49 4601 202 4656 lenti
226 4600 471 4653 incitavit
496 4567 744 4668 aspectu,
771 4567 948 4666 petuit
979 4567 1117 4651 hanc
1150 4596 1462 4652 ﬁrmitatem
1496 4598 1664 4651 animi
1691 4567 1747 4630 Β
1773 4595 2062 4654 aeternum,
2095 4599 2146 4642 et
2177 4590 2246 4644 de
2299 4592 2682 4660 promissionis
2728 4597 2967 4652 veritate
3015 4600 3144 4655 nihil
3183 4603 3386 4658 exridit

47 4695 347 4764 praecipuo
376 4692 624 4748 conferre
651 4692 945 4758 discipulo,
981 4704 1036 4744 ut
1074 4692 1216 4746 sicut
1255 4693 1435 4760 ipsum
1473 4693 1660 4747 Demi-

51 4804 197 4843 ttttm
225 4787 358 4841 nihil
391 4789 458 4839 ab
498 4787 778 4856 explenda!
803 4786 1077 4856 passionis
1109 4788 1394 4854 prOpOSilt)
1422 4786 1667 4841 deterre-

47 4882 185 4946 bat,
212 4882 284 4934 ita
318 4895 422 4935 nec
455 4882 671 4934 beatum
714 4877 935 4933 Petrum
968 4880 1070 4933 ulla
1097 4889 1222 4934 tunc
1248 4878 1660 4950 formidosupe-

50 4991 118 5030 ra
133 4985 242 5028 ret.
272 4972 378 5028 Sed
405 4973 519 5027 haec
569 4972 838 5026 stabilitas
867 4972 1011 5025 illius
1034 4972 1414 5027 tantummodo
1447 4974 1661 5043 propria

49 5065 195 5128 fttit,
223 5063 312 5133 qui
362 5060 512 5116 solus
541 5079 670 5118 vere
715 5075 1080 5132 porerrterque
1125 5065 1342 5119 dicebat
1377 5083 1388 5118 :
1425 5067 1657 5120 Potesta-

51 5171 183 5214 tem
211 5159 382 5210 habeo
415 5172 621 5227 ponere
644 5158 880 5210 animam
907 5173 1106 5219 meam,
1133 5167 1187 5211 et
1219 5168 1538 5227 potestatem
1577 5159 1670 5213 ha-

54 5252 183 5306 beo
236 5249 432 5303 iterum
483 5265 702 5304 sumere
743 5265 858 5302 ram
885 5247 1065 5318 (Joan.
1099 5256 1176 5318 ι).
1205 5250 1260 5305 ln
1305 5254 1518 5306 ca~tcris
1543 5269 1671 5308 vero

53 5342 416 5401 horninibus.
448 5341 626 5396 donec
667 5357 798 5397 caro
834 5344 1173 5411 concupiscit
1202 5344 1466 5400 adversus
1507 5347 1672 5416 spiri-

54 5447 224 5501 tum,
257 5443 312 5488 et
339 5435 565 5504 spiritus
623 5435 884 5488 adversus
912 5450 1130 5489 carnem
1163 5435 1360 5506 (Calai.
1391 5443 1468 5508 v),
1501 5449 1556 5495 et
1576 5441 1672 5496 do-

56 5543 185 5585 nec
240 5528 463 5594 spiritus
509 5528 728 5599 quidem
769 5540 1050 5598 promptus
1095 5540 1199 5594 est,
1231 5546 1359 5584 caro
1382 5545 1560 5587 autem
1591 5535 1674 5588 in-

57 5623 240 5678 ﬁrma
275 5617 491 5689 (Matth.
517 5619 684 5686 xm),
713 5619 1178 5677 incommutabilis
1203 5623 1366 5677 animi
1394 5625 1674 5681 ﬁrmitudo

57 5705 192 5768 non
227 5722 412 5780 potest
469 5713 692 5781 rcpcriri
726 5730 736 5763 :
768 5714 1025 5782 quoniam
1071 5730 1177 5769 non
1210 5715 1390 5786 hujus,
1420 5717 1515 5772 sed
1540 5718 1674 5772 alte-

56 5804 198 5860 rius
249 5801 372 5856 vitze
399 5809 486 5859 est
512 5816 659 5857 .vcre
705 5801 948 5874 perfecta
1001 5813 1057 5862 et
1089 5817 1288 5864 secura
1332 5805 1584 5866 felicitas.
1615 5807 1673 5867 In

1778 4680 1912 4752 (Isa.
1948 4684 2064 4751 ιιι).
2095 4682 2265 4738 Intrat
2291 4685 2534 4755 quotidie
2583 4689 2832 4756 praescita
2867 4700 2923 4745 et
2962 4696 3226 4761 promissa
3248 4711 3387 4763 gett-

1777 4775 1908 4829 tiurn
1958 4776 2258 4845 plenitudo,
2303 4791 2354 4832 et
2389 4781 2440 4832 in
2474 4779 2707 4836 Abraha:
2762 4786 2972 4841 semine
3025 4790 3200 4842 omnis
3219 4804 3375 4858 gens,

1775 4871 1952 4925 omnis
2001 4872 2199 4940 tribus,
2248 4874 2428 4927 omnis
2477 4874 2658 4945 lingua
2689 4876 3031 4935 heuedicitur
3059 4881 3240 4948 (Joau.
3279 4883 3377 4955 ιι).

1773 4964 1928 5031 Quod
1960 4965 2106 5019 enim
2153 4975 2308 5035 pater
2342 4967 2449 5020 lilio
2480 4966 2653 5039 dedit,
2689 4970 2834 5026 ﬁlius
2876 4988 2984 5027 ttort
3013 4974 3252 5040 amittit,
3284 4992 3381 5032 ne-

1772 5073 1876 5128 que
1899 5060 2184 5128 quisquam
2221 5069 2398 5127 petest
2427 5061 2493 5116 de
2527 5079 2688 5118 manu
2722 5065 2838 5134 ejus
2869 5067 3082 5136 eripere
3111 5067 3254 5136 quod
3284 5086 3378 5125 ac-

1773 5154 1915 5221 cepit
1961 5151 2144 5223 (Joan.
2197 5152 2287 5225 x).
2343 5155 2588 5212 Firmum
2647 5160 3057 5213 fundamentum
3115 5160 3209 5216 Dei
3262 5173 3376 5220 stat

1774 5243 1838 5319 (ll
1875 5245 2008 5299 Tim.
2042 5248 2135 5315 ιι),
2170 5258 2225 5301 et
2258 5252 2497 5305 mansuri
2531 5252 2584 5304 in
2633 5261 2896 5306 aeternum
2929 5253 3116 5323 templi
3150 5255 3378 5311 adiﬁca-

1777 5339 1851 5393 tio
1877 5355 1984 5394 non
2034 5341 2272 5408 vacillat,
2307 5353 2568 5414 praetenta
2611 5360 2776 5412 super
2825 5360 3018 5400 omnes
3074 5347 3299 5402 veritate
3325 5361 3384 5407 et

1778 5433 2156 5488 misericordia
2189 5433 2284 5490 Dei
2320 5453 2332 5488 :
2363 5452 2392 5489 a
2425 5452 2532 5504 quo
2561 5435 2700 5503 quod
2728 5445 2781 5490 et
2812 5438 3013 5492 nemini
3048 5451 3299 5509 negatur,
3325 5453 3382 5499 et

1780 5530 1908 5584 nulli
1964 5529 2215 5596 debetur,
2247 5531 2385 5584 iniis
2426 5545 2563 5600 quos
2620 5530 2895 5597 protttisit,
2943 5533 3205 5590 efﬁcitur.
3263 5535 3387 5607 Ipse

1781 5625 1923 5678 enim
1970 5623 2438 5695 cperaturomnia
2490 5624 2540 5676 in
2591 5623 2843 5678 omnibus
2875 5626 2914 5696 (Ι
2948 5625 3068 5682 Car.
3125 5631 3244 5699 xu).
3273 5631 3384 5687 Sed

1781 5719 1966 5771 omnia
1999 5715 2359 5786 proculdubio
2403 5715 2552 5786 justa
2605 5723 2661 5772 et
2713 5714 2876 5772 bona.
2923 5717 3206 5776 Universa:
3236 5723 3387 5777 enim

1784 5807 1883 5864 via:
1923 5804 2034 5865 Dor
2061 5807 2156 5874 ini,
2191 5805 2563 5864 misericordia
2597 5817 2652 5863 et
2698 5809 2898 5866 veritas
2925 5805 3050 5885 (Pr.
3078 5810 3250 5884 xxxv).
3283 5813 3394 5881 Qui
