4082 6322
648 261 786 322 H27

1665 258 2014 321 APPENDIX
2054 258 2146 318 AD
2183 257 2414 319 OPERA
2459 260 2518 320 S.
2561 259 2910 322 AMBROSII.
2973 257 2985 263 “

3753 267 3860 327 μεθ

647 382 798 438 sicut
826 380 1103 455 przescivjt
1122 389 1253 439 ante
1275 381 1474 438 saecula
1505 391 1706 454 quanta
1737 385 1902 439 totius
1931 382 2123 439 mundi
2152 382 2249 437 ho-
2277 385 2325 443 Α
2356 390 2441 437 est
2473 382 2573 455 (ut
2603 382 2902 454 Apostolus
2929 378 3049 451 ait)
3080 377 3326 435 salvator
3362 376 3585 434 omnium
3609 377 3859 446 hominum,

544 555 548 559 ι
646 477 857 534 minum
907 477 1215 548 multitudo,
1252 479 1336 534 vel
1367 478 1748 534 communibus
1796 493 1893 534 usa
1947 478 2133 543 donis,
2165 476 2250 532 vel

650 571 983 641 specialibus
1013 570 1198 642 adjuta
1257 571 1566 642 praesidiis,
1625 571 1910 628 declinans
1972 582 2154 626 tamen
2184 569 2252 624 ab

648 663 846 720 itinere
867 663 1112 719 veritatis
1141 673 1196 719 et
1220 663 1346 719 vita:
1379 664 1694 733 ingressura
1729 671 1880 719 esset
1903 662 2249 718 latitudinem

647 761 855 816 erroris
908 769 964 815 et
1001 760 1193 816 mortis
1228 778 1241 816 :
1273 762 1342 816 ita
1386 775 1608 832 semper
1644 761 2032 831 prmcognitum
2063 758 2254 813 habuit

653 863 889 928 quantus
917 855 1134 926 piorum
1185 869 1446 910 numerus
1500 871 1596 924 per
1623 869 1783 925 opem
1815 854 2030 924 gratim,
2069 861 2124 907 et
2155 865 2252 921 per

648 952 971 1006 servitutem
991 947 1322 1005 obedientia:
1340 947 1404 1003 ad
1420 955 1682 1004 :eternam
1712 945 2105 1002 beatitudinem
2135 959 2254 1014 per-

650 1043 849 1099 tineret
873 1059 888 1107 ;
922 1051 980 1097 ut
1009 1041 1157 1096 nullo
1190 1041 1477 1097 excidente
1498 1041 1566 1096 de
1594 1039 1931 1112 plenitudine
1959 1038 2254 1110 promisso-

647 1136 907 1207 rum,qui
955 1150 1056 1191 nec
1086 1144 1349 1206 provectu
1405 1144 1527 1190 erat
1559 1132 1854 1196 fallendus,
1901 1148 2005 1188 nec
2047 1131 2253 1186 auxilio

649 1228 960 1294 defuturus,
991 1243 1087 1284 eos
1118 1226 1449 1298 gloriﬁcaret
1469 1243 1591 1298 pra:
1622 1227 1896 1292 omnibus,
1929 1241 2067 1296 quos
2089 1225 2254 1296 elegit

657 1338 725 1380 ex
778 1323 1054 1379 omnibus.
1098 1322 1463 1379 Universitati
1520 1321 1719 1392 quippe
1767 1321 2073 1386 hominum,
2108 1318 2252 1389 quod

651 1416 868 1472 abunde
910 1416 1280 1488 probavimus,
1335 1415 1406 1469 ita
1451 1414 1732 1485 multiplex
1775 1424 1936 1484 atque
1968 1411 2253 1468 ineffabilis

651 1509 866 1566 bonitas
901 1510 993 1564 Dei
1039 1507 1314 1564 consuluit
1381 1521 1595 1579 semper
1635 1517 1690 1563 et
1742 1507 2024 1570 consulit,
2072 1513 2130 1559 ut
2161 1519 2254 1560 ne-

647 1619 754 1677 que
802 1603 892 1659 ulli
933 1603 1275 1674 pereuntium
1307 1601 1586 1658 excusatio
1612 1610 1868 1672 suppetat
1894 1600 1962 1655 de
1987 1600 2253 1668 abnegato

649 1696 757 1754 sibi
779 1697 983 1753 lumine
1027 1696 1296 1759 veritatis,
1328 1709 1504 1765 neque
1544 1679 1896 1764 cuiquamqsit
1925 1693 2154 1747 liberum
2181 1691 2250 1746 tie

2359 478 2592 532 maxime
2617 477 2858 532 ﬁdelium
2887 475 2930 546 (Ι
2951 474 3090 530 Tim.
3115 475 3212 546 ιν).
3247 474 3377 540 Qua:
3410 474 3652 530 sententia
3676 475 3860 532 subtilis-

2356 575 2509 629 simae
2533 573 2840 639 brevitatis,
2870 580 2928 628 et
2960 569 3284 628 validissimi
3313 567 3542 634 roboris,
3568 568 3608 623 si
3633 570 3860 640 tranquillo

2354 665 2737 723 consideretur
2779 666 3012 730 intuitu,
3074 672 3242 720 totam
3299 662 3435 717 hanc
3478 661 3544 716 de
3583 675 3671 730 qua
3702 662 3860 732 egimus

2353 760 2788 817 controversiam
2823 758 3052 815 dirimit.
3085 755 3325 814 Dicendo
3365 755 3504 812 enim
3540 773 3553 810 :
3582 754 3673 824 Qui
3698 764 3766 810 est
3784 755 3862 810 sal-

2357 863 2517 910 vator
2565 854 2811 909 omnium
2863 851 3184 920 hominum,
3251 849 3583 907 confirmavit
3629 848 3856 905 bonitatem

2357 947 2452 1002 Dei
2480 961 2645 1016 super
2673 946 2961 1002 universos
2999 945 3248 1000 homines
3279 958 3400 1000 esse
3430 942 3729 1013 generalem.
3752 942 3860 1012 Adji-

2354 1039 2547 1096 ciendo
2577 1049 2759 1094 autem
2807 1056 2821 1092 :
2853 1039 3086 1094 Maxime
3111 1037 3348 1093 ﬁdelium
3368 1081 3382 1105 ,
3414 1035 3638 1091 ostendit
3658 1049 3756 1089 esse
3775 1050 3862 1104 par-

2355 1144 2465 1192 tem
2509 1134 2732 1206 generis
2782 1133 3045 1200 lmmani,
3097 1148 3220 1204 qum
3271 1131 3469 1187 merito
3519 1129 3630 1185 ﬁdei
3667 1128 3860 1183 divinitus

2356 1228 2676 1298 inSpiratua,
2719 1227 2788 1282 ad
2848 1240 3116 1283 summam
3177 1235 3340 1296 atque
3395 1233 3638 1280 :eternam
3687 1222 3859 1275 salutem

2356 1319 2689 1391 specialibus
2717 1321 2996 1378 beneﬁciis
3018 1319 3388 1390 provehatur:
3413 1316 3549 1386 quod
3574 1315 3734 1386 utique
3757 1314 3861 1370 nulla

2357 1413 2650 1483 iniquitate
2679 1414 2856 1484 agitur
2882 1412 3171 1484 justissimi
3202 1420 3257 1466 et
3298 1407 3752 1466 misericordissimi
3776 1405 3860 1470 Dei,

2354 1509 2507 1580 cujus
2535 1508 2798 1579 judicium
2827 1509 2880 1562 in
2917 1509 3000 1562 his
3036 1506 3530 1577 dispensationibns
3556 1519 3652 1559 non
3679 1519 3778 1557 cum
3801 1517 3862 1556 ar-

2356 1601 2607 1673 rogantia
2627 1601 3056 1666 discutiendum,
3074 1600 3169 1655 sed
3197 1614 3320 1654 cum
3353 1608 3585 1654 tremore
3606 1594 3862 1650 laudandum

2357 1704 2442 1749 est
2487 1713 2500 1748 :
2547 1694 2814 1765 siquidem
2873 1695 2927 1748 in
2988 1693 3121 1763 ipsis
3166 1707 3384 1763 quoque
3441 1689 3664 1746 ﬁdelium
3707 1686 3863 1758 populis

648 1806 744 1849 sua
781 1792 987 1863 justitia
1012 1791 1258 1863 gloriari,
1284 1757 1477 1845 eum'et
1495 1788 1622 1844 illus
1644 1757 1859 1859 prOpria
1883 1786 2119 1858 nequitia
2148 1785 2245 1842 de-
2276 1757 2328 1820 Β
2355 1788 2522 1861 (quod
2547 1757 2656 1859 jam
2697 1787 2951 1856 superius
2976 1757 3256 1842 ostensum
3288 1757 3394 1854 est)
3419 1799 3525 1838 non
3552 1757 3718 1837 eadem
3739 1780 3865 1835 omni-

651 1893 862 1956 mergat
910 1884 977 1938 ad
1009 1898 1248 1955 poenam,
1279 1891 1336 1939 et
1368 1881 1506 1937 istos
1553 1881 1642 1938 Dei
1679 1880 1853 1952 gratia
1891 1879 2154 1951 perducat
2180 1878 2246 1934 ad

649 1977 901 2049 gloriam.

1281 2067 1510 2126 CAPUT
1549 2067 1619 2123 Χ.

650 2164 731 2222 De
757 2163 1193 2237 recapitulatione
1233 2165 1287 2219 in
1333 2163 1432 2218 hoc
1462 2161 1690 2218 secundo
1723 2161 1855 2216 libro
1883 2161 2244 2230 deﬁnitorum,

718 2268 767 2314 et
797 2260 966 2330 operis
997 2259 1351 2324 conclusione,
1381 2255 1814 2328 quemadmodum
1842 2255 2080 2309 videlicet
2103 2251 2246 2309 Deus

719 2370 894 2408 omnes
921 2353 1152 2408 homines
1182 2352 1300 2408 velit
1327 2352 1496 2407 salvos
1527 2353 1660 2422 ﬁeri.

717 2449 873 2519 Quod
908 2450 1090 2520 itaque
1119 2449 1172 2503 in
1203 2447 1475 2519 principio
1501 2447 1726 2502 secundi
1759 2445 1921 2517 hujus
1947 2444 2244 2500 voluminis

648 2542 1082 2610 insinuavimus,
1116 2541 1221 2596 hoc
1252 2556 1400 2596 nunc
1442 2541 1636 2596 iterum
1670 2541 2120 2597 commendamus
2141 2581 2156 2607 ,
2186 2546 2246 2594 ut

646 2648 771 2690 cum
795 2633 863 2690 de
892 2635 1083 2705 gratiae
1112 2632 1481 2703 profunditale
1510 2641 1565 2686 et
1593 2631 1881 2687 altitudine
1913 2631 2241 2700 disputatur,

644 2729 822 2786 tribus
853 2728 963 2784 illis
991 2727 1370 2784 saluberrimis
1415 2735 1470 2782 et
1511 2725 1874 2783 veracissimis
1913 2723 2244 2780 deﬁnitioni-

645 2821 748 2879 bus
780 2822 950 2877 simus
1000 2821 1200 2876 innixi.
1245 2821 1488 2888 Quarum
1525 2835 1628 2876 una
1663 2820 1950 2890 proﬁtetur
1977 2826 2240 2873 aeternum

643 2925 699 2973 et
727 2917 1005 2987 proprium
1038 2913 1236 2970 divinae
1275 2928 1398 2970 esse
1427 2913 1709 2979 bonitatis,
1751 2921 1811 2967 ut
1840 2927 2031 2968 omnes
2063 2911 2240 2965 homi-

643 3027 742 3069 nes
780 3013 959 3067 salvos
989 3010 1106 3067 ﬁeri
1136 3009 1298 3075 velit,
1333 3017 1390 3065 et
1417 3009 1468 3064 in
1505 3009 1839 3080 agnitionem
1870 3005 2119 3064 veritatis
2147 3019 2242 3060 ve-

644 3105 762 3162 nire
793 3105 837 3176 (l
872 3103 1009 3159 Tim.
1044 3103 1137 3175 tt);
1167 3103 1271 3158 alia
1295 3102 1460 3158 simul
1494 3102 1783 3171 praedicat,
1817 3115 2036 3156 omnem
2068 3099 2241 3154 homi-

644 3214 768 3255 nem
810 3198 902 3270 qui
949 3197 1134 3252 salvus
1163 3196 1254 3266 ﬁt,
1287 3197 1491 3267 quique
1535 3196 1588 3251 in
1619 3195 1955 3267 agnitionem
1995 3195 2241 3250 veritatis

643 3291 822 3356 venit,
857 3291 952 3347 Dei
983 3289 1190 3346 auxilio
1218 3291 1394 3360 juvari
1434 3298 1490 3346 et
1521 3288 1666 3361 regi,
1703 3299 1869 3358 utque
1899 3289 1950 3343 in
1984 3287 2088 3343 ﬁde
2117 3303 2240 3358 qua:

645 3401 746 3459 per
771 3386 1120 3443 dilectionem
1151 3395 1410 3455 operatur
1438 3394 1779 3454 permaneat.
1805 3382 2071 3438 custodiri
2103 3380 2240 3452 (Ga-

643 3483 739 3539 lat.
771 3481 858 3556 v);
891 3482 1050 3539 tertia
1077 3495 1208 3537 vero
1236 3487 1602 3552 temperanter
1623 3487 1676 3534 et
1698 3477 1880 3536 sobrie
1908 3484 2242 3548 protestatur

641 3590 752 3630 non
801 3588 1022 3631 omnem
1072 3571 1368 3628 voluntatis
1409 3570 1502 3626 Dei
1532 3568 1923 3640 comprehendi
1957 3582 2118 3640 posse
2149 3581 2236 3622 ra-

641 3667 880 3736 tionem,
930 3677 986 3723 et
1029 3667 1229 3723 multas
1287 3666 1600 3722 divinorum
1647 3679 1878 3736 operum
1932 3676 2125 3718 causas
2172 3661 2241 3716 ab

640 3760 878 3818 humana
935 3759 1296 3833 intelligentia
1355 3773 1478 3816 esse
1528 3757 1828 3815 subductas
1868 3774 1881 3810 :
1926 3764 1987 3812 ut
2014 3770 2136 3810 cum
2185 3754 2238 3809 in

641 3855 1002 3927 temporibus,
1033 3854 1086 3909 in
1117 3852 1434 3909 nationibus
1454 3894 1469 3920 ,
1505 3852 1560 3908 in
1589 3851 1842 3919 familiis,
1880 3851 1932 3905 in
1962 3849 2237 3921 parvulis,

641 3947 697 4005 in
733 3948 974 4005 nondum
1015 3947 1157 4003 natis
1201 3956 1256 4003 et
1294 3946 1495 4018 genitis
1535 3945 1784 4017 quaedam
1826 3955 1919 4000 aut
1958 3944 2108 3999 varie
2148 3954 2240 3998 aut

639 4039 924 4114 insigniter
961 4049 1111 4113 gesta
1153 4047 1486 4104 noscuntur,
1528 4052 1638 4092 non
1679 4036 2025 4107 ambigamus
2065 4050 2128 4091 ea
2171 4050 2238 4091 ex

639 4134 746 4190 illis
795 4149 919 4191 esse
967 4149 1091 4204 qua:
1135 4132 1316 4204 justus
1364 4140 1420 4187 et
1467 4129 1782 4186 misericors
1834 4129 1978 4185 Deus
2028 4128 2083 4184 in
2136 4128 2240 4184 hoc

643 4229 941 4284 transituro
971 4227 1176 4282 sceculo
1209 4226 1382 4282 noluit
1410 4225 1560 4280 sciri.
1593 4224 1747 4293 Quod
1780 4223 1999 4294 quidem
2037 4222 2105 4277 ad
2135 4222 2241 4277 uti-

640 4318 854 4376 litatem
913 4329 1162 4374 nostram
1226 4317 1552 4387 diSpositum
1611 4316 1958 4371 sentiendum
2009 4323 2133 4382 est,
2183 4322 2242 4368 ut

640 4414 894 4488 quoniam
927 4428 1024 4484 spe
1061 4411 1199 4466 salvi
1229 4409 1354 4466 facti
1389 4423 1578 4464 sumus
1605 4407 1786 4480 (Rom.
1816 4410 1952 4479 Vill),
1981 4408 2066 4463 cui
2102 4423 2241 4478 prata-

639 4509 844 4581 paravit
875 4497 1016 4566 Deus
1045 4507 1191 4580 quod
1219 4507 1408 4564 oculus
1441 4520 1548 4560 non
1579 4505 1735 4571 vidit,
1763 4521 1864 4562 nec
1895 4507 2042 4560 auris
2073 4504 2236 4560 audi-

638 4605 752 4671 vit,
801 4617 902 4660 nec
936 4603 990 4660 in
1019 4618 1117 4659 cor
1147 4602 1387 4660 hominis
1417 4601 1664 4660 ascendit
1691 4601 1710 4677 (
1736 4601 1757 4657 Ι
1786 4599 1909 4657 Cor.
1949 4599 2056 4672 ιι),
2094 4599 2234 4656 sicut

640 4707 961 4754 constanter
989 4697 1269 4754 credimus
1296 4698 1593 4756 videndum
1626 4696 1769 4770 quod
1813 4696 2051 4753 nondum
2083 4695 2235 4751 vide-

638 4806 790 4863 mus,
818 4793 891 4848 ita
919 4793 1188 4864 patienter
1214 4801 1595 4864 exspectemus
1628 4790 2062 4863 intelligendum,
2089 4787 2235 4860 quod

637 4885 878 4942 nondum
919 4884 1295 4956 intelligimus.
1334 4886 1391 4942 Si
1419 4901 1551 4956 ergo
1579 4895 1759 4942 cesset
1789 4884 2048 4939 insidiosa
2079 4882 2232 4938 mali-

634 4979 843 5052 gnitas,
892 4977 939 5034 si
991 4978 1234 5035 insolens
1289 4981 1644 5050 praesumptio
1690 4979 2047 5050 conquiescat
2090 4994 2103 5030 :
2153 4974 2237 5030 his

631 5082 784 5128 recte
831 5073 933 5144 (ut
968 5070 1250 5143 arbitror)
1302 5073 1682 5143 pertractatis,
1731 5073 1937 5128 nullius
1984 5079 2236 5140 superest

633 5179 799 5222 causa
825 5166 1168 5234 certaminis,
1195 5181 1372 5238 neque
1403 5165 1547 5221 ultra
1581 5181 1809 5224 necesse
1833 5176 1918 5223 est
1947 5181 2046 5221 nos
2072 5166 2239 5221 inter-

636 5260 992 5318 minabilibus
1021 5261 1418 5332 quaeStionibus
1448 5262 1709 5330 occupari
1740 5263 1756 5333 (
1783 5261 1803 5316 Ι
1834 5260 1968 5316 Tim.
1999 5260 2080 5333 ι).
2113 5260 2238 5315 Ela-

634 5354 886 5412 boratum
929 5366 1013 5413 est
1061 5356 1243 5424 enim,
1283 5364 1546 5428 quantum
1593 5356 1856 5412 Dominus
1901 5357 2144 5428 adjuvit,
2178 5365 2236 5413 ut

639 5461 751 5504 non
794 5449 970 5505 solum
1004 5448 1058 5504 in
1092 5449 1408 5505 novissimis
1437 5449 1664 5514 diebus,
1698 5448 1797 5506 sed
1827 5451 1989 5506 etiam
2019 5452 2069 5506 in
2097 5466 2234 5507 cun-

634 5539 740 5595 etis
771 5547 918 5597 retro
963 5542 1180 5598 sarculis
1212 5544 1540 5612 probaretur
1578 5543 1806 5615 gratiam
1837 5544 1932 5600 Dei
1979 5545 2238 5601 omnibus

637 5633 950 5690 hominibus
976 5635 1223 5704 aﬂuisse,
1257 5637 1596 5708 providentia
1627 5636 1848 5710 quidem
1891 5637 2029 5708 pari,
2059 5646 2114 5694 et
2141 5638 2238 5695 bo-

639 5731 814 5788 nitate
857 5730 1134 5802 generali,
1165 5731 1261 5789 sed
1311 5732 1634 5790 multimodo
1665 5750 1859 5807 opere,
1910 5733 2237 5807 diversaque

637 5837 892 5883 mensura
916 5839 938 5880 :
957 5823 1215 5896 quoniam
1242 5823 1357 5882 sive
1383 5827 1594 5883 occulte
1620 5827 1738 5884 sive
1769 5825 2085 5894 manifeste,
2120 5826 2238 5898 ipse

2355 1881 2457 1937 bus
2487 1896 2590 1938 nec
2619 1881 2773 1952 paria
2804 1880 3185 1948 conferantur,
3216 1889 3270 1934 et
3294 1886 3421 1933 ante
3452 1876 3554 1931 ulla
3577 1874 3862 1928 humanorum

2353 1974 2595 2044 pondera
2637 1971 3376 2040 meritorutn,‘dissimillima
3428 1969 3712 2024 divinorum
3752 1980 3863 2020 men-

2355 2084 2480 2124 sura
2513 2073 2582 2124 sit
2613 2084 2920 2125 munernm.
2954 2067 3009 2123 Si
3033 2070 3174 2123 enim
3217 2065 3284 2121 de
3314 2074 3592 2136 parentum
3632 2059 3864 2116 carnalium

2346 2161 2569 2232 judiciis
2610 2160 2875 2232 conqueri
2914 2174 3020 2215 non
3051 2158 3317 2214 audemus
3340 2201 3354 2222 ,
3389 2171 3510 2210 cum
3551 2155 3732 2224 aliquos
3764 2149 3864 2204 ﬁlios

2351 2272 2482 2313 suos
2511 2268 2637 2312 ante
2669 2256 2777 2311 ulla
2812 2272 3021 2311 morum
3049 2253 3320 2319 examina,
3354 2261 3482 2306 ante
3511 2249 3678 2320 aliqua
3705 2243 3863 2318 pietatis

2351 2352 2610 2422 obsequia
2630 2393 2645 2420 ,
2695 2351 3099 2423 indulgentiore
3145 2349 3550 2419 amplectuntur
3573 2342 3753 2398 'aﬁ‘ectu
3785 2357 3794 2391 :
3824 2337 3862 2391 in

2351 2445 2588 2502 dominis
2617 2460 2834 2518 quoque
2865 2460 2990 2515 erga
3023 2442 3260 2498 famulos
3301 2441 3480 2496 libera
3509 2446 3589 2495 est
3613 2432 3862 2505 diSpositio,

2349 2555 2448 2595 nec
2493 2539 2639 2610 juste
2683 2554 2714 2593 a
2744 2552 3015 2610 quoquam
3067 2533 3491 2606 reprehenditur
3532 2531 3619 2602 qui
3654 2529 3713 2584 de
3749 2526 3863 2580 unius

2347 2632 2677 2690 conditionis
2734 2631 2932 2686 familia
2987 2630 3251 2702 quosdam
3310 2627 3418 2684 sibi
3471 2639 3602 2698 quos
3646 2620 3865 2692 benignius

2348 2728 2706 2796 honestaret,
2737 2737 2791 2783 et
2815 2741 2950 2798 quos
2978 2725 3206 2782 liberius
3243 2722 3492 2779 erudiret
3513 2765 3527 2788 ,
3557 2720 3733 2790 elegit:
3754 2729 3865 2769 num—

2346 2824 2474 2896 quid
2507 2823 2575 2879 de
2601 2822 2801 2879 summi
2830 2821 3006 2876 Patris
3047 2828 3105 2876 et
3143 2818 3258 2874 veri
3287 2816 3509 2872 Domini
3533 2805 3863 2870 benevolentis-

2346 2919 2481 2973 sima
2510 2917 2771 2988 {equitate
2797 2915 3131 2973 causandum
3164 2924 3270 2981 est,
3303 2913 3448 2982 quod
3473 2911 3527 2966 in
3556 2923 3727 2980 magna
3750 2905 3867 2960 domo

2348 3013 2468 3081 ejus
2489 3011 2792 3067 innumeris
2822 3009 3143 3067 diﬁerentiis
3165 3008 3420 3064 universa
3445 3003 3738 3062 variantur?
3755 2998 3867 3055 Cum-

2346 3121 2452 3178 que
2497 3120 2660 3161 nemo
2701 3105 2906 3176 aliquid
2936 3105 3064 3160 boni
3099 3103 3292 3159 habeat
3327 3102 3476 3173 quod
3509 3116 3611 3156 non
3639 3100 3716 3155 ille
3745 3098 3870 3150 donas

2349 3201 2521 3268 verit,
2555 3217 2662 3256 non
2692 3215 2882 3256 omnes
2915 3210 3097 3256 tamen
3142 3198 3335 3256 iisdem
3368 3197 3658 3253 virtutibus
3691 3192 3865 3254 micant,

2345 3306 2440 3350 aut
2484 3295 2674 3351 eadem
2715 3294 3113 3351 charismatum
3143 3293 3271 3349 dote
3300 3292 3565 3348 ditantur.
3598 3291 3692 3345 Nec
3727 3298 3869 3357 possuc

2346 3402 2466 3444 mus
2504 3389 2646 3444 hanc
2675 3387 3048 3444 diversitatem
3094 3386 3361 3459 graduum
3404 3385 3586 3441 causis
3611 3391 3770 3453 aptare
3791 3389 3868 3431 meo

2347 3482 2611 3550 riturum,
2645 3496 2770 3537 cum
2817 3481 2982 3537 totius
3031 3480 3156 3536 boni
3198 3479 3379 3536 meriti
3431 3474 3731 3548 principalis
3753 3483 3869 3526 causa

2347 3578 2422 3632 sit
2469 3577 2674 3649 gratia,
2721 3576 2794 3632 de
2838 3576 2995 3647 cujus
3044 3576 3237 3646 opibus
3283 3574 3522 3628 sumitur
3573 3563 3796 3642 quidquid
3833 3563 3869 3616 in

2346 3669 2579 3741 singulis
2606 3668 2888 3740 probabile
2907 3669 3196 3738 reperitur.
3221 3666 3376 3723 Sicut
3422 3679 3554 3736 ergo
3600 3663 3663 3718 de
3695 3662 3749 3715 iis
3785 3668 3870 3726 quin

2347 3762 2486 3818 intra
2510 3763 2819 3819 Ecclesiam
2847 3760 3256 3817 multiformiter
3286 3759 3531 3830 Spiritus
3556 3763 3752 3813 sanctus
3779 3761 3871 3818 olle“

2347 3866 2520 3924 ratur,
2551 3857 2778 3927 impium
2817 3866 2895 3910 est
2927 3855 3094 3910 ullam
3124 3854 3409 3925 querelam
3441 3851 3604 3909 corde
3623 3846 3869 3914 concipere

2347 3949 2421 4006 ita
2450 3951 2612 4006 etiam
2641 3950 2708 4004 de
2735 3950 2824 4004 illa
2853 3946 3191 4020 providentia
3229 3963 3352 4019 qua:
3385 3943 3686 4002 infidelibus
3729 3934 3870 4012 prasi-

2346 4045 2471 4111 det,
2525 4043 2841 4099 nullatenus
2888 4041 3340 4098 murmurantium
3390 4052 3475 4098 est
3527 4059 3538 4094 :
3590 4036 3807 4110 quoniam
3836 4038 3871 4084 et

2341 4137 2524 4208 justus
2551 4146 2606 4193 et
2637 4137 2812 4192 bonus
2857 4136 3066 4192 arbiter
3104 4151 3208 4192 nec
3252 4136 3550 4191 voluntatis
3591 4133 3764 4202 iniqua:
3789 4134 3870 4188 εει.

2346 4245 2448 4286 nec
2474 4230 2828 4286 discretionis
2869 4229 3125 4296 incertae,
3160 4237 3219 4284 ut
3254 4229 3358 4284 sub
3400 4229 3658 4285 immensa
3685 4220 3874 4289 omnipo-

2348 4323 2514 4379 tentis
2544 4322 2641 4378 Dei
2674 4323 3050 4378 misericordia
3091 4333 3255 4394 atque
3278 4322 3489 4393 justitia
3521 4330 3750 4392 putemus
3771 4308 3873 4384 quod

2345 4418 2632 4488 (ιηίείιιιτιηι
2663 4424 2875 4487 pereat,
2908 4418 3000 4487 qui
3032 4419 3215 4489 perire
3242 4433 3354 4473 non
3385 4416 3601 4473 debeat.
3625 4413 3762 4470 Nulla
3787 4420 3874 4478 pars

2347 4508 2537 4565 mundi
2579 4508 2649 4564 ab
2681 4508 2980 4580 Evangelia
3010 4519 3168 4566 vacat
3196 4509 3436 4572 Christi:
3480 4519 3537 4566 et
3571 4508 3692 4563 licet
3717 4505 3789 4559 illa
3811 4515 3876 4573 ge-

2349 4605 2550 4661 neralis
2579 4606 2796 4661 vocatio
2831 4621 2937 4660 non
2969 4606 3238 4677 quiescat,
3275 4615 3456 4662 tamen
3490 4606 3650 4662 etiam
3678 4603 3764 4658 ista
3789 4610 3876 4668 spe-

2345 4698 2501 4757 cialis
2539 4700 2654 4771 jam
2702 4699 2974 4757 universis
3015 4708 3102 4756 est
3131 4699 3275 4755 facta
3307 4701 3636 4756 communis.
3676 4697 3744 4753 Ex
3769 4685 3873 4749 omni

2345 4806 2529 4867 gente,
2556 4810 2622 4851 ex
2646 4796 2794 4851 omni
2819 4794 3136 4851 conditione
3179 4793 3510 4867 adoptantur
3547 4790 3768 4863 quotidie
3790 4783 3874 4841 mil.

2345 4887 2418 4943 lia
2453 4903 2674 4953 senum,
2710 4888 2874 4943 millia
2916 4887 3183 4959 juvenum
3206 4930 3220 4956 ,
3265 4887 3433 4943 millia
3463 4881 3874 4958 parvulorum,el

2347 4979 2632 5037 elfectibus
2656 4979 3189 5052 gratimChristiante
3219 4981 3382 5037 etiam
3413 4982 3533 5050 ipsa
3560 4977 3741 5051 quibus
3763 4985 3874 5028 mun-

2346 5073 2447 5128 dus
2479 5075 2754 5140 atteritur,
2784 5088 2933 5128 arma
2967 5072 3320 5129 famulantur.
3347 5071 3520 5141 Quam
3559 5072 3742 5126 multos
3769 5063 3871 5120 enim

2345 5165 2437 5236 qni
2481 5166 2536 5219 in
2567 5166 2962 5237 tranquillitate
2993 5167 3176 5237 pacis,
3205 5175 3610 5222 sacramentum
3639 5160 3875 5232 baptisma-

2346 5261 2414 5316 tis
2441 5262 2723 5332 suscipere
2751 5261 3112 5331 differebant,
3160 5261 3226 5318 ad
3268 5276 3462 5332 aquam
3500 5247 3872 5333 regenerationis

2345 5356 2638 5424 confugere
2667 5355 2921 5412 instantis
2950 5355 3182 5428 periculi
3206 5363 3382 5412 metus
3412 5353 3656 5426 impulitl
3684 5358 3734 5406 et
3759 5340 3872 5401 lentis

2345 5450 2651 5522 tepidisque
2690 5450 2890 5506 animis
2931 5451 3080 5522 quod
3126 5451 3218 5506 diu
3259 5449 3568 5506 cohortatio
3611 5445 3770 5515 quieta
3796 5447 3869 5492 I10n

2341 5546 2545 5614 suasit,
2597 5543 2785 5600 minax
2837 5543 3020 5600 subito
3069 5553 3254 5600 terror
3289 5543 3540 5599 extorsit.
3575 5538 3778 5610 Quidam
3802 5529 3872 5584 Εε-

2337 5640 2522 5696 ειθείω
2568 5637 2666 5692 ﬁlii
2709 5637 2778 5694 ab
2822 5637 3073 5693 hostibus
3109 5638 3251 5708 capti
3291 5636 3546 5692 dominos
3576 5648 3694 5690 suos
3717 5617 3869 5684 Christi

2339 5732 2638 5803 Evangelio
2683 5733 3069 5805 manciparunt
3114 5750 3125 5787 :
3169 5739 3227 5788 et
3252 5731 3444 5803 quibus
3471 5728 3769 5785 conditione
3792 5716 3872 5774 bel'

2341 5826 2446 5885 lica
2475 5827 2814 5897 serviebant,
2839 5827 3046 5886 eisdem
3074 5827 3198 5884 ﬁdei
3228 5823 3548 5898 magisterio
3577 5819 3869 5898 pretiuertlnl-
