3958 6314
117 305 256 362 “9.9

1170 302 1256 359 DE
1303 299 1685 359 VOCATIONE
1723 296 2030 357 GENTIUM
2071 298 2202 356 LIB.
2244 299 2307 356 ll.

3230 306 3370 362 “5'30

106 419 180 478 At
209 420 301 474 alii
345 419 571 475 Barbari
616 419 1028 490 dumRomanis
1059 419 1408 483 auxiliantur,
1457 418 1600 488 quod
1633 419 1686 472 in
1716 423 1769 480 Α
1795 416 1903 471 ctio
1940 432 1954 468 :
2001 432 2100 470 nec
2125 417 2283 470 aliter
2312 415 2601 484 quidquam
2637 415 2930 483 procedere
2974 426 3176 485 potest,
3209 435 3366 487 quam

107 512 222 568 suis
271 514 404 570 locis
451 529 610 570 nosse
662 529 764 568 non
798 521 1071 583 poterant,
1121 515 1169 564 ill
1211 511 1410 566 nostris
1451 511 1693 566 didicere

104 607 464 676 regionibus,
496 616 550 662 et
593 607 660 661 ad
704 607 863 663 sedes
901 621 1027 660 suas
1056 621 1176 660 cum
1213 603 1530 659 Christianae
1563 603 1690 658 reli-

104 698 288 766 gionis
339 699 676 754 institutione
725 705 1057 755 remearunt.
1109 697 1184 750 lla
1238 695 1370 752 nihil
1429 695 1693 750 obsistere

105 791 312 847 divin:e
341 794 528 859 gratia:
579 800 793 863 potest,
852 791 1139 862 quominus
1169 791 1219 843 id
1251 788 1392 860 quod
1424 789 1690 853 voluerit,

105 884 425 954 impleatur,
477 885 605 941 dum
634 885 797 941 etiam
829 884 1120 941 discordiae
1168 883 1236 937 ad
1275 882 1536 938 unitatem
1579 892 1689 937 tra-

103 979 284 1048 hunt,
321 990 376 1035 et
410 980 583 1051 plagae
619 981 671 1034 in
717 979 954 1035 remedia
1001 987 1304 1043 vertuntur,
1353 987 1410 1032 ut
1453 977 1690 1033 Ecclesia

101 1072 253 1127 unde
299 1073 492 1128 metuit
540 1072 877 1144 periculum,
926 1070 1048 1127 inde
1097 1080 1273 1126 sumat
1312 1080 1689 1140 augmentum.

98 1162 185 1218 Ad
242 1163 520 1232 quoslibet
560 1163 724 1234 igitur
775 1179 952 1220 rerum
1004 1164 1361 1218 humanarum
1408 1162 1592 1218 exitus
1633 1178 1692 1216 se

96 1268 296 1312 nostra
333 1267 614 1313 c0nvertat
659 1257 944 1328 inspectio,
975 1258 1121 1311 nulla
1168 1257 1392 1322 saecula,
1426 1255 1568 1311 nulla
1599 1272 1692 1311 ne-

94 1351 250 1420 gotia
278 1394 292 1414 ,
347 1351 521 1404 nullos
562 1350 940 1418 generationes
968 1359 1119 1403 ortus
1148 1359 1308 1420 atque
1335 1348 1592 1404 decessus
1624 1348 1692 1401 ab

95 1448 334 1501 teternis
375 1456 430 1500 et
462 1446 900 1500 inscrutabilibus
941 1444 1159 1515 judiciis
1193 1443 1288 1498 Dei
1313 1459 1505 1498 vacare
1534 1458 1692 1512 repe—

94 1542 229 1596 riet.
263 1540 469 1597 Omnes
501 1539 826 1596 varietatum
857 1539 1314 1609 compugnantim,
1345 1546 1399 1592 et
1426 1538 1692 1592 universae

96 1634 462 1690 dissimilium
508 1646 867 1705 proventuunl
893 1650 1092 1702 causm,
1126 1649 1258 1704 quas
1287 1633 1611 1703 investigare
1637 1641 1693 1686 et

96 1728 431 1786 discernere
479 1745 584 1785 non
640 1730 917 1798 valemus,
969 1729 1021 1782 ill
1071 1728 1160 1782 illa
1216 1737 1416 1782 aeterna
1463 1727 1688 1782 scientia

1797 508 2187 578 omnipotentis
2224 509 2503 563 voluntate
2544 508 2865 578 dispositum
2905 520 3006 564 est.
3053 510 3160 566 Sed
3190 513 3278 581 qui
3311 530 3370 568 se

1796 600 2080 671 ingeniose
2110 601 2211 656 hoc
2236 602 2572 657 arbitrantur
2600 617 2900 672 opponere,
2931 621 3033 657 non
3061 606 3372 676 intelligunt

1795 695 2076 750 scientiam
2113 695 2240 762 Dei,
2271 713 2391 766 qua:
2419 706 2477 751 et
2501 697 2774 768 prazterita
2803 706 2859 752 et
2887 701 3174 768 praesentia
3207 711 3261 755 et
3292 701 3371 756 fu-

1797 797 1918 842 tura
1950 788 2357 857 complecdtur,
2407 790 2656 859 tempore
2700 805 2806 844 non
2841 791 3046 854 teneri,
3077 803 3131 847 et
3177 804 3283 847 tam
3318 795 3372 848 in

1795 891 2092 950 conspectu
2125 881 2244 949 ejus
2275 889 2461 936 astare
2491 898 2553 937 ea
2595 899 2716 954 qua:
2753 884 2991 954 gerenda
3020 893 3174 951 sunt,
3206 903 3367 957 quam

1795 973 1887 1028 illa
1933 991 2051 1044 quin
2081 983 2175 1028 aut
2220 986 2482 1044 geruntur
2523 986 2616 1031 aut
2658 989 2807 1048 gesta
2842 988 2985 1033 sunt.
3048 979 3204 1047 Quod
3246 997 3368 1036 cum

1795 1066 2140 1121 verissimum
2185 1067 2296 1133 sit,
2327 1083 2430 1121 non
2465 1068 2669 1138 indiget
2712 1087 2858 1125 mora
2891 1073 3149 1128 cernendi
3178 1085 3235 1129 et
3263 1076 3372 1128 dis-

1793 1159 2052 1214 cernendi
2083 1158 2176 1213 illa
2207 1159 2400 1226 virtus,
2426 1176 2544 1227 qum
2572 1173 2832 1230 perpetuo
2860 1181 3101 1232 veroque
3127 1169 3371 1222 contuitu

1795 1265 1978 1306 creata
2027 1261 2080 1306 et
2111 1252 2376 1319 creanda,
2409 1264 2530 1308 orta
2575 1263 2630 1308 et
2658 1256 2864 1310 oritura
2887 1300 2901 1322 ,
2933 1267 3050 1312 acta
3084 1268 3136 1314 et
3167 1262 3372 1329 agenda

1792 1343 1950 1397 simul
1980 1345 2172 1414 aspicit
2197 1363 2210 1399 :
2236 1357 2282 1400 ct
2310 1345 2566 1416 quidquid
2600 1346 2653 1400 ill
2685 1348 3032 1404 universitate
3062 1367 3241 1405 rerum
3273 1369 3371 1422 per

1793 1437 1993 1491 saecula
2027 1437 2297 1506 praefinita
2342 1437 2635 1502 evolvitur,
2673 1454 2737 1494 ac
2779 1440 3116 1496 multimodis
3144 1444 3374 1498 varieta-

1796 1527 1938 1581 tibus
1976 1528 2307 1597 explicatur,
2362 1529 2413 1583 id
2460 1537 2630 1583 totum
2679 1530 2730 1584 in
2762 1546 2827 1584 eo
2855 1530 2964 1600 jam
2999 1533 3188 1588 ordine
3230 1549 3376 1588 com-

1794 1621 2110 1690 prehendit,
2142 1638 2302 1692 quem
2339 1638 2402 1676 ex
2436 1622 2610 1690 ipsius
2642 1639 2857 1677 summo
2889 1624 2983 1678 illo
3025 1625 3376 1696 perfectoque

1788 1710 2000 1780 judicio
2023 1712 2208 1767 mundi
2231 1712 2389 1783 hujus
2409 1713 2532 1768 ﬁnis
2550 1715 2800 1782 accipiet.
2821 1715 2946 1770 Haec
2969 1725 3147 1772 autem
3172 1729 3374 1774 {eterna

99 1821 266 1877 simul
320 1832 492 1890 notae,
535 1823 804 1892 simulque
830 1821 1017 1876 divisa:
1045 1830 1191 1875 sunt.
1249 1819 1320 1874 Et
1353 1820 1483 1874 nillil
1512 1820 1585 1874 ibi
1613 1819 1693 1874 in-
1722 1815 1770 1876 B
1797 1814 1851 1860 ει
1875 1821 2094 1877 semper
2121 1806 2411 1878 tranquilla
2445 1809 2684 1879 cognitio
2709 1809 2858 1863 nulla
2889 1825 2987 1863 nos
3014 1820 3172 1882 urget
3198 1827 3382 1868 ncces-

97 1915 424 1972 ordinatum
445 1927 528 1971 est
551 1916 711 1971 etiam
737 1915 962 1972 necdum
982 1915 1324 1970 existentiunl
1343 1915 1692 1985 qualitatibus

97 2010 386 2066 actionum
413 2029 425 2066 :
455 2011 713 2081 quoniam
748 2025 852 2066 non
875 2018 958 2065 est
990 2010 1043 2064 in
1075 2009 1187 2064 Deo
1213 2008 1461 2064 accidens
1490 2019 1686 2076 motus,

101 2112 205 2158 aut
255 2119 400 2159 nova
434 2105 717 2167 voluntas,
747 2113 840 2158 aut
884 2102 1182 2174 temporale
1228 2103 1544 2168 consilium,
1591 2118 1695 2158 nec

96 2197 371 2269 cogitatio
401 2197 516 2268 ejus
553 2213 674 2254 cum
719 2212 902 2253 rerum
949 2195 1282 2252 mutabilium
1327 2196 1695 2266 inaequalitate

98 2293 378 2359 variatur,
421 2292 515 2348 sed
557 2301 752 2349 cuncta
783 2292 984 2362 pariter
1019 2301 1259 2360 tempora
1290 2300 1344 2344 et
1379 2287 1695 2358 temporalia

101 2387 448 2458 sempiterno
460 2401 523 2441 ac
535 2385 707 2441 stabili
727 2381 1364 2454 comprellenditintuitu,
1383 2393 1434 2436 et
1449 2381 1698 2437 omnibus

102 2481 297 2537 omnia
335 2480 442 2551 jam
476 2479 752 2544 retribuit,
782 2480 870 2551 qui
898 2494 1018 2548 quae
1055 2475 1384 2533 suntfutura
1419 2478 1528 2548 jam
1570 2476 1700 2532 fecit

108 2577 335 2649 (Ephes.
354 2576 414 2647 ι).
433 2575 707 2631 llincillud
723 2576 959 2631 estbeati
983 2575 1129 2630 Pauli
1161 2574 1388 2644 apostoli
1417 2575 1701 2630 scribentis

109 2671 181 2725 ad
203 2670 501 2740 Ephesios:
523 2669 843 2726 Benedictus
875 2669 1014 2725 Deus
1033 2679 1087 2724 et
1108 2678 1260 2739 pater
1289 2669 1499 2723 Domini
1530 2667 1701 2723 nostri

107 2763 250 2819 Jesu
281 2762 504 2833 Christi,
535 2764 626 2834 qui
654 2762 929 2818 benedixit
957 2778 1054 2817 nos
1081 2763 1132 2816 in
1157 2763 1304 2818 omni
1329 2763 1702 2819 benedictione

112 2859 357 2929 spiritali
390 2860 441 2914 in
474 2858 785 2914 cocleStibus
831 2858 884 2912 in
915 2856 1134 2914 Christo
1174 2874 1190 2912 :
1236 2857 1375 2913 sicut
1403 2857 1562 2928 elegit
1603 2872 1703 2912 nos

103 2955 161 3010 in
233 2955 351 3023 ipso
397 2963 522 3008 ante
584 2953 767 3007 mundi
824 2951 1298 3016 constitutionem,
1347 2959 1405 3004 ut
1459 2963 1704 3006 essemus

102 3047 295 3102 sancti
324 3057 375 3100 et
413 3045 747 3100 inlmaculati
774 3044 826 3098 in
860 3053 1154 3113 conspectu
1183 3043 1302 3112 ejus
1331 3043 1383 3096 in
1414 3042 1698 3097 charitate.

102 3141 222 3208 Qui
274 3137 678 3208 prmdestinavit
725 3153 825 3193 nos
874 3137 927 3191 in
971 3136 1314 3205 ad0ptionem
1345 3135 1576 3190 filiorum
1609 3149 1705 3204 per

1794 1899 1952 1954 sitate
1983 1901 2248 1972 peccandi
2289 1920 2302 1958 :
2343 1917 2442 1957 nec
2492 1903 2618 1960 inde
2669 1912 2857 1959 manat
2903 1905 3202 1975 iniquitas,
3237 1907 3381 1963 unde

1789 1991 2002 2062 justilia
2038 2011 2052 2050 :
2081 1993 2205 2063 quia
2237 2010 2359 2050 cum
2393 1995 2567 2050 bonus
2596 1996 2742 2051 Deus
2770 1997 2949 2052 omnia
2979 1998 3119 2052 bona
3151 1999 3377 2068 fecerit,

1793 2093 1849 2140 et
1877 2085 1999 2142 mali
2034 2087 2177 2141 nulla
2204 2088 2274 2142 sit
2296 2088 2522 2144 omnino
2547 2100 2781 2155 natura,
2813 2106 2842 2143 a
2875 2091 3060 2147 liberis
3094 2093 3390 2148 voluntati-

1797 2179 1919 2246 bus,
1953 2194 2088 2249 quas
2109 2181 2299 2252 utique
2327 2181 2534 2237 bonum
2560 2183 2660 2239 fuit
2688 2184 2890 2242 liberas
2914 2187 3054 2254 ﬁeri,
3081 2200 3384 2258 spontanea

1799 2281 1886 2328 est
1915 2281 2034 2328 orta
2071 2277 2454 2346 transgressio,
2478 2289 2531 2333 et
2560 2288 2751 2334 natura
2779 2282 3090 2353 mutabilis,
3120 2284 3272 2352 cujus
3302 2285 3384 2339 in-

1798 2366 2086 2422 columitas
2128 2368 2196 2422 ab
2245 2369 2675 2428 incommutabili
2725 2375 2996 2443 pendebat
3037 2379 3312 2444 essentia,
3354 2395 3383 2433 a

1801 2474 2012 2515 summo
2057 2478 2117 2517 se
2157 2463 2300 2518 bono
2322 2506 2337 2530 ,
2370 2464 2496 2520 dum
2535 2468 2758 2538 proprio
2792 2485 3052 2538 perverse
3083 2472 3388 2529 delectatur

1802 2553 2054 2624 abrupit,
2101 2557 2185 2611 cui
2240 2574 2384 2614 nunc
2434 2561 2610 2617 ruina;
2655 2563 2909 2620 medetur
2951 2569 3124 2637 gratia
3159 2569 3272 2624 Dei.
3319 2559 3388 2625 Et

1803 2657 2093 2720 propterea
2135 2651 2296 2708 Jesus
2322 2653 2574 2711 Christus
2608 2659 2756 2712 venit
2804 2661 2856 2712 ill
2901 2660 3046 2716 hunc
3090 2663 3384 2734 mundum,

1804 2754 1863 2798 ut
1889 2747 2063 2800 solvat
2091 2762 2260 2818 opera
2297 2749 2540 2817 diaboli,
2571 2769 2691 2822 quae
2729 2755 2913 2825 utique
2943 2757 3025 2811 sic
3073 2758 3384 2826 solvuntur,

1803 2846 1864 2892 ut
1912 2839 1963 2893 in
1996 2839 2372 2898 destructione
2403 2859 2623 2912 eorum,
2652 2848 2816 2902 etiam
2850 2850 2917 2903 ab
2946 2851 3010 2904 iis
3040 2853 3237 2921 quibus
3267 2870 3390 2910 suc-

1805 2934 2066 3001 curritur,
2101 2935 2402 3002 laboretur,
2435 2940 2691 3008 quouiam
2733 2951 2789 2996 et
2818 2942 2922 2998 hoc
2953 2959 2981 2997 a
3017 2945 3264 3004 salvante
3293 2947 3390 3003 do-

1813 3040 1974 3084 natur
2017 3029 2035 3100 (
2065 3029 2082 3083 Ι
2126 3028 2282 3084 Joan.
2333 3047 2388 3086 ιιι
2419 3035 2456 3099 ).
2509 3033 2636 3089 Ideo
2681 3035 2870 3091 beatus
2900 3036 3195 3108 Apostolus
3228 3059 3240 3094 :
3273 3041 3389 3097 Non

1809 3125 1983 3178 solum
2016 3133 2195 3179 autem
2224 3127 2417 3196 inquit,
2451 3127 2547 3183 sed
2593 3137 2647 3184 et
2676 3130 2970 3200 gloriamur
2996 3135 3046 3188 ilt
3080 3135 3385 3192 tribulatio-

101 3232 308 3288 Jesum
336 3228 607 3285 Christum
638 3229 925 3283 Dominum
957 3236 1225 3294 nostrum,
1253 3226 1549 3282 secundum
1577 3241 1703 3295 pro.
1730 3223 1775 3288 ρ
1810 3215 1998 3283 nibus,
2035 3217 2276 3273 scientes
2307 3219 2448 3288 quod
2482 3220 2756 3277 tribulatio
2777 3225 3088 3292 patientiam
3114 3239 3391 3298 operatur,

104 3324 358 3395 positum
413 3321 705 3377 voluntatis
749 3335 892 3386 sure,
945 3320 999 3373 in
1041 3319 1257 3374 laudem
1299 3318 1484 3387 gloria:
1517 3317 1701 3386 gratia:

103 3435 267 3486 suze,
302 3427 358 3474 et
386 3427 585 3472 Cretera
633 3431 753 3487 quae
799 3415 900 3470 sub
937 3411 1178 3484 ejusdem
1210 3425 1400 3467 sensus
1444 3409 1703 3481 praedica-

109 3514 279 3569 tione
320 3511 625 3575 connectit,
667 3510 868 3564 docens
909 3506 1111 3562 donum
1151 3515 1312 3576 atque
1343 3519 1479 3574 opus
1516 3503 1703 3573 gratia:

105 3609 164 3662 ill
204 3617 410 3660 :eterno
437 3618 656 3674 semper
684 3601 780 3656 Dei
810 3599 1077 3655 mansisse
1105 3597 1334 3654 consilio
1353 3640 1366 3664 ,
1407 3611 1705 3665 omnesque

103 3697 435 3768 adoptionis
463 3696 604 3749 filios
633 3708 739 3748 non
774 3693 950 3747 solum
987 3692 1038 3744 ill
1082 3705 1149 3746 eo
1179 3698 1420 3760 tempore
1448 3702 1554 3758 quo
1592 3687 1702 3755 jaln

103 3793 451 3850 exsistentes
477 3789 652 3843 vocati
684 3784 1114 3858 sunt,sed}etiam
1130 3783 1444 3854 priusquam
1473 3779 1706 3834 mundus

102 3885 479 3950 conderetur,
522 3881 748 3937 electos.
797 3879 854 3932 In
885 3891 991 3948 qua
1020 3876 1288 3931 electione
1315 3871 1570 3944 quidquid
1603 3869 1705 3925 llo-

103 3981 328 4036 minum
361 3979 412 4032 in
437 3975 654 4031 Christo
677 3972 1061 4044 praecognitum
1094 3985 1201 4024 non
1225 3976 1327 4033 est,
1359 3967 1504 4021 nulla
1531 3965 1705 4021 eidem

103 4092 174 4132 ra
190 4075 342 4127 tione
369 4068 692 4126 sociabilur.
725 4066 926 4122 Omnes
966 4064 1112 4120 enim
1140 4063 1232 4134 qui
1273 4063 1326 4115 in
1358 4075 1582 4130 regnum
1611 4058 1708 4112 Dci

103 4169 190 4224 de
243 4164 532 4237 cujuslibet
581 4161 844 4230 temporis
893 4158 1185 4214 vocatione
1230 4155 1442 4209 venturi
1477 4161 1622 4218 sunt,
1655 4152 1708 4206 in

103 4263 226 4318 ista
255 4273 378 4329 qua:
407 4256 601 4312 saecula
629 4261 824 4309 cuncta
853 4249 1156 4319 praecessit,
1185 4247 1481 4318 adoptione
1512 4245 1709 4317 signati

104 4361 271 4410 sunt.
318 4349 387 4404 Et
413 4349 551 4404 sicut
581 4347 764 4402 nullus
793 4343 1090 4400 infidelium
1125 4343 1179 4396 in
1213 4342 1311 4396 hac
1340 4349 1490 4394 sorte
1517 4353 1708 4393 nume-

104 4455 305 4508 ratus,
341 4442 413 4495 ita
461 4439 639 4494 nullus
666 4439 874 4509 piorum
905 4436 973 4490 ab
1005 4435 1106 4489 hac
1133 4443 1281 4489 sorte
1306 4431 1577 4487 discretus
1603 4438 1706 4484 est.

111 4537 205 4591 De
230 4530 568 4603 plenitudine
599 4529 798 4600 quippe
824 4527 1192 4583 membrorum
1219 4524 1464 4594 corporis
1485 4521 1708 4587 Christi,

1807 3308 2064 3376 patientia
2089 3322 2268 3366 autem
2301 3311 2700 3382 probationem,
2727 3317 2976 3384 probatio
3001 3328 3182 3375 autem
3213 3337 3387 3391 spem,

1804 3415 1930 3471 spes
1960 3410 2143 3457 autem
2172 3418 2281 3458 non
2313 3404 2617 3473 confundit,
2651 3409 2775 3477 quia
2801 3409 3040 3467 charitas
3065 3413 3160 3469 Dei
3194 3415 3391 3472 diffusa

1805 3502 1892 3548 est
1936 3494 1986 3548 in
2037 3495 2296 3552 cordibus
2343 3500 2548 3554 nostris
2591 3515 2686 3569 per
2714 3498 2976 3572 Spiritum
3010 3515 3254 3561 sanctum
3301 3511 3392 3577 qui

1807 3589 1964 3643 datus
1996 3599 2077 3645 est
2108 3591 2263 3647 nobis
2291 3593 2468 3662 (Rom.
2499 3595 2620 3666 vn).
2652 3597 2896 3668 Itemque
2926 3600 3068 3656 idem
3111 3602 3176 3656 ad
3209 3603 3394 3672 Ephe-

1808 3683 1919 3736 sios
1949 3701 1960 3736 :
1991 3682 2199 3752 Gratia,
2233 3684 2432 3754 inquit,
2463 3687 2659 3742 salvati
2687 3691 2817 3744 estis
2847 3707 2945 3760 per
2971 3692 3162 3763 fidem,
3196 3705 3250 3750 et
3293 3697 3396 3753 hoc

1807 3789 1916 3830 non
1943 3791 2008 3831 ex
2032 3776 2203 3843 vobis,
2243 3779 2334 3834 Dei
2355 3781 2499 3835 enim
2529 3781 2730 3837 donum
2755 3792 2858 3852 est,
2887 3801 2991 3840 non
3017 3802 3084 3843 ex
3110 3791 3392 3861 operibus,

1809 3883 1877 3922 ne
1922 3868 2041 3936 quis
2085 3871 2348 3940 glorietur
2377 3873 2397 3943 (
2425 3873 2616 3943 Epiros.
2649 3877 2747 3945 ιι).
2793 3877 2966 3946 Ipsius
3015 3881 3158 3936 enim
3206 3897 3398 3939 sumus

1809 3959 2154 4030 figmentum,
2203 3963 2378 4018 creati
2423 3965 2479 4018 in
2521 3965 2740 4022 Christo
2792 3969 2844 4023 in
2898 3972 3155 4040 operibus
3202 3973 3393 4041 bonis,

1809 4069 1934 4122 quae
1967 4056 2296 4124 praeparavit
2325 4056 2466 4112 Deus
2493 4068 2554 4111 ut
2599 4059 2648 4112 in
2697 4060 2805 4115 illis
2846 4063 3206 4121 ambulemus.
3251 4067 3396 4124 Deus

1810 4160 1943 4216 ergo
1973 4147 2038 4201 iis
2067 4162 2206 4218 quos
2237 4149 2400 4219 elegit
2426 4150 2545 4206 sine
2574 4153 2809 4218 meritis,
2845 4153 2938 4208 dat
2962 4160 3108 4213 unde
3129 4171 3399 4218 ornentur

1810 4245 1864 4294 et
1897 4239 2130 4294 meritis.
2170 4240 2238 4294 Et
2282 4239 2480 4297 frustra
2525 4242 2729 4299 dicitur
2758 4248 2904 4317 quod
2951 4251 3091 4306 ratio
3136 4256 3398 4323 operandi

1812 4346 1922 4386 non
1953 4331 2026 4387 sit
2079 4333 2134 4387 in
2175 4333 2368 4390 electis
2389 4376 2404 4402 ,
2437 4351 2560 4390 cum
2591 4338 2754 4394 etiam
2785 4340 2852 4395 ad
2884 4341 2988 4397 hoc
3018 4356 3311 4416 apercntllr
3340 4360 3397 4405 ut

1812 4427 1970 4483 electi
2018 4427 2147 4482 sint.
2193 4429 2469 4486 Virtutum
2524 4433 2724 4504 quippe
2773 4451 2996 4491 munera
3047 4439 3225 4495 otiosa
3273 4458 3395 4500 esse

1813 4534 1923 4574 non
1950 4528 2196 4588 possunt,
2230 4524 2493 4592 quoniam
2525 4524 2664 4578 sicut
2688 4523 2902 4582 Veritas
2943 4529 3019 4582 ait
3045 4547 3057 4583 :
3081 4531 3270 4588 Omnia
3302 4535 3399 4591 ha-

26 4679 32 4696 ,
109 4625 474 4701 praescientia
506 4624 626 4689 Dei,
655 4638 777 4693 qua:
804 4620 917 4676 falli
946 4635 1052 4674 non
1084 4627 1290 4690 potest,
1315 4616 1450 4672 nihil
1497 4615 1706 4685 perdit,
1737 4613 1791 4675 D
1817 4611 1961 4666 benti
1992 4612 2232 4678 dabitur,
2264 4630 2369 4670 non
2401 4616 2620 4672 babenti
2650 4628 2831 4674 autem
2864 4621 3028 4676 etiam
3057 4627 3200 4695 quod
3233 4626 3399 4685 habet

108 4733 179 4780 et
206 4721 362 4776 nullo
389 4717 714 4772 detrimento
733 4713 902 4769 minui
928 4721 1107 4782 potest
1131 4725 1340 4766 summa
1362 4709 1707 4780 praecognita,

107 4825 290 4885 atque
323 4814 375 4867 in
398 4811 612 4866 Chl-isto
639 4818 765 4863 ante
794 4807 988 4862 saecula
1012 4815 1221 4860 alterna
1245 4804 1548 4873 praeelecta,
1573 4803 1713 4856 sicut

107 4910 191 4965 ad
215 4904 560 4964 Timotheum
601 4905 852 4958 scribens
873 4901 1166 4970 Apostolus
1186 4899 1319 4954 dicit
1340 4897 1408 4969 (Il
1429 4897 1567 4954 Tim.
1595 4899 1709 4967 v1):

108 5003 421 5060 Collabora
450 4997 749 5067 Evangelio
798 4994 1094 5052 secundum
1143 4995 1394 5047 virtutem
1443 4990 1566 5060 Dei,
1621 4989 1714 5059 qui

112 5111 225 5152 nos
271 5091 562 5156 liberavit,
615 5098 668 5143 et
697 5087 906 5142 vocavit
935 5086 1224 5141 vocatione
1249 5094 1458 5148 sancta,
1487 5098 1596 5138 non
1627 5097 1714 5136 se-

111 5189 368 5252 cundum
409 5198 574 5255 opera
601 5190 819 5246 nostra,
859 5178 956 5235 sed
988 5178 1284 5235 secundum
1315 5192 1470 5231 suum
1510 5190 1710 5246 pr0po-

111 5286 318 5347 situm,
345 5287 402 5334 et
425 5276 654 5347 gratiam
685 5290 806 5346 quae
837 5273 962 5328 data
995 5281 1078 5328 est
1100 5271 1257 5326 nobis
1280 5273 1330 5326 in
1347 5267 1564 5325 Christo
1583 5266 1712 5321 Jesu

110 5389 257 5432 ante
289 5384 532 5441 tempora
565 5378 789 5425 aeterna.
817 5366 1017 5423 Contra
1048 5367 1186 5421 hanc
1225 5365 1440 5419 invicta:
1469 5363 1713 5419 veritatis

114 5464 632 5540 Splendidissimam
678 5462 885 5528 lucem,
937 5460 1114 5517 solent
1145 5457 1361 5530 quidam
1397 5471 1501 5511 non
1532 5453 1713 5510 sobrie

111 5565 354 5626 dicere,
395 5559 664 5628 superfluo
701 5557 768 5612 ad
811 5553 1143 5627 acquirenda
1182 5552 1448 5606 bonorum
1487 5563 1711 5618 operum

115 5654 325 5711 merita
378 5649 647 5718 laborari,
695 5649 890 5704 frustra
936 5649 1099 5702 etiam
1131 5641 1467 5698 orationibus
1521 5639 1716 5711 quibus

125 5747 285 5805 Deus
312 5740 620 5800 exorandus
648 5753 920 5811 speratur,
956 5739 1158 5804 insisti,
1191 5739 1232 5792 si
1263 5751 1330 5792 ex
1355 5735 1716 5790 incommutao

124 5842 234 5898 bili
272 5836 554 5912 proposito
596 5835 712 5901 ejus
751 5835 1074 5891 Cbristianm
1116 5835 1302 5907 gratire
1335 5828 1581 5889 subsistit
1612 5827 1720 5884 ele-

425 5935 691 5991 PATROL.
749 5931 946 5992 XVII-

1817 4706 2091 4761 auleretur
2132 4707 2201 4762 ab
2246 4723 2313 4762 eo
2363 4707 2598 4780 (Matth.
2649 4726 2755 4764 xxv
2781 4712 2823 4780 ).
2859 4712 2976 4769 Non
3007 4716 3169 4787 igitur
3193 4721 3258 4774 ad
3292 4720 3395 4780 hoc

1816 4797 1979 4854 datur
2003 4800 2365 4870 continentia,
2401 4811 2459 4856 ut
2489 4805 2948 4873 concupiscentiis
2971 4825 3076 4865 non
3100 4824 3394 4884 repugnet:

1818 4908 1917 4947 nec
1960 4891 2083 4948 ideo
2113 4893 2366 4963 cuiquam
2399 4895 2652 4950 tribuitur
2679 4899 2943 4968 sapientia
2971 4912 3024 4956 et
3062 4904 3391 4973 illtellectus,

1819 4994 1878 5039 ιιι
1906 5002 2013 5040 non
2044 4986 2132 5041 die
2161 5001 2224 5040 ac
2253 4997 2410 5042 nocte
2441 4988 2492 5040 in
2523 4989 2736 5045 Domini
2762 4990 2881 5062 lege
2906 4992 3223 5049 meditetur.
3258 4997 3396 5064 Quid

1817 5079 1926 5148 agit
1964 5079 2166 5134 donum
2200 5079 2513 5136 dilectionis
2537 5125 2551 5146 ,
2584 5084 2628 5138 si
2661 5085 3055 5141 benevolentia:
3081 5089 3393 5152 sollicitudo

1814 5187 1922 5226 non
1948 5171 2168 5243 vigilat?
2195 5172 2326 5239 Quis
2354 5173 2565 5230 fructus
2592 5185 2676 5232 est
2696 5179 2996 5249 patientiae,
3018 5179 3062 5234 si
3096 5197 3202 5238 non
3233 5186 3395 5245 habet

1814 5263 2075 5320 fortitudo
2122 5265 2267 5336 quod
2316 5267 2551 5323 toleret?
2596 5270 2702 5324 Aut
2745 5271 3018 5338 quomodo
3066 5274 3120 5328 ill
3178 5277 3396 5338 Christo

1814 5358 1902 5430 pie
1926 5359 2109 5414 vivere
2136 5358 2462 5426 ostenditur,
2493 5360 2581 5431 qui
2621 5360 2768 5415 nulla
2798 5367 3180 5431 persecutione
3212 5371 3398 5438 pulsa-

1815 5451 1936 5505 tur?
1968 5450 2063 5506 Vel
2110 5466 2211 5521 pax
2236 5467 2356 5523 quae
2383 5461 2466 5506 est
2491 5466 2522 5504 a
2551 5451 2682 5519 Deo,
2727 5461 2787 5508 et
2813 5469 2935 5510 cum
2961 5456 3099 5526 Deo,
3131 5465 3394 5534 numquid

1814 5545 1958 5601 bene
1985 5546 2165 5617 quieta
2193 5559 2277 5603 est
2301 5548 2348 5600 si
2371 5563 2479 5601 non
2503 5546 2778 5604 discordat
2799 5564 2832 5604 a
2856 5553 3094 5610 mundo?
3115 5559 3222 5615 Aut
3243 5576 3398 5620 amor

1822 5636 1914 5695 Dei
1955 5639 2152 5708 poterit
2186 5637 2306 5695 sine
2342 5639 2542 5694 diaboli
2582 5639 2882 5698 inimicitiis
2919 5646 3395 5710 obtineri?Nemi-

1823 5748 1944 5788 nem
1974 5747 2196 5803 prorsus
2233 5731 2324 5786 Dei
2355 5732 2524 5799 gratia
2555 5731 2924 5792 illtentabilem
2945 5738 3093 5807 facit,
3124 5759 3300 5814 neque
3329 5750 3399 5804 ob

1827 5830 1928 5884 hoc
1959 5827 2264 5883 caelestium
2295 5841 2568 5880 armorum
2604 5828 2855 5897 praesidio
2881 5846 2910 5885 a
2942 5832 3148 5890 dextris
3178 5850 3228 5892 ct
3263 5842 3398 5897 sini—

2889 5928 2965 5986 36
