4082 6322
587 321 720 379 1131

1611 319 1958 379 APPENDIX
1997 321 2087 378 AD
2124 317 2355 380 OPEBA
2393 323 2452 381 S.
2478 323 2818 383 AMBROSll.

3715 321 3848 379 H5!

589 437 716 492 stris
764 435 1048 492 instruitur
1091 435 1402 492 Christiana
1454 435 1688 500 militia,
1735 445 1794 490 ut
1840 451 1962 490 cum
2013 433 2160 489 nullo
2188 439 2237 499 Α
2267 435 2359 491 Dei
2409 438 2480 492 ita
2531 439 2600 493 sit
2633 435 3028 510 praeordinatus
3081 435 3326 499 ell‘ectus,
3379 443 3436 491 ut
3473 449 3571 507 per
3611 435 3848 492 laborem

588 528 745 584 hoste
789 527 1076 599 conﬂigat,
1125 543 1245 585 cum
1277 526 1608 583 laudabilius
1649 526 1721 582 sit
1761 537 1924 598 atque
1951 526 2166 582 felicius

589 630 912 693 pugnantem
957 637 1065 678 non
1111 623 1358 695 potuisse
1385 621 1559 690 vinci,
1591 637 1750 692 quam
1781 621 2027 678 desidem
2058 636 2166 676 non

593 715 836 784 potuisse
879 715 1096 771 tentari.
1128 713 1445 771 Orationum
1475 729 1604 771 vero
1636 712 2055 769 sollicitudinem
2087 712 2168 767 di-

603 807 741 863 vina:
768 808 1049 864 electionis
1089 809 1366 879 proposito
1393 823 1501 864 non
1535 807 1753 876 resolvi,
1784 823 1893 864 uno
1920 809 2166 863 testimo-

591 900 687 956 nio
717 901 1001 958 evidenter
1047 902 1312 972 probabo,
1358 912 1418 958 ut
1456 911 1652 958 ccetera
1682 901 1859 957 studio
1891 901 2170 958 brevitatis

593 994 864 1049 omittam.
911 993 972 1049 In
1002 993 1141 1049 libro
1186 993 1350 1064 igitur
1377 993 1564 1050 Tobiae
1605 991 1671 1049 ad
1713 993 1884 1048 lilium
1919 991 2171 1064 ejusTo-

593 1089 735 1144 biam
769 1085 1012 1157 Rapitael
1041 1087 1265 1159 angelus
1295 1087 1421 1143 dicit
1457 1106 1470 1142 :
1510 1087 1714 1145 Memor
1739 1099 1858 1144 esto
1886 1087 2170 1142 mandato-

593 1198 712 1239 rum
747 1182 918 1252 patris
963 1181 1062 1250 tui,
1091 1183 1344 1254 quoniam
1385 1182 1646 1253 praecepit
1677 1183 1773 1237 tibi
1803 1184 2048 1253 accipere
2080 1181 2171 1236 de-

587 1276 720 1332 bere
747 1291 971 1332 uxorem
1004 1275 1073 1332 de
1100 1291 1301 1347 genere
1328 1277 1495 1348 patris
1525 1277 1598 1330 tui
1628 1275 1782 1345 (Tob.
1807 1279 1904 1342 v1).
1933 1276 2000 1330 Et
2028 1287 2171 1330 nunc

589 1369 712 1425 audi
748 1385 858 1438 me,
903 1369 1092 1439 frater,
1138 1369 1246 1425 noli
1276 1351 1593 1440 computare
1639 1369 1968 1424 daamonium
1997 1367 2130 1424 illud
2154 1413 2168 1436 ,

598 1461 696 1518 sed
722 1463 935 1534 postula
961 1477 1099 1518 eam.
1133 1461 1199 1516 Et
1226 1461 1388 1529 scito,
1418 1462 1672 1534 quoniam
1695 1461 1911 1518 dabitur
1937 1463 2034 1517 tibi
2068 1462 2170 1518 bac

590 1565 754 1611 nocte
783 1569 920 1610 uxor
965 1572 979 1608 :
1021 1562 1077 1610 et
1120 1570 1239 1609 cum
1269 1554 1562 1610 intraveris
1593 1555 1646 1610 in
1677 1555 2009 1621 cubiculum,
2041 1557 2172 1612 tolle

588 1651 656 1707 de
681 1651 866 1722 iecore
891 1651 1056 1722 piscis
1085 1649 1252 1718 illius,
1285 1662 1352 1706 et.
1369 1653 1591 1722 impone
1615 1665 1780 1721 super
1804 1651 2094 1720 carbones,
2122 1659 2177 1707 et

590 1743 724 1799 odor
750 1741 1028 1810 manabit,
1061 1743 1475 1816 etiodorabitur
1524 1741 1658 1798 illud
1713 1742 2069 1810 daemonium,
2124 1750 2179 1798 et

2267 545 2488 602 operum
2511 575 2524 596 ,
2569 547 2666 601 per
2707 531 3013 588 instantiam
3055 531 3531 603 supplicationum,
3563 543 3661 602 per
3690 545 3854 586 exer-

2267 624 2394 680 citia
2444 624 2700 680 virtutum
2722 668 2736 693 ,
2785 625 2917 681 ﬂant
2945 629 3279 682 incrementa
3303 627 3616 682 meritorum
3643 643 3657 679 :
3684 631 3740 681 et
3765 625 3854 696 qui

2270 713 2409 770 bona
2457 717 2754 787 gesserint,
2809 733 2915 773 non
2959 719 3134 774 solum
3184 717 3482 775 secundum
3519 719 3853 790 propositum

2269 808 2399 872 Dei,
2451 807 2544 864 sed
2575 809 2734 864 etiam
2777 811 3074 866 secundum
3120 827 3215 868 sua
3257 812 3448 867 merita
3503 822 3851 868 coronentur.

2269 898 2350 956 0b
2380 899 2484 956 hoc
2512 903 2680 968 enim,
2714 904 2765 956 in
2792 901 3159 958 remotisslmo
3189 903 3257 958 ab
3287 903 3519 959 humana
3547 905 3856 975 cognitione

2271 1003 2502 1064 secreto,
2537 995 2821 1065 praeﬁnitio
2848 995 3008 1066 hujus
3039 997 3316 1052 electionis
3339 997 3656 1052 abscondita
3673 1005 3776 1063 est,
3801 1005 3854 1050 et

2274 1087 2342 1144 de
2390 1088 2542 1144 nullo
2569 1097 2698 1144 ante
2725 1089 2897 1159 ipsius
2927 1090 3086 1146 linem
3121 1089 3456 1160 pronuntiari
3485 1095 3690 1160 potest,
3719 1088 3853 1160 quod

2275 1181 2326 1236 in
2351 1179 2648 1236 electorum
2675 1181 2841 1252 gloria
2864 1182 2936 1237 sit
2967 1181 3181 1238 futurus
3198 1191 3277 1251 ,ut
3295 1191 3744 1253 perseverantem
3759 1181 3854 1237 bu-

2274 1275 2557 1331 militatem
2601 1275 2748 1332 utilis
2775 1285 2959 1332 metus
2986 1283 3196 1344 servet,
3224 1286 3280 1332 et
3303 1277 3393 1348 qui
3421 1283 3549 1342 stat,
3583 1275 3768 1330 videat
3795 1291 3863 1331 ne

2273 1369 2431 1426 cadat
2459 1367 2514 1440 (ι
2541 1367 2658 1423 Cor.
2691 1367 2779 1439 x):
2807 1380 2859 1425 et
2886 1369 2933 1425 si
2965 1369 3104 1424 forte
3144 1368 3324 1440 aliqua
3356 1369 3533 1424 victus
3561 1367 3866 1424 tentatione

2275 1463 2570 1530 corruerit,
2637 1479 2744 1518 non
2790 1463 3152 1520 absorbeatur
3201 1463 3454 1528 tristitia,
3503 1477 3603 1518 nec
3647 1462 3720 1517 de
3748 1461 3866 1531 ejus

2277 1557 2626 1613 miseratione
2669 1555 2905 1625 diffidat,
2955 1557 3046 1628 qui
3105 1556 3299 1612 allevat
3351 1569 3541 1611 omnes
3585 1559 3678 1626 qui
3741 1569 3863 1610 cor-

2277 1662 2486 1718 ruunt,
2537 1661 2590 1706 et
2631 1652 2790 1723 erigit
2836 1666 3023 1708 omnes
3068 1651 3234 1708 elisos
3259 1647 3434 1725 (Psal.
3483 1650 3691 1720 cxuv).
3731 1651 3861 1705 Dum

2287 1745 2431 1801 enim
2463 1745 2516 1800 in
2549 1744 2652 1800 hoc
2678 1747 2906 1815 corpbre
2936 1745 3156 1812 vivitur,
3191 1744 3399 1800 nullius
3426 1756 3510 1800 est
3537 1744 3858 1815 negligenda

590 1837 799 1908 fugiet,
860 1845 916 1893 et
964 1853 1068 1892 non
1136 1835 1415 1908 apparebit
1469 1837 1611 1892 circa
1662 1835 1806 1891 illam
1856 1837 2078 1892 omnino
2129 1838 2180 1892 in
2213 1843 2258 1904 Β
2286 1838 2590 1908 correctio,
2630 1839 2832 1894 nullius
2874 1851 2957 1896 est
3002 1838 3344 1909 desperanda
3389 1840 3695 1910 reparatio.
3737 1841 3860 1895 Oret

588 1940 924 2002 perpetuum.
973 1930 1043 1985 Et
1085 1945 1205 1985 cum
1252 1930 1483 2002 emperis
1525 1929 1666 1986 velle
1713 1943 1834 1985 esse
1877 1943 1998 1984 cum
2049 1928 2176 1994 illa,

591 2027 800 2095 surgite
843 2024 1076 2095 primum
1125 2024 1283 2080 ambo
1313 2066 1328 2090 ,
1376 2033 1430 2079 et
1477 2013 1841 2094 deprecantini
1887 2023 2172 2079 Dominum

590 2120 737 2187 coeli,
769 2127 828 2172 ut
855 2118 1013 2174 detur
1040 2117 1199 2173 vobis
1234 2117 1613 2174 misericordia
1639 2127 1695 2174 et
1720 2117 1942 2173 sanitas.
1974 2117 2041 2173 Et
2062 2115 2172 2173 noli

585 2214 778 2270 timere
799 2223 830 2281 ,'
863 2214 962 2269 tibi
991 2213 1136 2269 enim
1163 2211 1433 2269 destinata
1475 2219 1563 2268 est
1590 2222 1714 2268 ante
1760 2211 1957 2269 smcula
1979 2257 1993 2281 ,
2037 2221 2091 2268 et
2121 2222 2176 2267 tu

589 2323 709 2364 eam
739 2306 978 2363 sanabis.
1003 2305 1258 2374 Quamvis
1295 2321 1426 2377 ergo
1449 2303 1589 2376 quod
1618 2306 1806 2360 statuit
1839 2303 2011 2373 Deus,
2034 2303 2181 2359 nulla

587 2400 755 2470 possit
800 2399 1010 2455 ratione
1041 2413 1145 2454 non
1176 2399 1318 2464 ﬁeri,
1352 2399 1533 2454 studia
1561 2407 1740 2455 tamen
1766 2415 1876 2454 non
1909 2399 2174 2455 tolluntur

585 2493 775 2551 orandi
815 2509 955 2551 :nec
980 2509 1078 2566 per
1117 2494 1406 2550 electionis
1438 2495 1799 2564 propositum,
1834 2493 1990 2549 liberi
2023 2493 2169 2549 arbi-

585 2589 674 2644 trii
720 2588 936 2644 devotio
982 2587 1261 2643 relaxatur
1299 2603 1314 2641 :
1355 2601 1478 2642 cum
1525 2586 1817 2656 implendas
1876 2585 2170 2642 voluntatis

2285 1933 2470 2004 itaque
2498 1943 2685 1987 sancta
2714 1931 2957 1988 Ecclesia
2980 1974 2996 2000 ,
3043 1941 3097 1988 et
3135 1941 3234 2004 pro
3259 1932 3329 1988 iis
3371 1933 3466 2003 qui
3514 1931 3854 1988 crediderant

2287 2027 2490 2098 gratias
2543 2041 2744 2098 agens,
2813 2024 3188 2096 proﬁcientem
3262 2024 3344 2080 eis
3405 2025 3850 2095 perseverantiam

2293 2129 2482 2188 petat:
2509 2135 2607 2191 pro
2637 2118 2705 2176 iis
2735 2129 2919 2175 autem
2947 2121 3038 2190 qui
3065 2127 3218 2175 extra
3240 2117 3398 2174 tidem
3428 2127 3578 2186 sunt,
3595 2129 3784 2190 poscat
3806 2129 3859 2172 ιιι

2289 2211 2536 2268 credant.
2591 2211 2701 2268 Nec
2743 2211 2867 2267 ideo
2908 2213 2976 2267 ab
3026 2211 3498 2268 obsecrationibus
3541 2221 3768 2278 cesset,
3821 2212 3864 2266 si

2289 2322 2390 2379 pro
2439 2308 2710 2380 aliquibus
2740 2307 2996 2363 exaudita
3027 2323 3135 2363 non
3173 2307 3353 2362 luerit.
3393 2306 3535 2362 Deus
3578 2308 3749 2370 enim,
3781 2306 3870 2375 qui

2285 2415 2476 2457 omnes
2524 2401 2642 2456 vult
2685 2400 2751 2454 ad
2798 2400 3132 2470 agnitionem
3175 2397 3427 2455 ’verltatls
3475 2399 3700 2462 venire,
3763 2413 3867 2453 non

2283 2501 2461 2564 potest
2490 2507 2811 2565 quemquam
2838 2493 2953 2550 sine
2975 2494 3184 2566 iustitia
3215 2492 3450 2549 refutare
3479 2493 3524 2564 (l
3553 2492 3688 2546 Tim.
3713 2493 3798 2562 ιι).

1285 2815 1445 2908 DE
1519 2823 2048 2908 MORIBUS
2118 2819 2337 2906 ΒΗΑ
2352 2807 3153 2906 CHMANORUM.

653 3105 890 3162 Habelur
917 3101 999 3156 hic
1026 3107 1272 3154 tractatus
1300 3114 1396 3152 ms.
1425 3098 1482 3150 in
1509 3095 1672 3150 tribus
1693 3093 2033 3149 celeberrimis
2061 3090 2237 3146 Italic
2261 3089 2597 3160 bibliothecis,
2635 3089 2912 3158 Vaticana,
2954 3089 3348 3154 Mcdiolanensi,
3383 3098 3431 3143 et
3460 3086 3730 3150 Mediam,
3761 3085 3856 3140 sub

584 3199 786 3256 nomine
813 3194 877 3250 Β.
910 3189 1168 3248 Ambrosii
1198 3186 1604 3243 Mediolanensis
1642 3186 1868 3257 episcopi
1895 3200 1912 3237 :
1939 3185 2087 3252 cujus
2113 3192 2281 3240 tamen
2316 3201 2417 3238 non
2449 3200 2578 3252 esse,
2610 3194 2717 3238 tum
2745 3201 2810 3240 ea:
2833 3185 2952 3240 aliis
2982 3183 3208 3238 dubitari
3237 3191 3421 3256 potest,
3468 3193 3582 3236 tum
3609 3199 3672 3236 ex
3707 3180 3862 3247 diffe-

582 3294 747 3349 rentia
777 3287 920 3360 styli,
945 3286 1035 3356 qui
1067 3301 1100 3337 a
1129 3281 1379 3352 gravitate
1422 3278 1701 3344 Ambrosii,
1734 3278 1798 3332 ab
1825 3276 2078 3350 elegantia
2106 3287 2151 3330 et
2176 3277 2410 3332 acumine
2435 3275 2700 3330 verborum
2729 3292 2845 3332 cum
2874 3285 3135 3330 venustate
3169 3278 3441 3346 conjuncta
3471 3273 3628 3344 longe
3667 3275 3861 3328 distare

581 3389 801 3445 videtur.
835 3381 942 3439 Sed
969 3395 1085 3433 cum
1110 3378 1162 3430 in
1201 3375 1408 3430 uetustis
1433 3374 1575 3429 libris
1613 3388 1795 3428 nomen
1834 3372 2014 3440 ipsius,
2052 3369 2219 3426 nescio
2246 3386 2348 3441 qua
2371 3372 2657 3436 occasione,
2685 3371 2894 3424 sortitus
2918 3374 3034 3442 jam
3063 3370 3150 3436 sit,
3182 3387 3213 3422 a
3251 3369 3390 3422 nobis
3427 3369 3478 3420 in
3504 3369 3607 3420 hac
3631 3367 3853 3422 editione

584 3483 794 3538 additus
822 3487 894 3533 est
922 3477 1070 3530 inter
1095 3469 1202 3526 alia
1230 3467 1480 3541 apuscula
1509 3469 1721 3530 incerta,
1762 3480 1876 3535 qua:
1917 3465 2035 3517 huic
2064 3473 2240 3520 sancto
2268 3463 2468 3516 doctori
2510 3462 2783 3516 tribuenda
2813 3463 2936 3528 sint,
2978 3477 3154 3528 necne,
3203 3461 3386 3514 sinceri
3419 3457 3632 3512 lectoris
3657 3460 3850 3531 judicio

579 3571 936 3644 relinquimus.
975 3565 1115 3638 Opus
1137 3570 1270 3616 certe
1299 3560 1468 3630 ipsum
1498 3574 1601 3612 non
1636 3555 1914 3610 admodum
1945 3553 2226 3624 expolitum
2253 3557 2494 3624 fatemur.
2533 3551 2624 3606 Vol
2650 3553 2871 3626 fortasse
2905 3551 3200 3606 Ambrosius
3231 3552 3251 3624 (
3263 3557 3308 3606 si
3329 3551 3467 3604 illius
3502 3549 3766 3604 dicendus
3795 3559 3859 3603 est

579 3669 793 3734 auctor)
823 3656 1070 3715 Palladio
1103 3652 1286 3708 Grazco
1316 3651 1511 3706 homini
1539 3650 1786 3714 scribens,
1817 3650 2008 3719 lingua:
2046 3646 2245 3702 Latina:
2264 3665 2447 3722 parum
2477 3647 2701 3712 erudito,
2735 3660 2781 3702 et
2806 3650 2977 3704 adhuc
2998 3651 3178 3723 juveni
3207 3649 3286 3721 (is
3309 3651 3443 3703 enim
3469 3658 3567 3714 est,
3600 3660 3658 3703 ut
3690 3649 3859 3714 conii-

567 3763 721 3826 citur,
749 3755 840 3828 qui
869 3765 1040 3821 postea
1068 3746 1415 3802 Ilibernorum
1441 3743 1832 3814 episcopuslfuit
1859 3741 2177 3814 ordinatus),
2197 3752 2256 3796 ut
2280 3746 2394 3818 ejus
2414 3743 2688 3817 capacitati
2705 3759 2756 3799 se
2781 3743 3214 3814 acco.nmodaret,
3235 3744 3398 3816 magis
3425 3753 3612 3814 aperto
3642 3753 3690 3797 et
3723 3759 3862 3796 com-

577 3853 811 3910 muniore
839 3859 1069 3902 sermone
1094 3857 1217 3898 usus
1246 3849 1342 3895 est.

651 4005 986 4066 Desiderium
1032 3997 1230 4055 mentis
1267 4006 1394 4060 tuze,
1439 3991 1670 4059 Palladi,
1712 4005 1854 4063 quae,
1904 3992 2170 4047 immenso
2197 3993 2243 4058 C
2273 4005 2378 4062 qua
2406 3993 2728 4050 vestimenta
2754 3994 3133 4060 coniiciuntur,
3167 4007 3284 4065 quae
3314 3995 3492 4050 serica
3533 4011 3860 4065 nuncupan-

579 4101 853 4175 sapieutiae
878 4111 1065 4152 amore
1087 4095 1328 4152 incensa.
1355 4105 1490 4144 nova
1513 4103 1726 4157 semper
1750 4087 1956 4143 discere
1983 4095 2157 4158 optat,

583 4213 781 4256 novum
811 4194 976 4249 etiam
1015 4188 1349 4256 arduumque
1376 4197 1511 4254 opus
1539 4182 1757 4238 efﬁcere
1787 4195 1885 4237 nos
1913 4181 2159 4253 compel-

582 4293 666 4360 lit,
700 4292 751 4345 id
783 4302 916 4342 vero
942 4293 1026 4339 est
1057 4279 1514 4338 Brachmanorum
1551 4277 1780 4346 patriam
1813 4275 2160 4331 consuetudi-

580 4401 724 4450 nem,
770 4381 1038 4446 vitamque
1087 4385 1391 4427 recensere.
1445 4369 1556 4439 Ego
1595 4370 1794 4438 quippe
1823 4384 1942 4422 cum
1984 4383 2158 4438 neque

579 4481 748 4549 ipsos,
776 4485 952 4544 neque
981 4469 1220 4540 ipsorum
1249 4461 1477 4520 viderim
1510 4461 1628 4516 loca
1653 4461 1848 4534 (longo
1877 4462 2018 4516 enim
2047 4469 2158 4516 ter-

577 4584 761 4629 rarum
789 4565 964 4636 spatio
991 4576 1021 4617 a
1057 4570 1236 4615 nostra
1266 4557 1479 4625 Eumpa
1509 4565 1634 4610 sunt
1663 4551 1936 4625 sejuncti),
1967 4570 2028 4610 ea
2061 4554 2157 4609 tibi

583 4665 861 4720 dumtaxat
892 4672 1010 4728 qua:
1033 4655 1098 4709 ab
1127 4651 1246 4706 aliis
1285 4648 1489 4714 audivi,
1524 4658 1578 4702 et
1603 4663 1724 4718 qua:
1746 4667 1771 4700 ιι
1802 4649 2157 4718 scriptoribus

584 4752 880 4825 desumpsi,
908 4763 1163 4804 enarrare
1195 4744 1433 4801 tentabo.
1465 4742 1788 4798 Brachmani
1814 4760 1842 4798 a
1884 4743 2156 4799 nonnullis

577 4841 1057 4922 gymn050phistae,
1088 4855 1117 4894 a
1141 4836 1457 4904 quibusdam
1488 4836 1792 4907 philosotilti
1819 4853 1915 4892 seu
1939 4839 2153 4907 sapien-

583 4955 663 5000 tes
693 4940 945 4997 Indorum
977 4932 1317 5004 appellantur
1349 4929 1584 5000 (Strabo,
1617 4931 1740 4984 l.xv
1768 4928 2152 5002 Geographiaa).

579 5035 833 5092 Habitant
860 5035 1040 5082 autem
1070 5024 1218 5096 juxta
1245 5019 1504 5090 Gangem,
1537 5019 1762 5078 ﬂuvium
1796 5023 1962 5075 totius
1986 5019 2151 5076 Indiae

579 5127 872 5186 maximum
901 5123 918 5195 (
947 5119 1012 5187 ρ.
1060 5116 1293 5181 Curtius,
1318 5115 1408 5168 lib.
1456 5112 1608 5185 Vlll).
1635 5113 1732 5168 llic
1779 5131 1906 5169 vero
1937 5113 2152 5185 Ganges

574 5223 669 5280 ille
710 5225 792 5272 est
821 5226 982 5287 quem
1029 5209 1326 5279 Scriptura:
1365 5215 1564 5262 sanctae
1612 5207 1809 5262 Phison
1851 5210 2146 5280 appellant,

576 5325 627 5371 et
658 5325 797 5366 unus
826 5307 894 5362 de
919 5311 1152 5375 quatuor
1174 5299 1265 5370 qui
1286 5315 1315 5352 e
1339 5297 1587 5368 paradiso
1623 5298 1770 5353 exire
1798 5300 2150 5369 perhibentur

2267 4093 2372 4151 tur,
2422 4093 2477 4141 et
2519 4087 2592 4142 ibi
2639 4087 2905 4158 insignem
2947 4089 3233 4157 quamdam
3282 4087 3528 4158 conspici
3579 4087 3854 4159 lapideam

2262 4183 2567 4236 cnlumnam
2618 4181 2911 4239 Alexandri
2952 4184 3172 4238 numine
3214 4181 3316 4238 hoc
3347 4183 3505 4237 titulo
3533 4183 3845 4253 sculptam;

2261 4273 2376 4346 Ego
2406 4275 2714 4331 Alexander
2741 4277 2844 4331 huc
2874 4277 3126 4347 perveni;
3150 4285 3204 4332 et
3229 4275 3371 4347 quod
3395 4275 3655 4345 plurimis
3682 4290 3844 4346 popu-

2261 4368 2437 4424 lorum
2480 4371 2793 4427 nationibus
2819 4372 3239 4443 regionibusque
3277 4371 3645 4442 perluStratis,
3679 4371 3732 4425 in
3770 4369 3844 4424 A-

2261 4466 2466 4518 rianam
2518 4463 2736 4519 tandem
2783 4464 3004 4520 devenit
3052 4464 3382 4534 provinciam
3434 4479 3608 4534 prope
3651 4461 3846 4518 indum

2258 4569 2471 4610 amnem
2507 4572 2704 4627 :quam
2747 4557 2977 4613 desertis
3016 4557 3403 4614 circumdatam
3432 4571 3693 4623 cernens,
3737 4555 3853 4612 fer—

2259 4647 2589 4717 voribusque
2611 4649 2937 4716 ambustam,
2965 4665 3032 4706 eo
3053 4651 3194 4722 quod
3217 4651 3298 4705 sol
3321 4650 3502 4706 omnia
3524 4649 3855 4704 incenderet

2259 4742 2440 4810 (unde
2470 4743 2707 4798 maxima
2739 4757 2889 4814 aqua:
2925 4743 3274 4800 laborabatur
3310 4743 3554 4816 penuria,
3584 4752 3640 4798 et
3667 4741 3722 4797 si
3755 4743 3849 4797 illa

2256 4836 2474 4891 aliunde
2517 4836 2903 4906 advehebatur,
2935 4838 3078 4908 quod
3123 4837 3410 4894 confestim
3444 4839 3498 4892 in
3530 4836 3644 4890 suis
3673 4838 3844 4890 etiam

2255 4929 2397 4983 vasis
2428 4925 2637 4983 ferVere
2668 4930 3030 5000 cerneretur),
3065 4939 3119 4986 et
3146 4945 3267 4985 cum
3291 4930 3423 4985 solis
3447 4937 3662 4994 uastum,
3692 4928 3842 4982 loco—

2255 5037 2484 5093 rumque
2535 5025 2844 5081 incendium
2877 5023 3104 5080 sufferre
3153 5023 3422 5095 nequiret,
3466 5023 3725 5092 protinus
3763 5021 3842 5074 in—

2253 5113 2509 5170 choatum
2558 5118 2660 5172 iter
2702 5117 2980 5184 deserere,
3012 5115 3200 5188 pedem
3233 5115 3448 5181 efferre,
3479 5124 3536 5170 et
3571 5115 3631 5170 in
3663 5113 3840 5169 Euro-

2255 5223 2375 5275 pam
2410 5223 2654 5266 remeare
2679 5219 2899 5266 coaetus
2921 5219 3006 5265 est
3036 5208 3288 5281 (Plinius,
3321 5208 3410 5263 tib.
3441 5221 3494 5262 v1
3524 5205 3661 5260 Nat.
3690 5205 3836 5259 Hist.

2252 5315 2370 5369 cap.
2403 5299 2472 5358 25
2491 5303 2531 5373 ).
2557 5304 2814 5369 Quaedam
2846 5319 2974 5374 ergo
3007 5319 3162 5370 nova,
3191 5317 3298 5357 non
3322 5309 3501 5358 autem
3530 5299 3836 5356 Brachma-

571 5409 590 5478 (
616 5403 799 5459 Genes.
832 5415 864 5452 ιι
887 5399 924 5456 ι.
953 5395 1188 5450 Primum
1213 5393 1372 5461 igitur
1396 5391 1619 5445 Musteus
1639 5391 1812 5447 frater
1833 5404 2015 5449 noster
2043 5394 2146 5450 Do-
2171 5409 2224 5470 Ι)
2251 5411 2352 5452 nos
2381 5413 2441 5454 se
2471 5399 2670 5454 vidisse
2712 5399 2964 5454 affirmat.
2996 5399 3178 5453 Refert
3208 5395 3555 5452 nihilominus
3597 5395 3666 5451 de
3690 5395 3832 5449 Bra-

569 5499 813 5554 lenorum
859 5494 1165 5562 episcopus,
1200 5485 1330 5539 mihi
1361 5486 1567 5549 retulit,
1592 5483 1732 5556 quod
1771 5485 1888 5555 ipse
1935 5487 2142 5556 aliquot

573 5601 699 5650 ante
745 5604 913 5644 annos
941 5585 1004 5639 ad
1054 5581 1250 5648 ludias,
1303 5577 1667 5634 Braclimanos
1710 5580 1914 5636 visendi
1964 5583 2142 5640 studio

567 5685 928 5763 profecturus,
957 5677 1198 5734 Serieam
1225 5674 1334 5728 fere
1359 5674 1665 5728 universam
1696 5675 1967 5745 regionem
2022 5693 2142 5746 ιιειι.

569 5779 774 5855 agravit
821 5791 835 5831 :
863 5778 920 5828 in
948 5785 1050 5842 qua
1080 5768 1250 5824 refert
1277 5765 1495 5822 arbores
1526 5781 1646 5822 esse
1675 5784 1793 5838 qum
1825 5785 1927 5823 non
1966 5769 2138 5826 solum

560 5875 710 5943 iolla,
747 5861 843 5930 sed
872 5863 1048 5921 lanam
1092 5873 1304 5934 quoque
1336 5857 1617 5930 proferunt
1653 5862 2046 5933 tenuissimam,
2072 5877 2139 5922 ex

2249 5493 2496 5548 Cinnanis
2545 5495 2722 5564 aliqua
2771 5511 2829 5550 se
2877 5493 3092 5550 audisse
3138 5503 3166 5546 a
3215 5489 3542 5548 scholastlco
3591 5488 3834 5561 quodam

2250 5585 2504 5653 Thebaeo,
2556 5586 2669 5657 qui,
2704 5595 2760 5641 ut
2804 5589 2902 5654 ait,
2935 5585 3006 5642 ob
3031 5585 3084 5641 id
3129 5585 3331 5655 ipsum,
3373 5597 3570 5655 nempe
3596 5593 3656 5640 ut
3683 5584 3834 5654 ipsos

2250 5677 2615 5734 Brachmanos
2662 5689 2717 5735 et
2765 5679 2967 5734 videret
3013 5689 3067 5734 et
3113 5678 3506 5749 ailoqueretur,
3559 5679 3611 5732 in
3645 5676 3833 5730 lndias

2249 5773 2585 5844 peregrinari
2611 5775 2912 5843 p’r0posuit,
2939 5771 3154 5845 etquod
3189 5773 3404 5827 tandem
3449 5771 3616 5827 miser
3647 5771 3697 5824 in
3731 5783 3830 5823 ca-

2249 5867 2550 5937 ptivitatem
2584 5863 2833 5925 incurrit.
2867 5864 2962 5924 Hic
2993 5881 3142 5960 ergo,
3176 5874 3235 5924 ut
3258 5861 3390 5924 mihi
3417 5865 3705 5938 episcopus
3739 5873 3830 5916 re-

4033 5875 4044 6038 ξ

4027 6271 4038 6301 i
