3958 6314
89 350 231 409 H33

1213 347 1301 405 DE
1339 348 1634 409 MORIBUS
1676 344 2257 410 BRACI'IMANORUM.

3225 354 3362 414 1154

87 465 238 531 tulit,
272 476 395 516 cum
421 464 646 519 lenioris
669 472 811 518 esset
839 462 1062 534 ingenii,
1096 463 1150 517 in
1182 462 1410 520 forensis
1439 463 1667 520 advoea-
1698 461 1750 524 A
1776 463 2028 531 parvulas
2056 466 2252 535 stirpes
2280 479 2400 522 esse
2426 466 2656 522 dicebat.
2689 465 2822 520 Nam
2857 475 2910 520 et
2941 467 3088 536 ipsos
3129 469 3359 539 exiguos

88 555 263 608 tionis
304 553 490 610 officio
531 558 838 626 incongrua:
865 554 967 610 sibi
1014 556 1146 610 artis
1188 556 1351 611 taedio
1398 558 1669 628 fatigatus,

89 645 306 700 lndiam
337 647 544 712 videre,
580 660 633 703 et
663 647 1118 704 Brachmanorum
1150 649 1376 718 patriam
1401 665 1466 705 ac
1493 665 1671 704 mores

83 751 424 809 cognoscere
471 741 815 796 deliberavit.
863 739 1125 809 Quocirca
1178 753 1298 796 cum
1345 741 1672 813 quibusdam

84 835 492 890 mercatoribus
521 836 573 890 in
615 835 920 908 Erythraeo,
943 838 1057 890 sive
1090 834 1277 893 Rubro
1307 835 1467 903 mari,
1493 836 1671 891 navim

81 927 487 996 conscendens,
537 929 810 997 navigavit
842 928 1020 999 primo
1066 929 1245 985 sinum
1280 928 1590 998 Aduiicum,
1623 939 1677 985 et

84 1020 434 1077 Aduiitarum
465 1021 721 1092 oppidum
769 1022 923 1089 vidit,
961 1037 1089 1078 mox
1133 1023 1388 1080 Aromata
1424 1037 1678 1094 promon-

83 1117 313 1183 torium,
367 1124 421 1171 et
464 1115 923 1188 Trogiodytarum
981 1117 1284 1188 emporium
1347 1117 1675 1186 penetravit,

83 1206 219 1262 hinc
251 1217 305 1262 et
335 1206 730 1262 Assumitarum
763 1208 879 1264 loca
907 1210 1105 1278 attigit,
1140 1208 1282 1263 unde
1311 1209 1530 1263 solvens
1555 1222 1677 1280 pro—

81 1301 266 1370 speris
311 1299 562 1356 flantibus
592 1301 791 1365 ventis,
824 1301 950 1356 licet
1000 1301 1296 1372 plurimum
1329 1302 1680 1372 navigatione

83 1393 328 1460 dierum,
357 1393 600 1449 Mazirim
647 1395 811 1450 totius
855 1395 1019 1450 ludite
1048 1395 1179 1450 citra
1211 1395 1450 1466 Gangem
1497 1408 1682 1464 cmpo-

83 1491 234 1546 rium
279 1490 498 1546 tandem
534 1490 817 1560 pervenit:
845 1488 933 1546 ubi
965 1487 1252 1561 quemdam
1299 1487 1552 1545 ludorum
1587 1503 1678 1543 reo

85 1585 284 1655 gulum
331 1583 601 1640 dominari
646 1585 941 1640 asserebat.
1009 1584 1336 1640 immoratns
1391 1583 1554 1655 igitur
1607 1582 1681 1637 ibi

90 1677 453 1750 aliqttamdiu,
518 1677 913 1749 observataque
958 1677 1246 1748 diligenter
1296 1678 1440 1753 aeris
1491 1685 1547 1729 et
1576 1675 1680 1730 loci

95 1771 378 1843 qualitate,
395 1786 458 1828 ac
485 1773 760 1828 hominum
781 1771 1195 1838 consuetudine,
1222 1785 1318 1842 per
1338 1771 1518 1843 plures
1543 1771 1679 1838 dies,

1775 555 2136 614 homunculus
2163 573 2310 629 esse,
2344 567 2398 616 et
2420 560 2642 632 grandia
2677 559 2925 632 quasdam
2955 560 3133 630 capita
3162 565 3362 616 asserit

1777 651 1973 707 habere
2019 667 2139 707 cum
2169 653 2384 709 levibus
2414 665 2465 710 et
2507 653 2752 711 detonsis
2779 653 3012 723 capillis.
3062 652 3358 724 Reliquum

1777 761 1910 800 vero
1937 744 2249 817 Ethmpum
2279 760 2438 818 atque
2462 749 2720 805 ludorum
2744 765 2913 821 genus
2942 749 3116 804 comis
3142 758 3362 804 natura-

1774 838 1903 893 liter
1941 839 2192 909 crispatis
2226 841 2435 897 horret.
2481 841 2538 897 in
2577 857 2684 912 quo
2727 842 2849 898 loco
2883 841 3152 916 (adjecit)
3182 843 3253 897 ab
3297 859 3363 899 eo

1777 935 1867 1001 qui
1895 931 2006 986 illic
2030 931 2322 1003 plurimum
2349 941 2584 1004 poterat,
2614 949 2714 1006 ego
2737 935 2886 990 illico
2911 935 3172 1006 abreptus
3201 945 3366 1007 atque

1779 1023 2026 1080 detentus
2053 1040 2192 1090 sum,
2221 1017 2312 1097 qui
2335 1026 2516 1082 statim
2544 1039 2787 1098 coeperat
2814 1029 2945 1084 mihi
2967 1030 3134 1085 etiam
3167 1031 3364 1086 acerbe

1779 1119 2090 1186 conviciari,
2135 1137 2202 1177 eo
2232 1122 2376 1193 quod
2405 1137 2593 1179 eorum
2636 1125 2862 1193 patriam
2907 1125 3197 1196 solumque
3237 1139 3367 1180 con-

1779 1212 1986 1283 tingere
2028 1227 2190 1269 ausus
2231 1214 2446 1270 fuerim.
2499 1215 2565 1269 Et
2594 1214 2671 1268 illi
2715 1230 2889 1286 neque
2928 1217 3358 1280 excusationem,

1781 1317 1883 1360 nec
1928 1305 2298 1362 defensionem
2347 1321 2522 1362 meam
2571 1307 2741 1377 :equis
2790 1307 2990 1362 animis
3037 1308 3360 1375 audiebant,

1779 1407 1890 1453 non
1915 1398 2058 1455 enim
2102 1409 2355 1469 poterant
2386 1401 2582 1470 linguae
2630 1413 2766 1454 mea:
2808 1399 3119 1468 intelligere
3157 1415 3368 1454 sermo-

1784 1507 1928 1558 nem,
1960 1503 2060 1548 nec
2099 1509 2200 1564 ego
2226 1493 2475 1549 criminis
2509 1507 2750 1559 causam,
2783 1491 2930 1561 quod
2971 1491 3104 1546 mihi
3145 1492 3372 1562 objicie-

1785 1585 1964 1650 batur,
2008 1587 2273 1652 sciebam,
2319 1586 2440 1656 quia
2483 1586 2700 1641 illorum
2732 1585 2896 1639 verba
2937 1601 3042 1638 non
3089 1600 3371 1651 noveram,

1783 1691 1849 1734 ex
1880 1679 2011 1734 solis
2039 1691 2250 1735 tantum
2279 1681 2496 1734 nutibus
2521 1695 2621 1735 nos
2644 1687 2858 1734 mutuos
2889 1679 3200 1749 intelligere
3229 1680 3375 1736 vide-

1787 1771 1997 1829 bamur.
2032 1771 2146 1845 Ego
2186 1775 2403 1843 quidem
2441 1789 2508 1830 ex
2549 1782 2774 1844 aspectu
2819 1780 2978 1828 tori/0
3009 1774 3294 1840 luminum,
3321 1783 3379 1829 et

101 1867 258 1922 venit
286 1869 336 1924 ei
366 1866 422 1922 in
454 1875 689 1923 mentem
720 1867 785 1922 ad
831 1865 1062 1922 insulam
1092 1881 1212 1933 qua:
1239 1864 1558 1935 Taprobane
1583 1879 1679 1917 vo—
1713 1865 1760 1927 Β
1787 1880 1852 1920 ex
1875 1881 2019 1920 εαξνο
2045 1867 2287 1922 dentium
2318 1866 2558 1924 stridore
2582 1877 2830 1938 poteram
2857 1866 3147 1922 verborum
3173 1867 3377 1936 signiﬁ-

91 1975 248 2022 catur
308 1965 786 2023 transfretarezin
835 1977 940 2035 qua
999 1964 1097 2032 iiii,
1149 1963 1343 2034 quibus
1395 1961 1680 2017 beatorum

93 2076 295 2117 nomen
327 2071 430 2129 est,
460 2060 830 2134 longissimam
862 2067 1075 2114 :etatem
1127 2058 1310 2113 vivere
1355 2065 1678 2111 asseruntur

91 2153 248 2224 (nam
273 2151 438 2208 vitam
466 2153 744 2208 hominum
767 2160 981 2207 centum
1005 2150 1163 2206 annis
1185 2149 1449 2206 modicam
1473 2149 1684 2219 putant.)

90 2258 320 2318 propter
345 2247 536 2302 miram
570 2247 715 2302 aeris
747 2247 1091 2316 temperiem,
1128 2251 1182 2300 et
1211 2241 1682 2315 incomprehensi-

91 2339 262 2396 biicm
293 2339 458 2396 divini
502 2340 912 2411 dispositionem
964 2338 1154 2410 judicii
1187 2335 1440 2412 (Plinius,
1484 2335 1574 2392 [ιιι.
1609 2352 1680 2401 vt,

92 2451 212 2506 cap.
253 2433 382 2505 2:1).
415 2432 548 2488 iiuic
577 2441 808 2505 quatuor
850 2431 1211 2488 moderantur
1261 2447 1425 2504 reges
1473 2445 1567 2486 seu
1597 2443 1681 2485 sa-

99 2535 292 2595 lrupm,
330 2527 469 2580 inter
493 2539 629 2596 quos
657 2539 796 2580 unus
821 2534 904 2580 est
927 2525 1211 2591 maximus,
1239 2525 1322 2579 cui
1350 2524 1531 2578 caeteri
1561 2521 1687 2578 sub-

97 2619 303 2690 jaecnt,
353 2618 746 2691 obedinntqne,
799 2629 857 2673 ut
900 2617 992 2674 ille
1026 2618 1386 2674 scholasticus
1415 2615 1686 2672 referebat

101 2711 125 2784 (
147 2712 470 2782 Ptolemwus,
502 2712 590 2767 lib.
616 2729 686 2767 vn
707 2709 1049 2785 GcOgt'ttphifB
1076 2730 1120 2766 ε.
1155 2709 1232 2782 4).
1262 2710 1526 2765 Narrabat
1553 2725 1687 2780 quo-

101 2819 234 2877 que,
267 2807 314 2862 si
349 2805 578 2862 credere
619 2805 773 2861 facile
803 2815 908 2871 est,
943 2806 1091 2861 mille
1139 2806 1342 2860 insulas
1378 2803 1593 2860 Arabici
1631 2813 1686 2859 et

101 2897 310 2954 Persici
337 2900 524 2965 matis,
551 2905 607 2953 et
630 2911 766 2968 quas
790 2897 1107 2952 Mammolas
1132 2907 1350 2962 vocant,
1385 2897 1460 2952 illi
1486 2896 1686 2952 obtem-

94 3007 316 3063 perare.
350 2992 447 3049 llic
477 2992 592 3060 ille,
625 3007 784 3063 quem
817 3003 1128 3063 magnetem
1156 2993 1450 3064 appellant,
1483 2991 1684 3061 reperi-

91 3095 186 3141 tur
234 3086 395 3157 lapis,
439 3087 530 3158 qui
562 3085 691 3143 ferri
735 3094 984 3143 naturam
1033 3086 1098 3141 ad
1139 3101 1198 3142 se
1229 3088 1280 3141 vi
1327 3102 1422 3142 sua
1469 3086 1684 3142 trahere

90 3181 322 3237 dicitur.
373 3180 510 3236 Cum
553 3197 682 3253 ergo
727 3183 882 3237 navis
920 3181 1093 3255 aliqua
1129 3181 1314 3237 clavos
1344 3181 1547 3236 habens
1579 3181 1684 3236 fer-

1789 1969 1907 2013 cata
1942 1975 2172 2016 noscere
2203 1979 2216 2016 :
2243 1960 2316 2016 illi
2351 1975 2482 2018 vero
2502 1973 2569 2017 ex
2594 1960 2799 2032 pallore
2824 1973 2945 2016 meo
2976 1969 3143 2031 atque
3168 1973 3375 2030 pavore

1787 2067 1980 2109 sensus
2012 2069 2164 2110 meos
2195 2054 2572 2111 misericordia
2598 2058 2769 2128 magis
2797 2056 2986 2128 dignos
3016 2056 3371 2126 suspicaban-

1790 2155 1893 2202 tur.
1931 2147 2019 2204 Sic
2051 2149 2232 2220 itaque
2261 2147 2328 2204 ab
2367 2149 2446 2206 eis
2480 2148 2788 2216 detentum,
2821 2163 2916 2220 per
2949 2150 3268 2206 sexennium
3293 2165 3382 2206 me

1790 2241 1842 2296 in
1885 2240 2171 2312 pristinum
2201 2255 2339 2314 opus
2371 2241 2550 2299 laeere
2582 2241 2883 2314 jusserunt,
2917 2255 3158 2314 expensa
3197 2252 3379 2298 autem

1791 2349 1858 2392 ex
1904 2337 2104 2406 palatio
2137 2337 2278 2409 regis
2310 2337 2550 2406 ipsorum
2597 2337 2757 2393 unius
2804 2345 3011 2392 tantum
3057 2338 3221 2392 modii
3265 2337 3382 2391 frn-

1791 2431 1958 2484 menti
1980 2429 2228 2501 quolibet
2252 2445 2415 2487 anno.
2445 2429 2575 2488 Post
2596 2447 2691 2488 sex
2719 2447 2851 2486 vero
2876 2445 3071 2500 annos,
3097 2433 3225 2487 dum
3254 2447 3382 2501 pau-

1790 2521 1940 2578 latim
1984 2523 2284 2580 ediscerem
2317 2525 2633 2582 earumdem
2664 2523 2960 2597 loquelam,
3007 2526 3154 2597 potui
3198 2528 3364 2580 multa

1789 2617 1856 2674 de
1888 2619 2079 2675 vicinis
2105 2620 2437 2688 nationibus,
2475 2621 2718 2693 iocisque
2745 2635 3097 2692 cognoscere.
3125 2619 3369 2677 Tandem

1790 2715 1904 2771 Deo
1947 2717 2182 2787 propitio
2208 2716 2277 2773 de
2306 2717 2621 2789 captivitate
2650 2717 2754 2773 hoc
2780 2719 2942 2773 modo
2973 2725 3191 2787 ereptus
3217 2731 3333 2772 sum
3361 2738 3374 2772 :

1791 2807 1906 2864 Rex
1929 2808 2066 2864 alius
2091 2811 2400 2881 supradicto
2428 2809 2556 2867 huic
2584 2811 2698 2882 regi
2725 2810 3057 2876 inimicatus,
3083 2825 3205 2866 enm
3231 2810 3377 2880 apud

1789 2902 2048 2973 majorem
2074 2903 2220 2958 illius
2244 2903 2480 2975 regionis
2505 2904 2890 2975 imperatorem
2917 2906 3210 2968 accusavit,
3236 2904 3384 2974 quod

1788 2995 2025 3050 nobilem
2055 2997 2255 3062 virum,
2286 2995 2575 3067 civemque
2603 2995 2907 3051 Romanum
2947 2996 3004 3050 in
3041 2995 3377 3051 teterrimam

1788 3085 2160 3159 captivitatem
2191 3098 2354 3160 atque
2393 3097 2705 3145 extremum
2738 3086 3024 3144 servitium
3055 3089 3381 3158 redegisset.

1786 3181 1905 3249 Quo
1939 3181 2243 3253 imperator
2278 3181 2486 3251 audito,
2542 3181 2839 3238 confestim
2875 3181 3005 3238 illuc
3043 3184 3384 3254 cognitorem

91 3290 224 3332 reos
250 3275 364 3332 illic
397 3275 739 3347 appiicuerit,
773 3275 920 3332 illico
958 3277 1248 3343 retinetur,
1285 3291 1384 3331 nec
1413 3289 1681 3348 quoquam
1709 3267 1754 3332 C
1787 3287 1966 3331 eausa:
1988 3275 2784 3346 transmisit,acdeinceps,rei
2815 3275 3044 3332 veritate
3069 3289 3381 3349 pcrspccm,

87 3369 178 3426 ire
225 3369 582 3440 permittitur,
624 3367 675 3424 vi
717 3367 904 3425 nescio
950 3368 1182 3440 quadam
1230 3365 1423 3442 lapidis
1469 3367 1683 3423 occulta

97 3462 458 3533 impediente,
499 3463 568 3519 ob
607 3463 660 3518 id
702 3477 866 3519 naves
904 3463 973 3518 ibi
1006 3461 1198 3534 ligneis
1237 3461 1405 3517 clavis
1444 3461 1687 3516 construi

88 3556 334 3612 dicebat.
367 3555 523 3625 Quod
556 3557 728 3611 insula
759 3555 998 3627 quinque
1027 3555 1188 3611 habet
1215 3553 1458 3622 flumina,
1489 3564 1544 3609 et
1569 3553 1684 3624 qni-

88 3648 222 3705 dem
247 3648 500 3717 maxima,
530 3649 728 3722 quibus
758 3659 868 3705 tota
899 3648 1172 3720 irrigatur,
1199 3647 1541 3719 fertiliorque
1567 3645 1688 3703 red-

87 3744 266 3801 ditur.
301 3743 454 3801 Unde
483 3753 538 3800 et
565 3744 634 3799 ob
662 3743 949 3800 maximam
982 3743 1111 3801 emii
1146 3743 1496 3800 clementiam
1528 3757 1685 3813 poma

89 3837 252 3892 nullo
293 3852 546 3908 umquam
589 3847 836 3908 tempore
893 3837 1178 3893 arboribus
1235 3837 1430 3892 desunt
1462 3855 1473 3890 :
1511 3837 1684 3891 immo

90 3931 291 3988 eodem
344 3939 591 4002 tempore
622 3932 864 4002 ejusdem
903 3931 1118 3987 arboris
1160 3930 1286 3986 dum
1331 3945 1512 3985 ramus
1549 3929 1686 3984 alter

87 4024 360 4090 florescit,
389 4025 528 4080 alter
557 4023 766 4080 fructus
791 4025 984 4096 gignit,
1019 4025 1202 4079 caueri
1237 4032 1477 4078 maturos
1499 4030 1683 4077 osten-

89 4119 238 4177 dunt
282 4117 507 4174 fructus.
555 4114 789 4189 insuper
834 4118 997 4173 habet
1044 4116 1218 4172 insula
1269 4117 1383 4172 haec
1415 4115 1681 4188 dactylos,

91 4223 268 4265 nuces
307 4223 439 4280 quas
488 4208 701 4265 indicas
750 4209 1000 4276 dicimus,
1048 4211 1279 4280 grandes
1329 4218 1382 4265 et
1424 4210 1680 4276 minutas,

87 4300 404 4358 odoriferae
435 4309 638 4370 tamen,
684 4303 810 4358 item
840 4311 894 4358 et
923 4317 1092 4359 nuces
1130 4315 1262 4374 quas
1303 4303 1519 4375 corylos
1546 4303 1684 4359 dici-

89 4412 240 4454 mus.
268 4397 526 4454 Homines
555 4399 697 4453 illius
725 4408 883 4455 terrae
912 4398 1127 4454 aluntur
1156 4412 1458 4469 pomorum,
1483 4413 1682 4470 oryzae,

94 4501 152 4546 et
184 4490 342 4546 iactis
372 4490 533 4558 cibo;
569 4490 776 4547 nobiles
817 4503 1108 4548 vescuntur
1155 4495 1319 4548 certis
1349 4491 1670 4563 quibusdam

93 4583 317 4648 diebus,
348 4583 508 4638 etiam
529 4583 879 4647 solemnibus.
910 4585 1112 4653 ovium,
1145 4601 1537 4657 caprarumque
1566 4601 1684 4641 car—

1791 3371 2044 3439 protinus
2084 3387 2207 3426 eum
2251 3371 2341 3441 qui
2388 3371 2670 3426 convictus
2709 3371 2762 3424 in
2816 3379 3121 3426 memorato
3154 3372 3388 3426 crimine

1791 3462 2097 3527 videbatur,
2129 3463 2252 3518 exui
2284 3473 2392 3518 tota
2425 3465 2507 3519 sui
2539 3465 2788 3533 corpOris
2826 3463 2965 3533 pelle
2999 3467 3286 3534 praecepit,
3323 3480 3392 3521 eo

1789 3554 1934 3624 quod
1957 3555 2064 3609 civi
2091 3551 2338 3610 Romano
2371 3553 2593 3611 fecisset
2621 3553 2880 3624 injuriam
2914 3553 3172 3626 (Plinius,
3197 3557 3286 3610 lib.
3311 3573 3384 3624 vr,

1791 3663 1905 3718 cap.
1927 3647 2054 3722 22).
2091 3647 2360 3704 Dicuntur
2392 3657 2572 3705 autem
2604 3664 2712 3703 non
2750 3646 2922 3704 solum
2954 3649 3254 3720 impensius
3280 3648 3384 3706 ho-

1791 3755 1987 3797 norare
2017 3741 2390 3796 Romanorum
2419 3742 2832 3812 imperatorem,
2862 3740 2955 3796 sed
2981 3741 3384 3798 incredibiliter

1791 3836 2002 3903 timere,
2039 3844 2311 3907 tamquam
2344 3836 2435 3906 qui
2477 3835 2746 3906 praeclaro
2783 3834 2984 3904 polleat
3030 3835 3272 3905 ingenio,
3321 3851 3389 3892 ac

1790 3932 1988 3986 virtute
2020 3932 2326 4002 magnifica,
2362 3941 2416 3985 et
2442 3927 2717 3986 Romanos
2751 3939 2817 3985 eo
2844 3927 2987 4000 quod
3018 3929 3186 3985 armis
3215 3939 3382 4001 atque

1788 4023 1993 4081 viribus
2031 4023 2169 4080 adeo
2198 4032 2455 4097 potentes
2497 4025 2630 4088 sint,
2662 4032 2720 4079 ut
2757 4023 2834 4094 (si
2864 4017 3074 4092 velint)
3106 4021 3170 4077 ad
3202 4024 3380 4093 regio-

1789 4121 1875 4174 nis
1902 4119 2145 4190 ipsorum
2180 4116 2455 4174 excidium
2500 4117 2719 4174 valeant
2752 4117 3057 4187 pervenire.
3101 4116 3220 4187 ipse
3247 4133 3380 4190 ergo

1788 4213 1878 4267 ille
1901 4214 1990 4283 (ιιιί
2021 4213 2120 4267 ista
2146 4211 2382 4279 dicebat,
2411 4211 2701 4283 adjiciebat
2722 4211 2867 4283 quod
2896 4227 3065 4283 genus
3089 4210 3382 4268 Brachma-

1788 4322 1984 4362 norum
2019 4323 2123 4363 non
2141 4322 2207 4362 ex
2224 4305 2443 4377 propria
2477 4315 2687 4362 tantum
2711 4305 2998 4361 voluntate
3012 4307 3375 4363 saecularibus

1789 4400 1952 4456 rebus
2002 4399 2301 4465 renuntiat,
2335 4398 2430 4455 sed
2459 4399 2644 4470 potius
2673 4408 2730 4452 nt
2775 4413 2840 4454 ex
2869 4396 3078 4468 judicio
3119 4397 3213 4454 Dei
3244 4413 3377 4469 pen-

1786 4489 1943 4558 dens,
1973 4491 2359 4548 acDivinitatis
2391 4505 2495 4564 ope
2523 4488 2827 4545 suffultam.
2870 4489 3207 4546 Naturaliter
3231 4492 3376 4546 enim

1790 4584 1917 4639 nudi
1945 4585 1998 4640 in
2026 4583 2273 4640 finitimis
2297 4581 2446 4638 ﬂuvii
2477 4579 2798 4652 regionibus
2824 4580 3034 4636 vivunt.
3061 4580 3206 4638 Nulli
3234 4583 3379 4651 apud

92 4675 281 4731 nibus.
315 4675 453 4731 Sues
481 4691 510 4730 a
538 4673 813 4732 Thebaide
847 4691 1013 4746 usque
1043 4677 1110 4732 ad
1154 4675 1316 4731 india:
1367 4677 1688 4747 Ethiopize-
1711 4671 1763 4732 D
1791 4692 1888 4732 eos
1918 4676 2323 4747 quadrupedes,
2358 4673 2545 4730 nullus
2593 4683 2753 4729 terra:
2781 4673 2982 4742 cultus,
3027 4675 3211 4730 nullus
3242 4673 3377 4728 ferri

90 4784 206 4841 que
235 4769 368 4823 fines
399 4769 551 4823 aiunt
582 4783 688 4822 non
723 4767 955 4824 inveniri
989 4770 1059 4824 ob
1089 4770 1356 4826 maximos
1385 4782 1569 4825 aestus.
1603 4767 1689 4825 ln-

91 4865 274 4920 duunt
312 4872 503 4934 gentes
534 4864 725 4918 insula:
765 4862 952 4919 ovium
991 4863 1183 4933 pelles,
1225 4875 1332 4918 non
1372 4863 1683 4934 spernenda

93 4958 377 5012 laboratas
425 4965 562 5024 arte,
594 4971 722 5014 oves
770 4958 897 5012 item
946 4973 1051 5014 non
1102 4959 1260 5027 lanae,
1314 4957 1408 5016 sed
1444 4968 1686 5015 setarum

92 5059 353 5122 teguntur
373 5049 598 5115 vellere,
623 5063 722 5105 nec
745 5051 905 5119 laute,
937 5067 1036 5108 nec
1066 5051 1162 5107 lini
1189 5051 1415 5108 habetur
1436 5053 1508 5108 ibi
1534 5068 1687 5124 usus,

90 5153 155 5200 ut
200 5144 459 5199 narrabat
505 5143 886 5213 scholasticus,
929 5155 984 5200 et
1012 5147 1154 5218 quod
1186 5149 1252 5203 de
1293 5147 1585 5219 [Ethiopitc
1633 5160 1686 5205 et

89 5240 303 5295 Persia:
335 5239 556 5306 finibus,
587 5249 638 5296 et
665 5239 1066 5296 Assumitarum
1096 5239 1232 5297 locis
1259 5243 1330 5298 ibi
1355 5254 1685 5300 mercatores

90 5335 349 5404 emendi,
387 5335 683 5405 vendendi,
715 5335 1162 5407 permutandique
1196 5337 1269 5392 rei
1293 5339 1462 5408 gratia
1488 5351 1686 5394 conve-

90 5429 260 5485 niunt
291 5451 303 5485 :
333 5441 389 5486 et
415 5429 558 5502 quod
591 5431 744 5501 piper
769 5428 842 5485 ibi
873 5431 1136 5493 nascitur,
1171 5431 1221 5483 in
1249 5445 1546 5503 magnaque
1568 5432 1682 5487 col-

89 5521 287 5593 ligitur
318 5523 496 5591 copia.
532 5524 648 5592 ipsa
680 5531 860 5578 autem
893 5521 1184 5578 admodum
1220 5536 1383 5592 parva
1413 5534 1575 5594 atque
1607 5525 1687 5578 in-

90 5615 254 5670 utilis
283 5628 420 5684 gens
447 5621 550 5681 est,
583 5631 702 5684 quae
731 5615 872 5670 intra
916 5614 1202 5684 speluncas
1228 5629 1419 5671 saxeas
1449 5616 1601 5680 vivit,
1635 5624 1689 5671 et

88 5723 198 5781 per
223 5709 524 5780 prazcipitia
549 5723 741 5782 magna
759 5711 1067 5768 discurrere
1085 5721 1280 5766 natura
1300 5713 1486 5783 patriae
1503 5711 1694 5767 edocta

90 5802 412 5857 consuevit.
439 5799 598 5871 Piper
627 5807 806 5856 autem
837 5820 958 5858 cum
991 5803 1311 5860 ramuscuiis
1339 5805 1451 5860 suis
1489 5804 1695 5876 colligi-

92 5901 191 5948 tur
219 5912 232 5948 :
261 5893 405 5963 ipsas
428 5902 608 5950 autem
634 5893 859 5952 arbores
900 5897 1055 5967 quasi
1085 5898 1345 5968 quasdam
1373 5895 1605 5956 humiles
1636 5915 1698 5958 ac

1789 4783 1940 4836 usus,
1987 4768 2194 4822 nullum
2228 4766 2576 4821 instrumenti
2609 4781 2805 4836 genus,
2846 4781 2953 4838 quo
2996 4768 3112 4822 fieri
3157 4765 3376 4836 aliquod

1790 4878 1926 4932 opus
1968 4863 2157 4931 possit.
2213 4859 2429 4916 Habent
2481 4869 2661 4917 autem
2714 4861 2828 4916 illic
2877 4857 3170 4917 deiiciosas
3210 4867 3376 4930 atque

1789 4953 2024 5024 Optimas
2053 4969 2234 5022 auras,
2268 4962 2322 5010 et
2351 4954 2708 5011 saluberrime
2742 4963 3074 5026 temperatas
3104 4953 3126 5027 (
3149 4955 3214 5022 Q.
3241 4955 3374 5008 Cur-

1791 5052 1911 5116 tius,
1945 5049 2036 5102 lib.
2083 5049 2231 5121 Vill).
2275 5048 2478 5104 Colunt
2509 5065 2725 5120 semper
2765 5051 2958 5114 Deum,
2989 5049 3142 5118 cujus
3186 5063 3370 5105 veram

1789 5144 2005 5215 quidem
2030 5157 2091 5199 ac
2114 5143 2421 5198 distinctam
2447 5145 2694 5198 notitiam
2719 5159 2776 5199 se
2798 5142 3006 5198 habere
3030 5142 3375 5212 proﬁtentur,

1792 5253 2118 5310 omnemque
2147 5237 2496 5309 providentiae
2521 5241 2639 5307 ejus
2670 5251 2734 5292 ac
2773 5237 3071 5295 divinitatis
3103 5241 3372 5297 rationem

1791 5332 2124 5388 discernere.
2171 5331 2383 5404 Jugiter
2413 5340 2592 5399 orant,
2624 5339 2846 5385 orantes
2887 5347 3017 5388 vero
3047 5349 3153 5389 non
3188 5335 3372 5390 orien—

1793 5427 1953 5482 talem
1979 5435 2184 5496 partcm
2219 5425 2363 5482 unde
2387 5428 2563 5480 oritur
2590 5425 2698 5490 soi,
2728 5423 3026 5496 aspiciunt,
3051 5427 3146 5482 sed
3178 5429 3376 5484 emittm

1793 5521 1975 5592 potius
1998 5520 2295 5576 intuentur.
2330 5517 2512 5574 Edunt
2538 5529 2720 5575 autem
2746 5534 2808 5574 ea
2840 5535 2959 5592 quae
2989 5533 3152 5592 super
3167 5521 3376 5578 terram

1793 5615 2059 5686 pecudum
2085 5630 2236 5670 more
2260 5613 2538 5686 potuerint
2565 5612 2836 5680 invenire,
2862 5614 2963 5670 hoc
2989 5625 3093 5684 est,
3126 5619 3378 5672 arborum

1795 5708 1944 5776 folia,
1974 5716 2029 5763 ct
2061 5707 2210 5763 olera
2256 5706 2557 5762 silvestria.
2605 5707 2859 5763 Abundat
2892 5710 3034 5767 enim
3073 5713 3215 5782 apud
3252 5713 3378 5768 illos

1797 5805 2086 5875 plurimum
2136 5803 2326 5866 herba,
2359 5815 2521 5871 quam
2574 5799 2778 5855 inulam
2829 5803 3049 5859 nomine
3096 5820 3378 5873 vocamus,

1799 5901 1934 5957 sicut
1961 5909 2016 5955 et
2045 5900 2186 5969 apud
2219 5897 2436 5953 Persas.
2469 5893 2601 5952 item
2633 5905 2714 5951 est
2745 5896 2814 5952 ibi
2846 5899 3008 5954 arbor
3048 5913 3168 5970 qua:
3215 5915 3381 5956 acan-
