4082 6322
664 289 802 348 H55

1577 329 1580 332 .
1674 281 2021 344 APPENDIX
2060 283 2151 342 AD
2186 284 2415 345 OPERA
2457 286 2516 347 S.
2557 285 2898 348 AMBROSII.

3699 295 3801 358 illiti

664 403 790 458 thus
821 398 1152 456 nominatur.
1181 395 1465 454 Habentet
1484 397 1688 468 patrias
1708 399 1934 456 arbores
1959 397 2242 471 quasdam,
2273 405 2321 464 Α
2348 417 2504 473 gens,
2527 409 2699 459 totum
2731 417 2870 473 pene
2890 400 3201 474 peragravit
3224 401 3458 458 mundum
3479 422 3492 460 :
3511 413 3559 462 et
3581 415 3798 482 antequam

668 493 854 550 nescio
885 507 1022 564 quos
1058 489 1271 545 fructus
1317 491 1572 558 ferentes,
1617 490 1814 562 quibus
1853 493 2002 549 vesci
2031 507 2249 564 semper

665 589 866 646 solent.
908 585 1027 640 Viri
1054 595 1202 640 trans
1225 583 1395 655 ripam
1424 583 1666 642 ﬂuminis
1691 584 1892 657 Gangis
1919 586 1972 640 in
2007 587 2249 656 partibus

668 683 896 746 Oceani,
928 681 982 736 in
1013 695 1174 752 quem
1207 679 1402 734 ﬂuvius
1433 690 1766 735 memoratus
1790 681 2114 752 ingreditur,
2148 681 2245 736 deo

664 787 839 849 gunt:
883 773 1101 830 feminae
1132 788 1262 828 vero
1294 772 1430 828 citra
1462 772 1705 844 Gangem
1745 773 1899 843 juxta
1925 772 2250 829 mediterra-

666 885 801 925 neas
832 877 1011 940 partes
1063 873 1364 935 morantur,
1414 865 1480 921 ad
1524 880 1657 936 quas
1699 864 2011 921 earumdem
2065 865 2248 920 mariti

665 963 814 1020 Julio
857 971 912 1017 et
950 960 1193 1032 Augusto
1223 975 1412 1015 mense
1458 959 1813 1015 transvadere
1860 967 2244 1015 consuescunt.

664 1063 760 1120 Isti
790 1063 938 1121 enim
963 1076 1184 1119 menses
1222 1060 1363 1132 apud
1397 1075 1492 1116 eos
1525 1059 1839 1131 frigidiores
1867 1060 2147 1126 videntur,
2179 1075 2246 1114 eo

664 1159 808 1231 quod
840 1168 968 1213 tunc
1006 1155 1074 1212 ad
1105 1170 1206 1211 nos
1233 1155 1313 1210 sol
1343 1155 1707 1220 convertitur,
1753 1161 1808 1211 et
1833 1168 1995 1226 supra
2027 1153 2246 1225 Aquilo-

658 1269 786 1311 nem
817 1267 976 1322 quem
1011 1251 1237 1306 Boream
1274 1264 1533 1305 vocamus
1564 1250 1651 1304 vis
1686 1249 1824 1306 solis
1863 1249 2113 1320 erigitur,
2136 1261 2246 1318 quo

661 1356 909 1418 tempore
945 1343 1234 1415 temperati
1279 1357 1436 1398 acres
1481 1343 1674 1414 magis,
1714 1353 1767 1398 et
1798 1343 1866 1398 ad
1897 1343 2244 1400 concubitum

660 1442 840 1512 magis
871 1439 982 1510 apti
1009 1451 1130 1493 esse
1151 1437 1432 1493 dicuntur.
1465 1435 1567 1492 Ubi
1594 1452 1723 1506 ergo
1747 1435 2102 1507 quadraginta
2122 1449 2246 1490 cum

655 1531 874 1590 feminis
901 1531 1018 1587 suis
1046 1529 1272 1585 fecerint
1299 1526 1440 1594 dies,
1467 1541 1595 1582 mox
1619 1527 1686 1582 ad
1715 1528 1941 1598 propria
1962 1535 2246 1584 revertun-

661 1636 770 1682 tur.
800 1625 870 1681 At
892 1639 1016 1680 cum
1057 1622 1214 1679 enixa
1240 1621 1409 1676 fuerit
1446 1635 1582 1676 uxor
1617 1621 1868 1692 alicujus,
1900 1621 2244 1692 edideritque

655 1736 824 1777 unum
865 1718 952 1774 vel
979 1718 1212 1773 alterum
1255 1724 1495 1786 partum,
1531 1729 1640 1771 non
1682 1715 1879 1770 transit
1906 1715 2140 1770 ulterius
2174 1712 2243 1769 ad

2349 497 2404 550 in
2437 495 2772 566 provinciam
2817 493 3109 567 Babylonis
3151 495 3438 562 accederet,
3474 497 3694 570 Europam
3716 507 3803 574 qui.

2349 587 2471 644 dem
2490 597 2545 644 et
2567 588 2750 645 Asiam
2768 588 2937 644 veluti
2961 587 3204 659 quaedam
3224 603 3381 659 parva
3399 589 3504 646 loca
3526 598 3802 651 transcurrit:

2348 681 2499 736 venit
2539 681 2755 738 tandem
2785 680 2841 736 in
2883 689 3064 752 partes
3093 683 3258 736 nostri
3287 697 3483 753 quoque
3506 683 3643 750 orbis,
3679 695 3805 744 uteas

2349 772 2670 844 inspiceret,
2704 789 2946 845 quasque
2979 789 3102 829 cum
3138 775 3424 846 reperisset
3457 777 3556 832 suis
3577 777 3807 835 conionnes

2345 866 2618 936 sensibus,
2635 869 2749 938 ipse
2765 867 3012 924 dicebat:
3034 868 3328 938 Sapientia,
3343 867 3655 941 providentiae
3665 881 3806 938 mater,

2348 958 2554 1015 habens
2584 974 2705 1015 cum
2736 961 2934 1016 virtute
2964 959 3105 1030 ipsa,
3137 977 3256 1031 quae
3282 960 3506 1017 omnium
3533 962 3736 1019 virtutum
3755 981 3807 1020 ca

2347 1062 2441 1122 put
2469 1061 2574 1120 est,
2620 1053 2909 1124 quamdam
2938 1055 3394 1122 communionem,
3440 1055 3488 1110 in
3524 1055 3622 1110 sola
3644 1058 3807 1112 veritate

2346 1149 2675 1216 consistens,
2702 1149 2858 1204 alens
2890 1163 3103 1205 omnem
3138 1149 3436 1220 faciensque
3463 1151 3809 1220 naturam,cujus

2345 1240 2546 1297 donum
2578 1253 2664 1298 est
2709 1253 3026 1299 nostrorum
3075 1259 3256 1300 sermo
3301 1245 3587 1312 verborum,
3630 1245 3812 1301 notitiam

2345 1335 2743 1406 scientiamque
2785 1351 3130 1392 communem
3176 1344 3420 1392 scrutaris
3455 1345 3508 1392 et
3537 1339 3814 1407 perapiciens,

2345 1426 2562 1497 injustis
2599 1427 2820 1498 quidem
2854 1429 3100 1486 tribuens
3147 1446 3268 1501 quae
3307 1441 3586 1500 merentur,
3609 1431 3816 1501 justisau—

2345 1534 2452 1580 tem
2479 1538 2743 1594 parcens:
2763 1524 2828 1578 da
2854 1523 3009 1592 mihi,
3029 1539 3240 1596 quaeso,
3263 1526 3653 1596 teplacidam,ut
3673 1527 3812 1594 possim

2342 1619 2410 1672 ad
2437 1618 2528 1674 illa
2572 1634 2695 1690 quae
2735 1619 2916 1689 cupio,
2951 1617 3036 1674 bis
3077 1619 3328 1689 precibus
3373 1620 3648 1689 pervenire,
3673 1617 3812 1672 Brach-

2343 1727 2536 1768 manos
2561 1728 2692 1768 vero
2714 1712 2957 1768 bonitate
2983 1727 3048 1768 ac
3075 1711 3344 1782 sapientia
3373 1713 3608 1784 praeditos
3631 1714 3737 1768 viros
3755 1711 3812 1765 hic

657 1829 780 1871 eam
823 1811 940 1884 ejus
985 1810 1234 1875 maritus,
1285 1823 1388 1864 nec
1417 1806 1652 1863 ulterius
1691 1823 1813 1862 cum
1845 1807 2064 1877 propria
2105 1821 2234 1860 con-
2269 1799 2319 1860 B
2347 1815 2644 1879 prasentes
2683 1822 2932 1863 cernere.
2970 1806 3107 1864 Veni
3137 1809 3284 1864 enim
3318 1817 3372 1862 ut
3407 1808 3580 1878 aliqua
3605 1821 3809 1877 cognosce-

656 1904 866 1962 cumbit
895 1917 1087 1960 uxore.
1123 1899 1365 1970 Singulis
1390 1899 1537 1956 enim
1565 1899 1695 1955 filiis
1724 1900 1779 1954 in
1813 1899 1997 1955 locum
2031 1907 2241 1970 patrum

654 1997 993 2062 substitutis,
1036 2009 1132 2066 per
1179 2002 1350 2049 totam
1377 1992 1446 2049 de
1489 1993 1706 2064 reliquo
1749 1993 1913 2047 vitam
1945 2008 1974 2047 a
2009 1993 2245 2064 propriis

654 2109 716 2151 se
746 2090 1006 2147 uxoribus
1046 2087 1346 2145 abstinent.
1392 2086 1450 2143 Si
1480 2095 1665 2142 autem
1693 2085 1954 2142 acciderit
1998 2095 2059 2141 ut
2090 2086 2244 2155 quis-

653 2189 802 2259 piam
837 2184 1082 2243 sterilem
1114 2183 1373 2239 sortiatur
1411 2196 1664 2246 uxorem,
1707 2194 1881 2252 usque
1908 2179 1978 2235 ad
2007 2180 2244 2251 quinque

655 2295 831 2337 annos
860 2278 1088 2335 maritus
1118 2276 1290 2346 ipsius
1315 2275 1383 2329 ad
1416 2290 1535 2330 eam
1571 2273 1790 2341 transit,
1824 2282 1880 2329 et
1910 2273 1961 2329 ei
1990 2272 2245 2330 maritale

655 2381 886 2446 praestat
910 2369 1254 2442 obsequium.
1277 2367 1412 2435 Qua:
1436 2368 1482 2423 si
1507 2367 1732 2438 gravida
1753 2382 1852 2437 per
1874 2374 2088 2438 tempus
2110 2365 2246 2422 illud

652 2468 867 2524 reddita
889 2481 998 2522 non
1019 2463 1209 2530 fuerit,
1238 2477 1365 2518 mox
1388 2461 1458 2516 ab
1480 2462 1671 2517 eadem
1694 2460 1910 2532 penitus
1938 2468 2241 2530 separatur:

653 2559 726 2618 ob
752 2559 892 2631 quod
935 2571 1044 2614 non
1075 2558 1131 2612 in
1162 2556 1364 2612 multos
1397 2556 1628 2626 populos
1674 2570 1866 2610 eorum
1911 2553 2243 2610 diﬂ’unditur

652 2671 846 2728 genus,
876 2663 990 2711 tum
1022 2662 1244 2724 propter
1269 2651 1515 2707 locorum
1544 2649 1945 2716 difﬁcultatem,
1969 2657 2083 2704 tum
2119 2665 2240 2718 pro-

650 2762 773 2823 pter
803 2748 1255 2808 consuetudinem
1300 2745 1642 2802 continendi.
1691 2745 1817 2800 Hmc
1844 2753 1934 2800 est
1972 2759 2102 2815 ergo
2131 2744 2239 2798 vita

653 2859 711 2904 et
773 2844 1124 2903 conversatio
1186 2841 1674 2898 Brachmanorum.
1742 2837 1991 2893 Fluvium
2057 2847 2242 2892 autem

647 2939 826 3009 ipsum
875 2951 1000 2993 cum
1043 2934 1277 2989 maxima
1322 2932 1517 2988 dicunt
1565 2929 1886 2986 difficultate
1921 2928 2108 2985 vadari
2135 2929 2237 3000 (Ω.

651 3030 886 3098 Curtius,
913 3026 1005 3083 lib.
1031 3026 1187 3096 vin),
1217 3034 1328 3080 tum
1359 3032 1580 3094 propter
1601 3021 1914 3078 0ndouiton
1949 3031 2240 3092 tyrannum

647 3122 768 3177 loca
807 3120 904 3176 illa
936 3119 1313 3184 infestantem,
1360 3126 1474 3172 tum
1517 3116 1684 3171 etiam
1729 3117 1925 3171 timore
1955 3114 2237 3186 cujusdam

2345 1917 2461 1958 rem
2489 1917 2520 1956 a
2553 1902 2776 1971 Calano,
2830 1902 3009 1958 incola
3059 1901 3258 1958 horum
3296 1902 3546 1968 locorum,
3589 1901 3661 1971 qui
3691 1898 3806 1954 adme

2341 1994 2570 2050 festinus
2609 1996 2868 2062 accessit,
2916 2010 3023 2065 quo
3067 2008 3213 2050 nunc
3258 1994 3600 2064 persuadente
3647 1991 3806 2048 desidero

2341 2087 2589 2144 ediscere
2630 2097 2822 2144 cuncta
2851 2089 3064 2160 plenius
3093 2099 3147 2144 et
3176 2088 3384 2146 videre.
3435 2088 3712 2145 Brachmani
3731 2100 3812 2141 vero

2342 2192 2564 2238 econtra
2591 2183 2898 2240 Alexandro
2926 2185 3027 2239 ista
3053 2184 3347 2240 dicebant:
3375 2184 3565 2240 Venisti
3585 2182 3641 2238 ad
3659 2196 3748 2246 nos,
3765 2181 3818 2236 in-

2342 2277 2558 2346 quiunt,
2597 2291 2926 2349 cognoscere
2951 2277 3278 2348 sapientiam
3306 2279 3522 2349 cupiens
3547 2296 3557 2332 :
3581 2293 3663 2332 nos
3697 2285 3822 2330 autem

2342 2367 2669 2424 Brachmani
2716 2370 2948 2426 libenter
2993 2372 3179 2427 statim
3223 2371 3388 2427 talem
3433 2371 3723 2441 suscepimus
3757 2381 3822 2421 vo-

2343 2461 2629 2519 luntatem.
2679 2463 2998 2534 Hujusmodi
3051 2464 3200 2522 enim
3253 2466 3564 2522 desiderium
3598 2465 3644 2520 in
3675 2464 3760 2518 vita
3781 2476 3822 2516 ac

2344 2555 2593 2612 moribus
2666 2557 2865 2612 nostris
2924 2573 3148 2628 regnum
3208 2558 3483 2630 judicatur
3517 2577 3528 2612 :
3563 2556 3681 2628 quod
3731 2567 3822 2610 nunc

2342 2647 2558 2704 discere
2598 2650 2894 2720 imperator
2933 2651 3051 2723 ipse
3087 2651 3338 2708 voluisti.
3380 2651 3700 2722 Philosophus
3728 2649 3824 2704 eui

2342 2758 2451 2798 non
2489 2744 2730 2801 dominio
2769 2746 2996 2802 alterius
3033 2747 3419 2818 obtemperat,
3459 2746 3546 2802 sed
3583 2747 3678 2817 ipse
3703 2741 3823 2798 domi-

2343 2849 2546 2894 natur:
2590 2840 2750 2895 homo
2785 2841 2929 2896 enim
2969 2843 3021 2897 in
3059 2857 3184 2899 eum
3227 2858 3338 2898 non
3379 2842 3531 2899 habet
3563 2848 3818 2913 potestatem.

2344 2931 2455 2990 Sed
2517 2934 2768 3004 quoniam
2825 2934 2957 2990 nihil
3015 2935 3173 2991 nobis
3237 2935 3492 2992 hactenus
3549 2930 3822 3002 credeus(eo

2342 3025 2482 3098 quod
2545 3042 2714 3098 usque
2760 3027 2830 3084 ad
2875 3044 3117 3100 presens
3189 3040 3400 3100 tempus
3445 3030 3580 3085 male
3633 3027 3682 3082 de
3714 3022 3827 3079 nobis

2339 3117 2481 3188 apud
2522 3130 2572 3174 te
2627 3119 2845 3191 quidem
2896 3121 3060 3177 locuti
3115 3121 3306 3194 sunt),
3340 3137 3480 3178 nunc
3527 3121 3588 3176 ad
3629 3133 3707 3174 nos
3741 3130 3831 3170 vera

649 3213 904 3268 animalis
936 3211 993 3265 in
1037 3209 1355 3280 supradicto
1382 3207 1548 3262 ﬂuvio
1575 3208 1870 3272 morantis,
1902 3184 2049 3277 quod
2075 3217 2242 3263 tanta:
2265 3184 2312 3248 (ἶ
2343 3184 2876 3280 degustans-venisti.
2906 3213 3142 3269 Calanus
3171 3184 3325 3271 enim
3351 3216 3432 3270 vir
3459 3215 3584 3286 apud
3603 3229 3685 3269 nos
3717 3211 3834 3282 pessi-

651 3305 1046 3379 magnitndinis
1079 3319 1202 3360 esse
1247 3302 1455 3367 dicunt.
1487 3311 1544 3357 ut
1589 3303 1859 3374 integrum
1905 3302 2079 3372 possit
2131 3301 2245 3358 ele-

649 3402 912 3471 phantem
969 3397 1254 3454 devorare.
1305 3395 1386 3452 Eo
1441 3411 1574 3451 vero
1606 3404 1856 3468 tempore
1887 3410 1996 3466 quo
2040 3395 2240 3451 Brach-

649 3495 795 3550 mani
821 3492 1024 3549 ﬂumen
1050 3491 1284 3547 transire
1309 3498 1742 3557 consueverunt,
1770 3489 1958 3545 divino
1982 3496 2240 3544 asserunt

639 3589 850 3659 judicio
877 3587 1086 3644 dictum
1117 3585 1320 3641 animal
1350 3601 1458 3640 non
1491 3584 1666 3640 videri
1700 3585 1752 3638 in
1784 3583 1972 3639 ﬂuvio.
2017 3583 2242 3640 Maximi

648 3686 812 3740 etiam
837 3683 1106 3740 dracones
1128 3681 1241 3737 illic
1267 3695 1394 3736 esse
1421 3679 1698 3747 dicuntur,
1727 3676 1994 3736 habentes
2025 3690 2244 3750 septua-

645 3780 792 3850 ginta
819 3791 918 3849 per
948 3775 1341 3847 longitudinem
1371 3771 1605 3838 cubitos,
1629 3772 1773 3828 unde
1799 3788 1900 3845 ego
1928 3773 2090 3828 unius
2127 3774 2242 3844 pel-

641 3875 749 3930 lem
793 3870 996 3928 vidisse
1039 3886 1128 3926 me
1171 3867 1392 3924 memini
1431 3866 1784 3938 quadraginta
1831 3867 1969 3922 duos
2020 3866 2075 3922 in
2121 3868 2244 3922 lati-

647 3966 834 4022 tudine
882 3963 1177 4018 habentem
1222 3959 1410 4030 pedes.
1459 3958 1743 4014 Formicas
1780 3959 1940 4015 etiam
1975 3958 2089 4014 illic
2117 3973 2241 4015 esse

647 4061 718 4115 ad
740 4058 961 4115 modum
991 4055 1185 4128 palma:
1210 4053 1472 4120 hominis,
1497 4052 1815 4124 scorpiones
1834 4068 1968 4108 vero
1986 4051 2052 4108 ad
2071 4050 2243 4109 cubiti

649 4151 868 4207 humani
897 4161 1208 4205 mensuram
1244 4146 1440 4202 adesse
1477 4145 1771 4218 loquuntur
1805 4164 1816 4199 :
1851 4155 2073 4216 propter
2117 4161 2242 4218 quae

646 4253 890 4301 monstra
917 4241 1254 4312 periculosus
1282 4249 1361 4294 est
1395 4240 1640 4310 ipsorum
1663 4240 1927 4295 transitus
1960 4241 2236 4296 locorum.

651 4337 771 4394 Non
804 4347 983 4391 tamen
1017 4332 1216 4404 ubique
1263 4331 1516 4387 animalia
1548 4335 1648 4387 ista
1681 4341 2006 4401 nascuntur,
2059 4332 2156 4387 sed
2187 4333 2241 4388 in

643 4431 754 4487 illis
779 4427 1027 4500 partibus
1055 4433 1265 4482 tantum
1295 4441 1417 4496 quae
1439 4425 1510 4480 ab
1539 4424 1851 4481 hominibus
1881 4441 1987 4480 non
2029 4425 2242 4482 inhabi-

651 4532 852 4581 tantur.
888 4521 1229 4592 Plurimique
1259 4519 1373 4575 illic
1409 4517 1759 4589 elephantum
1789 4533 1982 4590 greges
2004 4534 2129 4575 esse
2154 4518 2240 4575 di-

2343 3316 2462 3357 mus
2490 3301 2611 3369 fuit,
2642 3318 2738 3374 per
2763 3320 2920 3374 quem
2953 3320 3048 3362 vos
3077 3306 3258 3365 Graeci
3294 3307 3529 3366 homines
3552 3306 3829 3360 Brachmanas

2342 3394 2650 3465 agnovistis
2680 3396 2918 3466 quidem,
2955 3398 3093 3454 bene
3122 3407 3306 3457 tamen
3337 3417 3439 3457 non
3476 3398 3692 3471 potuistis
3716 3411 3828 3469 agno.

2344 3501 2520 3543 scere.
2551 3486 2648 3542 Ille
2674 3488 2817 3544 enim
2850 3505 2957 3545 non
2987 3489 3088 3546 fuit
3115 3505 3332 3562 noster,
3369 3494 3456 3565 qui
3475 3491 3534 3547 ad
3557 3490 3740 3546 divitias
3757 3488 3831 3542 sine

2345 3579 2518 3651 aliqua
2549 3581 2630 3636 sui
2654 3583 3000 3640 excusatione
3030 3586 3343 3659 transfugit,
3385 3588 3467 3643 cui
3493 3601 3591 3642 non
3616 3580 3830 3640 sulfecitde

2345 3671 2661 3730 Taberunco
2713 3673 2878 3730 ﬂuvio
2923 3691 3121 3746 aquam
3166 3678 3435 3734 castitatis
3465 3678 3672 3744 haurire,
3707 3683 3824 3738 ηθιιυε

2345 3767 2517 3836 pressi
2561 3767 2714 3823 lactis
2741 3767 2919 3822 cibum
2949 3783 3187 3836 sumere,
3224 3772 3423 3842 quibus
3451 3772 3553 3827 Deo
3580 3771 3706 3840 digna
3725 3776 3827 3821 mens

2344 3859 2558 3927 crescit,
2591 3875 2752 3931 quam
2783 3861 2872 3917 ille
2899 3863 3008 3918 Deo
3035 3879 3264 3934 semper
3295 3866 3478 3920 habuit
3506 3864 3831 3926 inimicam,qu1

2344 3953 2485 4009 male
2515 3970 2806 4012 succensus
2831 3957 2884 4011 in
2914 3957 3046 4014 iram
3073 3961 3308 4026 exarsit,
3337 3976 3595 4033 quamque
3616 3961 3670 4014 de
3687 3952 3834 4023 sapien-

2345 4046 2434 4100 tia:
2464 4045 2622 4103 bonis
2654 4051 2928 4106 transtulit
2957 4053 3022 4107 ad
3047 4053 3177 4108 vitia
3207 4055 3522 4125 voluptatis.
3546 4055 3616 4110 Ex
3637 4052 3756 4108 nobis
3773 4061 3836 4099 auo

2347 4149 2454 4195 tem
2506 4141 2686 4196 nullus
2722 4141 2774 4197 in
2815 4145 3004 4215 prunis
3047 4147 3374 4204 ardentibus
3418 4150 3679 4213 volutatur,
3714 4151 3839 4210 neque

2345 4233 2442 4288 ulli
2494 4233 2711 4290 dolores
2761 4251 2992 4308 corpora
3040 4250 3225 4296 nostra
3271 4250 3614 4305 consumunt,
3656 4234 3732 4293 sed
3765 4231 3839 4286 vili

2345 4334 2528 4381 nostra
2559 4327 3014 4386 medicamentum
3041 4332 3260 4403 aliquod
3283 4335 3532 4392 sanitatis
3556 4343 3644 4391 est.
3669 4323 3844 4387 Naturali

2344 4430 2523 4476 autem
2543 4421 2806 4480 benelicio
2824 4425 2984 4482 alieni
2999 4443 3026 4481 a
3043 4428 3247 4486 divitiis
3267 4431 3523 4488 omnibus
3537 4442 3717 4487 sumus:
3732 4434 3843 4492 aequo

2344 4513 2506 4570 etiam
2531 4517 2694 4572 vitam
2736 4528 2975 4576 nostram
3009 4537 3157 4578 mors
3189 4524 3298 4580 fine
3328 4527 3629 4582 comitatur.
3661 4523 3714 4577 Et
3743 4517 3777 4573 si
3791 4516 3844 4570 in-

649 4625 868 4675 cuntur.
921 4615 1050 4671 Haec
1097 4624 1225 4670 sunt
1269 4629 1394 4684 quae
1436 4628 1468 4668 a
1516 4611 1754 4669 Thebzeo
1802 4612 2133 4669 scholastica
2170 4613 2239 4669 de
2262 4592 2319 4654 D
2344 4607 2556 4663 lerdum
2585 4612 2829 4667 nonnulli
2861 4611 3003 4669 forte
3029 4617 3370 4682 mortalium,
3397 4619 3464 4672 ad
3493 4633 3617 4690 quos
3650 4614 3842 4670 falsorum

648 4707 1006 4768 Brachmanis
1031 4705 1304 4762 audivisse
1331 4719 1390 4760 se
1411 4707 1647 4761 affirmat
1671 4704 1906 4760 Musmus
1926 4723 1939 4759 :
1961 4721 2082 4777 qua:
2103 4721 2236 4763 vero

653 4820 723 4860 ex
750 4799 992 4858 historiis
1014 4797 1085 4855 de
1119 4796 1413 4854 Alexandri
1445 4796 1565 4869 Vita
1607 4797 1738 4869 legi,
1768 4806 1826 4853 et
1853 4813 1973 4868 qua:
2014 4813 2080 4854 ex
2117 4798 2232 4868 ple-

651 4900 837 4969 risque
864 4894 1176 4951 auctoribus
1198 4893 1266 4949 ad
1295 4894 1401 4950 hoc
1423 4863 1689 4948 facientia.
1705 4863 1774 4949 de
1804 4863 1910 4948 illis
1932 4863 2232 4964 desum-psi,

654 5006 802 5047 nunc
821 4987 1162 5043 subnectam.

723 5081 1033 5138 Alexander
1063 5080 1383 5149 imperator,
1437 5094 1562 5135 cum
1602 5080 1653 5136 ei
1685 5077 2014 5137 Macedoniae
2059 5079 2232 5137 solius

647 5175 939 5248 imperium
979 5190 1084 5229 non
1120 5172 1418 5240 sufficeret,
1452 5188 1627 5244 neque
1655 5173 1904 5244 Philippo
1931 5180 2088 5244 patre
2113 5182 2230 5229 tan-

650 5281 763 5327 tum
805 5276 992 5342 posset
1019 5281 1142 5323 esse
1168 5274 1488 5332 contentus,
1520 5265 1672 5322 Jovis
1710 5266 2028 5323 llammonis
2059 5267 2229 5323 ﬁlium

648 5370 825 5420 semet
854 5375 979 5418 esse
1005 5359 1245 5416 dicebat.
1275 5358 1340 5413 Et
1371 5359 1618 5429 quamvis
1652 5358 1916 5430 originem
1947 5360 2120 5428 ipsius
2154 5359 2232 5414 fa-

651 5455 754 5511 cile
781 5455 894 5525 ipsa
926 5451 1010 5509 rei
1048 5452 1249 5506 veritas
1279 5451 1683 5521 comprobaret,
1719 5449 1870 5506 falsis
1900 5451 2229 5522 quibusdam

644 5557 848 5613 tamen,
878 5555 954 5610 et,
983 5555 1042 5600 ut
1071 5543 1122 5600 ei
1159 5544 1464 5610 videbatur,
1496 5544 1711 5599 invictis
1742 5542 1916 5599 modis
1947 5543 2113 5598 aliam
2142 5545 2226 5600 sui

639 5657 763 5698 esse
810 5648 1058 5695 naturam
1104 5637 1317 5708 generis
1387 5638 1690 5692 astruebat.
1742 5636 1925 5706 Itaque
1990 5635 2226 5694 solemni

637 5735 909 5790 bellorum
941 5739 1227 5800 apparatu,
1259 5745 1322 5786 ac
1359 5729 1638 5785 instructis
1663 5729 1905 5800 equitum
1952 5729 2222 5798 peditum-

2340 4699 2490 4756 venit
2509 4701 2752 4759 doctrina
2774 4705 3088 4774 verborum,
3115 4724 3409 4782 percutere
3435 4727 3530 4769 nos
3548 4710 3682 4766 vanis
3699 4708 3846 4762 tentant

2343 4795 2575 4866 sagittis,
2609 4798 2998 4868 ingenuitatem
3039 4813 3218 4860 tamen
3252 4817 3500 4863 nostram
3539 4803 3714 4860 laedere
3731 4793 3843 4853 acti-

2343 4891 2480 4948 tiare
2510 4907 2618 4948 non
2645 4906 2893 4964 possunt.
2931 4897 3108 4954 Unum
3141 4910 3310 4973 atque
3335 4903 3480 4959 idem
3523 4911 3602 4959 est
3627 4891 3846 4954 mentil'ittl

2341 4986 2566 5044 credere
2589 4991 2892 5048 mentienti.
2919 4993 3088 5050 Nocet
3119 4997 3264 5052 enim
3288 4998 3413 5068 quis
3442 5007 3497 5054 et
3523 4997 3604 5052 cui
3628 4992 3740 5050 falsa
3763 4999 3846 5056 per-

2337 5081 2548 5149 suadet,
2574 5095 2731 5140 nocet
2749 5095 2805 5141 et
2821 5086 2948 5154 sibi,
2983 5088 3106 5158 quia
3130 5090 3258 5146 dum
3290 5091 3572 5147 mendacio
3593 5085 3757 5146 credit,
3775 5091 3846 5133 non

2337 5172 2495 5228 facile
2518 5176 2585 5229 ad
2613 5177 2787 5248 ipsam
2811 5179 3094 5236 veritatem
3124 5185 3422 5252 pervenire
3453 5183 3607 5238 valet.
3634 5169 3847 5236 lusimuh-

2338 5267 2413 5323 tio
2445 5282 2626 5326 autem
2657 5272 2799 5326 mala
2848 5272 3252 5332 inimicitiarum
3297 5277 3542 5346 quaedam
3584 5283 3634 5330 et
3658 5262 3848 5328 certami-

2335 5377 2463 5416 num
2491 5373 2662 5419 mater
2684 5375 2789 5432 est,
2825 5383 2945 5436 quae
2969 5383 3034 5424 ex
3063 5383 3123 5425 se
3149 5370 3490 5427 iracundiam
3516 5369 3661 5442 parit,
3683 5378 3741 5420 ex
3760 5356 3844 5430 qui-

2335 5452 2435 5509 bus
2462 5470 2648 5511 rursus
2683 5457 2859 5529 jurgia
2901 5467 2956 5515 et
2995 5461 3135 5517 bella
3171 5473 3496 5519 nascuntur.
3534 5460 3675 5518 NuJa
3716 5462 3843 5510 tamen

2335 5549 2506 5603 virtus
2525 5561 2607 5605 est
2625 5551 2874 5608 occidere
2894 5552 3201 5611 hominem:
3230 5555 3509 5612 latronum
3533 5555 3668 5611 enim
3690 5549 3787 5610 iste.
3804 5547 3844 5595 ll‘

2332 5644 2602 5710 novimus,
2634 5659 2752 5700 mos
2773 5655 2879 5702 est.
2913 5647 3020 5704 Sed
3039 5663 3138 5704 nos
3159 5647 3422 5706 virtutem
3454 5662 3628 5706 veram
3650 5645 3846 5698 vocamus

2328 5743 2517 5789 contra
2547 5750 2798 5792 aurarum
2830 5740 3161 5796 mutationes
3190 5739 3345 5796 nudo
3374 5753 3600 5812 corpore
3624 5731 3842 5791 dimicare.

631 5844 739 5898 qne
780 5826 1016 5883 militum
1047 5824 1242 5894 copiis,
1285 5838 1319 5881 e
1349 5821 1680 5882 Macedoniae
1722 5824 1944 5898 regione
1989 5841 2220 5884 consur-
2325 5826 2593 5886 desideria
2620 5831 2827 5888 ventris
2850 5831 3192 5901 abscindere,
3222 5844 3282 5890 et
3307 5833 3494 5891 varias
3511 5831 3666 5903 ipsius
3690 5829 3844 5898 post!“
