3958 6314
129 305 270 361 1157

1246 303 1337 360 DE
1376 302 1676 361 MORIBUS
1711 298 2306 362 BRACHMANORUM.

3255 305 3391 366 H58

123 426 459 482 abstinentia
492 428 853 498 patientiaque
876 439 1153 496 superare.
1177 423 1343 496 Igitur
1370 425 1522 493 prius
1546 422 1705 477 vince
1731 420 1786 483 Î‘
1807 419 2078 489 accipere,
2109 421 2228 476 sine
2271 421 2437 478 dubio
2465 421 2736 494 cupiditas
2762 430 2816 478 et
2847 422 2961 493 ipsa
2987 431 3264 480 cessaret:
3295 424 3392 481 sed

122 518 230 574 hos
261 519 512 576 inimicos
533 529 659 578 ante
699 520 876 575 omnia
909 529 1050 586 tuos,
1081 518 1125 572 si
1156 516 1310 572 l'ortis
1340 515 1548 572 videris
1587 514 1707 582 tibi,

121 622 181 668 et
202 611 405 668 exinde
433 628 567 684 opus
585 614 679 670 tibi
705 629 809 670 non
833 613 937 669 erit
956 613 1240 668 adversum
1263 612 1572 683 quempiam
1591 625 1709 666 cer-

122 705 333 761 tamina
360 716 588 763 externa
616 708 972 764 committere.
1002 705 1207 762 Idcirco
1233 706 1375 761 enim
1402 714 1588 762 contra
1613 720 1708 760 eos

118 798 214 868 qui
238 797 375 854 foris
402 809 552 866 sunt,
585 815 896 856 commoves
921 799 1084 863 bella,
1117 810 1172 853 ut
1198 798 1316 853 istis
1343 813 1480 869 quos
1509 797 1708 853 intrin-

116 907 284 948 secus
317 893 514 960 habes,
557 895 810 950 alimenta
847 903 902 950 et
934 893 1170 948 fomenta
1217 892 1569 963 suppedites:
1610 891 1707 947 sed

115 995 176 1039 tu
208 985 366 1041 vides
388 986 531 1057 quod
557 1001 649 1042 eos
672 987 914 1058 quidem,
937 1001 1057 1039 cum
1082 985 1274 1056 quibus
1297 983 1429 1038 l'oris
1451 983 1705 1049 dimicas,

113 1080 318 1144 vincis,
353 1079 420 1134 ab
459 1081 526 1134 iis
551 1089 728 1135 autem
774 1094 908 1149 quos
935 1079 1098 1146 nosti,
1147 1078 1237 1149 qui
1267 1077 1412 1132 intra
1451 1085 1504 1132 te
1559 1086 1704 1142 sunt,

112 1178 421 1247 superaris.
449 1177 748 1233 Considera
774 1177 936 1247 igitur
967 1177 1152 1246 quanti
1186 1175 1400 1248 tyranni
1431 1175 1484 1229 in
1514 1176 1708 1229 stulto-

110 1286 237 1325 rum
254 1270 512 1327 cordibus
526 1270 758 1342 degunt:
778 1271 941 1340 oculi,
959 1286 1140 1339 aures,
1160 1285 1341 1339 nares,
1360 1278 1570 1334 venter,
1586 1267 1708 1322 viri-

108 1362 206 1428 lia,
245 1372 528 1434 totumque
563 1378 762 1433 corpus
795 1364 1109 1427 humanum,
1147 1377 1307 1432 quam
1345 1361 1511 1415 multa
1539 1361 1704 1415 etiam

108 1456 384 1512 desideria
399 1458 1046 1526 nascunturintrinsecus,
1063 1455 1521 1528 quibusomnibus
1534 1468 1706 1526 genus

109 1549 346 1604 mortale
370 1550 672 1606 succumbit
700 1561 756 1605 et
800 1551 988 1618 servit,
1024 1557 1246 1620 propter
1279 1563 1402 1620 qute
1427 1558 1622 1602 cuncta
1651 1555 1706 1604 et

103 1645 430 1714 jngnlantur
458 1657 511 1701 et
547 1645 816 1718 jugulant.
843 1645 952 1701 Nos
983 1656 1164 1700 autem
1199 1645 1548 1709 Brachmani,
1577 1645 1702 1714 quia

108 1739 293 1792 omnia
310 1754 428 1809 quzc
453 1739 777 1795 intrinsecus
798 1739 1058 1794 habemus
1075 1739 1213 1794 bella
1234 1752 1570 1808 superamus,
1586 1737 1699 1807 jam

1809 513 2006 570 nedum
2046 515 2147 570 ista
2181 531 2284 571 non
2313 525 2512 586 cessat,
2554 517 2719 572 immo
2748 531 2967 589 semper
2991 533 3150 587 nova,
3182 528 3237 574 et
3272 520 3391 577 sine

1809 608 1989 679 aliqua
2012 607 2418 666 intermissione
2443 611 2738 676 desiderat,
2768 611 2894 683 quia
2924 626 3028 667 non
3053 626 3119 668 ex
3147 627 3390 668 commo-

1811 702 2013 756 nitione
2056 711 2264 756 natura:
2304 701 2636 758 desiderium
2667 703 2771 758 tale
2812 703 3075 774 procedit.
3109 705 3394 762 Postremo

1809 797 1860 851 in
1887 810 1994 868 quo
2020 798 2157 866 apttd
2188 811 2288 851 vos
2320 796 2567 854 homines
2594 806 2649 853 et
2677 807 2942 854 ornantur
2969 807 3024 854 et
3061 798 3389 871 gloriantur,

1810 887 1862 942 in
1895 888 2088 944 eodem
2119 889 2261 958 apud
2302 904 2402 944 nos
2431 899 2786 960 spernuntur.
2815 891 3051 946 (Salanus
3083 891 3287 947 amicus
3312 901 3395 948 est

1807 994 2012 1048 vester,
2055 984 2148 1040 sed
2180 986 2456 1055 spernitur
2486 995 2541 1042 et
2576 988 2819 1043 calcatur
2844 1003 2874 1043 a
2921 987 3092 1043 vobis.
3132 988 3234 1058 Qui
3263 1004 3394 1060 ergo

1810 1081 2098 1135 multorum
2140 1081 2404 1136 malorum
2452 1091 2642 1136 auctor
2665 1082 2807 1153 apud
2838 1098 2933 1137 vos
2965 1083 3150 1152 fuerit,
3180 1099 3207 1136 a
3238 1083 3395 1138 vobis

1809 1173 2106 1228 honoratur
2130 1183 2184 1228 et
2208 1174 2438 1228 colitur:
2473 1175 2562 1244 qui
2594 1190 2724 1230 vero
2753 1185 2836 1231 est
2856 1176 3083 1244 inutilis,
3111 1176 3394 1248 projicitur

1806 1285 1836 1326 a
1869 1271 2023 1325 nobis
2049 1289 2061 1323 :
2090 1280 2145 1325 et
2177 1270 2266 1324 illa
2288 1285 2406 1340 qua:
2443 1283 2541 1324 nos
2570 1271 2790 1324 omnino
2814 1286 2919 1326 non
2945 1273 3258 1342 quazrimus,
3291 1272 3394 1325 Ca-

1807 1363 1931 1419 lano
1963 1379 2060 1435 pro
2090 1379 2152 1418 ea
2182 1379 2341 1433 quam
2371 1362 2562 1418 habuit
2591 1378 2716 1433 erga
2749 1365 3032 1432 pecuniam
3072 1365 3393 1435 cupiditate,

1808 1456 2149 1538 pl'acuerunt.
2177 1455 2282 1511 Sed
2311 1470 2417 1511 non
2459 1465 2579 1510 erat
2609 1463 2800 1511 noster
2831 1455 2915 1510 hic
2957 1457 3094 1520 talis,
3141 1458 3230 1527 qui
3280 1459 3397 1510 ani-

1806 1566 1948 1605 mam
1977 1567 2131 1606 suam
2162 1551 2543 1606 miserabiliter
2575 1551 2734 1617 laesit,
2764 1566 2827 1605 ac
2857 1550 3111 1620 perdidit,
3147 1551 3218 1608 ob
3247 1551 3394 1622 quod

1805 1658 1980 1714 neque
2004 1643 2097 1699 Dei
2127 1658 2303 1714 neque
2330 1644 2504 1698 nostri
2532 1645 2740 1699 amicus
2760 1659 2882 1700 esse
2904 1644 3054 1699 visus
3076 1655 3159 1700 est
3175 1643 3391 1715 dignus,

1806 1750 1981 1807 neque
2009 1735 2062 1790 in
2093 1738 2195 1791 ltoc
2221 1736 2424 1791 saeculo
2441 1737 2586 1792 inter
2611 1737 2774 1790 silvas
2796 1735 2999 1792 habere
3021 1738 3218 1792 meruit
3241 1752 3399 1792 secu-

110 1831 176 1886 de
223 1833 438 1903 reliquo
467 1833 765 1888 incolumes
805 1842 966 1903 atque
1003 1834 1180 1888 securi
1218 1834 1272 1888 in
1315 1847 1525 1888 summa
1570 1847 1701 1904 pace
1731 1820 1778 1881 B
1806 1829 2045 1896 ritatem,
2096 1843 2275 1899 neque
2322 1828 2467 1883 illam
2510 1843 2732 1900 sperare
2771 1828 2997 1901 gloriam
3045 1827 3241 1900 potuit,
3273 1843 3395 1900 qua:

103 1927 524 1996 requiescimus,
550 1927 711 1982 silvas
727 1926 994 1995 videmus,
1027 1927 1333 1998 caelumque
1349 1926 1700 1997 suspicimus,

101 2019 412 2088 aquilarum
458 2018 906 2092 diversarumque
936 2021 1112 2075 avium
1154 2019 1494 2090 gratissimas
1538 2033 1702 2076 voces

99 2126 330 2182 semper
352 2112 624 2179 audimus,
655 2113 799 2169 nudo
823 2113 926 2169 sub
955 2129 1079 2170 acre
1110 2115 1364 2170 arborum
1399 2113 1544 2168 foliis
1575 2127 1700 2166 nos-

100 2213 182 2258 tra
211 2220 446 2275 corpora
485 2208 845 2278 contegimus,
883 2222 1184 2279 eorumque
1233 2207 1498 2262 fructibus
1523 2206 1701 2262 vesci-

100 2314 249 2363 mur,
269 2315 460 2370 aquam
487 2301 745 2366 bibimus,
773 2301 1007 2372 hymnos
1025 2301 1138 2356 Deo
1161 2302 1429 2370 canimus,
1454 2311 1509 2358 et
1531 2302 1697 2356 futuri

99 2390 291 2444 szecttli
311 2389 476 2444 vitam
499 2390 896 2457 desideramus,
923 2392 1239 2462 nullumque
1266 2393 1409 2463 quod
1437 2393 1698 2460 prodesse

102 2485 266 2540 nobis
295 2500 402 2539 non
435 2486 624 2555 possit,
656 2485 928 2542 audimus.
962 2487 1054 2542 His
1081 2501 1211 2556 ergo
1239 2502 1337 2542 nos
1370 2485 1694 2541 Brachmani

103 2579 349 2634 moribus
390 2579 632 2634 Contenti
681 2580 949 2647 vivimus,
1005 2582 1300 2651 paucisque
1348 2579 1695 2635 sermonibus

105 2673 323 2744 agitatis
349 2691 470 2728 tnox
495 2683 757 2731 tacemus.
785 2674 895 2730 Vos
922 2683 1103 2732 autem
1127 2673 1308 2728 dicitis
1334 2673 1552 2743 quidem
1575 2688 1694 2744 quae

101 2765 339 2821 debeant
372 2765 510 2834 ï¬eri,
558 2782 655 2822 nec
685 2776 864 2822 tamen
903 2765 1114 2831 facitis;
1165 2763 1543 2835 philosophum
1595 2778 1694 2819 vos

99 2856 312 2910 nullum
361 2857 580 2926 putatis,
615 2859 715 2913 nisi
745 2874 867 2912 eum
913 2859 1004 2929 qui
1036 2856 1249 2913 noverit
1295 2856 1480 2926 loqui:
1513 2864 1694 2911 vester

95 2951 246 3008 enim
277 2959 362 3007 est
403 2952 580 3007 omnis
619 2966 813 3008 sensus
854 2956 906 3006 in
953 2953 1157 3023 lingua,
1190 2951 1452 3022 vobisque
1481 2949 1534 3004 in
1579 2950 1694 3005 oris

91 3045 269 3099 vestri
301 3043 459 3099 labiis
491 3051 602 3099 tota
633 3044 896 3115 sapientia
923 3054 1024 3100 est.
1058 3045 1264 3100 Aurum
1296 3051 1692 3113 argentumque

92 3137 380 3208 colligitis,
413 3137 658 3207 plurimis
685 3138 858 3192 servis
888 3147 941 3192 et
973 3139 1181 3208 magnis
1204 3136 1454 3192 domibus
1481 3135 1690 3206 indige-

93 3232 202 3286 tis:
231 3200 493 3286 aï¬‚'ectatis
515 3231 776 3298 honores,
800 3241 854 3285 et
880 3200 1162 3285 sectamini
1187 3228 1501 3300 dignitates,
1525 3228 1688 3284 editis
1717 3200 1763 3265 Î¿

95 3332 312 3377 tantum
341 3333 502 3392 atque
541 3323 742 3392 potatis
767 3332 1028 3392 quantum
1045 3322 1202 3389 juvat
1222 3320 1456 3391 expleri,
1478 3320 1692 3375 utimini

91 3432 258 3487 aeque
283 3423 338 3470 et
358 3416 599 3471 vestibus
616 3415 862 3470 delicatis
887 3431 1105 3486 semper
1126 3430 1190 3470 ac
1213 3416 1492 3482 mollibus,
1519 3431 1693 3486 eaque

93 3508 283 3563 tacitis
309 3525 542 3579 quorum
569 3509 942 3579 paenitentiam
970 3525 1092 3562 mox
1116 3510 1348 3578 geratis:
1382 3517 1570 3563 contra
1596 3524 1692 3564 vos

92 3605 251 3673 ipsos
277 3603 441 3658 veluti
486 3613 673 3658 contra
722 3603 975 3658 inimicos
1017 3610 1232 3657 vestros
1275 3601 1467 3658 soletis
1520 3603 1690 3672 loqui,

90 3714 226 3753 cutn
261 3707 436 3752 tamen
481 3697 683 3752 habere
714 3713 811 3750 vos
853 3697 1052 3766 lingua:
1098 3696 1332 3766 proprize
1363 3703 1690 3765 potestatem

95 3792 309 3848 sciatis.
337 3791 519 3862 Longe
547 3791 790 3861 profecto
823 3791 1078 3846 meliores
1109 3796 1236 3843 sunt
1264 3789 1339 3843 illi
1374 3789 1465 3858 qui
1511 3799 1692 3844 tacere

97 3893 530 3952 consueverunt,
553 3899 660 3938 non
686 3884 830 3938 enim
846 3898 906 3938 se
926 3883 1069 3953 ipsos
1091 3883 1361 3952 loquendo
1384 3882 1690 3937 revincunt.

93 3979 340 4033 Mutuam
371 3977 675 4032 mercedem
703 3977 770 4031 ab
795 3977 1042 4032 omnibus
1071 3977 1338 4045 accipitis,
1369 3977 1687 4046 gloriosum,

91 4081 163 4126 Î¹Î¹Î¹
196 4071 412 4140 putatis,
440 4078 821 4125 ornamentum
850 4069 1038 4139 digitis
1059 4071 1258 4123 vestris
1288 4070 1572 4140 imponitis
1597 4085 1692 4123 au-

92 4179 263 4219 rum:
303 4179 399 4218 vos
445 4179 657 4235 quoque
707 4163 946 4217 reminas
990 4164 1236 4217 videmus
1277 4172 1520 4230 ornatos,
1569 4178 1690 4218 cum

93 4258 294 4314 sciatis
340 4257 484 4328 quod
531 4257 790 4327 idipsum,
836 4255 888 4311 in
930 4271 1036 4326 quo
1063 4271 1390 4326 magnopere
1444 4255 1688 4322 creditis,

92 4364 364 4425 quantum
393 4351 459 4406 ad
485 4367 597 4406 rem
631 4351 862 4421 pertinet
893 4367 1098 4415 veram,
1133 4350 1288 4406 vobis
1320 4351 1579 4422 prodesse
1610 4352 1694 4405 ni-

94 4447 180 4502 hil
215 4446 402 4515 possit.
440 4447 584 4498 Auro
606 4447 750 4498 enim
779 4457 885 4498 non
909 4445 1242 4499 extolluntur
1271 4446 1487 4511 animas,
1516 4460 1692 4515 neque

92 4553 334 4608 corpora
360 4537 690 4599 nutriuntur,
711 4537 804 4590 sed
839 4547 1058 4592 econtra
1081 4537 1316 4606 perillud
1341 4549 1563 4606 utraque
1586 4539 1686 4592 ista

93 4631 390 4686 vitiantur.
443 4629 550 4684 Nos
591 4642 771 4684 autem
814 4629 905 4699 qui
954 4632 1331 4701 cognoscimus
1380 4631 1688 4699 veritatem,

96 4721 408 4800 ipsamque
432 4735 702 4789 naturam,
735 4724 780 4777 si
827 4723 1155 4792 coeperimus
1183 4724 1354 4791 sitire,
1390 4725 1588 4779 ibimus
1622 4725 1691 4779 ad

96 4820 352 4885 ï¬‚uvium,
378 4833 679 4888 aurumque
709 4817 1002 4883 calcantes,
1033 4833 1224 4888 aquam
1251 4817 1519 4873 bibemus.
1548 4821 1692 4873 Auro

96 4912 254 4969 enim
285 4912 466 4979 nequit
498 4911 676 4965 sedari
726 4908 914 4976 fames,
945 4924 1008 4964 ac
1036 4911 1156 4965 sitis
1195 4911 1370 4965 nescit
1396 4911 1688 4982 exstingui.

98 5006 226 5062 Non
257 5020 324 5058 ex
362 5017 499 5057 auro
529 5005 681 5058 venit
707 5001 992 5058 vulnerum
1020 5017 1170 5070 cura,
1214 5018 1324 5058 non
1363 5015 1691 5074 mgrotorum

101 5099 376 5156 medicina
401 5098 762 5151 membrorum
788 5138 801 5160 ,
832 5113 938 5151 non
971 5097 1078 5151 ulla
1113 5096 1408 5152 refrenatio
1433 5098 1694 5168 cupidita-

100 5199 175 5249 tis
200 5194 506 5257 immensre,
533 5191 626 5245 sed
659 5190 910 5244 hortatus
935 5193 1108 5263 magis
1139 5207 1200 5246 ac
1229 5193 1541 5262 provocatio
1583 5207 1694 5249 ma-

100 5290 193 5359 jor
213 5287 278 5340 ad
309 5301 504 5340 novam
538 5284 725 5341 nescio
741 5299 900 5353 quam
935 5286 1357 5355 etmcupiscendi
1389 5287 1690 5342 libidinem.

108 5383 179 5437 Et
200 5383 322 5436 sitis
341 5381 558 5450 quidem
588 5380 678 5434 illa
704 5380 970 5435 naturalis
986 5396 1108 5436 cum
1137 5380 1317 5447 luerit,
1335 5398 1456 5437 cum
1474 5399 1692 5454 aquam,

107 5489 271 5544 quam
299 5473 647 5541 desideravit,
673 5473 963 5542 acceperit,
985 5472 1140 5528 sitire
1161 5488 1285 5527 mox
1306 5484 1513 5541 cessat;
1545 5476 1693 5530 simi-

108 5567 234 5622 liter
263 5566 424 5620 etiam
450 5567 710 5621 naturalis
731 5564 904 5620 fames
926 5566 1140 5637 quando
1159 5580 1339 5620 escam
1359 5583 1520 5638 quam
1541 5585 1692 5637 qure-

109 5659 205 5728 rit,
238 5660 531 5728 acceperit,
581 5659 933 5727 conquiescit.
969 5659 1028 5716 Si
1077 5659 1236 5730 igitur
1265 5659 1455 5714 eodem
1508 5661 1689 5731 modo,

112 5755 414 5822 eademque
466 5764 656 5806 natura
698 5768 890 5807 aurum
928 5767 1143 5823 quoque
1171 5754 1439 5810 humanus
1482 5757 1693 5814 animus

113 5845 486 5911 desideraret,
535 5843 620 5898 ubi
672 5843 898 5911 primum
947 5845 1248 5915 accepisset
1293 5846 1438 5918 quod
1473 5848 1694 5919 optabat

1807 1923 2142 1997 promittitttr
2173 1924 2225 1978 in
2261 1924 2465 1979 futuro.

1879 2016 2188 2074 Alexander
2217 2017 2513 2086 imperator
2544 2017 2636 2072 ubi
2663 2018 2817 2074 venit
2851 2017 2917 2072 ad
2949 2017 3142 2086 silvas,
3179 2018 3397 2072 Danda-

1805 2110 1936 2165 mim
1974 2109 2194 2180 quidem
2241 2111 2417 2178 ipsum
2449 2109 2503 2163 in
2559 2112 2786 2164 transitu
2830 2109 3019 2166 videte
3063 2124 3170 2166 non
3221 2110 3400 2180 potuit

1805 2202 2131 2277 (Plutarch,
2154 2205 2207 2257 in
2239 2203 2357 2258 Vita
2383 2203 2724 2276 Alexandri):
2759 2204 2814 2258 in
2837 2204 2967 2259 silva
2992 2204 3134 2260 enitn
3154 2204 3394 2275 jacebat,

1803 2297 2131 2353 recumbens
2157 2311 2322 2368 super
2345 2297 2598 2352 arborum
2622 2296 2743 2352 folia
2771 2298 2824 2351 in
2850 2297 3144 2352 securitate
3164 2305 3217 2351 et
3237 2312 3395 2367 pace,

1803 2392 2086 2462 proximus
2105 2389 2258 2456 fonti,
2285 2405 2446 2461 quem
2475 2390 2630 2462 quasi
2664 2390 2798 2446 uber
2815 2398 2977 2444 terrae
3003 2387 3194 2445 matris
3220 2389 3400 2444 incor-

1800 2493 2019 2551 ruptum
2047 2493 2208 2554 atque
2253 2485 2520 2554 integrum
2557 2484 2612 2540 in
2646 2497 2709 2538 os
2739 2498 2890 2537 suum
2940 2483 3220 2552 emulgere
3254 2497 3397 2536 con-

1799 2585 2072 2633 sueverat.
2089 2576 2232 2631 Misit
2256 2585 2434 2630 autem
2455 2577 2503 2631 ei
2524 2576 2838 2632 Alexander
2860 2577 3088 2631 amicum
3105 2575 3394 2646 quemdam

1799 2672 2019 2726 nomine
2032 2669 2392 2727 Onesicritum
2425 2671 2692 2742 (Q.Cnrt.,
2709 2671 2799 2726 lib.
2825 2687 2876 2726 tx
2901 2671 2964 2725 de
2984 2669 3152 2726 Gestis
3173 2671 3398 2726 Î‘Î¹ÎµÏ€Î±Î·Ï

1799 2763 1924 2834 dri),
1959 2764 2146 2820 dicens
2175 2763 2263 2819 ei:
2294 2762 2622 2831 Onesicrite,
2659 2773 3018 2820 memoratum
3049 2765 3225 2818 virum
3258 2763 3397 2818 Dan-

1799 2858 1998 2913 damim
2043 2858 2112 2913 ad
2163 2873 2251 2914 me
2278 2859 2468 2914 venire
2513 2858 2732 2926 festina,
2782 2869 2874 2914 aut
2905 2874 3124 2916 causam
3175 2869 3394 2929 propter

1796 2968 1956 3024 quam
1983 2953 2172 3008 venire
2199 2953 2458 3020 noluerit,
2493 2954 2701 3021 nuntia,
2733 2962 2791 3008 ut
2821 2968 2921 3024 ego
2954 2954 3074 3024 ipse
3103 2951 3170 3007 ad
3203 2951 3398 3007 viden-

1795 3046 1924 3102 dum
1954 3061 2077 3102 eum
2119 3061 2367 3118 pergam.
2399 3045 2496 3100 Cui
2543 3046 2633 3101 ille
2672 3047 2991 3116 respondit:
3023 3045 3238 3100 Faciam
3268 3060 3395 3100 cum

1795 3141 2075 3197 celeritate
2099 3138 2240 3210 quod
2264 3139 2532 3210 prtecipis.
2557 3139 2690 3194 Nam
2720 3139 2859 3195 sicut
2881 3139 3073 3210 jubere
3109 3149 3255 3194 tuum
3286 3147 3393 3207 est,

1795 3236 1866 3292 ita
1897 3251 2077 3291 meum
2103 3249 2224 3290 esse
2247 3249 2518 3306 cognosco
2539 3235 2644 3288 tuis
2668 3233 2840 3304 jussis
2853 3235 3262 3304 obtemperare.
3289 3232 3396 3289 Ubi

1793 3329 1957 3400 igitur
1983 3327 2323 3398 supradictus
2372 3327 2438 3381 ad
2483 3326 2800 3381 Dandamim
2835 3327 3057 3380 nuntius
3086 3327 3254 3394 venit,
3306 3326 3392 3381 his

1795 3438 1918 3478 eum
1951 3422 2218 3476 allocutus
2245 3431 2329 3476 est
2353 3421 2576 3475 verbis:
2625 3419 2771 3474 Dixit
2803 3421 2943 3476 illius
2975 3421 3062 3475 dei
3091 3420 3242 3476 Jovis
3275 3436 3390 3474 ma-

1795 3515 1907 3584 gni,
1937 3512 2243 3568 Alexander
2271 3513 2592 3581 imperator,
2635 3512 2725 3582 qui
2771 3521 2854 3566 est
2881 3512 3138 3568 dominus
3177 3513 3397 3580 generis

1797 3606 2040 3673 humani,
2093 3616 2151 3660 ut
2180 3619 2440 3674 properes
2486 3603 2552 3658 ad
2585 3604 2734 3658 illum
2773 3605 2980 3672 venire,
3023 3605 3147 3675 quia
3187 3605 3305 3670 tibi,
3344 3608 3393 3660 sl

1796 3697 2039 3765 veneris,
2074 3697 2310 3768 plurima
2351 3696 2500 3752 dabit
2528 3711 2787 3751 munera:
2821 3696 2864 3750 si
2896 3713 3028 3751 vero
3066 3697 3252 3752 venire
3290 3711 3392 3751 no-

1795 3794 1980 3859 lueris,
2013 3793 2178 3848 veluti
2227 3801 2658 3860 contemptorem
2697 3800 2748 3846 te
2789 3792 2969 3862 capite
3014 3793 3225 3863 puniet.
3257 3792 3394 3861 Quae

1797 3903 1919 3942 cum
1959 3886 2024 3940 ad
2057 3885 2350 3940 Dandamis
2398 3899 2556 3940 aures
2603 3884 2751 3939 dicta
2781 3885 3082 3955 venissent,
3131 3901 3237 3941 non
3269 3901 3393 3943 sur-

1795 3981 1939 4037 rexit
1961 3996 2026 4035 ex
2052 3979 2214 4044 foliis,
2242 3978 2440 4048 quibus
2465 3978 2629 4031 fultus
2654 3977 2889 4046 jaeebat,
2913 3978 3005 4033 sed
3032 3979 3138 4033 tale
3161 3993 3392 4048 reSpon-

1797 4090 1916 4128 sum
1949 4073 2133 4129 ridens
2185 4070 2442 4138 reddidit,
2489 4086 2551 4125 ac
2579 4070 2943 4127 recumbens:
2980 4069 3146 4140 Deus,
3193 4073 3391 4144 inquit,

1798 4170 2066 4226 maximus
2100 4182 2294 4240 parare
2319 4168 2569 4238 cuiquam
2596 4167 3062 4236 nescitinjuriam,
3087 4167 3182 4224 sed
3207 4168 3392 4226 lumen

1797 4265 1921 4319 vitae
1971 4279 2160 4319 rursus
2200 4263 2266 4319 iis
2292 4271 2520 4335 prtestat
2564 4263 2795 4329 animis,
2855 4279 2978 4334 qua:
3019 4279 3120 4320 suo
3167 4263 3394 4322 solverit

1796 4353 1927 4410 fato.
1956 4354 2107 4410 Meus
2137 4369 2267 4426 ergo
2297 4355 2390 4411 ille
2426 4355 2578 4410 solus
2617 4364 2700 4410 est
2729 4355 3006 4424 dominus,
3035 4358 3125 4428 qui
3155 4358 3388 4414 homici-

1795 4449 1882 4504 dia
1911 4459 2081 4513 vetat,
2115 4457 2168 4503 et.
2195 4450 2283 4519 qui
2319 4449 2459 4504 bella
2490 4464 2594 4504 non
2627 4451 2881 4505 concitat.
2919 4451 3230 4508 Alexander
3254 4468 3386 4510 vero

1798 4559 1905 4596 non
1936 4549 2019 4597 est
2046 4541 2202 4607 deus,
2231 4541 2354 4612 quia
2384 4553 2438 4596 et
2482 4542 2598 4612 ipse
2640 4543 2938 4599 moriturus
2982 4554 3088 4600 est.
3117 4545 3391 4615 Quemad-

1802 4635 2019 4691 modum
2045 4636 2205 4706 igitur
2227 4644 2409 4706 potest
2430 4651 2551 4692 esse
2575 4637 2816 4692 omnium
2839 4638 3117 4707 dominus,
3143 4641 3232 4712 qui
3256 4656 3395 4696 non-

1800 4731 1927 4786 dum
1957 4731 2334 4802 Tyberoboam
2384 4730 2601 4786 lluvium
2646 4730 3040 4802 transfretavit,
3076 4749 3250 4804 neque
3292 4750 3391 4805 per

1802 4832 1969 4878 totum
2001 4821 2264 4876 mundum
2294 4821 2481 4878 sedem
2527 4837 2677 4878 suam
2711 4823 2930 4893 locavit,
2966 4841 3072 4880 non
3103 4841 3256 4880 zonae
3283 4827 3390 4882 Ga-

1799 4916 1922 4971 dem
1970 4915 2214 4980 transiit,
2272 4931 2378 4971 non
2449 4917 2500 4971 in
2554 4917 2734 4973 medio
2775 4921 2926 4974 orbis
2981 4935 3197 4976 cursum
3253 4922 3388 4978 solis

1799 5011 2054 5082 aSpexit?
2078 5025 2246 5080 quare
2270 5021 2458 5081 gentes
2491 5012 2735 5082 plurimae
2767 5028 2867 5069 nec
2893 5013 3011 5084 ejus
3037 5014 3256 5094 quidem
3285 5031 3386 5071 no-

1799 5121 1921 5161 men
1945 5104 2120 5159 adhuc
2152 5119 2314 5159 nosse
2337 5115 2652 5176 potuerunt.
2679 5104 2739 5162 Si
2767 5117 2944 5160 autem
2972 5121 3077 5162 non
3099 5106 3241 5178 capit
3262 5123 3384 5165 eum

1796 5201 1884 5255 illa
1914 5214 2072 5271 quam
2109 5198 2346 5269 possidet
2377 5207 2543 5266 terra,
2573 5197 2802 5254 ï¬‚uvium
2835 5208 3078 5254 transeat
3107 5211 3379 5269 nostrum,

1797 5304 1852 5350 et
1878 5293 2123 5348 inveniet
2167 5293 2342 5347 solum
2389 5293 2517 5359 tale,
2569 5292 2710 5361 quod
2744 5291 2894 5346 norit
2927 5284 3174 5349 homines
3217 5291 3422 5350 sustiz

1799 5402 1949 5442 nere.
1983 5386 2348 5457 Quaecumque
2380 5386 2508 5441 mihi
2537 5385 2846 5441 Alexander
2891 5387 3200 5457 pollicetur,
3245 5387 3290 5442 si
3320 5403 3387 5444 ea

1803 5480 2138 5551 praestiterit,
2167 5488 2357 5535 cuncta
2383 5478 2590 5533 inutilia
2622 5476 2750 5533 mihi
2777 5487 2952 5534 erunt.
2977 5479 3090 5551 Ego
3116 5480 3258 5536 enim
3291 5481 3390 5540 ha-

1803 5574 1905 5630 beo
1935 5574 2152 5630 domum
2176 5574 2322 5642 folia,
2355 5571 2539 5628 herbis
2570 5586 2786 5642 quoque
2814 5589 2933 5642 qua:
2960 5573 3207 5644 adjacent
3229 5576 3385 5645 mihi,

1803 5683 2011 5732 vescor,
2055 5674 2110 5721 et
2137 5681 2328 5736 aquam
2365 5673 2526 5734 poto:
2559 5663 2858 5734 posthabeo
2896 5667 2997 5722 alia
3029 5683 3385 5739 qumcumque

1801 5775 1922 5816 cum
1953 5759 2316 5816 sollicitudine
2359 5759 2690 5830 colliguntur
2738 5775 2799 5815 ac
2848 5772 3096 5834 pereunt,
3143 5763 3387 5834 nihilque

1803 5854 1944 5909 aliud
1978 5863 2177 5924 praeter
2212 5853 2490 5910 tristitiam
2513 5854 2880 5924 quzercntibus
2903 5873 2963 5913 ea
2997 5867 3157 5927 atque
3179 5859 3391 5919 baben-
