3958 6314
546 271 682 327 1159

1574 259 1916 322 ΑΡΡΕΝΝΧ
1957 261 2049 330 ΑΙ)
2083 261 2319 328 WA
2353 262 2412 324 5.
2436 262 2772 324 AMBROSII.

3667 272 3768 328 ιιιι

545 387 692 441 tibus
723 383 984 454 praebent.
1024 381 1176 438 Nunc
1204 379 1369 450 igitur
1399 392 1623 436 securus
1643 378 1890 448 quiesco,
1917 377 2140 434 clausis-
2170 380 2220 446 Α
2247 393 2416 447 usque
2460 379 2540 432 vis
2565 379 2841 444 accedere,
2877 392 2994 450 post
3019 399 3181 452 quem
3211 385 3369 438 aliam
3399 385 3579 440 iterum
3605 401 3768 458 partem

547 496 654 551 que
708 479 879 536 oculis
927 477 1004 534 nil
1049 477 1269 532 omnino
1299 473 1567 530 custodio.
1599 472 1656 530 Si
1683 488 1873 528 aurum
1919 473 2142 530 voluero

545 587 794 638 servare,
827 585 1078 632 somnum
1112 585 1292 632 meum
1333 567 1570 637 dissipo:
1604 576 1747 623 terra
1776 565 1905 621 mihi
1933 567 2136 635 omnia,

545 677 608 725 ut
636 668 716 722 lac
747 677 918 724 mater
944 663 1156 732 infanti,
1190 663 1483 720 ministrat.
1514 660 1594 716 Ad
1624 676 2021 732 quemcumque
2043 676 2138 744 ac-

549 765 745 821 cedere
790 763 1012 818 voluero
1043 762 1247 824 locum,
1280 760 1438 823 vado,
1467 773 1810 829 quocumque
1850 765 2034 814 autem
2063 755 2140 812 ire

548 859 799 922 noluero,
827 857 1030 912 nullius
1052 853 1440 912 sollicitudinis
1463 853 1792 912 necessitate
1817 851 2136 920 compellor.

547 951 619 1006 Et
645 951 687 1006 si
717 959 876 1020 caput
921 964 1098 1004 mequ
1135 947 1369 1004 voluerit
1398 945 1740 1013 abscindere,
1786 945 2019 1000 animam
2048 958 2142 997 au-

547 1047 692 1104 ferre
717 1061 820 1099 non
852 1044 1085 1114 poterit:
1119 1041 1214 1099 sed
1248 1046 1412 1112 caput
1439 1038 1810 1096 tantummodo
1835 1039 2020 1107 jacens
2046 1037 2142 1092 toi.

547 1141 644 1205 let,
680 1139 857 1192 anima
885 1151 1012 1192 vero
1037 1135 1347 1201 discedens,
1367 1141 1530 1203 caput.
1558 1147 1716 1186 suum
1738 1131 1904 1186 veluti
1929 1142 2134 1200 partem

543 1233 711 1287 vestis
753 1231 985 1300 alicujus
1013 1230 1304 1298 relinquet,
1337 1244 1402 1284 ac
1423 1226 1616 1283 reddet
1654 1227 1724 1292 ci,
1747 1242 1776 1280 a
1809 1241 1914 1296 quo
1948 1225 2000 1279 id
2027 1239 2146 1280 sus-

549 1336 812 1396 ceperat,
863 1341 1057 1394 nempe
1087 1335 1263 1380 terrae.
1304 1321 1442 1379 Cum
1483 1331 1662 1378 autem
1704 1321 1875 1376 lactus
1922 1321 2146 1391 spiritus

547 1420 722 1483 fuero,
745 1419 812 1474 ad
845 1420 1010 1474 Deum
1036 1418 1125 1488 qui
1157 1433 1281 1474 euut
1313 1417 1454 1470 intra
1486 1417 1626 1472 hanc
1649 1430 1872 1468 carnem
1901 1411 2139 1478 inclusit,

551 1513 862 1570 astzendam.
898 1513 1148 1580 Quicum
1182 1511 1282 1566 hoc
1319 1509 1532 1575 fecerit,
1569 1517 1777 1565 tentare
1819 1521 1918 1564 nos
1950 1503 2143 1572 voluit,

557 1619 616 1662 ut
643 1607 853 1662 videret
877 1601 1338 1676 quemadmodum
1368 1599 1714 1656 discedentes
1741 1598 1808 1653 ab
1838 1614 1925 1664 eo,
1961 1598 2012 1651 in
2044 1596 2147 1654 hoc

551 1701 754 1756 smculo
812 1700 1140 1754 viveremus.
1212 1696 1279 1751 Et
1327 1694 1669 1766 postmodum
1721 1707 1843 1746 cum
1906 1691 1974 1746 ad
2023 1706 2142 1746 eum

2245 473 2391 528 orbis
2419 473 2574 543 cupis
2601 488 2900 544 occupare:
2931 484 2988 532 et
3019 486 3148 534 tunc
3181 479 3404 534 tristitia
3425 480 3658 547 afﬁceris,
3684 499 3770 540 cum

2244 583 2353 625 non
2375 568 2617 639 potueris
2649 567 2852 625 habere
2881 569 3026 641 quod
3053 571 3264 627 vincrs.
3293 572 3572 641 Quomodo
3590 589 3773 645 argos:-

2247 660 2492 718 tislacere
2521 661 2796 718 desiderio
2838 673 2930 718 tuo
2963 665 3168 735 poteris
3187 706 3205 734 ,
3235 683 3360 726 cum
3406 677 3546 724 totus
3576 669 3660 724 tibi
3690 686 3772 726 sa-

2245 755 2397 812 vieus
2428 754 2660 812 mundus
2689 755 2928 813 animum
2968 767 3118 814 tuum
3148 760 3381 830 explere
3410 776 3472 815 ac
3502 763 3680 818 satiare
3700 780 3772 822 ttat

2246 846 2463 918 possit?
2492 848 2663 904 Minor
2703 850 2904 906 mundo
2935 852 3099 923 longe
3131 862 3190 910 tu
3221 853 3400 912 factus
3425 869 3518 922 es,
3563 866 3616 911 et
3638 858 3773 914 sic»

2248 940 2334 996 nia
2356 939 2512 996 simul
2542 939 2676 996 velis
2700 942 2950 1011 vincere,
2999 954 3163 1017 atque
3194 949 3457 1004 universa
3487 964 3773 1022 quamneu

2248 1042 2436 1090 tenent
2481 1033 2729 1092 homines
2773 1037 3081 1108 possidere,
3129 1039 3356 1096 tandem
3403 1055 3626 1097 necesse
3663 1056 3771 1101 estn

2247 1129 2422 1184 Solum
2473 1129 2672 1188 habeas
2721 1141 2982 1204 quantum
3020 1142 3114 1190 aut
3139 1142 3194 1190 tu
3236 1135 3520 1206 iacentem
3546 1145 3774 1195 teneant

2249 1224 2430 1280 cernis
2455 1265 2472 1290 ,
2517 1234 2609 1280 aut
2656 1239 2755 1296 ego
2795 1242 3065 1298 oecupare
3108 1228 3272 1286 video
3317 1240 3375 1286 te
3409 1231 3693 1288 sedatum.
3729 1233 3778 1288 Et

2249 1334 2356 1389 quo
2381 1319 2577 1376 iterum
2609 1318 2654 1373 si
2683 1319 2748 1376 ad
2774 1320 2882 1378 alia
2910 1333 3281 1392 transeamus,
3311 1335 3371 1380 et
3402 1325 3463 1378 in
3493 1324 3609 1386 aliis
3626 1340 3780 1396 quoque

2251 1414 2348 1476 tibi
2378 1414 2582 1470 similes
2609 1415 2938 1472 invenimur.
2973 1417 3174 1474 Eodem
3204 1419 3357 1476 enim
3387 1418 3560 1478 modo
3579 1421 3779 1491 quoque.

2249 1509 2503 1566 omnibus
2543 1518 2668 1566 utor
2696 1510 2984 1568 elementis
3006 1554 3019 1578 ,
3066 1527 3228 1580 aere,
3261 1527 3434 1583 aqua,
3463 1522 3522 1568 et
3561 1523 3701 1579 terra,
3721 1531 3781 1568 se

2249 1603 2540 1676 quidquam
2569 1603 2709 1660 ultra
2735 1603 2940 1662 habere
2965 1605 3244 1672 desidero,
3279 1616 3338 1662 et
3369 1607 3565 1661 omnia
3583 1606 3705 1676 justi:
3722 1608 3779 1660 h-

2253 1695 2355 1750 beo
2384 1711 2742 1768 quaecumque
2764 1699 3015 1767 possideo
3037 1741 3053 1765 ,
3092 1709 3147 1754 et
3173 1699 3220 1756 si
3253 1699 3414 1755 solus
3445 1714 3637 1756 omnes

557 1794 825 1848 fuerimus
855 1791 1081 1857 reversi,
1110 1791 1372 1848 rationem
1399 1791 1524 1846 vitae
1553 1789 1713 1858 hujus
1737 1804 1764 1841 a
1789 1787 1946 1844 nobis
1969 1803 2138 1858 expo-
2176 1781 2222 1848 Β
2251 1791 2516 1858 obtinens,
2547 1792 2662 1860 plus
2693 1801 2874 1848 tamen
2896 1809 3050 1864 aqua:
3079 1810 3242 1864 quam
3275 1810 3404 1864 ego,
3442 1810 3519 1850 ex
3560 1796 3674 1864 ipsis
3696 1796 3772 1849 ιη-

559 1887 682 1939 scit.
725 1885 821 1939 Cui
851 1886 1118 1939 assistens
1148 1897 1246 1952 ego
1271 1882 1468 1938 videbo
1499 1881 1751 1952 iniuriam
1779 1895 1976 1943 meam,
2008 1879 2149 1949 ejus-

553 1994 659 2048 que
692 1978 952 2047 judicium
991 1978 1044 2032 in
1083 1977 1205 2033 illos
1226 1978 1319 2047 qui
1351 1976 1598 2046 injuriosi
1629 1973 1762 2030 mihi
1789 1974 2032 2038 luerunt,
2068 1975 2148 2027 in-

556 2073 784 2136 tuebor;
816 2073 1051 2142 suspiria
1078 2072 1221 2130 enim
1245 2073 1585 2142 gemitusque
1613 2070 1867 2126 laesorum
1892 2069 2153 2139 incipient

556 2165 875 2222 lmdentium
923 2179 1042 2220 esse
1091 2165 1378 2236 supplicia.
1432 2163 1547 2222 Hoc
1573 2161 1882 2220 Alexander
1913 2160 2023 2216 illis
2051 2160 2152 2216 mi-

558 2269 735 2324 netur,
769 2260 857 2329 qui
882 2274 1015 2329 opes
1035 2258 1368 2324 desiderant,
1401 2259 1488 2328 qui
1519 2258 1715 2312 timent
1745 2263 2000 2323 mortem,
2025 2255 2148 2324 quia

557 2371 660 2410 nos
705 2365 993 2424 utrumque
1031 2353 1454 2410 contemnimus.
1518 2350 1649 2408 Nam
1693 2348 2011 2408 Brachmani
2053 2364 2151 2404 ne-

559 2463 667 2517 que
699 2463 886 2500 aurum
919 2446 1184 2516 diligunt,
1237 2461 1410 2515 neque
1441 2453 1671 2502 mortem
1694 2452 1967 2500 verentur.
2009 2441 2153 2498 Vade

557 2539 746 2609 igitur,
775 2550 829 2595 et
860 2539 961 2594 hoc
988 2537 1303 2596 Alexandro
1331 2538 1570 2596 referas:
1600 2537 1740 2594 Nihil
1767 2548 1982 2594 tuorum
2009 2535 2154 2590 Dan-

560 2633 735 2688 damis
765 2633 961 2701 qtttt‘l’il
986 2675 1000 2697 ,
1051 2649 1235 2690 verum
1282 2633 1326 2688 si
1373 2632 1576 2704 aliquid
1605 2648 1668 2690 et
1700 2631 1867 2702 ipsius
1893 2629 2053 2685 rebus
2098 2640 2153 2684 tu

561 2727 934 2782 necessarium
984 2726 1078 2783 tibi
1124 2742 1248 2782 esse
1296 2726 1510 2793 credis,
1556 2726 1623 2784 ad
1652 2740 1776 2781 eum
1827 2724 2016 2780 venire
2046 2740 2154 2780 non

563 2819 900 2890 dedigneris.

2252 1884 2361 1940 rirc
2389 1901 2498 1940 non
2530 1886 2756 1956 poteris.
2793 1888 2939 1944 lianc
2963 1903 3095 1958 ergo
3130 1888 3175 1942 si
3203 1904 3234 1942 a
3266 1904 3361 1944 me
3385 1889 3767 1959 sapientia-dir

2253 1994 2344 2032 cas
2368 2023 2383 2044 ,
2435 1980 2568 2038 nihil
2597 1981 2692 2036 tibi
2720 1981 2891 2037 deerit
2919 2001 2932 2035 :
2993 1992 3279 2054 totumque
3311 1984 3561 2040 habebis
3586 2027 3600 2049 ,
3638 1987 3672 2039 si
3698 1987 3770 2040 at;

2252 2069 2668 2128 desideraveris.
2703 2072 2984 2144 Cupiditas
3007 2077 3151 2132 enim
3184 2079 3549 2147 paupertatis
3573 2088 3782 2142 eamus,

2253 2179 2373 2232 quae
2413 2165 2813 2222 medicamento
2841 2167 2984 2224 malo
3005 2209 3019 2232 ,
3067 2168 3173 2224 hoc
3197 2179 3306 2238 est,
3359 2169 3714 2226 sollicitudine
3732 2188 3787 2225 Dt-

2259 2258 2376 2329 quit
2426 2259 2604 2316 curari
2631 2279 2643 2314 :
2700 2277 2823 2332 quae
2872 2263 2940 2316 ita
2967 2277 3185 2334 semper
3213 2265 3410 2318 omnia
3442 2265 3668 2334 quaerit,
3691 2267 3789 2335 quasi

2255 2353 2500 2410 invenire
2549 2355 2620 2408 nil
2674 2356 2885 2424 possit:
2930 2357 3055 2426 quia
3097 2371 3207 2411 non
3250 2358 3306 2412 in
3359 2358 3454 2422 iis,
3491 2357 3557 2412 ad
3598 2373 3698 2425 qua
3726 2358 3792 2424 ita

2259 2445 2430 2516 potuit
2460 2448 2775 2515 pervenire,
2821 2448 3149 2518 requiescit,
3197 2447 3298 2504 sed
3330 2465 3401 2503 ex
3439 2448 3556 2504 illis
3594 2464 3696 2518 qua
3715 2464 3796 2503 ue:-

2258 2539 2384 2596 duut
2436 2550 2624 2596 tenere
2672 2556 2731 2595 se
2773 2542 2986 2608 cernit,
3038 2542 3213 2612 magis
3241 2542 3551 2613 magisque
3572 2543 3795 2596 cruciatur.

2258 2633 2495 2689 llabebis
2524 2645 2705 2692 autem
2733 2637 2999 2694 maximas
3028 2651 3154 2692 cum
3185 2635 3497 2706 voluptate
3547 2651 3685 2705 opes,
3710 2635 3799 2690 tiiu

2259 2743 2471 2784 mecum
2501 2727 2683 2785 vivere
2711 2729 2869 2784 voles
2894 2748 2907 2781 :
2948 2739 3003 2783 et
3032 2730 3078 2784 si
3109 2729 3250 2788 meis
3281 2729 3638 2799 acquieveris
3661 2727 3788 2790 ruﬁs,

2261 2835 2411 2876 meas
2457 2820 2676 2876 divitias
2709 2821 3030 2891 possidehis.
3079 2821 3312 2877 Amicus
3345 2821 3488 2876 mihi
3524 2831 3609 2876 est
3628 2821 3787 2875 suis:

631 2913 765 2981 Quae
797 2914 884 2970 ubi
913 2913 1228 2970 Alexander
1255 2930 1353 2984 per
1381 2914 1774 2970 internuntium
1803 2911 2033 2978 attdivit,
2065 2911 2159 2970 de-
2262 2910 2424 2980 Deus,
2453 2922 2507 2968 et
2533 2911 2599 2968 de
2621 2913 2752 2979 ipsis
2779 2929 2904 2968 cum
2926 2913 3120 2970 eodem
3149 2915 3324 2970 rebus
3349 2914 3580 2984 loquor,
3611 2915 3786 2969 labrum

564 3007 811 3064 sideraro
853 3009 972 3077 plus
1019 3009 1184 3076 εωμίι
1217 3019 1272 3064 ut
1299 3009 1458 3066 talem
1490 3009 1662 3061 virum
1694 3006 1942 3071 videret,
1996 3015 2159 3075 utque
2263 3003 2540 3062 hominum
2568 3006 2731 3062 verba
2759 3022 2864 3072 non
2895 3007 3077 3062 audio.
3111 3005 3327 3062 leum
3363 3006 3550 3070 habeo
3589 3015 3796 3076 pratulo,

567 3118 650 3166 se,
679 3102 769 3172 qui
804 3102 1002 3160 multas
1024 3102 1230 3158 vicerat
1257 3111 1446 3169 gentes
1471 3142 1486 3166 ,
1522 3115 1659 3158 unus
1685 3109 1739 3154 et
1767 3098 1945 3156 nudus
1973 3098 2156 3154 vince-
2205 3169 2227 3172 ᾗ
2271 3110 2410 3154 terra
2460 3099 2593 3156 mihi
2645 3110 2750 3154 tota
2804 3115 2904 3170 pro
2933 3101 3073 3156 lecto
3105 3111 3212 3156 est.
3267 3099 3461 3158 Fluvii
3512 3100 3639 3156 mihi
3676 3108 3803 3170 potum

565 3204 656 3250 ret
696 3169 893 3252 senex.
948 3194 1129 3266 Pergit
1178 3194 1343 3264 igitur
1386 3210 1509 3250 cum
1560 3193 1798 3264 quinque
1846 3186 1932 3248 vel
1967 3192 2160 3252 decem
2187 3169 2232 3234 (ἶ
2268 3192 2607 3260 ministrant,
2661 3169 2900 3256 mensam
2945 3194 3078 3250 silva
3125 3192 3477 3264 suppeditat.
3524 3193 3634 3250 Non
3671 3169 3806 3248 vester

576 3285 770 3344 amicis
799 3288 864 3343 ad
893 3303 986 3343 eos
1011 3329 1026 3354 ,
1067 3302 1203 3358 quas
1232 3303 1395 3358 supra
1426 3287 1692 3354 diximus,
1737 3288 1925 3351 silvas,
1958 3298 2014 3344 et
2042 3302 2162 3344 cum
2265 3283 2580 3340 animalium
2605 3283 2928 3352 visceribus,
2955 3293 3014 3342 ut
3032 3286 3248 3351 leones,
3276 3301 3467 3356 neque
3489 3287 3613 3340 intra
3638 3294 3806 3354 pecten

576 3381 817 3436 venisset
841 3379 906 3435 ad
938 3380 1268 3452 proximum,
1311 3390 1470 3450 atque
1511 3395 1578 3434 ex
1609 3396 1772 3448 equo,
1806 3397 1910 3448 quo
1932 3381 2166 3437 veheba-
2266 3394 2385 3433 mea
2416 3377 2641 3432 inclusa:
2666 3377 3074 3447 quadrupedum
3096 3388 3188 3432 aut
3220 3378 3527 3434 volatiliutn
3552 3393 3804 3446 carnesptt

570 3485 680 3542 tttr,
705 3476 1017 3541 exsiliisset,
1041 3489 1296 3530 coronam
1327 3474 1392 3527 de
1415 3475 1591 3543 capite
1618 3473 1888 3544 deposuit,
1917 3489 2164 3530 omnem-
2267 3479 2528 3537 trescuttt,
2570 3486 2668 3526 nec
2697 3485 2818 3528 sum
2852 3482 3188 3528 mortuorum
3219 3474 3544 3541 sepulcrum
3568 3515 3583 3540 ,
3613 3473 3805 3541 sedpra-

569 3587 681 3642 que
725 3572 813 3641 qui
857 3571 1000 3628 circa
1029 3571 1203 3639 ipsum
1232 3580 1369 3636 erat,
1408 3569 1675 3640 superbiae
1707 3580 1971 3626 tumorem
1999 3569 2164 3626 relinr
2267 3563 2501 3620 videntia
2547 3565 2809 3622 naturalis
2842 3581 3031 3622 omnes
3062 3565 3197 3624 mihi
3237 3564 3458 3625 fructus
3494 3575 3551 3622 ut
3577 3568 3654 3624 lac
3689 3575 3798 3620 irata

573 3679 784 3733 quens,
827 3662 896 3720 ad
942 3671 1303 3723 memoratum
1352 3677 1538 3718 senem
1572 3663 1846 3732 ingressus
1887 3671 1970 3718 est
1995 3662 2164 3728 solus,
2268 3657 2520 3713 infundit.
2572 3657 2818 3728 Intelligo
2845 3659 2960 3728 ipse
2986 3658 3114 3731 quid
3146 3674 3385 3729 quaeras.
3441 3661 3789 3731 Sapientmu

573 3766 631 3814 et
655 3757 720 3811 ad
753 3739 925 3826 pedes
949 3756 1119 3828 ipsius
1146 3770 1206 3811 se
1236 3754 1406 3821 dedit,
1439 3755 1542 3810 hoc
1569 3754 1790 3811 dicens:
1818 3755 1996 3821 Salve,
2031 3755 2168 3810 Dan-
2270 3751 2440 3819 vides,
2485 3752 2607 3810 talis
2632 3763 2685 3808 et
2711 3752 2884 3808 factus
2908 3769 3050 3820 sum,
3083 3756 3274 3824 itaque
3303 3755 3437 3809 vivo
3467 3767 3527 3810 ut
3559 3764 3788 3824 procreati

574 3850 742 3915 dami,
774 3865 875 3920 ego
899 3849 970 3903 ad
1003 3859 1056 3906 te
1088 3849 1210 3906 veni
1240 3892 1255 3917 ,
1285 3851 1408 3920 quia
1435 3860 1490 3904 tu
1518 3849 1583 3902 ad
1607 3865 1695 3904 me
1719 3849 1934 3904 noluisti
1959 3850 2167 3906 venire.
2269 3860 2411 3911 sum,
2451 3857 2505 3901 et
2537 3862 2657 3917 qua”:
2703 3847 2845 3901 Deus
2872 3846 3034 3902 faciat
3075 3862 3340 3918 agnosco,
3387 3849 3606 3919 etquid
3633 3845 3794 3904 ﬁeriso-

574 3943 675 4001 Cui
708 3944 798 4000 ille
829 3945 1146 4015 respondit:
1180 3943 1260 4001 Ad
1288 3943 1417 4014 quid
1442 3943 1507 3998 ad
1532 3959 1632 4000 nos
1659 3943 1894 3999 venisti?
1923 3953 2017 4000 aut
2039 3944 2168 4015 quid
2273 3939 2394 3994 beat
2423 3938 2672 3994 scio.Vos
2702 3948 2880 3995 autem
2910 3938 3155 3994 vanitate
3184 3954 3384 4010 magna
3413 3941 3636 4011 repleti,
3662 3950 3802 4009 prasa-

577 4037 647 4094 de
673 4038 877 4094 nostris
908 4036 1374 4094 sollicitudinibus
1403 4035 1618 4094 auferre
1661 4035 1988 4094 desideras?
2018 4036 2168 4104 Quod
2272 4039 2391 4109 gire
2418 4054 2515 4093 vos
2543 4035 2790 4100 creditis,
2823 4051 2944 4091 cum
2970 4045 3148 4091 tamen
3177 4035 3294 4091 haec
3328 4037 3452 4106 ipsa
3487 4053 3610 4108 quae
3635 4053 3718 4106 per
3735 4035 3806 4088 sia-

572 4133 735 4199 cupis
761 4129 903 4199 ipse,
933 4144 1034 4186 nos
1061 4129 1265 4184 habere
1307 4144 1414 4186 non
1443 4143 1765 4198 possumus:
1807 4127 1951 4200 quod
1976 4128 2169 4184 iterum
2272 4131 2425 4200 gulos
2471 4127 2668 4184 videtis
2715 4126 2834 4183 dies
2859 4170 2873 4193 ,
2924 4127 3016 4182 Dei
3047 4143 3217 4196 Opera
3245 4127 3570 4197 intelligere
3599 4128 3810 4184 nesciatis

580 4238 687 4278 nos
718 4223 1004 4289 habemus,
1047 4221 1416 4280 necessarium
1460 4221 1554 4276 tibi
1590 4237 1696 4276 non
1724 4232 1828 4276 est.
1861 4220 1969 4278 Nos
1995 4219 2168 4278 hono-
2271 4227 2386 4297 Ego
2435 4235 2627 4280 cuncta
2672 4237 2959 4294 cognosco.
3007 4233 3064 4277 et.
3093 4222 3258 4287 unde,
3288 4231 3348 4278 et
3375 4223 3625 4293 quando,
3652 4232 3701 4277 et
3723 4236 3816 4289 qua»

581 4329 772 4374 ramus
802 4316 992 4381 Deum,
1031 4323 1085 4368 et
1113 4329 1356 4370 amamus
1385 4315 1700 4378 hominem;
1735 4314 2051 4384 negligimus
2073 4328 2170 4368 au-
2271 4317 2434 4376 modo
2455 4317 2606 4373 ﬁant.
2637 4317 2872 4385 Pluvias,
2902 4314 3197 4382 siccitates,
3219 4314 3484 4385 fulmina,
3505 4323 3817 4387 tempestates

583 4425 730 4474 rum,
754 4406 1156 4464 contemnimus
1195 4415 1426 4463 mortem
1451 4425 1464 4458 :
1497 4421 1593 4461 vos
1623 4415 1804 4461 autem
1848 4416 2078 4462 mortem
2107 4407 2172 4460 ti-
2273 4428 2379 4482 que
2405 4410 2695 4481 praesagio:
2742 4419 2795 4466 et
2821 4408 2922 4464 hoc
2945 4418 3031 4464 est
3053 4409 3196 4478 quod
3223 4425 3313 4466 me
3333 4411 3653 4468 delectatae
3669 4409 3817 4472 reﬁcit.

585 4505 772 4570 metis,
797 4503 1075 4560 honoratis
1094 4518 1309 4566 aurum,
1341 4501 1502 4558 editis
1523 4501 1820 4568 hominem,
1852 4502 2019 4558 Deum
2043 4515 2171 4555 con-
2271 4503 2397 4574 quia
2418 4503 2561 4558 Deus
2593 4501 2790 4558 habere
2817 4516 2904 4556 me
2923 4502 3371 4558 communionem
3394 4505 3684 4574 quamdam
3703 4513 3816 4570 atqu

590 4598 859 4654 temnitis.
908 4597 987 4654 Ad
1017 4612 1178 4668 quem
1207 4595 1556 4654 Alexander:
1605 4596 1748 4651 Doce
1774 4638 1789 4662 ,
1830 4596 2042 4666 inquit,
2076 4611 2175 4652 nos
2198 4575 2252 4636 D
2277 4598 2563 4654 consilium
2599 4611 2720 4654 cum
2749 4596 3008 4666 operibus
3031 4595 3144 4654 suis
3172 4595 3326 4651 fecit.
3357 4597 3439 4652 Ad
3473 4614 3559 4652 me
3607 4593 3816 4667 quemad-

587 4691 795 4762 aliquid
850 4691 1154 4762 sapientiae:
1216 4691 1433 4760 plenum
1481 4690 1634 4746 aiunt
1678 4699 1730 4745 te
1761 4690 2069 4753 divinitate,
2119 4701 2176 4747 et
2278 4693 2498 4748 modum
2526 4689 2751 4760 angelus
2776 4689 2953 4756 venit,
3002 4698 3057 4743 et
3079 4688 3123 4744 si
3149 4687 3372 4759 quando
3399 4689 3605 4762 aliquid
3633 4685 3820 4744 timuerit

591 4800 716 4840 cum
749 4785 867 4854 ipso
895 4782 1130 4851 colloqui
1183 4783 1380 4852 saepius
1421 4783 1570 4848 Deo;
1619 4798 1720 4852 ego
1750 4797 1880 4836 vero
1907 4782 2049 4838 scire
2076 4782 2171 4842 de-
2277 4786 2594 4854 imperator,
2638 4791 2766 4838 tunc
2805 4797 2906 4853 ego
2934 4781 3197 4852 deprecor
3224 4783 3397 4838 Deum
3427 4793 3487 4838 ut
3511 4784 3638 4838 boni
3659 4777 3820 4850 aliquid

591 4877 776 4934 sidero
827 4878 877 4932 in
925 4891 1028 4946 qua
1077 4889 1136 4930 re
1174 4875 1581 4944 prmstantiores
1630 4873 1834 4932 Grzecis
1880 4889 1976 4929 vos
2029 4876 2176 4945 ipsos
2277 4881 2328 4937 ei
2353 4925 2369 4949 ,
2414 4894 2534 4935 cum
2565 4878 2630 4935 ad
2663 4895 2750 4933 me
2790 4877 3020 4944 venerit,
3063 4885 3314 4946 praestet,
3346 4887 3405 4932 ut
3430 4893 3555 4934 eum
3587 4887 3822 4944 metqu

591 4987 715 5030 esse
747 4971 978 5037 dicatis,
1024 4980 1076 5026 et
1121 4971 1177 5024 iu
1208 4985 1314 5040 quo
1341 4979 1435 5026 aut
1462 4968 1656 5024 melius
1687 4968 1870 5026 videas
1897 4983 2054 5040 quam
2083 4967 2172 5022 alii
2277 4975 2506 5039 laborat,
2549 4973 2814 5036 absolvat,
2848 4981 3010 5040 utque
3037 4969 3086 5024 ei
3115 4969 3373 5030 ﬁduciam
3396 4970 3682 5041 quamdam
3708 4981 3823 5022 ntel-

591 5066 866 5130 ltomines,
897 5073 988 5122 aut
1009 5063 1241 5134 amplius
1261 5061 1460 5134 sapias.
1490 5063 1672 5120 Atille
1693 5062 2006 5134 respondit:
2035 5062 2174 5134 Ego,
2281 5070 2351 5122 tis
2371 5067 2614 5137 inspiret.
2637 5065 2778 5133 Quid
2803 5079 2926 5120 esse
2952 5067 3154 5122 rectius
3179 5063 3339 5130 dicis,
3369 5064 3572 5122 ludere
3598 5063 3824 5118 homines.

595 5159 790 5229 inquit,
820 5158 1012 5216 vellem
1036 5155 1255 5214 deferre
1275 5156 1340 5212 ad
1373 5165 1424 5209 te
1444 5163 1724 5224 acceptum
1749 5171 1776 5214 a
1799 5157 1912 5212 Deo
1935 5171 2174 5225 sensum,
2281 5177 2348 5218 an
2399 5161 2536 5216 tueri
2581 5167 2745 5228 atque
2779 5173 2998 5218 servare
3020 5201 3034 5224 ,
3077 5166 3134 5213 et
3157 5158 3286 5228 quid
3314 5158 3489 5228 magis
3513 5155 3751 5216 convenit
3771 5151 3826 5204 la-

593 5254 694 5312 sed
719 5254 834 5324 ipse
859 5253 1036 5310 locum
1071 5267 1178 5310 nou
1205 5251 1375 5308 habes
1406 5251 1492 5310 tibi
1531 5249 1728 5306 donum
1760 5252 1864 5306 tale
1891 5252 2174 5322 suscipias.
2280 5271 2403 5314 cere
2425 5254 2546 5310 ﬁliis
2572 5254 2686 5320 Dei,
2713 5263 2806 5310 aut
2831 5262 3079 5309 evertere
3093 5260 3288 5310 cuncta
3315 5251 3637 5323 pugnando,
3664 5265 3726 5303 au
3748 5261 3816 5301 cx-

598 5348 965 5415 lmpleverunt
991 5346 1132 5404 enim
1166 5347 1401 5404 animam
1435 5355 1579 5406 tuam
1604 5345 1774 5402 avidae
1798 5356 1957 5418 atque
1985 5347 2176 5404 immo-
2280 5361 2533 5422 pugnata,
2561 5359 2618 5407 et
2644 5350 2818 5407 diruta
2846 5349 3152 5406 instaurare
3173 5348 3464 5418 pacando?
3494 5347 3610 5406 Non
3629 5344 3822 5412 tihipﬁr

595 5442 736 5497 dice
769 5441 1128 5511 cupiditates,
1179 5456 1316 5512 quas
1343 5455 1485 5500 nunc
1512 5455 1723 5496 mecum
1756 5449 1964 5498 certare
1993 5439 2176 5496 consi-
2280 5444 2444 5509 derit,
2477 5443 2772 5512 imperator
2796 5485 2811 5508 ,
2855 5456 3081 5498 enorme
3125 5440 3342 5511 pondus
3366 5440 3511 5506 auri,
3541 5454 3706 5508 neque
3737 5435 3822 5488 ele-

595 5537 754 5601 dero,
780 5538 904 5606 quia
933 5545 990 5592 te
1014 5538 1080 5592 ab
1110 5537 1243 5606 ipsis
1257 5553 1426 5594 conor
1445 5536 1706 5605 avellere,
1737 5553 2061 5609 quamquam
2083 5537 2180 5594 lto-
2280 5539 2605 5610 phantorum
2629 5578 2642 5604 ,
2687 5551 2826 5607 quos
2866 5534 3133 5592 sustulisti
3176 5535 3299 5591 aliis
3323 5576 3338 5601 ,
3383 5531 3706 5590 multitudo:
3752 5522 3821 5580 sd

600 5631 690 5686 die
718 5627 1007 5700 plurimum
1037 5641 1289 5700 moerent,
1320 5647 1386 5686 eo
1413 5632 1556 5702 quod
1586 5641 1759 5687 morte
1782 5632 1982 5688 nullius
2003 5633 2178 5700 gentis
2283 5632 2397 5688 haec
2420 5647 2525 5686 vox
2553 5646 2670 5687 mea
2693 5672 2707 5696 ,
2750 5642 2803 5685 et
2843 5630 2885 5686 is
2916 5644 3067 5686 meus
3093 5641 3295 5684 sermo.
3344 5626 3428 5682 Tu
3482 5638 3612 5681 vero
3649 5614 3821 5677 etiamsi

602 5724 687 5778 vel
718 5722 980 5791 sanguine
1024 5722 1306 5791 polluaris,
1351 5733 1405 5780 et
1429 5726 1552 5797 quia
1583 5725 1766 5782 vident
1791 5725 1967 5793 adhuc
1998 5725 2175 5783 homi-
2282 5740 2371 5781 me
2408 5723 2708 5781 interﬁcere
2746 5722 2982 5780 volueris
3007 5765 3022 5789 ,
3065 5736 3181 5780 non
3209 5719 3415 5778 timebo
3437 5759 3453 5786 ,
3504 5718 3591 5774 ibo
3627 5707 3822 5773 enimad

601 5828 700 5868 nes
750 5814 802 5866 in
851 5813 1150 5868 civitatibus
1195 5827 1613 5874 commorantes.
1666 5818 1745 5874 Tu
1795 5819 1862 5874 ad
1901 5819 2175 5876 Oceanum
2280 5820 2451 5876 Deum
2477 5820 2670 5886 citius,
2711 5820 2801 5889 qui
2833 5827 2889 5875 et
2925 5831 3150 5874 causam
3180 5826 3236 5873 et
3280 5816 3446 5874 vitam
3477 5827 3649 5874 meum
3671 5806 3812 5867 Ιοτίί·
