3958 6314
163 301 292 370 lli!

1251 291 1335 348 DE
1373 290 1672 352 MORIBUS
1707 291 2296 366 BBACHMANORUM.

3281 287 3422 362 Ηίιὲ

158 417 303 474 Nihil
331 428 417 476 est
443 417 585 490 quod
618 417 784 478 Deum
825 415 992 472 latere
1021 410 1211 483 possit,
1258 409 1415 480 cujus
1443 409 1589 464 oculi
1615 418 1740 464 sunt
1768 411 1812 470 Α
1843 407 1997 464 diunt
2053 412 2216 468 timeo
2243 455 2256 478 ,
2299 420 2353 470 et
2390 413 2560 486 major
2602 410 2736 467 mihi
2786 410 3101 494 plerumque
3139 408 3206 466 ab
3235 407 3424 463 amicis

154 524 352 566 omnes
378 510 590 580 stellae,
628 511 746 578 sol,
787 519 840 565 et
867 508 1020 574 luna,
1068 520 1187 576 qua!
1213 504 1390 560 omnia
1420 513 1475 558 tu
1503 503 1740 575 eﬂ'ugere

156 618 267 660 non
312 615 491 674 potes,
525 618 698 674 neque
725 605 777 658 in
812 600 1146 672 tejudicium
1188 600 1308 672 ejus
1335 599 1586 654 evadere.
1621 597 1739 652 Noli

155 696 324 768 igitur
367 705 421 751 tu
452 696 733 752 destruere
759 711 876 768 qua:
904 695 991 750 ille
1020 693 1358 750 construxit:
1403 692 1512 756 noli
1558 701 1614 746 tu
1647 707 1740 747 eu-

157 802 291 857 pere
316 787 584 858 dissipare
605 804 665 843 ea
695 803 813 860 qua:
839 788 952 852 ille,
979 788 1067 858 qui
1095 803 1156 842 ea
1185 785 1344 852 fecit,
1383 800 1578 841 ornare
1601 783 1742 840 desi-

156 881 357 937 derat:
409 883 523 938 noli
565 882 844 939 immolare
873 883 1189 954 sanguinem
1221 882 1522 949 civitatum,
1568 896 1739 952 neque

152 977 391 1032 transire
417 991 580 1047 supra
606 977 844 1048 gentium
869 984 1202 1032 mortuarum
1225 975 1510 1031 cadavera.
1557 973 1739 1046 Longe

147 1069 298 1124 enim
331 1070 540 1126 rectius
569 1068 762 1126 feceris
788 1069 833 1124 si
865 1080 1007 1124 tuam
1035 1069 1308 1124 curaveris
1339 1069 1500 1123 vitam
1520 1111 1534 1134 ,
1579 1083 1735 1137 quam

144 1162 190 1216 si
221 1161 462 1218 alienam
490 1161 888 1220 desideraveris
917 1170 1182 1218 mortem:
1234 1173 1289 1218 et
1318 1163 1383 1225 si,
1415 1162 1738 1231 contemptis

144 1255 216 1311 iis
237 1272 364 1327 qua:
395 1258 739 1328 prosequeris
761 1257 997 1328 damnis,
1031 1272 1159 1314 vera
1178 1257 1410 1330 elegeris
1435 1257 1605 1314 lucra.
1630 1255 1738 1314 Cur

143 1363 276 1405 cum
305 1365 468 1406 unam
498 1352 843 1420 persequeris
866 1352 1098 1408 animam
1127 1394 1142 1414 ,
1188 1360 1265 1406 tot
1311 1351 1472 1407 simul
1521 1352 1600 1406 vis
1639 1367 1736 1406 ex-

143 1441 432 1512 stinguere
475 1444 764 1499 nationes?
807 1443 945 1513 Quid
1000 1445 1288 1502 delectaris
1333 1445 1500 1501 totius
1549 1444 1734 1500 saeculi

144 1535 351 1592 malis?
378 1534 528 1608 quid,
561 1535 682 1591 aliis
712 1535 983 1600 ﬂentibus,
1028 1536 1208 1592 rides?
1249 1536 1361 1592 Hoc
1387 1537 1507 1606 ipso
1534 1544 1732 1604 tamen,

143 1627 292 1697 quod
323 1643 534 1684 memor
560 1629 687 1696 mei,
717 1630 806 1699 qui
837 1629 887 1684 in
917 1629 1301 1684 solitudinibus
1329 1629 1412 1684 bis
1438 1629 1580 1698 vivo,
1615 1643 1735 1683 esse

145 1721 409 1792 voluisti,
457 1723 810 1793 temetipsum
852 1723 1096 1779 lucratus
1133 1739 1210 1778 es.
1260 1722 1445 1793 Neque
1474 1739 1616 1778 nunc
1641 1729 1732 1780 aut

1845 513 2020 558 metus
2048 519 2208 574 quam
2239 506 2305 560 ab
2333 505 2577 560 hostibus
2602 502 2782 570 venit,
2821 510 3160 574 quOrumque
3188 498 3420 570 amplius

1842 597 2081 670 quotidie
2139 616 2299 668 quam
2347 601 2689 654 inimicorum
2737 615 2981 654 meorum
3031 596 3254 652 insidias
3304 610 3400 668 per

1844 691 2067 747 timesco
2097 711 2110 746 :
2136 702 2188 745 et
2218 709 2391 763 neque
2422 694 2538 748 sine
2568 694 2698 762 ipsis
2729 693 2924 763 degere
2953 707 3115 764 queo,
3151 704 3324 761 neque
3360 689 3426 743 il-

1843 784 1910 839 lis
1941 801 2024 839 me
2053 800 2268 856 possum
2313 786 2537 842 credere
2584 805 2597 841 :
2643 785 2762 840 vivo
2801 785 2963 854 igitur
3007 786 3060 838 in
3091 782 3420 848 afﬂictione;

1841 893 1974 950 quos
2020 879 2162 933 enim
2204 894 2414 946 vereor,
2457 896 2640 936 eorum
2685 879 3081 950 constipatione
3127 876 3423 932 custodior.

1845 971 2038 1027 Diebus
2067 971 2281 1042 quidem
2315 972 2441 1027 totis
2485 974 2658 1028 varias
2694 982 2882 1044 gentes
2928 986 3226 1044 prosequor
3257 985 3318 1026 ac
3342 970 3422 1024 fa-

1842 1065 1968 1135 tigo,
2006 1065 2255 1120 noctibus
2283 1079 2411 1120 vero
2441 1081 2526 1121 me
2569 1081 2792 1122 somnus
2819 1066 3000 1121 turbat
3029 1080 3091 1121 ac
3129 1074 3309 1134 vexat,
3356 1079 3425 1120 ne

1839 1157 1958 1227 quis
1989 1157 2042 1211 in
2071 1172 2156 1212 me
2198 1157 2504 1228 inopinatus
2549 1157 2718 1213 hostis
2750 1158 3013 1230 impetum
3056 1157 3253 1212 faciat:
3286 1165 3341 1212 et
3376 1157 3422 1211 si

1839 1251 2090 1307 occidero
2120 1267 2254 1322 quos
2299 1251 2564 1318 formido,
2610 1251 2780 1306 tristis
2825 1251 3072 1315 efﬁcior;
3116 1253 3162 1306 si
3209 1266 3424 1307 rursum

1839 1342 1976 1399 lenis
1999 1359 2060 1399 ac
2084 1344 2230 1399 mitis
2259 1344 2480 1399 voluero
2507 1359 2650 1408 esse,
2685 1353 3026 1398 contemnor.
3072 1344 3136 1398 Et
3162 1344 3424 1415 quemad-

1841 1436 2056 1491 modum
2089 1453 2116 1490 a
2152 1438 2312 1492 tantis
2343 1453 2520 1492 rerum
2553 1435 2806 1508 periculis
2839 1452 2924 1492 me
2954 1437 3177 1506 eripiam
3215 1437 3422 1509 ignoro.

1837 1530 1970 1585 Nam
1996 1542 2049 1587 et
2077 1532 2118 1585 si
2152 1533 2371 1587 voluero
2401 1533 2453 1587 in
2484 1533 2569 1587 his
2593 1531 2846 1600 desertis,
2896 1532 2947 1585 in
2981 1532 3177 1600 quibus
3204 1547 3300 1587 vos
3329 1531 3424 1587 de-

1837 1625 1960 1695 gitis
1986 1667 2000 1688 ,
2033 1626 2212 1680 vivere
2237 1672 2249 1693 ,
2300 1625 2351 1680 id
2404 1625 2534 1680 mihi
2581 1626 2795 1696 penitus
2837 1640 2945 1679 non
2973 1625 3159 1680 licebit
3187 1625 3256 1680 ob
3283 1625 3426 1696 quod

1836 1719 1975 1788 apud
2007 1719 2170 1774 Deum
2199 1735 2339 1774 nunc
2358 1735 2616 1776 excusare
2643 1736 2729 1776 me
2755 1735 2998 1791 possum,
3044 1720 3167 1791 quia
3194 1720 3312 1789 ipse
3336 1735 3425 1777 me

147 1813 449 1870 certamina
477 1814 834 1884 pertimescis,
865 1825 958 1869 aut
985 1815 1183 1871 lmdere
1204 1830 1527 1886 quemquam
1552 1814 1727 1886 cupis,
1762 1811 1810 1872 B
1838 1813 1888 1866 in
1922 1812 2228 1882 huiusmodi
2259 1813 2382 1868 vitae
2411 1822 2574 1881 statu,
2626 1825 2678 1870 et
2725 1815 2776 1868 in
2810 1814 2899 1868 tali
2927 1812 3116 1868 ordine
3143 1811 3422 1869 hominum

142 1915 238 1962 aut
280 1906 536 1963 virtutem
580 1915 726 1961 tuam
777 1907 830 1962 in
860 1907 1096 1962 aliorum
1130 1907 1289 1964 malis
1315 1950 1328 1971 ,
1376 1907 1519 1978 quod
1550 1907 1727 1963 fecisti

139 2014 389 2072 semper,
407 2015 652 2058 exerces.
703 1999 916 2070 Projice
959 2000 1121 2072 igitur
1159 2016 1189 2056 a
1232 2016 1463 2072 corpore
1493 2009 1586 2055 ttto
1613 2002 1726 2057 vel-

142 2096 260 2150 lera
297 2095 477 2149 ovium
508 2103 848 2150 mortuarum
869 2136 883 2160 ,
912 2109 1087 2166 neque
1117 2094 1383 2150 defunctis
1411 2094 1648 2150 volueris
1676 2103 1729 2152 te

141 2187 366 2258 operire
393 2188 753 2260 tegminibus;
798 2187 972 2258 magis
1004 2185 1147 2244 enim
1172 2187 1287 2257 ipse
1313 2201 1434 2242 cum
1474 2187 1638 2248 talem
1672 2196 1727 2248 te

141 2281 362 2343 feceris,
399 2280 713 2346 honorabis,
744 2281 868 2352 quia
900 2288 1234 2350 temperatur
1258 2280 1437 2334 anima
1463 2281 1514 2334 in
1539 2280 1728 2336 deser-

144 2374 216 2427 tis
242 2375 434 2430 vivens
463 2374 614 2428 locis.
659 2371 773 2428 Hoc
813 2372 975 2444 igitur
1004 2374 1126 2428 vita:
1161 2382 1363 2427 nostra:
1395 2373 1728 2450 propositum

147 2469 319 2538 magis
349 2469 510 2540 elige,
543 2468 697 2537 cujus
736 2466 1081 2526 beatitudine
1111 2466 1232 2533 plus
1259 2483 1419 2540 quam
1449 2467 1589 2538 apud
1615 2466 1728 2521 Ma-

146 2559 380 2614 cedones
430 2557 534 2614 frui
571 2559 795 2628 poteris.
844 2559 944 2626 Qui
991 2559 1210 2631 quidem
1260 2568 1312 2615 te
1363 2575 1453 2630 per
1483 2559 1731 2632 singulos

151 2653 626 2724 exspectantdies,
658 2663 718 2708 ut
741 2653 979 2723 reliquas
1024 2662 1199 2708 tecum
1227 2652 1727 2718 diruantcivitates,

147 2757 204 2802 et
228 2763 584 2819 quaecumque
614 2748 664 2802 in
708 2748 840 2817 ipsis
865 2748 1136 2804 valuerint
1165 2748 1407 2804 invenire
1439 2748 1725 2818 diripiant:

143 2855 390 2911 quosque
438 2840 490 2895 in
521 2842 775 2912 prasenti
819 2839 908 2897 die
935 2841 1138 2896 tristari
1166 2841 1403 2896 arbitror
1432 2857 1495 2896 ac
1521 2840 1723 2910 dolere,

141 2937 284 3008 quod
330 2937 632 2992 incolumes
675 2936 856 2993 adhuc
903 2935 1164 3008 quasdam
1203 2936 1420 2992 videant
1457 2937 1726 3004 nationes,

141 3030 486 3085 occasionem
519 3029 901 3088 nanciscentes
933 3028 1282 3100 cupiditatum
1313 3043 1376 3083 ac
1416 3029 1724 3100 rapinarum

141 3136 371 3178 suarum
409 3121 784 3178 auctoritatem
813 3123 1046 3178 nominis
1078 3120 1176 3178 tui.
1211 3121 1383 3191 Quam
1415 3137 1544 3192 ergo
1574 3136 1729 3175 secu-

140 3230 259 3271 ram
297 3216 353 3270 in
385 3213 500 3270 Deo
545 3216 708 3270 vitam
739 3217 940 3286 poteris
971 3215 1254 3282 obtinere,
1302 3227 1354 3270 et
1393 3224 1451 3270 ut
1481 3214 1575 3269 tibi
1609 3215 1725 3285 ipse
1749 3199 1794 3264 C

132 3311 252 3382 jam
291 3311 444 3365 vivas
469 3352 484 3376 ,
517 3310 607 3384 qui
651 3325 792 3364 nunc
833 3309 1008 3365 adhuc
1059 3309 1227 3364 multa
1275 3309 1480 3379 cogitas
1508 3323 1718 3379 rapere,

138 3405 345 3460 multos
384 3403 656 3460 trucidare
701 3403 1019 3459 desideras:
1070 3419 1135 3458 ex
1179 3401 1374 3473 quibus
1408 3403 1517 3472 jam
1544 3402 1721 3473 aliqua

137 3496 345 3564 fecisti,
393 3497 502 3552 alia
530 3497 582 3552 in
612 3498 864 3568 praesenti
898 3496 1050 3564 facis,
1093 3497 1200 3552 alia
1231 3497 1493 3550 facturum
1525 3505 1577 3550 te
1604 3511 1724 3551 esse

139 3590 464 3659 promittis?
509 3588 622 3661 Ego
662 3605 791 3646 vero
817 3604 938 3645 cum
967 3605 1032 3644 ex
1065 3588 1168 3645 hoc
1195 3589 1394 3645 mundo
1421 3603 1719 3655 recessero,

138 3684 199 3738 in
229 3697 356 3752 aere
399 3682 634 3754 positum
686 3693 735 3738 te
769 3683 992 3738 videbo:
1040 3691 1093 3736 et
1123 3692 1246 3735 tunc
1277 3680 1490 3753 quidem
1519 3697 1721 3737 sermo-

139 3791 268 3830 nem
322 3773 642 3844 prtedicabis
671 3790 885 3838 meum,
933 3775 1058 3844 quia
1087 3783 1138 3830 te
1164 3773 1452 3830 multitudo
1482 3775 1718 3848 equitum

139 3867 227 3922 vel
277 3866 522 3937 peditum
573 3867 720 3922 nulla
764 3867 1150 3934 comitabitur,
1219 3875 1273 3922 et
1313 3882 1432 3924 cum
1487 3866 1721 3926 maximo

137 3963 341 4018 mentis
374 3971 478 4018 tum
502 3961 691 4018 dolore
721 3959 950 4018 deﬂebis
969 4004 984 4028 ,
1017 3961 1120 4016 hoc
1148 3960 1335 4016 dicens
1360 3979 1373 4013 :
1402 3959 1530 4015 Siue
1559 3976 1719 4016 causa

137 4057 355 4128 perdidi
411 4058 575 4114 totius
615 4056 873 4113 retroacti
926 4055 1192 4126 temporis
1219 4056 1384 4110 vitam
1413 4102 1426 4124 ,
1473 4071 1632 4127 quam
1667 4057 1718 4111 in

138 4150 445 4208 honoribus
491 4149 649 4218 istius
693 4150 918 4220 mundi,
964 4149 1229 4221 bellisque
1256 4149 1589 4222 consumpsi.
1639 4150 1718 4206 Ex

135 4244 336 4314 quibus
362 4244 630 4316 intelliges
661 4244 794 4300 nihil
845 4243 937 4300 tibi
975 4243 1116 4302 aliud
1163 4253 1214 4298 te
1242 4243 1523 4316 reliquisse
1548 4289 1563 4315 ,
1619 4244 1717 4298 nisi

131 4340 455 4394 memoriam
482 4339 652 4394 solam
682 4339 970 4394 malorum.
1004 4339 1137 4395 Novi
1170 4339 1314 4404 enim
1349 4355 1450 4411 ego
1481 4357 1602 4411 qua:
1631 4338 1719 4394 Di-

134 4432 336 4488 viuitas
387 4432 526 4488 intra
568 4449 628 4490 se
671 4433 900 4502 habeat,
945 4448 1068 4490 cum
1100 4444 1277 4490 tamen
1307 4437 1420 4505 ipse
1449 4436 1548 4490 sim
1580 4434 1716 4506 apud

134 4525 390 4582 homines
417 4525 762 4593 constitutus,
790 4525 1030 4598 mihique
1061 4535 1188 4584 tunc
1218 4527 1318 4582 ista
1349 4528 1497 4584 dices
1526 4546 1537 4581 :
1573 4528 1716 4586 Bona

137 4617 387 4687 consilia,
409 4617 724 4684 Dandamis,
751 4618 884 4673 mihi
916 4618 1206 4691 aliquando
1235 4620 1538 4692 praebebas.
1564 4621 1716 4678 Tunc

138 4715 286 4768 enim
336 4721 461 4768 ante
504 4720 849 4783 conspectum
900 4723 1046 4769 tuum
1104 4715 1324 4772 veuient
1355 4731 1544 4772 omnes
1583 4733 1718 4790 quas

135 4805 258 4862 sine
280 4819 442 4862 causa
463 4807 857 4876 expugnaveris
878 4807 1105 4872 animas,
1135 4807 1273 4877 apud
1295 4823 1429 4879 quas
1444 4807 1717 4881 quomodo

136 4913 404 4956 excusare
431 4908 484 4955 te
516 4900 717 4970 poteris
740 4900 763 4955 ?

213 4992 468 5048 Libenter
510 4991 626 5050 haec
671 5003 728 5049 et
775 4995 895 5051 sine
935 4994 1043 5050 ulla
1085 4994 1360 5056 iracundia
1407 4995 1716 5052 Alexander

131 5085 570 5142 audiebatzerat
609 5087 753 5142 enim
783 5086 836 5142 in
868 5087 1128 5142 Dandami
1171 5088 1394 5157 Spiritus
1431 5089 1564 5161 Dei:
1599 5089 1713 5156 sed,

139 5181 436 5251 instigante
466 5179 713 5236 daemone
744 5181 908 5248 malo,
937 5180 1078 5237 inter
1107 5181 1219 5252 ipsa
1247 5182 1509 5254 principia
1542 5193 1717 5238 muta-

134 5277 296 5331 batur
327 5275 655 5332 Alexander.
711 5275 862 5332 Uude
887 5276 969 5332 his
999 5276 1379 5348 alloquebatur
1403 5278 1716 5334 Dandamim

135 5369 358 5424 verbis:
404 5369 528 5425 Scio
553 5385 676 5426 vera
710 5378 762 5424 te
791 5370 996 5434 dicere,
1044 5368 1110 5424 de
1142 5369 1321 5426 divino
1352 5372 1492 5426 enim
1519 5385 1718 5443 genere

135 5461 498 5530 descendens,
530 5463 583 5516 in
613 5461 696 5518 bis
720 5462 1051 5518 constitutus
1075 5476 1135 5516 es
1161 5462 1315 5528 locis,
1344 5463 1430 5518 ubi
1455 5479 1596 5519 nunc
1624 5464 1717 5520 tibi

137 5555 256 5608 sine
281 5552 384 5626 ulla
411 5554 680 5624 molestia,
709 5553 803 5614 sed
825 5569 945 5622 cum
970 5555 1201 5610 maxima
1235 5556 1507 5623 voluptate
1537 5557 1718 5615 vivere

140 5647 308 5706 licet.
355 5656 410 5702 et
450 5647 537 5702 ubi
581 5649 917 5716 naturalibus
967 5650 1169 5706 divitiis
1217 5650 1412 5706 frueris
1458 5653 1718 5722 ctquiete

141 5753 354 5793 secura.
413 5737 524 5808 Ego
575 5755 707 5796 vero
751 5743 895 5800 inter
935 5743 1200 5800 tumultus
1232 5745 1408 5799 varios
1436 5760 1497 5799 ac
1535 5745 1722 5802 formi-

143 5831 297 5888 dines
347 5831 507 5900 vivo,
551 5833 914 5906 plurimosque
965 5855 1028 5894 ex
1084 5839 1216 5916 ipsis
1265 5840 1355 5912 qui
1399 5855 1484 5895 me
1537 5853 1720 5896 custo-

1832 1906 2134 1961 collocavit.
2163 1906 2244 1961 Tu
2274 1921 2404 1961 vero
2434 1922 2531 1978 pro
2561 1907 2678 1962 istis
2707 1922 2845 1978 quas
2872 1921 2974 1978 ego
3002 1905 3115 1960 fudi
3158 1904 3418 1976 querelis,

1831 2000 1954 2068 quia
1984 2015 2070 2054 me
2100 2015 2194 2068 per
2244 2000 2426 2055 omnia
2474 2000 2757 2064 recreasti,
2806 2015 2869 2055 ac
2917 2013 3112 2055 sensus
3155 1999 3428 2069 paulisper

1830 2107 2036 2148 meosa
2064 2091 2550 2148 conﬂictationibus
2579 2101 2635 2148 et
2682 2091 2880 2163 praeliis
2930 2091 3176 2147 liberasti
3224 2109 3236 2144 :
3281 2089 3423 2146 dona

1832 2203 1949 2242 mea
1982 2186 2218 2256 suscipe,
2267 2203 2441 2256 neque
2468 2203 2529 2243 ea
2558 2203 2676 2258 qua:
2705 2187 2800 2242 tibi
2824 2187 2993 2242 oﬂ‘ero
3013 2230 3028 2253 ,
3059 2189 3113 2243 in
3141 2195 3420 2243 contume-

1832 2283 1957 2337 liam
2003 2283 2108 2336 mei
2153 2281 2388 2338 volueris
2429 2297 2701 2338 recusare.
2736 2281 2861 2336 Mihi
2895 2284 3061 2350 enim,
3093 2283 3309 2354 quando
3332 2297 3420 2337 sa-

1834 2375 2085 2442 pientiam
2118 2373 2383 2428 honorare
2429 2371 2624 2438 fecisti,
2680 2389 2782 2429 non
2826 2373 3099 2427 modicum
3145 2374 3417 2444 profuisti.

1832 2465 2033 2537 llisque
2080 2465 2265 2532 finitis,
2319 2465 2493 2519 innuit
2542 2465 2712 2520 servis
2753 2463 3061 2520 Alexander
3090 2476 3150 2520 ut
3197 2481 3418 2520 munera

1830 2576 1948 2631 quae
1976 2560 2359 2628 spoponderat,
2392 2560 2728 2616 exhiberem.
2772 2561 2873 2628 Qui
2903 2578 3030 2617 mox
3068 2565 3185 2617 auri
3231 2579 3421 2634 argen-

1833 2653 1979 2723 tique
2006 2658 2236 2724 optimas
2264 2649 2495 2726 species,
2538 2656 2890 2728 diversasque
2917 2667 3100 2713 vestes
3145 2673 3266 2713 cum
3296 2658 3420 2714 oleo

1831 2765 1894 2804 ac
1932 2751 2158 2820 panibus
2188 2750 2521 2807 obtulerunt.
2555 2751 2759 2820 Quibus
2782 2753 2912 2807 visis
2945 2752 3238 2808 Dandamis
3277 2755 3417 2826 risit,

1831 2846 1932 2900 hoc
1963 2847 2149 2900 dicens
2194 2865 2207 2901 :
2257 2845 2392 2900 Num
2424 2846 2552 2916 quid
2580 2847 2807 2903 suadere
2843 2847 3040 2903 avibus
3078 2848 3200 2904 istis
3240 2856 3418 2918 potes,

1829 2937 1920 3007 qui
1949 2938 1999 2991 in
2028 2937 2157 2992 locis
2188 2937 2524 2994 silvestribus
2550 2941 2760 3005 vivunt,
2792 2948 2852 2993 ιιι
2888 2955 3076 2994 aurum
3106 2949 3419 3011 argentum-

1828 3046 1931 3101 que
1962 3031 2276 3101 suscipiant,
2305 3041 2359 3088 et.
2379 3033 2574 3088 melius
2596 3047 2754 3103 quam
2787 3041 3140 3100 consuerunt,
3173 3031 3412 3088 canant?

1829 3121 1984 3192 Quod
2015 3141 2137 3180 cum
2174 3125 2288 3182 fieri
2327 3128 2548 3182 omnino
2578 3142 2684 3181 non
2715 3127 2907 3198 possit,
2939 3141 3025 3180 me
3052 3125 3157 3181 illis
3183 3126 3267 3180 vis
3294 3140 3416 3182 esse

1828 3218 2110 3288 peiorem?
2142 3219 2248 3275 Cur
2275 3219 2405 3274 illud
2438 3220 2723 3290 accipiam,
2754 3209 2899 3290 quod
2930 3234 3102 3290 neque
3131 3217 3215 3274 edi
3245 3233 3274 3272 a
3305 3233 3410 3287 me,

1828 3327 2002 3382 neque
2035 3312 2206 3380 potari
2238 3313 2452 3382 potest?
2479 3311 2587 3367 Cur
2613 3312 2868 3384 accipiam
2903 3311 3047 3383 quod
3077 3310 3208 3365 mihi
3243 3310 3417 3365 nulla-

1828 3413 1984 3459 tenus
2037 3404 2252 3474 prosit?
2283 3403 2389 3460 Aut
2438 3421 2594 3476 quam
2628 3406 2696 3459 ob
2727 3421 2837 3460 rem
2865 3389 2932 3460 'id
2961 3404 3280 3470 custodiam,
3311 3417 3420 3475 quo

1829 3497 1903 3550 uti
1928 3513 2209 3567 nequeam,
2243 3497 2347 3551 nisi
2379 3498 2516 3552 forte
2542 3507 2601 3553 ut
2624 3499 2859 3552 animam
2900 3513 3074 3553 meam
3105 3513 3203 3568 per
3231 3498 3413 3552 omnia

1826 3589 2050 3646 liberam
2076 3589 2382 3660 huiusmodi
2414 3591 2638 3647 nexibus
2667 3591 2825 3662 ligem
2847 3591 2870 3644 ?
2889 3591 2995 3645 Cur
3023 3591 3411 3662 ingenuitatem

1827 3685 1995 3756 ipsius
2043 3683 2240 3739 frustra
2267 3685 2398 3755 jugo
2431 3684 2754 3753 turpissima:
2796 3685 3072 3740 servitutis
3114 3683 3413 3741 addicam?

1824 3779 1977 3848 ρυυά
2015 3795 2115 3850 ego
2156 3793 2444 3848 numquam
2493 3793 2710 3848 prorsus
2757 3777 3006 3834 efficiam.
3067 3778 3172 3833 Sed
3233 3795 3410 3849 neque

1824 3889 2003 3928 emere
2031 3872 2320 3945 quidQuant
2349 3871 2494 3938 volo,
2526 3872 2615 3942 qui
2640 3871 2693 3926 in
2724 3869 3105 3925 solitudinibus
3147 3871 3237 3926 ubi
3268 3869 3406 3926 nihil

1823 3966 2089 4034 venditur,
2131 3967 2272 4021 vivo.
2306 3965 2525 4021 Munera
2557 3965 2683 4018 mihi
2713 3963 2870 4032 Deus,
2916 3961 3017 4019 hoc
3047 3971 3153 4032 est,
3197 3963 3406 4020 fructus

1824 4061 2046 4114 istorqu
2079 4060 2354 4122 locorum,
2389 4057 2612 4126 przebet.
2659 4055 2804 4112 Nihil
2837 4053 2978 4110 enim
3021 4072 3154 4111 auro
3203 4055 3408 4112 homini

1825 4150 2010 4206 vendit
2041 4151 2206 4219 Deus,
2261 4149 2356 4205 sed
2398 4149 2712 4220 sapientiam
2764 4147 2958 4203 bonam
3001 4148 3050 4204 ei
3080 4149 3167 4218 qui
3200 4151 3414 4204 noverit

1822 4261 1939 4301 eam
1976 4246 2240 4317 accipere,
2277 4244 2524 4314 largitur.
2563 4242 2719 4298 Veste
2757 4243 2966 4298 velatus
3007 4256 3127 4297 sum
3153 4257 3273 4298 cum
3305 4256 3407 4312 qua

1822 4353 1906 4393 me
1939 4337 2124 4393 matris
2155 4353 2289 4394 mea:
2317 4337 2486 4393 edidit
2519 4346 2722 4408 partus.
2778 4337 2919 4393 Aere
2949 4338 3050 4392 hoc
3077 4344 3137 4390 ut
3165 4334 3283 4391 cibo
3315 4349 3408 4391 ve-

1822 4450 1966 4503 scor,
2011 4433 2239 4490 libenter
2276 4433 2432 4489 video
2481 4448 2567 4488 me
2601 4432 2780 4499 talem,
2835 4431 2962 4487 dum
3002 4429 3164 4486 nullis
3211 4445 3407 4500 corpus

1823 4546 2003 4586 meum
2036 4529 2258 4588 nexibus
2287 4543 2455 4600 gravo
2483 4545 2498 4583 :
2531 4525 2788 4596 omnique
2815 4526 2944 4580 mihi
2995 4525 3154 4582 melle
3201 4525 3410 4581 dulcior

1821 4635 1924 4690 est,
1972 4624 2060 4678 tibi
2109 4623 2370 4678 naturalis
2424 4621 2634 4676 venerit
2685 4621 2824 4688 sitis,
2859 4635 3011 4690 aqua:
3041 4629 3199 4694 potus
3230 4617 3402 4680 exilu-

1824 4720 1932 4773 vio.
1985 4718 2038 4773 Si
2070 4725 2246 4772 autem
2292 4725 2346 4771 et
2374 4731 2541 4789 panes
2585 4715 2718 4769 istos
2764 4705 2905 4769 dices
2937 4711 3139 4768 habere
3176 4712 3407 4781 aliquam

1821 4810 2152 4878 voluptatem
2177 4850 2192 4878 ,
2226 4823 2321 4862 cur
2351 4823 2445 4863 eos
2495 4807 2778 4862 incendisti
2815 4805 3086 4860 flammis?
3131 4802 3412 4871 Reliquias

1820 4919 1920 4976 ego
1966 4904 2102 4976 ignis
2132 4917 2308 4958 escam
2342 4902 2518 4958 facere
2545 4917 2717 4958 meam
2752 4902 2916 4966 nolo;
2956 4914 3131 4970 neque
3177 4899 3228 4951 in
3260 4897 3410 4952 cibos

1821 5006 2135 5052 convertere
2165 5011 2315 5051 meos
2341 4997 2502 5068 cupio
2541 4995 2684 5066 quod
2727 4996 2792 5051 de
2823 4995 3002 5050 alieno
3044 5006 3139 5047 ore
3178 4989 3412 5045 sustule-

1821 5094 1944 5147 rim.
1999 5092 2106 5148 Hos
2137 5107 2266 5165 ergo
2295 5108 2460 5164 panes
2487 5092 2601 5163 ipse
2645 5091 2732 5163 qui
2784 5091 2930 5144 coxit
2980 5087 3118 5160 ignis
3143 5085 3410 5140 absumat.

1823 5187 1930 5243 Sed
1975 5203 2042 5243 ne
2070 5188 2300 5260 aliquam
2334 5188 2453 5256 tibi,
2477 5187 2565 5258 qui
2598 5183 2912 5257 sapientiam
2964 5182 3222 5248 honoras,
3273 5178 3415 5248 inju-

1824 5282 1956 5336 riam
2003 5298 2032 5336 a
2081 5297 2165 5337 me
2206 5283 2441 5338 :estimes
2488 5280 2750 5351 irrogari,
2808 5276 2982 5331 oleum
3034 5271 3413 5330 tantummodo

1824 5377 1967 5434 istud
2007 5377 2234 5447 accipio.
2281 5377 2411 5446 Quae
2461 5375 2548 5429 ubi
2598 5369 2887 5428 Dandamis
2936 5370 3107 5440 dixit,
3158 5366 3415 5434 continuo

1827 5469 2083 5538 surrexit,
2129 5485 2190 5523 ac
2231 5469 2419 5524 silvam
2468 5479 2794 5542 peragrans,
2842 5470 2896 5518 et
2943 5461 3206 5532 colligens
3251 5458 3412 5528 ligna,

1827 5562 2028 5626 molem
2055 5577 2122 5632 ex
2149 5563 2212 5618 iis
2245 5560 2536 5618 maximam
2568 5558 2711 5626 fecit,
2738 5571 2900 5628 quam
2919 5555 3041 5626 igne
3059 5551 3412 5614 succendens,

1827 5657 1911 5714 his
1944 5658 2155 5722 locutus
2189 5665 2272 5710 est
2315 5655 2492 5710 verbis
2523 5671 2536 5708 :
2572 5652 2967 5716 Brachmanus,
3001 5645 3204 5719 inquit,
3239 5643 3417 5698 omnia

1829 5753 2015 5819 habet,
2047 5749 2331 5806 etabunde
2359 5767 2421 5804 ex
2459 5747 2731 5810 omnibus,
2763 5755 2820 5800 ut
2843 5745 3019 5817 cupit,
3049 5739 3301 5814 pascitur.
3336 5735 3422 5789 ln-

1813 5845 2053 5916 fusoque
2084 5844 2204 5898 oleo
2236 5857 2382 5912 mox,
2414 5857 2653 5914 pyraque
2678 5837 3030 5894 vehementer
3060 5835 3302 5898 incensa,
3341 5835 3390 5882 ta
