4082 6322
583 319 720 374 ηιξ»

1612 325 1957 384 ΔΡΡΕΝὒΙΧ
1999 327 2086 385 Μ)
2123 330 2350 388 OPERA
2392 331 2449 387 S.
2477 332 2818 394 AMBROSII.

3708 342 3864 399 1144

579 434 682 491 lem
706 435 904 492 cecinit
929 440 1184 511 hymnum
1218 441 1364 498 Deo:
1395 441 1741 513 Immortalis,
1774 447 1967 517 inquit,
1993 448 2154 515 Deus,
2189 455 2233 511 Α
2262 466 2382 506 cum
2415 451 2533 507 aliis
2561 453 2827 509 dimicatis
2861 473 2874 507 :
2903 471 3130 527 quorum
3162 467 3345 526 postea
3376 472 3442 514 eo
3471 455 3624 530 quod
3665 459 3862 514 fundi-

577 529 669 583 tibi
699 546 800 602 ego
846 532 899 586 in
931 533 1180 589 omnibus
1208 535 1404 604 gratias
1430 551 1550 606 ago.
1580 536 1710 604 Quae
1742 539 1830 594 ubi
1858 540 2157 596 Alexander

570 624 726 692 vidit,
757 626 1042 692 abscessit,
1091 639 1282 684 cuncta
1330 645 1535 697 secum,
1586 641 1782 701 prtcter
1812 633 2011 700 oleum,
2037 650 2156 705 qua:

571 720 909 787 exhibuerat,
938 731 1246 792 reportans,
1277 740 1620 794 summopere
1650 738 1892 797 stupens.
1937 728 2154 783 Danda-

571 813 676 867 mis
704 829 832 867 vero
866 815 964 868 hoc
994 817 1152 871 etiam
1184 819 1525 876 sermonibus
1543 822 1658 876 suis
1674 822 1894 892 addidit,
1926 824 2150 881 dicens:

569 905 726 963 Tales
768 909 1006 965 universi
1050 927 1148 966 nos
1179 928 1380 969 sumus.
1430 914 1664 971 Calanus
1712 933 1842 973 vero
1889 920 2154 990 pessimus

566 1002 650 1056 vir
674 1001 946 1071 judicatus
977 1016 1060 1060 est
1090 1022 1118 1059 a
1147 1009 1323 1074 nobis,
1356 1025 1420 1064 eo
1445 1012 1587 1080 quod
1617 1022 1809 1068 vestra:
1831 1029 1890 1068 se
1915 1013 2155 1070 exhibuit

567 1092 888 1161 praesemiae,
923 1104 977 1150 et
1015 1107 1259 1154 nostram
1298 1117 1404 1154 non
1445 1103 1684 1157 imitatus
1722 1113 1806 1160 est
1854 1106 2053 1164 vitam:
2099 1116 2153 1161 et

567 1183 690 1252 quia
723 1199 844 1239 cum
871 1197 1082 1242 amator
1113 1190 1204 1245 Dei
1246 1207 1366 1247 esse
1394 1208 1500 1248 non
1532 1206 1732 1264 posset,
1756 1197 1890 1268 fugit
1913 1215 1940 1252 a
1972 1200 2147 1266 nobis,

562 1283 616 1329 et
648 1277 901 1348 migravit
935 1281 1001 1335 ad
1048 1282 1286 1349 Graecos,
1317 1290 1746 1358 contemptisque
1785 1294 2024 1349 moribus
2055 1310 2151 1349 no-

560 1369 710 1436 stris,
741 1385 801 1425 se
845 1373 1016 1443 ipsum
1061 1375 1332 1432 damnavit
1358 1379 1756 1438 immortalibus
1781 1383 2034 1441 flammis.
2068 1387 2148 1442 Tu

560 1479 690 1520 vero
719 1467 1067 1526 Macedonum
1097 1473 1249 1528 malae
1273 1478 1447 1546 gentis
1469 1479 1747 1536 dominum
1777 1498 1896 1538 esse
1921 1495 1969 1538 te
1991 1486 2144 1551 dicis,

559 1558 926 1617 Brachmanas
954 1566 1248 1634 vituperas,
1279 1577 1336 1623 et
1365 1571 1592 1627 interfici
1618 1589 1808 1630 omnes
1827 1577 2005 1646 jubes,
2030 1595 2146 1635 cre-

557 1649 690 1706 dens
714 1668 904 1708 eorum
954 1659 1307 1716 mendacibus
1337 1664 1536 1732 verbis,
1567 1669 1711 1737 quod
1743 1670 1942 1725 bonum
1971 1674 2143 1728 virum

557 1744 739 1803 facere
768 1765 871 1805 nou
901 1764 1133 1822 oportet.
1167 1756 1275 1810 Nos
1302 1773 1436 1814 vero
1466 1761 1727 1820 rationem
1760 1766 1884 1821 vitae
1915 1771 2145 1840 proprie

2261 545 2329 599 tis
2350 561 2619 612 cruorem,
2642 547 2907 618 gaudetis,
2926 550 3196 621 talemque
3222 551 3525 608 mercedem
3553 553 3701 624 ipsis,
3723 569 3858 625 quae

2259 639 2502 708 perutilia
2543 641 2694 696 vobis
2722 643 2964 710 fuerint,
2997 644 3226 701 redditis
3266 647 3475 702 vicem:
3525 657 3577 702 et
3611 664 3854 718 quorum

2259 733 2454 789 vellera
2482 750 2580 791 vos
2608 738 2940 794 extrinsecus
2972 739 3152 795 velant
3179 742 3492 796 earumdem
3521 757 3617 796 vos
3649 757 3854 799 carnes

2259 825 2581 884 intrinsecus
2620 840 2868 896 onerant,
2900 843 2952 887 ct
2979 832 3212 904 incipitis
3239 849 3360 889 esse
3387 849 3671 905 corporum
3700 852 3854 890 mor-

2257 927 2468 974 tuorum
2520 923 2769 991 sepulcra
2827 924 3075 980 viventia.
3123 925 3306 981 Tantis
3345 942 3474 997 ergo
3513 937 3727 996 tamque
3761 929 3852 982 in—

2257 1015 2698 1070 convenientibus
2730 1016 2909 1081 rebus,
2945 1028 3158 1090 tamque
3199 1021 3486 1075 contrariis
3534 1036 3685 1075 mens
3713 1037 3846 1092 gra-

2255 1117 2392 1174 vata,
2422 1118 2598 1177 potest
2620 1111 2670 1164 in
2711 1125 2770 1166 se
2793 1113 3030 1181 recipere
3056 1114 3146 1168 Dei
3176 1114 3433 1169 sensum?
3464 1115 3680 1171 Dimitte
3709 1132 3842 1186 pau-

2254 1199 2421 1270 lisper
2448 1212 2865 1258 memoratorum
2897 1206 3205 1260 animalium
3237 1223 3446 1272 carnes,
3470 1224 3588 1278 qua:
3603 1210 3842 1278 occidis,

2252 1290 2330 1345 sic.
2372 1293 2570 1364 jacere,
2604 1303 2658 1349 et
2684 1295 2810 1364 quid
2856 1312 2919 1351 ex
2975 1298 3102 1368 ipsis
3133 1299 3223 1353 fiat
3269 1299 3526 1370 intellige.
3569 1300 3850 1371 Numquid

2255 1387 2458 1456 poteris
2509 1390 2733 1443 fetorem
2768 1390 3002 1460 ipsarum
3036 1391 3175 1446 ferre
3201 1408 3307 1446 non
3341 1391 3588 1464 fugiens?
3611 1392 3849 1461 Quantae

2252 1481 2463 1546 sordes,
2493 1490 2708 1550 quanta:
2729 1483 3065 1551 impuritates
3097 1485 3378 1540 animabus
3413 1496 3576 1557 atque
3602 1490 3848 1556 corpori-

2250 1577 2349 1630 bus
2370 1575 2676 1631 infcruntur
2715 1578 2982 1644 humanis,
3014 1595 3148 1648 quas
3169 1595 3288 1635 cum
3320 1583 3433 1654 ipse
3461 1584 3698 1638 tolerare
3731 1600 3841 1640 non

2251 1667 2446 1736 possis,
2472 1667 2818 1724 includuntur
2845 1669 2981 1725 intra
3013 1671 3158 1736 illos,
3183 1683 3346 1742 atque
3371 1673 3438 1727 ab
3466 1674 3572 1729 illis
3599 1675 3838 1731 inferuu-

2250 1768 2355 1823 tur,
2387 1775 2415 1812 a
2450 1761 2642 1831 quibus
2673 1762 2778 1818 cibi
2810 1764 2946 1818 tales
2973 1763 3366 1822 desiderantur.
3398 1767 3590 1822 Anima
3613 1771 3828 1825 iracun-

557 1839 672 1894 Deo
695 1845 942 1901 novimus
970 1848 1276 1906 reddituros
1303 1861 1448 1918 tunc,
1473 1869 1595 1910 cum
1626 1857 1692 1912 ad
1723 1874 1846 1913 eum
1880 1839 2129 1919 fuerimus

2245 1853 2385 1908 diam
2415 1856 2574 1924 parit,
2605 1857 2703 1910 ista
2744 1869 3028 1912 concreant
3059 1860 3317 1914 vomitum
3353 1877 3365 1913 :
3391 1871 3537 1916 terra
3567 1877 3686 1918 vero
3706 1863 3817 1918 fru-

555 1934 802 2004 profecti.
833 1937 1032 1996 Omnes
1064 1943 1206 1998 enim
1241 1945 1411 2014 ipsius
1436 1963 1622 2003 sumus
1645 1994 1658 2016 ,
1692 1951 1917 2022 gloriam
1951 1971 2142 2012 vanam

555 2032 1137 2105 contemnimus,'quod
1168 2039 1508 2097 stultifacere
1550 2059 1654 2100 non
1674 2059 1918 2114 possunt.
1945 2049 2143 2118 Quem-

553 2122 842 2179 admodum
891 2141 984 2183 vos
1023 2131 1253 2186 transire
1297 2134 1364 2188 ad
1411 2137 1858 2194 consuetudinem
1885 2141 2139 2209 {nostram

555 2217 768 2287 Valetis,
801 2221 891 2288 qui
917 2231 1023 2276 tam
1055 2225 1194 2278 male
1223 2226 1423 2292 vivitis,
1456 2239 1511 2285 et
1548 2233 1638 2299 qui
1670 2247 1882 2304 semper
1911 2236 1997 2291 illa
2023 2255 2141 2307 quae

550 2309 692 2367 bona
739 2323 885 2381 sunt,
928 2314 1072 2373 datis
1100 2318 1400 2377 oblivioni?
1456 2321 1565 2378 Nos
1608 2341 1738 2383 vero
1786 2328 2134 2403 Brachmani,

554 2419 825 2464 memores
853 2412 1308 2480 quemadmodum
1356 2423 1621 2488 procreati
1653 2423 1939 2495 aliquando
1969 2427 2139 2486 fueri-

552 2513 693 2565 mus,
734 2511 788 2555 et
817 2501 1064 2561 videntes
1094 2518 1315 2578 propter
1343 2527 1462 2582 qua:
1489 2515 1673 2573 vivere
1702 2517 1994 2578 debeamus
2019 2566 2034 2589 ,
2069 2525 2140 2579 ir-

549 2593 1033 2662 reprehensibilem
1086 2601 1302 2658 vivendi
1347 2621 1562 2664 cursum
1611 2622 1892 2682 tenemus,
1949 2634 2138 2674 unum-

548 2699 818 2758 quemque
846 2690 991 2746 enim
1023 2692 1162 2748 Deus
1189 2704 1340 2753 certo
1368 2703 1633 2772 propositi
1659 2705 1776 2774 ejus
1798 2749 1812 2772 ,
1847 2709 1933 2763 cui
1968 2709 2138 2780 depu—

551 2787 696 2834 tatus
743 2792 845 2846 est,
888 2782 996 2840 fine
1027 2785 1299 2844 formavit.
1330 2791 1601 2850 Laetamur
1628 2796 1680 2850 in
1716 2799 1949 2856 desertis
1979 2802 2132 2874 locis,

548 2883 604 2928 et
633 2875 684 2930 in
713 2877 906 2934 mediis
940 2880 1094 2937 silvis
1120 2883 1396 2955 sedentes,
1429 2898 1486 2944 et
1513 2889 1564 2944 in
1597 2891 1681 2946 his
1713 2904 1918 2950 tantum
1959 2899 2135 2954 sensi-

545 2968 648 3024 bus
681 2973 878 3028 nostris
911 2979 1156 3047 occupati
1203 2994 1408 3046 sumus,
1460 3000 1526 3040 ne
1564 3002 1814 3058 umquam
1855 3005 2133 3050 sermones

547 3063 826 3122 hominum
855 3069 1064 3126 animas
1087 3083 1300 3130 nostras
1321 3077 1388 3131 ab
1411 3079 1668 3136 institutis
1698 3083 1892 3141 talibus
1921 3089 2132 3146 valeant

546 3171 819 3227 separare.
850 3161 1046 3218 Beatus
1070 3176 1167 3222 ἐει
1198 3167 1288 3224 ille
1311 3169 1402 3239 qui
1443 3173 1641 3231 nullius
1671 3177 1908 3249 indiget,
1955 3193 2012 3238 et
2039 3185 2129 3252 qui

2247 1956 2366 2000 ctus
2391 1953 2444 2000 et
2473 1944 2653 2014 flores,
2683 1948 2770 2017 qui
2807 1947 2950 2003 foras
2978 1950 3189 2005 emissis
3237 1951 3389 2005 bonis
3425 1952 3675 2007 odoribus
3702 1955 3812 2023 pla-

2247 2049 2392 2094 cent.
2428 2038 2586 2094 Tales
2629 2041 2817 2110 epulas
2847 2040 3002 2095 nobis
3033 2041 3295 2111 plantavit
3322 2043 3466 2097 Deus
3488 2087 3502 2109 ,
3537 2061 3602 2100 ac
3628 2050 3819 2114 prasti-

2246 2132 2311 2186 tit
2342 2149 2354 2184 :
2386 2134 2647 2186 humanos
2669 2148 2858 2188 sensus
2883 2149 2977 2189 vos
3001 2137 3208 2204 penitus
3234 2138 3568 2207 perdidistis.
3597 2141 3828 2211 Corpora

2245 2236 2420 2282 vestra
2454 2226 2593 2283 feras
2622 2228 2760 2283 male
2785 2228 2932 2283 olent
2965 2247 2975 2282 :
3005 2232 3338 2300 receptacula
3369 2234 3512 2288 enim
3552 2234 3688 2288 estis
3735 2251 3828 2302 re-

2245 2325 2440 2379 cudum
2468 2336 2801 2381 tnortuarum
2845 2343 2860 2381 :
2894 2326 3142 2382 leonibus
3171 2327 3418 2399 lupisque
3464 2329 3687 2399 pejores
3717 2347 3837 2386 esse

2242 2419 2504 2490 ctepisus.
2556 2418 2690 2490 Lupi
2714 2420 2878 2484 enim,
2908 2421 2952 2474 si
2983 2421 3056 2475 uti
3091 2422 3319 2478 terrenis
3343 2423 3550 2492 pabulis
3583 2436 3830 2493 possent,

2243 2529 2534 2584 numquam
2559 2514 2796 2584 profecto
2823 2514 3076 2569 carnibus
3093 2516 3661 2585 vescerentur.Tauri,
3687 2521 3830 2589 equi,

2240 2607 2387 2662 cervi
2415 2607 2574 2677 justis
2605 2607 2895 2662 herbarum
2926 2609 3165 2680 pastibus
3191 2609 3396 2677 vivunt,
3427 2608 3566 2666 unde
3602 2623 3660 2665 et
3701 2612 3833 2666 vali-

2239 2699 2484 2755 dioribus
2525 2701 2804 2764 membris,
2834 2710 2887 2755 et
2918 2701 3096 2754 nervis
3128 2701 3443 2757 fortioribus
3480 2703 3828 2759 roborantur.

2237 2792 2347 2849 Cur
2375 2793 2492 2848 haec
2521 2794 2772 2848 animalia
2805 2799 2973 2866 magis
3005 2810 3110 2850 non
3139 2795 3300 2849 vultis
3328 2795 3571 2852 imitari?
3590 2796 3698 2852 Cur
3718 2814 3816 2852 non

2237 2887 2395 2942 editis
2426 2887 2716 2952 silvestria,
2745 2896 2800 2943 et
2829 2903 3020 2959 aquam
3053 2888 3284 2945 bibitis?
3323 2888 3433 2945 Sed
3483 2905 3636 2945 causa
3679 2893 3814 2962 ignis

2237 2981 2544 3052 hujusmodi
2591 2983 2779 3052 epulas
2821 2983 2973 3038 vobis
3025 2984 3340 3053 purpuratis
3386 2999 3522 3055 quas
3546 3000 3662 3040 cum
3707 3002 3814 3042 non

2235 3091 2356 3132 esse
2397 3076 2620 3130 cernitis
2652 3077 2851 3131 bestias
2879 3075 3152 3142 fortiores,
3185 3075 3306 3132 ideo
3349 3078 3545 3132 vestris
3587 3093 3693 3133 non
3723 3095 3818 3132 ur-

2231 3180 2429 3243 gentur
2457 3169 2666 3225 insidiis
2690 3187 2704 3236 ;
2733 3185 2828 3225 vos
2858 3171 3001 3225 enim
3029 3171 3274 3241 quaeritis
3315 3171 3462 3227 cives
3502 3172 3709 3242 plures,
3734 3189 3826 3229 ex-

545 3264 653 3305 non
683 3253 912 3308 alienam
943 3257 1167 3326 gloriam
1193 3262 1378 3330 cupit,
1416 3273 1472 3318 et
1497 3268 1585 3335 qui
1617 3268 1831 3337 placere
1867 3273 1977 3329 νυιι
2014 3291 2130 3332 om-
2155 3252 2200 3316 C
2233 3281 2428 3337 pensas
2459 3266 2717 3337 plurimas
2746 3264 2938 3331 facitis,
2971 3277 3026 3320 et
3053 3266 3106 3320 in
3138 3265 3321 3334 parvis
3340 3266 3501 3320 rebus
3528 3267 3826 3336 plurimum

546 3343 726 3410 nibus,
761 3361 986 3404 necesse
1012 3359 1096 3406 est
1120 3363 1179 3407 ut
1207 3354 1275 3408 sit
1304 3355 1544 3412 omnium
1576 3375 1786 3420 servus.
1833 3365 2000 3424 Nobis
2029 3387 2127 3426 ne-

545 3440 796 3495 cessaria:
824 3457 929 3497 non
953 3455 1080 3499 sunt
1107 3447 1376 3516 civitates,
1403 3449 1456 3506 in
1480 3453 1674 3523 quibus
1702 3456 1968 3517 latronum
1991 3465 2128 3520 mul-

543 3531 715 3587 titudo
743 3535 1016 3606 colligitur
1054 3556 1067 3590 :
1100 3555 1320 3610 magnas
1348 3559 1478 3600 vero
1501 3547 1694 3604 domos
1732 3553 1890 3608 nobis
1916 3567 2128 3614 exstru-

543 3627 622 3682 xit
651 3626 812 3698 Deus,
843 3645 906 3685 ac
932 3633 1202 3701 praastitit,
1228 3647 1440 3694 montes
1469 3642 1686 3712 pariter,
1733 3661 1793 3700 ac
1823 3648 1986 3707 silvas
2014 3670 2026 3705 :
2059 3669 2125 3710 ex

539 3721 733 3790 quibus
754 3724 1027 3794 simplices
1055 3730 1320 3786 sumimus
1352 3732 1576 3805 fructus,
1605 3749 1659 3792 et
1690 3755 1838 3809 purte
1868 3743 2006 3800 dona
2031 3764 2127 3801 na-

539 3821 672 3869 tura:
709 3830 874 3885 aquas
917 3818 1152 3877 bibimus
1184 3841 1197 3876 :
1229 3824 1565 3898 libenterque
1591 3835 1954 3905 nosmetipsos
2000 3841 2126 3896 refi-

537 3906 742 3963 cientes
770 3920 890 3979 post
919 3911 1181 3980 laborem,
1211 3915 1273 3970 iis
1305 3916 1450 3975 foliis
1477 3920 1808 3980 incubamus.
1842 3927 2124 3996 Quomodo

540 4003 765 4070 potestis
795 4004 1040 4076 ingenuis
1070 4008 1380 4068 hominibus
1427 4015 1694 4085 imperare
1723 4063 1738 4086 ,
1787 4037 1909 4078 cum
1939 4025 2121 4085 sciatis

537 4109 631 4151 vos
658 4097 711 4150 in
745 4108 1012 4166 potestate
1040 4102 1327 4159 multorum
1362 4108 1528 4162 esse?
1557 4108 1666 4166 Vos
1684 4114 1826 4168 enim
1849 4121 2043 4174 vestris
2065 4121 2121 4177 in

537 4190 786 4246 omnibus
816 4206 937 4260 qua:
963 4196 1375 4264 concupiscunt,
1407 4202 1622 4259 servitis
1652 4206 1955 4267 animabus.
1985 4211 2118 4268 Nam

533 4277 577 4330 si
609 4280 804 4334 multas
835 4281 1039 4337 habere
1064 4293 1242 4340 vestes
1286 4287 1628 4358 desideratis,
1671 4311 1778 4352 non
1820 4309 1882 4355 ut
1920 4317 2120 4371 paucos

530 4382 722 4439 greges
749 4372 930 4426 ovium
960 4375 1213 4444 pascatis,
1248 4394 1355 4434 non
1391 4391 1447 4434 ut
1474 4396 1672 4451 paucos
1705 4389 1794 4456 qui
1820 4392 1964 4458 ipsas
1995 4405 2116 4449 ton-
2149 4437 2165 4462 ,

529 4460 694 4517 deant
736 4477 888 4532 oves,
936 4474 991 4520 et
1030 4483 1059 4521 a
1084 4467 1278 4539 quibus
1321 4470 1454 4540 ipsa:
1482 4474 1621 4530 lana:
1649 4477 1980 4550 intexantur,
2021 4502 2116 4541 ne-

532 4569 687 4611 cesse
715 4555 924 4614 habetis
968 4561 1222 4618 artifices.
1272 4564 1411 4633 Quid
1442 4572 1721 4627 excusaris
1747 4577 1888 4644 quod
1932 4580 2111 4636 mollia

2233 3359 2488 3414 laboratis
2517 3365 2736 3429 propter
2764 3357 3010 3428 exiguam
3041 3358 3369 3426 voluptatem
3401 3376 3413 3409 :
3442 3357 3530 3413 ubi
3565 3359 3715 3412 nihil
3747 3369 3829 3414 est

2231 3453 2336 3507 nisi
2385 3469 2570 3507 eorum
2603 3461 2788 3523 aperta
2820 3451 3079 3522 perditio,
3125 3452 3176 3506 in
3224 3451 3414 3522 quibus
3453 3451 3624 3506 fuerit
3671 3452 3827 3508 labor

2230 3561 2418 3601 vanus.
2457 3547 2595 3616 Ergo
2622 3547 2752 3600 nihil
2782 3555 2864 3601 est
2893 3556 3068 3600 vestra
3093 3545 3366 3601 infelicius
3386 3546 3513 3600 vita.
3531 3544 3652 3601 Nos
3673 3563 3822 3602 num-

2229 3655 2387 3711 quam
2417 3640 2647 3694 bibimus
2677 3639 2864 3705 inviti,
2901 3639 2995 3694 sed
3029 3641 3396 3695 necessarium
3429 3639 3517 3694 siti
3547 3657 3616 3696 ex
3659 3641 3813 3697 fonti-

2229 3733 2328 3786 bus
2350 3739 2554 3786 naturtc
2583 3730 2869 3800 implemus
2897 3732 3133 3786 officium
3152 3748 3166 3795 ;
3185 3733 3276 3802 qui
3301 3733 3462 3787 etiam
3495 3749 3610 3788 non
3632 3733 3805 3789 biben-

2228 3825 2374 3879 tibus
2399 3823 2556 3878 nobis
2585 3821 2827 3878 defluunt
2847 3837 3060 3894 semper
3092 3842 3104 3877 :
3147 3839 3242 3878 vos
3271 3839 3400 3879 vero
3431 3837 3659 3896 propter
3683 3842 3807 3881 ven-

2226 3917 2323 3971 tris
2352 3916 2702 3987 voluptatem,
2734 3924 2789 3971 et
2815 3931 2922 3970 non
2951 3916 3252 3972 esurientes
3279 3920 3530 3988 quaeritis
3551 3921 3710 3992 juges
3740 3922 3814 3976 ci-

2227 4009 2343 4076 bos,
2375 4021 2429 4064 et
2455 4008 2770 4078 quibusdam
2803 4009 3007 4065 artibus
3037 4009 3189 4065 vobis
3212 4011 3408 4066 multas
3439 4022 3604 4082 atque
3629 4013 3810 4069 diver-

2224 4119 2309 4159 sas
2340 4103 2525 4175 epulas
2553 4103 2869 4174 praeparatis
2903 4119 2916 4155 :
2945 4103 3238 4158 excurritis
3271 4118 3434 4160 omne
3463 4106 3676 4163 retibus
3704 4123 3818 4162 ma-

2224 4215 2305 4268 re,
2341 4201 2391 4254 in
2419 4213 2544 4254 aere
2573 4197 2934 4267 volitantium,
2978 4198 3030 4252 in
3079 4200 3350 4255 montibus
3380 4200 3680 4258 bestiarum
3727 4222 3819 4256 vc.-

2225 4293 2441 4348 natione
2475 4290 2719 4361 gaudetis
2743 4337 2756 4358 ,
2791 4305 3091 4360 canumque
3130 4300 3433 4348 vestrorum
3467 4297 3814 4351 velocitatem

2221 4387 2500 4450 mirantes,
2545 4385 2779 4440 ferarum
2821 4384 3217 4454 reprehenditis
3263 4387 3598 4455 tarditatem,
3652 4403 3819 4462 atque

2221 4479 2572 4535 Itabitatrices
2621 4493 2714 4534 eas
2769 4479 3034 4535 malarum
3083 4479 3436 4536 solitudinum
3488 4485 3812 4539 nominatis.

2218 4571 2338 4628 istis
2368 4571 2529 4644 igitur
2552 4572 2714 4627 rebus
2744 4571 2992 4626 insistitis
3023 4573 3139 4627 btec
3165 4573 3458 4629 animantia
3511 4575 3813 4647 investiga-

530 4647 854 4704 vestimenta
883 4665 990 4706 non
1017 4653 1260 4710 habeas?
1287 4655 1532 4730 Equalis
1556 4662 1700 4718 enim
1738 4669 1970 4724 servitus
1993 4687 2114 4730 esse

2232 4683 2296 4733 te,
2330 4665 2442 4720 haec
2476 4666 2789 4736 investigata
2822 4664 3088 4721 festinatis
3115 4667 3396 4732 occidere,
3443 4680 3534 4723 aut
3565 4671 3806 4725 viventia

530 4739 786 4808 probatur
815 4742 866 4796 in
891 4743 1189 4802 minoribus
1214 4756 1268 4803 et
1291 4750 1590 4822 majoribus
1620 4755 1802 4813 rebus.
1846 4760 1977 4817 Nam
2024 4769 2112 4833 qui

525 4835 774 4906 exiguum
805 4836 1029 4892 miratur
1053 4855 1266 4908 aurum,
1302 4853 1357 4900 et
1385 4847 1610 4904 multum
1639 4850 1968 4912 desiderabit
2011 4876 2024 4912 :
2059 4870 2114 4915 et

527 4926 615 4996 qui
647 4941 826 4995 parvte
852 4929 1085 4985 civitatis
1114 4932 1278 4990 fuerit
1299 4939 1610 5008 imperator,
1642 4952 1697 4998 et
1725 4945 1911 5016 majori
1931 4951 2112 5020 cupiet

527 5020 814 5090 imperare.
832 5023 1103 5080 Praeterea
1133 5027 1297 5084 etiam
1327 5046 1395 5086 ex
1433 5033 1645 5090 modica
1674 5051 1948 5110 perpetuae
1979 5059 2110 5113 por—

523 5115 690 5177 tione,
717 5130 837 5186 quze
876 5117 930 5173 in
961 5121 1156 5176 vestris
1200 5123 1448 5193 splendet
1475 5129 1734 5199 vestibus,
1772 5136 2102 5204 superbitis:

515 5216 721 5262 etcum
753 5211 947 5267 vestris
969 5211 1182 5270 famulis
1212 5217 1409 5275 fuerint
1455 5220 1769 5279 indumenta
1809 5241 2099 5299 purpurea,

517 5316 614 5356 vos
647 5303 926 5371 pulchrius
951 5321 1074 5363 esse
1116 5309 1316 5382 aliquid
1346 5314 1752 5386 existimantes,
1784 5328 1963 5376 vestra
2008 5339 2103 5378 co-

516 5393 632 5451 lore
671 5395 845 5452 altero
889 5399 1174 5469 splendere
1217 5405 1440 5461 curatis.
1485 5407 1541 5462 Si
1579 5418 1760 5466 autem
1809 5413 1911 5469 hoc
1959 5417 2101 5488 apud

513 5501 610 5542 vos
639 5487 842 5546 bonum
872 5507 977 5548 non
1019 5493 1261 5561 videtur,
1294 5513 1556 5571 pauperes
1590 5500 1905 5572 judicamini
1925 5547 1941 5574 ,
1970 5507 2098 5564 dum

518 5595 682 5651 parva
747 5583 1039 5643 miramini.
1090 5589 1357 5648 Animalia
1406 5593 1640 5653 libenter
1682 5599 1928 5656 occiditis
1977 5617 2098 5671 quae

513 5685 653 5732 terra
696 5682 1026 5750 progenuit:
1059 5700 1178 5756 quae
1225 5697 1402 5744 tamen
1453 5691 1553 5761 ipsi
1599 5691 1888 5762 plurimum
1941 5695 2096 5751 vobis

511 5772 768 5840 prodesse
793 5779 1115 5847 cognoscitis
1139 5797 1154 5846 ;
1183 5782 1428 5852 quaedam
1457 5785 1600 5840 enim
1623 5802 1689 5842 ex
1713 5788 1843 5859 ipsis
1865 5789 2093 5848 tonden-

507 5878 619 5930 tur,
653 5869 753 5924 alia
784 5873 1090 5938 mulgentur
1118 5894 1130 5928 :
1165 5892 1286 5932 cum
1323 5880 1641 5946 quibusdam
1668 5899 1853 5948 acrum
1884 5886 2085 5949 colitis,

2216 4760 2395 4815 caveis
2421 4758 2602 4814 clausa
2629 4757 2854 4814 defertis
2881 4759 2947 4813 ad
2980 4759 3286 4829 spectacula
3325 4760 3608 4817 civitatum
3651 4781 3667 4816 :
3700 4781 3807 4819 non

2217 4863 2273 4908 ut
2303 4853 2482 4924 fruges
2509 4855 2722 4915 seratis,
2755 4869 2821 4908 ex
2847 4851 3039 4923 quibus
3063 4853 3287 4919 famem,
3322 4869 3498 4925 neque
3524 4864 3583 4909 ut
3605 4857 3804 4913 exinde

2213 4945 2580 5001 necessarium
2627 4944 2842 5015 aliquod
2871 4944 3112 4999 officium
3143 4945 3453 5000 hominibus
3481 4948 3800 5015 pra-beatis,

2209 5039 2303 5094 sed
2338 5047 2396 5093 ut
2425 5037 2730 5108 proximum
2755 5053 2816 5092 ac
2837 5037 3116 5108 sanguinis
3147 5038 3335 5108 vestri,
3369 5048 3423 5093 et
3450 5055 3588 5109 opus
3619 5043 3800 5113 (quod

2210 5143 2296 5190 est
2329 5128 2524 5202 majus)
2559 5133 2673 5196 Dei,
2695 5147 2818 5187 cum
2847 5147 3064 5187 summo
3095 5132 3361 5190 dedecore
3389 5137 3692 5204 trucidetis,
3713 5139 3796 5194 vel

2207 5235 2267 5282 ut
2295 5226 2556 5282 violenter
2584 5226 2811 5282 vinculis
2841 5226 3104 5298 illigatum
3145 5226 3380 5283 ferarum
3411 5231 3685 5288 morsibus
3717 5234 3798 5288 in-

2205 5318 2422 5391 geratis.
2474 5317 2540 5373 Et
2570 5318 2671 5374 hoc
2705 5320 2877 5391 ipsum
2911 5319 3146 5376 libenter
3187 5321 3426 5390 aspicitis
3451 5362 3466 5387 ,
3498 5325 3640 5394 quod
3673 5341 3792 5381 cum

2205 5413 2512 5469 hominibtts
2536 5413 2664 5469 ferae
2695 5422 2956 5484 pugnent,
2992 5424 3046 5468 et
3074 5414 3213 5485 quod
3244 5414 3348 5469 illa:
3397 5425 3604 5486 partem
3639 5429 3794 5475 natu-

2204 5524 2309 5575 rae,
2337 5519 2532 5563 vestrae
2560 5523 2624 5562 ac
2665 5506 3032 5564 similitudinis
3071 5509 3338 5564 devorent
3370 5527 3382 5562 :
3427 5521 3616 5580 postea
3665 5529 3789 5570 vero

2200 5602 2324 5658 illas
2356 5615 2572 5672 prorsus
2593 5601 2733 5658 feras
2763 5600 3031 5669 occiditis,
3061 5611 3122 5658 ut
3150 5601 3402 5659 crudeles
3429 5605 3652 5663 easdem
3678 5652 3693 5675 ,
3721 5625 3788 5664 eo

2200 5695 2342 5766 quod
2361 5695 2662 5751 occiderint
2689 5695 2983 5763 hominem,
3008 5711 3129 5752 esse
3153 5695 3346 5754 dicatis
3377 5715 3391 5752 :
3419 5709 3492 5766 et,
3529 5701 3672 5771 quod
3692 5704 3785 5758 ad-

2201 5787 2304 5845 huc
2344 5790 2625 5846 scelestius
2669 5789 2880 5846 videtur
2923 5806 2988 5846 ac
3027 5791 3214 5861 pejus,
3259 5793 3494 5850 humano
3523 5799 3783 5867 sanguine

2198 5886 2444 5952 saturati,
2501 5885 2729 5940 necdum
2777 5893 2854 5942 tot
2895 5887 3164 5960 tantisque
3201 5887 3357 5944 malis
3398 5891 3638 5961 expleti,
3686 5908 3778 5948 ve—
