3958 6314
62 336 221 393 1145

1168 328 1254 387 DE
1291 329 1592 388 MORIBUS
1628 328 2223 391 BRACHMANORUM.

3196 327 3337 388 1146

55 464 316 512 strorum
363 454 556 526 cupitis
603 452 799 510 civium
848 458 1064 508 ventres
1098 450 1328 520 replere.
1384 451 1468 507 Ad
1508 452 1645 519 haec,
1673 456 1725 516 Α
1750 468 1878 508 num
1916 452 2134 524 quidem
2165 455 2387 511 omnino
2426 469 2533 510 non
2561 456 2854 526 qumrimus
2878 496 2892 520 ,
2935 467 3128 524 aquam
3155 459 3336 507 autem

58 561 186 605 tam
215 549 582 619 dedecorosis,
617 558 829 618 tamque
859 547 1037 617 pravis
1063 546 1306 601 moribus
1337 546 1541 615 vivitis,
1591 555 1650 601 ttt

52 652 118 697 et
148 642 306 697 vobis
334 640 535 697 calidas
579 638 1016 711 superzedificetis
1061 638 1286 706 domos,
1337 639 1533 708 quibus
1581 640 1647 694 ad

52 743 305 790 vestram
335 734 654 805 explendam
674 733 1016 787 voracitatem
1038 740 1274 786 eomesta
1297 729 1468 801 digeri
1489 730 1647 785 citius

52 826 481 899 compellantur.
522 827 750 899 Insuper
790 833 847 882 et
888 832 950 879 ut
989 823 1189 894 proprii
1228 823 1473 895 corporis
1502 824 1644 879 inte-

50 924 206 978 stina
258 922 420 977 nimia
469 921 710 978 ciborum
741 918 1037 990 repletione
1081 914 1454 972 distendantur
1484 932 1499 971 :
1529 915 1648 971 lau-

53 1015 240 1070 tiores
269 1014 466 1086 eligitis
489 1014 694 1085 epulas,
728 1012 868 1069 unde
896 1013 1095 1083 peritos
1120 1025 1363 1084 quosque
1390 1024 1644 1081 procura-

51 1109 128 1161 tis
182 1105 417 1162 artiﬁces
471 1105 786 1162 condiendis
853 1115 1014 1176 atque
1077 1103 1389 1161 ordinandis
1442 1103 1639 1173 epulis.

46 1198 172 1259 Nos
200 1207 379 1256 autem
411 1212 696 1269 precamur
722 1197 913 1265 Deum,
946 1214 1013 1254 ne
1040 1194 1329 1268 aliquando
1355 1195 1597 1250 sitiamus
1624 1211 1639 1248 :

49 1309 186 1350 nam
233 1292 338 1349 hoc
382 1292 647 1347 interdum
694 1290 854 1347 modo
882 1306 912 1346 a
938 1290 1120 1362 regula
1146 1288 1391 1344 veritatis
1421 1287 1640 1342 abstra-

51 1386 265 1453 himur,
296 1385 399 1440 hoc
426 1394 527 1450 est,
571 1392 697 1440 tunc
717 1400 836 1439 cum
865 1383 1228 1439 necessarium
1252 1388 1434 1451 potum
1454 1390 1640 1435 nostro

51 1479 274 1550 corpori
330 1478 540 1547 damus,
586 1478 654 1534 ob
709 1475 850 1547 quod
900 1474 1085 1547 postea
1127 1477 1311 1530 oculos
1356 1487 1409 1531 et
1450 1489 1639 1530 manus

51 1588 297 1640 nostras,
338 1571 505 1627 veluti
551 1570 873 1627 sacriﬁcium
910 1569 1149 1641 aliquod,
1178 1569 1243 1624 ad
1281 1569 1461 1624 radios
1508 1568 1637 1622 solis

52 1674 277 1738 agentes
322 1664 649 1721 extollimus.
695 1662 765 1719 At
793 1679 888 1718 vos
912 1663 1074 1718 etiam
1102 1661 1209 1716 laeti
1243 1662 1374 1716 estis
1423 1659 1635 1731 quoties

54 1775 221 1830 sutira
262 1757 481 1814 modum
527 1757 767 1815 convivia
800 1765 978 1811 vestra
1019 1753 1327 1820 celebratis,
1377 1768 1479 1808 nec
1509 1760 1634 1806 ante

1750 547 2015 605 habemus
2045 564 2206 617 quam
2246 550 2416 606 solam
2449 548 2719 615 volumus,
2764 558 2821 605 et
2847 562 2954 620 qua
2981 547 3215 602 maxime
3241 546 3338 601 de-

1748 640 2028 706 lectamur,
2061 649 2115 697 et
2140 641 2413 711 Sapienter
2450 657 2706 699 curamus
2736 641 2905 697 sitim.
2937 640 3050 696 Non
3083 639 3263 695 furere
3283 645 3339 694 et

1749 735 1982 789 insanire
2012 749 2383 805 properamus,
2412 736 2688 807 magisque
2713 734 2870 790 nobis
2893 741 3145 800 mortem,
3174 745 3335 802 quam

1746 828 2063 886 ebrietatem
2091 844 2399 899 precamur,
2429 844 2525 900 per
2552 845 2713 901 quam
2736 842 2959 885 necesse
2979 838 3061 883 est
3086 827 3335 883 homines

1745 922 1873 977 totis
1898 933 1951 978 et
1979 920 2296 991 corporibus
2322 933 2373 975 et
2405 921 2653 977 sensibus
2678 921 2921 977 interire.
2953 918 3152 975 Ebrius
3181 919 3328 974 enim

1744 1016 1954 1072 videtur
1978 1014 2194 1086 quidem
2238 1014 2455 1081 vivere,
2503 1014 2596 1070 sed
2622 1026 2880 1086 quantum
2912 1014 2980 1070 ad
3010 1014 3329 1083 sapientiam

1745 1112 1997 1181 pertinet,
2028 1121 2272 1165 mortuus
2292 1109 2598 1179 judicatur;
2620 1110 2854 1181 perdidit
2876 1111 3019 1166 enim
3038 1109 3326 1165 sublimem

1744 1206 1912 1276 ipsam
1954 1220 2113 1276 quam
2166 1202 2367 1259 homini
2396 1202 2546 1260 dedit
2574 1204 2713 1259 Deus
2751 1214 3008 1260 mentem.
3062 1202 3265 1273 Ecquid
3296 1203 3333 1258 ii

1741 1300 1831 1371 qui
1865 1314 1925 1355 se
1949 1313 2171 1369 magnos
2206 1309 2261 1354 et
2304 1299 2569 1370 gloriosos
2615 1305 2831 1366 putant,
2858 1314 3023 1370 quam
3072 1297 3202 1353 falsa
3231 1312 3328 1367 spe

1740 1403 1795 1446 et
1822 1391 1972 1446 vanis
2002 1392 2345 1462 decipiuntur
2369 1390 2639 1447 illecebris
2664 1432 2679 1457 ,
2726 1389 2817 1462 qui
2849 1391 3072 1446 alternis
3099 1406 3159 1446 se
3187 1390 3329 1445 invi-

1740 1498 1857 1540 cem
1910 1484 2153 1539 manibus
2181 1484 2401 1549 laedunt,
2452 1483 2708 1554 Spoliant,
2738 1482 3007 1554 jttgulant,
3041 1498 3164 1539 eum
3207 1493 3328 1539 tau-

1738 1575 1861 1631 dem
1884 1586 1937 1631 et
1965 1576 2068 1645 ipsi
2098 1585 2350 1643 mortem,
2381 1591 2500 1647 quae
2521 1576 2827 1630 necessario
2849 1574 2927 1630 eis
2952 1574 3203 1644 debetur,
3228 1591 3328 1631 ex-

1738 1669 2030 1741 spectent?
2076 1668 2213 1738 Quid
2242 1668 2479 1737 denique
2506 1668 2574 1724 de
2601 1668 2711 1724 illis
2740 1666 2902 1736 viris,
2931 1667 3086 1739 quasi
3115 1666 3183 1723 de
3214 1683 3331 1723 ma-

1738 1765 1857 1835 gnis
1888 1762 2206 1834 quibusdam
2230 1770 2285 1817 et
2315 1760 2542 1817 aliorum
2575 1760 2942 1832 provisoribus
2982 1760 3204 1831 loquar,
3233 1759 3327 1830 qui

51 1857 250 1914 vestris
274 1852 816 1911 commessationibus
846 1851 1006 1907 finem
1036 1848 1330 1921 itttpOnilis,
1365 1865 1522 1920 quam
1553 1848 1635 1901 ni-
1663 1849 1712 1909 B
1737 1871 1887 1912 more
1919 1854 2153 1925 iul-pium
2187 1854 2509 1910 feminarum
2541 1852 2705 1908 variis
2748 1853 3147 1925 pigmentorum
3190 1852 3330 1909 οάο..

48 1953 152 2007 mia
180 1951 446 2007 ebrietate
472 1950 647 2005 furere
672 1948 959 2019 incipiatis,
992 1956 1046 2003 et
1073 1946 1244 2001 d0nec
1289 1947 1461 2017 ipsum
1493 1944 1633 2015 quod

45 2059 248 2114 sapere
276 2042 621 2109 videbamini,
664 2040 901 2097 bibendo
943 2038 1218 2109 perdatis:
1251 2047 1306 2094 et
1332 2037 1497 2093 nimio
1524 2035 1634 2092 vini

45 2138 301 2211 pondere
346 2150 538 2193 sensus
583 2135 750 2190 vestri
804 2133 983 2189 cordis
1040 2132 1295 2188 oneratis.
1343 2131 1634 2188 Feliciores

45 2232 299 2304 profecto
328 2229 468 2301 apud
499 2244 595 2284 vos
622 2243 742 2286 esse
772 2227 1094 2283 crediderim
1137 2241 1231 2281 eos
1261 2227 1349 2294 qui
1398 2224 1635 2280 insanire

44 2327 328 2383 dicuntur.
374 2324 451 2379 llli
496 2324 637 2378 enim
675 2337 888 2393 semper
916 2321 1049 2376 ebrii
1082 2331 1238 2388 sunt,
1283 2335 1404 2373 cum
1456 2329 1631 2374 tamen

47 2424 233 2475 vinum
262 2434 368 2475 non
400 2417 632 2475 emeriut
671 2434 683 2471 :
726 2431 820 2470 vos
848 2423 1027 2470 autem
1072 2430 1168 2484 pro
1204 2413 1381 2486 pretio
1412 2411 1518 2467 vini
1547 2413 1632 2465 ni-

52 2515 217 2569 miam
244 2510 659 2568 sollicitudinem
688 2508 874 2580 geritis
899 2525 912 2562 :
944 2523 1051 2578 quo
1072 2517 1252 2577 empto
1278 2506 1634 2573 vosmetipsos

53 2608 315 2663 ebrietate
361 2603 619 2677 polluitis,
665 2616 867 2672 vosque
912 2599 1145 2654 invicem
1189 2597 1520 2662 verberatis,
1569 2611 1633 2651 ac

60 2699 275 2754 tandem
298 2698 360 2752 ad
378 2696 724 2753 sobrietatem
750 2691 975 2762 reversi,
992 2693 1078 2746 vix
1098 2692 1325 2763 potestis
1339 2704 1632 2762 agnoscere

51 2789 507 2862 quemadmodum
536 2788 850 2844 ebrietatem
877 2795 1111 2841 vestram
1141 2784 1413 2839 custodire
1449 2784 1630 2838 valea-

55 2890 141 2945 tis.
174 2888 353 2946 Audio
381 2888 541 2944 etiam
571 2885 714 2957 quod
749 2884 980 2957 plurima
1011 2880 1363 2937 comedentes
1393 2895 1452 2935 ea
1481 2878 1628 2949 dige-

52 3000 168 3040 rere
198 3000 308 3040 non
340 2983 560 3055 potestis
593 2997 607 3036 :
635 2989 689 3038 et
714 2996 834 3035 cum
866 2977 1079 3034 tandem
1108 2992 1137 3032 a
1165 2973 1398 3032 convivii
1424 2973 1630 3030 voraci-

56 3090 156 3134 tate
183 3079 275 3133 vix
306 3074 640 3133 recesseritis
660 3116 675 3143 ,
717 3071 894 3128 omnia
925 3087 1042 3142 quae
1081 3086 1177 3123 vos
1208 3069 1425 3141 explere
1454 3066 1632 3123 solent

52 3170 302 3226 evomitis
335 3186 349 3221 :
384 3171 663 3240 ipsamque
691 3172 963 3220 mutantes
989 3177 1246 3234 perverso
1280 3175 1426 3215 more
1471 3166 1625 3213 natu-

1736 1949 1887 2004 ribns
1914 1949 2035 2003 oleo
2078 1947 2320 2003 membra
2349 1945 2552 2017 perfusi
2597 1945 2727 2002 foris
2759 1945 2983 2018 prodire
3023 1961 3325 2003 consueve-

1736 2054 1882 2107 runt,
1914 2042 2057 2096 aeris
2081 2040 2252 2109 ipsius
2274 2040 2561 2111 puritatem
2590 2038 2944 2094 dissolutione
2972 2039 3183 2109 propria
3206 2039 3326 2110 pol-

1735 2135 1986 2192 luentes?
2027 2133 2163 2201 Quid
2191 2134 2259 2189 de
2289 2133 2491 2190 Stoicis
2522 2132 2860 2205 philosophis
2886 2132 3080 2189 vestris
3131 2132 3325 2203 loquar

1734 2228 1971 2300 quicum
2002 2242 2190 2283 omnes
2217 2227 2332 2281 auri
2360 2241 2547 2283 amore
2594 2234 2886 2280 teneantur
2908 2266 2925 2291 ,
2958 2225 3109 2280 vobis
3138 2233 3324 2281 tamen

1734 2319 2089 2376 admiratione
2139 2319 2227 2374 vel
2276 2319 2436 2375 laude
2490 2318 2634 2388 digni
2690 2316 2987 2373 videntur?
3057 2316 3325 2376 Audimus

1735 2416 1895 2471 etiam
1925 2413 2064 2486 quod
2091 2429 2118 2467 a
2153 2414 2407 2469 masculis
2440 2415 2634 2470 vestris
2660 2422 2866 2485 partem
2895 2415 3179 2486 quamdam
3201 2431 3326 2472 cor-

1733 2509 1880 2581 poris
1903 2509 2217 2578 amputatis,
2269 2507 2322 2561 in
2355 2507 2785 2579 muliebremque
2814 2523 3003 2565 sexum
3035 2508 3159 2565 illos
3186 2524 3321 2566 con-

1734 2613 1947 2660 vertere
1979 2603 2221 2674 gestiatis
2251 2619 2265 2655 :
2295 2609 2351 2658 et
2378 2602 2520 2674 quod
2551 2604 2625 2659 sit
2653 2602 2793 2672 apud
2824 2618 2924 2659 vos
2961 2603 3086 2658 talis
3132 2603 3318 2672 homo,

1733 2697 1821 2768 qui
1854 2713 2029 2767 neque
2070 2711 2332 2768 generare
2380 2705 2437 2751 ut
2469 2696 2571 2763 vir,
2613 2712 2789 2768 neque
2829 2712 3022 2766 parere
3066 2696 3235 2767 pos~it
3263 2706 3324 2752 ut

1734 2790 1949 2857 mulier,
1980 2797 2034 2844 et
2061 2790 2152 2861 qui
2184 2794 2237 2844 in
2265 2806 2420 2844 sumn
2454 2799 2659 2845 tantum
2710 2789 2949 2846 dedecus
2975 2800 3029 2844 et
3084 2790 3138 2844 in
3167 2804 3319 2844 suam

1733 2888 1935 2936 tantum
1963 2881 2107 2937 vivat
2132 2879 2406 2952 iniuriam.
2458 2880 2590 2949 Quis
2635 2880 2796 2936 talem
2840 2881 3061 2936 humani
3108 2881 3323 2953 generis

1734 2976 2234 3048 praevaricationem
2261 3019 2276 3044 ,
2315 2986 2370 3032 et
2402 2985 2508 3031 tam
2541 2976 2903 3033 miserabilem
2943 2992 3126 3033 casum
3158 2979 3320 3033 etiam

1731 3068 2018 3141 cogitando
2041 3084 2148 3125 non
2180 3068 2406 3125 doleat?
2434 3068 2673 3137 Quorum
2707 3084 2805 3126 nos
2834 3067 3189 3126 miseratione
3216 3068 3321 3126 du-

1731 3161 1806 3217 cti
1852 3161 2004 3217 vobis
2041 3161 2302 3233 prodesse
2331 3170 2589 3231 quantum
2634 3178 2920 3233 possumus
2960 3163 3321 3221 affectamus:

53 3282 180 3331 ram,
225 3282 294 3321 ex
324 3265 513 3320 eadem
559 3272 709 3333 parte
751 3276 854 3330 qua
895 3273 1046 3314 escas
1077 3258 1266 3328 capitis
1288 3299 1302 3323 ,
1348 3254 1576 3326 egeratis
1613 3271 1625 3306 :
1655 3251 1700 3316 C
1731 3254 1853 3327 quia
1886 3264 1939 3311 et
1964 3254 2269 3326 superbiam
2294 3268 2663 3324 exsecramur,
2688 3263 2742 3310 et
2763 3254 3072 3310 universam
3099 3254 3321 3312 humani

48 3361 243 3430 capite,
279 3373 387 3413 non
424 3357 648 3427 pedibus
672 3353 1033 3409 ambulantes.
1059 3350 1103 3405 Ο
1130 3348 1431 3404 stultissimi
1462 3346 1632 3400 homi-

48 3468 158 3518 nes,
191 3451 439 3523 impletis
469 3450 706 3521 ingluvie
733 3448 937 3503 viscera
967 3455 1145 3501 vestra
1185 3456 1344 3515 atque
1372 3440 1633 3498 distendi-

48 3548 133 3614 tis,
166 3557 223 3602 ut
256 3553 448 3617 postea
470 3543 662 3599 iterum
691 3551 808 3597 arte
839 3539 1172 3595 medicorum
1196 3551 1428 3607 corpora
1450 3543 1628 3589 vestra

48 3641 291 3698 vacuetis
327 3658 338 3693 :
368 3637 751 3709 turpitudinem
783 3650 880 3705 per
908 3633 1021 3688 haec
1051 3631 1203 3687 vobis
1233 3630 1631 3699 maximamque

44 3733 423 3808 tegritudinem
453 3743 757 3803 quaerentes
784 3772 797 3796 ,
830 3727 1075 3798 adeoque
1121 3728 1255 3780 estis
1304 3724 1520 3790 insani,
1570 3731 1630 3776 ut

45 3830 206 3900 ipsam
231 3827 466 3900 cupiatis
492 3835 736 3882 evertere
767 3824 856 3878 tali
888 3821 1164 3879 curatione
1196 3828 1475 3879 naturam,
1510 3832 1628 3885 qua:

42 3925 246 3980 nullam
285 3921 494 3994 penitus
531 3920 728 3974 sentiat
760 3917 1080 3986 voluptatem
1117 3931 1131 3968 :
1174 3914 1335 3965 linem
1370 3908 1627 3963 habentes

42 4021 357 4076 voracitatis
386 4016 687 4074 immodica:
717 4014 1065 4084 supplicium,
1096 4027 1205 4066 non
1238 4010 1465 4065 salutem
1495 4025 1509 4074 ;
1541 4009 1626 4062 in-

38 4112 309 4169 satiabilia
334 4111 480 4167 enim
511 4108 749 4165 membra
780 4106 896 4162 fieri
924 4121 987 4160 ex
1018 4102 1221 4159 morbis
1249 4102 1505 4157 continuo
1533 4115 1626 4156 so-

41 4204 170 4271 lent,
219 4212 503 4262 tormenta
530 4203 887 4270 comitantur,
922 4201 992 4255 ita
1024 4207 1083 4253 ut
1107 4208 1436 4268 postremum
1485 4195 1626 4267 quod

41 4295 289 4355 honesta:
320 4311 382 4352 ac
414 4295 595 4367 probae
626 4295 753 4349 vita:
781 4308 850 4349 ex
894 4292 1057 4347 tantis
1086 4288 1292 4346 deliciis
1320 4288 1629 4345 conferatur

41 4391 165 4450 nihil
208 4390 484 4449 habeatis.
537 4388 643 4444 Sed
685 4388 891 4459 jactare
923 4401 1015 4442 vos
1040 4385 1198 4440 audio
1236 4384 1358 4456 quia
1398 4382 1625 4454 plurima

43 4487 334 4555 possidetis
366 4502 380 4539 :
414 4484 502 4555 qui
543 4492 724 4539 tamen
768 4497 889 4537 eum
926 4480 1044 4535 aliis
1073 4479 1237 4534 multa
1265 4478 1497 4544 donetis,
1530 4492 1624 4531 ve-

44 4582 163 4636 stris
191 4578 492 4636 admodum
516 4591 682 4648 pauca
703 4577 990 4645 prmstatis.
1016 4572 1169 4630 Unde
1190 4589 1283 4627 vos
1308 4572 1474 4642 magis
1498 4586 1626 4642 pau-

1730 3349 1944 3420 generis
1973 3355 2220 3404 naturam
2247 3347 2539 3419 diligimus,
2573 3364 2634 3403 ac
2663 3348 2907 3403 levemus
2943 3367 2956 3404 :
2999 3358 3053 3404 et
3082 3347 3233 3419 quasi
3266 3349 3320 3404 in

1730 3445 1839 3499 alto
1872 3443 2166 3515 magniﬁcze
2195 3443 2477 3514 cujusdam
2508 3443 2702 3498 domus
2730 3444 2986 3500 sedentes
3012 3444 3160 3510 loco,
3191 3444 3320 3499 nudi

1732 3547 1836 3593 tam
1870 3547 2050 3592 mente
2077 3552 2235 3607 quam
2266 3551 2517 3608 corpore,
2564 3551 2935 3605 (ιιιθερυιιιίιυε
2983 3544 3320 3607 spectatores

1732 3632 1980 3686 novimus
2001 3629 2267 3694 veritatis,
2296 3636 2349 3683 et
2372 3628 2650 3683 docemus.
2677 3627 2746 3682 Et
2770 3628 2870 3681 hoc
2891 3635 2974 3681 est
3001 3626 3053 3681 in
3082 3641 3190 3696 quo
3214 3642 3319 3682 ρω-

1730 3725 1861 3781 teris
1885 3723 2194 3779 hominibus
2224 3722 2450 3777 ditiores
2482 3737 2578 3775 nos
2607 3736 2728 3775 esse
2761 3730 3035 3791 putamus.
3070 3721 3319 3775 Macedo-

1731 3818 1818 3873 nia
1842 3817 1946 3872 vim
1970 3816 2220 3871 omnibus
2242 3814 2395 3882 facit,
2420 3830 2578 3885 quam
2610 3823 2786 3868 tamen
2808 3811 2955 3882 prius
2970 3812 3040 3867 ab
3064 3812 3184 3866 aliis
3203 3814 3317 3882 ipsa

1728 3912 2003 3967 sustinuit.
2053 3911 2251 3965 Omnes
2275 3919 2455 3964 autem
2488 3908 2552 3964 ad
2581 3908 2847 3964 deteriora
2876 3907 3123 3963 conversi
3150 3950 3165 3972 ,
3200 3918 3316 3963 tur-

1730 4021 1824 4076 pes
1854 4004 2037 4060 famuli
2059 4004 2392 4075 judicantur.
2419 4002 2523 4059 Sed
2558 4001 3015 4058 horumomnium
3048 4004 3311 4059 malorum
3366 4006 3377 4015 ‘

1728 4116 1845 4170 qua:
1892 4099 2250 4163 nominamus,
2292 4095 2612 4152 Brachmani
2657 4097 2909 4151 videntur
2947 4105 3219 4167 expertes.
3271 4101 3315 4154 A

1732 4193 1876 4247 nullo
1902 4193 2043 4247 enim
2074 4191 2332 4247 debellari
2366 4201 2525 4261 atque
2572 4191 2868 4259 expugnari
2918 4197 3160 4261 queunt,
3191 4191 3314 4263 quia

1730 4286 1933 4341 nullius
1961 4285 2039 4341 rei
2070 4284 2342 4340 desiderio
2370 4284 2449 4337 vel
2475 4297 2662 4337 amore
2694 4289 2966 4338 tenentur.
3004 4282 3082 4339 Tu
3112 4298 3242 4339 vero
3273 4286 3320 4340 si

1731 4394 1857 4435 vera
1879 4379 1959 4432 vis
1990 4392 2201 4450 sapere,
2230 4377 2295 4433 ad
2323 4376 2526 4431 Indiam
2552 4376 2696 4442 veni,
2728 4376 2911 4431 habita
2940 4376 2989 4430 in
3013 4377 3319 4435 solitudini-

1730 4473 1827 4528 bus
1851 4473 2048 4535 nudus,
2082 4485 2273 4527 omnes
2300 4486 2430 4542 quas
2452 4469 2652 4539 diligis,
2677 4477 2731 4523 et
2753 4469 2944 4539 quibus
2964 4471 3145 4525 ornari
3172 4471 3322 4526 vide-

1728 4569 1824 4631 ris,
1855 4567 2142 4637 projiciens
2172 4564 2459 4636 dignitates
2493 4583 2505 4618 :
2535 4579 2654 4618 nam
2685 4564 2847 4617 aliter
2875 4578 2979 4619 non
3006 4565 3320 4635 suscipieris

47 4690 200 4745 peres
230 4646 555 4746 iudicamus,
587 4674 710 4743 quia
750 4685 817 4726 ne
846 4684 1036 4738 panetn
1078 4667 1292 4736 quidem
1324 4667 1496 4734 ipsum
1532 4680 1625 4731 pa-
1656 4646 1705 4705 D
1733 4677 1763 4716 a
1793 4662 1968 4716 nobis.
2002 4660 2067 4715 Et
2100 4670 2225 4714 tunc
2252 4656 2457 4713 amabis
2481 4674 2565 4722 ea,
2608 4671 2962 4728 qnzecumque
2994 4658 3154 4726 paulo
3194 4667 3319 4714 ante

43 4772 287 4827 rentibus
320 4769 491 4835 datis,
535 4767 845 4823 innumeras
872 4773 1051 4819 autem
1090 4762 1291 4817 habere
1321 4774 1451 4830 opes
1480 4758 1627 4814 desi-

44 4862 266 4956 delatis.
316 4862 472 4919 Servi
516 4859 721 4917 ventris
750 4874 844 4913 vos
872 4856 1022 4925 estis,
1067 4865 1347 4929 propterea
1395 4852 1627 4907 maxima

43 4950 310 5028 a‘p’u'd'vos
334 4956 489 5013 tttrba
515 4956 850 5012 medicorum
877 4962 981 5020 est,
1013 4952 1104 5023 qui
1134 4950 1350 5007 assidua
1378 4966 1471 5004 vos
1508 4965 1629 5019 pur-

42 5053 257 5122 gatione
285 5058 549 5107 evacuant
582 5067 594 5103 :
639 5048 841 5103 faciunt
885 5057 1061 5101 autem
1112 5045 1163 5100 id
1192 5042 1514 5115 autjejunio
1542 5044 1626 5099 vel

42 5148 247 5215 Inedia,
277 5154 372 5202 aut
399 5154 514 5200 arte
544 5141 955 5198 medicaminum
984 5158 997 5195 :
1032 5148 1089 5195 ut
1125 5140 1213 5210 qui
1243 5139 1469 5209 plurima
1501 5137 1622 5193 vina

43 5240 299 5295 solebatis
325 5239 566 5303 haurire,
601 5237 780 5291 subito
819 5250 887 5291 ne
915 5250 1065 5305 aquae
1093 5233 1307 5304 quidem
1357 5232 1623 5289 modicam

43 5335 395 5402 quantitatem
428 5330 646 5404 possitis
674 5329 940 5399 accipere,
984 5327 1197 5396 quoties
1251 5326 1625 5399 tegritudinum

45 5426 365 5482 necessitate
400 5423 687 5480 vexamini.
743 5421 809 5476 Et
854 5421 992 5476 sicut
1031 5432 1158 5474 tunc
1202 5421 1340 5474 ultra
1382 5426 1628 5473 naturam

44 5519 270 5575 multum
310 5520 441 5576 meri
470 5517 675 5585 bibitis,
701 5516 776 5571 ita
804 5529 947 5571 nunc
972 5528 1163 5586 parum
1205 5526 1417 5585 quoque
1450 5524 1626 5580 aquae,

45 5612 184 5682 quod
216 5611 465 5685 exposcit
490 5610 604 5680 ipsa
636 5619 849 5679 natura,
876 5608 1217 5667 desideratis.
1249 5606 1359 5665 Nos
1398 5619 1529 5663 vero
1556 5603 1636 5659 vi-

1737 4754 1941 4821 vidisti,
1988 4767 2213 4822 qumque
2243 4750 2467 4805 miratus
2495 4765 2552 4805 es
2586 4767 2600 4803 :
2652 4765 2828 4822 neque
2873 4750 3011 4805 ullus
3049 4757 3235 4805 contra
3270 4758 3320 4807 te

1737 4849 1960 4904 ulterius
1989 4846 2282 4911 dimicabit,
2317 4858 2407 4899 aut
2436 4844 2726 4916 quidquam
2761 4856 2974 4901 tuorum
2992 4845 3086 4900 tibi
3108 4846 3319 4902 auferre

1737 4944 1856 5013 quis
1889 4939 2084 5012 poterit
2108 4957 2121 5004 ;
2158 4955 2331 5010 neque
2362 4939 2533 4993 aliena
2562 4938 2869 5004 collatione,
2893 4955 3066 5009 neque
3088 4940 3315 4995 aliorum

1735 5035 1931 5091 sudore
1963 5032 2231 5106 pasceris;
2262 5032 2370 5088 eris
2398 5032 2541 5087 enim
2560 5034 2611 5087 in
2636 5031 2884 5087 omnibus
2903 5031 3073 5085 dives.
3105 5031 3169 5085 Et
3191 5048 3323 5102 quo-

1737 5132 1880 5186 niam
1912 5129 2224 5185 desiderare
2251 5137 2303 5184 te
2341 5128 2555 5191 scribis,
2584 5129 2709 5183 utin
2740 5125 2922 5196 aliquo
2954 5125 3047 5182 tibi
3076 5128 3276 5198 prosim
3306 5153 3320 5188 ε

1729 5241 1837 5281 non
1870 5222 2170 5278 invidemus
2210 5222 2320 5277 illis
2345 5222 2434 5293 qui
2470 5237 2593 5276 vere
2625 5221 2769 5291 pium
2820 5220 3099 5277 imitantur
3126 5221 3316 5281 Deum.

1728 5314 2047 5372 Universam
2070 5314 2212 5370 enim
2242 5314 2531 5370 humanam
2553 5313 2753 5385 ubique
2777 5322 3022 5369 naturam
3045 5316 3319 5386 volumus,

1732 5416 1986 5481 quantum
2017 5423 2111 5480 per
2139 5423 2234 5464 nos
2262 5406 2379 5463 fieri
2407 5413 2605 5479 potest,
2633 5406 2914 5462 meliorem
2946 5408 3191 5465 evadere.

2381 5525 2598 5597 (Aliqua
2625 5524 2798 5580 deesse
2819 5521 3106 5595 videntur.)

1322 5827 2013 5876 ...ι-Ἤ*-
