3958 6314
622 317 754 372 ΗΠ

1641 315 1990 378 APPENDIX
2029 319 2121 376 AD
2156 317 2387 382 ΟΡΕΒΑ
2423 319 2481 376 S.
2522 317 2870 386 AMBROSII.

3732 323 3821 384 ωε

1091 584 2115 673 PHILOSOPHORUM
2191 585 2723 699 ALIQUOT
2796 587 3441 684 EPISTOLxE,

1509 749 1775 810 QUORUM
1808 748 2106 800 HABETUR
2138 748 2490 800 INTERPRES
2522 749 2574 800 S.
2607 746 2986 812 AMBROSIUS,

735 875 1035 955 Gilberti,
1067 878 1356 960 Cognati,
1388 878 1709 943 Nozereni
1743 898 1929 962 opera
1967 879 2036 940 in
2070 877 2495 943 studiosorum
2521 897 2723 958 usum,
2741 880 2876 962 jam
2910 880 3060 944 olim
3092 898 3238 944 cum
3266 878 3426 944 aliis
3463 878 3762 943 multorum

1943 981 2244 1064 epistolis,
2279 980 2567 1046 collectae.

2156 1126 2444 1143 ﬂ

1106 1250 1315 1307 Thales
1338 1250 1641 1323 Pherecydi.

687 1347 862 1402 Audio
890 1356 943 1404 te
973 1348 1206 1420 primum
1238 1348 1456 1417 lonum,
1489 1349 1558 1404 de
1598 1347 1796 1403 divinis
1841 1348 2026 1414 rebus,
2059 1346 2200 1418 apud

618 1442 838 1498 Graecos
871 1442 1044 1512 palam
1064 1441 1331 1498 disserere
1364 1458 1570 1511 parare.
1615 1442 1812 1498 Verum
1835 1443 2064 1513 justiore
2096 1441 2202 1496 for-

620 1547 762 1592 tasse
782 1537 1072 1603 sententia,
1094 1537 1233 1590 inter
1254 1537 1456 1592 amicos
1477 1553 1539 1592 ea
1558 1552 1678 1608 qua:
1699 1536 2007 1608 scripseris,
2031 1536 2198 1607 leges,

622 1645 783 1702 quam
820 1631 1018 1700 passim
1069 1630 1495 1703 quibuscumque
1535 1634 1847 1702 permittes,
1901 1633 2048 1686 nullo
2093 1630 2202 1685 illis

625 1724 994 1779 emolumento
1027 1722 1224 1780 futura.
1272 1725 1530 1796 Equidem
1563 1726 1606 1780 si
1639 1725 1728 1780 tibi
1769 1737 1977 1796 gratum
2008 1739 2205 1795 cogno-

621 1835 770 1881 vero,
805 1817 922 1879 volo
969 1823 1218 1876 conscius
1245 1837 1430 1877 eorum
1463 1835 1582 1892 qua:
1625 1818 1814 1875 scribis
1840 1834 1983 1874 esse.
2026 1821 2102 1874 Ac
2133 1819 2203 1873 si-

620 1916 836 1988 quidem
861 1917 1040 1988 juhes,
1078 1916 1147 1971 ad
1181 1926 1232 1970 te
1263 1923 1472 1974 mature
1493 1914 1824 1985 proﬁciscar.
1851 1912 2033 1984 Neque
2059 1913 2202 1968 enim

622 2007 756 2064 adeo
783 2017 1027 2065 amentes
1065 2024 1127 2064 ac
1173 2007 1353 2064 stolidi
1395 2023 1604 2072 sumus,
1638 2023 1737 2079 ego
1763 2017 1816 2062 et
1841 2006 2008 2062 Solon
2038 2006 2205 2063 Athe-

620 2101 846 2169 niensis,
895 2111 953 2156 ut
978 2117 1100 2157 cum
1143 2102 1352 2173 navigio
1381 2099 1598 2156 Cretam
1641 2100 1954 2172 petierimus
1997 2100 2204 2157 visendi

619 2195 812 2268 gratia,
846 2193 1245 2270 Egyptumque
1278 2195 1460 2250 itidem
1492 2194 1974 2266 penetraverimus,
1999 2204 2057 2250 ut
2086 2194 2205 2250 istic

617 2287 992 2343 sacerdotibus
1037 2296 1095 2344 et
1132 2287 1462 2342 astronomis
1508 2285 1986 2358 congrederemur,
2035 2285 2100 2340 ad
2153 2295 2204 2341 te

619 2397 727 2436 non
757 2382 873 2454 pari
918 2381 1096 2438 studio
1139 2381 1439 2453 navigaturi
1482 2381 1675 2437 simus.
1725 2378 1921 2435 Veniet
1964 2380 2106 2434 enim
2150 2389 2204 2434 et

616 2473 789 2531 Solon
820 2477 955 2545 ipse,
975 2476 1020 2530 si
1055 2491 1279 2530 annuas.
1310 2473 1493 2544 Neque
1519 2484 1572 2530 tu
1598 2473 1702 2530 loci
1735 2473 1878 2529 illius
1903 2488 2088 2528 amore
2117 2472 2206 2528 de-

620 2576 824 2636 tentus,
862 2584 985 2624 raro
1010 2570 1061 2624 in
1103 2568 1307 2624 Ioniam
1339 2569 1553 2639 transis,
1587 2584 1762 2640 neque
1792 2569 2202 2641 peregrinorum

2225 1254 2278 1315 Α
2303 1266 2402 1323 ego
2447 1265 2544 1306 rex
2584 1253 2793 1308 futurus
2821 1267 3020 1309 essem.
3051 1251 3110 1309 Id
3135 1253 3285 1310 enim
3340 1255 3391 1310 si
3416 1253 3714 1322 didicisses,
3737 1273 3836 1329 squo

2305 1346 2489 1400 animo
2513 1358 2565 1402 et
2596 1358 2821 1402 conatus
2849 1363 2997 1404 meos
3050 1348 3194 1404 forte
3229 1350 3564 1413 tolerasses,
3595 1357 3647 1404 et
3677 1359 3719 1405 te
3755 1351 3828 1422 iter

2306 1439 2714 1512 haudquaquam
2747 1441 3138 1497 commisisses.
3164 1442 3407 1498 Domum
3438 1442 3609 1513 igitur
3640 1442 3753 1497 bona
3773 1445 3829 1499 Ile

2304 1534 2441 1600 redi,
2492 1534 2620 1589 mihi
2647 1545 2701 1590 et
2727 1535 2964 1605 injurato
2989 1535 3247 1604 credens,
3293 1537 3438 1592 nihil
3471 1552 3596 1592 esse
3624 1539 3831 1608 periculi:

2305 1629 2589 1684 Pisistrato
2637 1629 2848 1688 Soloni.
2901 1629 3053 1686 Nosti
3095 1633 3244 1688 enim
3289 1634 3601 1697 neminem,
3639 1633 3765 1688 etiam
3793 1651 3831 1690 et

2305 1721 2647 1777 inimicorum
2683 1738 2930 1790 numero,
2955 1721 3082 1778 mali
3099 1725 3383 1800 quippiam
3413 1742 3446 1779 a
3476 1741 3568 1780 me
3588 1740 3828 1796 perpessum.

2306 1816 2542 1887 Denique
2568 1817 2613 1871 si
2653 1816 2923 1888 placuerit
2964 1827 3145 1873 nostra
3186 1818 3432 1874 amicitia
3471 1818 3609 1881 frui,
3643 1819 3827 1888 interpri-

2305 1925 2423 1966 mos
2451 1911 2558 1966 eris
2596 1930 2609 1966 :
2641 1911 2776 1966 nihil
2806 1913 2952 1967 enim
2983 1912 3034 1967 in
3079 1920 3131 1967 te
3155 1911 3391 1980 fraudis,
3426 1913 3706 1984 perﬁdiae
3721 1931 3808 1969 cnn-

2304 2007 2496 2079 Spicio.
2520 2005 2676 2075 Quod
2698 2007 2745 2062 si
2761 2007 2960 2079 alioqui
2987 2006 3236 2064 habitare
3256 2007 3500 2064 Athenis
3530 2009 3804 2077 nolueriwo

2304 2101 2526 2156 arbitrio
2557 2111 2648 2156 tuo
2678 2101 2731 2157 id
2760 2101 2922 2157 facies
2953 2119 2964 2153 :
3002 2109 3211 2156 tantum
3264 2117 3335 2158 ne
3364 2101 3552 2157 nostri
3599 2116 3738 2164 causa,
3761 2117 3823 2171 pi-

2307 2194 2406 2249 tria
2433 2193 2732 2250 excederis.
2761 2193 2910 2248 Vale.

2837 2288 3001 2344 Solon
3029 2286 3343 2344 Periandro.

2374 2383 2575 2441 Scribis
2624 2385 2720 2440 tibi
2773 2385 3038 2458 plurimos
3075 2386 3366 2451 insidiari;
3421 2395 3478 2440 at
3519 2393 3598 2452 tu,
3640 2385 3832 2453 siquidem

2305 2492 2494 2533 omnes
2523 2494 2553 2533 e
2580 2477 2758 2533 medio
2786 2479 2998 2545 tuleris,
3028 2492 3098 2532 ne
3120 2478 3199 2533 sic
3239 2477 3468 2548 quidem
3521 2476 3761 2550 proﬁcies.
3782 2476 3832 2531 la-

2305 2573 2592 2628 sidiabitur
2622 2573 2765 2628 enim
2814 2573 2908 2627 tibi
2941 2573 3208 2644 quispiam
3243 2587 3310 2627 ex
3347 2573 3457 2640 his,
3507 2588 3644 2643 quos
3679 2572 3830 2625 minim

621 2659 904 2716 hominum
935 2661 1207 2716 desiderio
1236 2661 1490 2730 tangeris.
1533 2660 1731 2716 Verum
1759 2660 1853 2715 uni
1885 2671 2111 2724 tantum,
2145 2667 2202 2716 ut
2232 2657 2277 2717 B
2305 2679 2589 2738 suspectos
2618 2666 2802 2733 habes,
2837 2669 3036 2738 partim
3080 2667 3180 2721 sibi
3209 2667 3437 2738 quidem
3469 2676 3716 2732 metuens,
3753 2683 3837 2737 par-

621 2769 814 2826 spero,
872 2755 1141 2810 scribendi
1190 2756 1405 2825 negotio
1458 2754 1741 2810 incumbis.
1801 2752 1874 2809 At
1921 2769 2053 2822 nos,
2113 2754 2203 2826 qui

618 2846 756 2903 nihil
787 2846 1093 2917 scribimus,
1143 2847 1430 2915 Gratciam,
1469 2848 1787 2920 Asiamque,
1831 2862 2202 2922 peragramus.

627 2939 777 2996 Vale.

1197 3033 1383 3090 Thales
1421 3033 1623 3091 Soloni.

693 3125 921 3182 Athenis
949 3127 993 3181 si
1023 3128 1275 3196 excedas,
1309 3127 1491 3194 Mileti,
1528 3139 1583 3183 ut
1613 3128 1860 3198 equidem
1895 3143 2036 3195 reor,
2061 3143 2208 3186 com-

623 3217 933 3274 modissime
963 3221 1205 3276 habitare
1229 3223 1452 3292 poteris.
1473 3221 1570 3277 Est
1594 3224 1736 3278 enim
1764 3232 1942 3278 vestra
1969 3224 2205 3294 colonia,

624 3312 950 3383 patierisque
999 3329 1161 3384 grave
1214 3314 1368 3371 nihil.
1412 3316 1564 3384 Quod
1607 3320 1652 3372 si
1697 3328 1750 3372 et
1782 3319 1921 3390 apud
1973 3319 2210 3376 Milesios

621 3405 924 3459 exsecraris
956 3406 1321 3478 tyrannidem,
1349 3393 1503 3478 teque
1529 3410 1672 3464 enim
1725 3411 1921 3482 ubique
1953 3423 2210 3484 tyrannos

621 3492 850 3550 infestos
898 3497 1087 3566 habes,
1133 3513 1186 3554 at
1215 3516 1338 3556 cum
1372 3501 1557 3557 amicis
1588 3503 1864 3559 nobiscum
1897 3506 2080 3562 vivere
2108 3508 2213 3563 erit

619 3590 1102 3662 jucundissimum.
1133 3592 1359 3664 Scripsit
1389 3594 1456 3650 ad
1483 3605 1534 3650 te
1560 3596 1708 3663 Bias,
1738 3608 1793 3652 ut
1819 3598 2068 3654 Prienam
2086 3616 2210 3672 pro.

622 3683 877 3738 liciscaris
903 3702 916 3739 :
943 3700 1061 3740 eam
1094 3695 1148 3740 tu
1173 3687 1358 3742 urbem
1387 3688 1430 3743 si
1449 3689 1704 3746 libentius
1733 3691 2136 3760 inbabitaveris,
2159 3701 2214 3748 et

623 3774 726 3846 ipsi
757 3790 826 3832 eo
847 3777 913 3831 ad
944 3788 994 3832 te
1019 3777 1412 3834 advolabimus.

1138 3869 1447 3926 Pisistratus
1481 3873 1684 3928 Soloni.

693 3963 878 4036 Neque
904 3967 1053 4022 solus
1081 3966 1392 4023 Grmcorum
1419 3970 1759 4042 tyrannidem
1783 3972 2002 4043 arripui,
2038 3988 2214 4045 neque

2308 2762 2402 2816 tim
2445 2770 2495 2816 te
2525 2761 2967 2832 reprehendens,
3000 2761 3141 2832 quod
3195 2761 3382 2816 omnia
3418 2761 3838 2822 fortnides.nil1il-

2308 2870 2414 2926 que
2447 2871 2551 2911 non
2581 2866 2790 2911 metuas
2819 2874 2832 2908 :
2860 2855 3051 2925 partim
3082 2855 3208 2909 item
3241 2854 3460 2910 civitati
3491 2856 3738 2927 gratiﬁcari
3756 2870 3834 2909 cu-

2309 2950 2484 3020 piens.
2521 2949 2681 3005 Esset
2715 2963 2846 3018 ergo
2889 2949 3148 3020 optimum
3182 2949 3468 3004 abstinere
3513 2949 3767 3021 tyrannide,
3792 2960 3839 3001 ut

2309 3054 2500 3095 causas
2525 3042 2701 3095 omnis
2727 3049 2902 3096 metus
2926 3041 3205 3096 evaderes.
3231 3041 3388 3108 Quod
3417 3045 3465 3096 si
3498 3041 3740 3114 tyrannidi
3755 3056 3843 3094 em-

2311 3132 2438 3187 nino
2469 3133 2825 3189 insistendum
2854 3149 3065 3200 censes,
3089 3149 3379 3204 compares
3409 3135 3528 3202 tibi,
3556 3149 3751 3190 necesse
3770 3145 3838 3196 est,

2312 3234 2564 3280 externas
2593 3225 2734 3281 vires
2781 3236 2836 3280 et
2875 3228 3156 3297 peregrina
3189 3227 3423 3294 auxilia,
3451 3228 3668 3283 urbanis
3696 3228 3836 3281 viriles

2313 3321 2545 3390 majora,
2592 3329 2649 3374 ut
2680 3321 2790 3390 jam
2839 3321 2931 3375 tibi
2965 3321 3142 3374 nullus
3172 3319 3412 3376 infestus
3441 3323 3528 3386 sit,
3563 3332 3613 3376 et
3645 3331 3699 3376 tu
3728 3321 3835 3377 neli-

2317 3429 2436 3468 nem
2469 3422 2738 3468 extorrem
2761 3429 2912 3480 agas.
2937 3412 3086 3467 Vale.

2845 3504 3007 3561 Solon
3053 3506 3374 3577 Epimenidi.

2387 3600 2573 3671 Neque
2603 3602 2748 3673 leges
2797 3617 2931 3657 mea:
2974 3601 3219 3672 profecto
3267 3603 3694 3659 Atheniensibus
3713 3602 3838 3673 ρωπία-

2319 3707 2452 3750 turze
2480 3697 2706 3751 utultum
2735 3707 2892 3752 erant
2916 3715 2929 3750 :
2955 3712 3129 3768 neque
3154 3709 3209 3751 tu
3239 3696 3320 3753 eis
3347 3699 3660 3770 antiquatis,
3685 3695 3831 3751 civitati

2316 3789 2464 3845 fuisti
2491 3791 2884 3846 emolumento.
2920 3790 3060 3845 Deus
3088 3793 3256 3859 enim,
3283 3807 3349 3847 ac
3377 3792 3588 3848 latores
3610 3797 3838 3863 legentem

2317 3881 2420 3936 soli
2442 3883 2630 3950 juvare
2671 3882 2918 3936 civitates
2947 3893 3213 3956 possunt,
3247 3883 3343 3937 sed
3378 3885 3472 3954 qui
3509 3883 3840 3938 multitudinem

2319 3986 2504 4046 agunt,
2527 3977 2578 4030 in
2605 3990 2998 4046 quamcumque
3019 3979 3345 4030 sententiam
3376 3977 3592 4032 volunt.
3617 3978 3704 4032 llis
3725 3976 3844 4038 enim,

624 4059 756 4114 mihi
787 4075 899 4115 rem
929 4061 1159 4116 alienam
1195 4065 1470 4133 usurpavi,
1499 4065 1696 4136 quippe
1726 4081 1895 4140 genus
1925 4083 1952 4120 a
1974 4066 2214 4139 Cecrope
2239 4068 2285 4131 C
2318 4068 2364 4124 si
2395 4079 2543 4124 recte
2569 4083 2683 4123 rem
2715 4067 3119 4138 administrent,
3145 4068 3287 4122 Deus
3314 4083 3381 4123 ac
3401 4070 3557 4139 leges
3581 4071 3723 4125 utiles
3739 4079 3844 4123 sunt:

621 4155 782 4210 duco.
809 4155 866 4210 Id
897 4156 1042 4211 enim
1086 4157 1213 4211 mihi
1257 4172 1377 4212 meo
1414 4158 1533 4227 jure
1581 4159 1821 4227 vindico,
1869 4161 2014 4232 quod
2046 4161 2214 4217 Athe-

623 4250 842 4304 nienses
870 4251 998 4306 olim
1041 4267 1160 4305 cum
1192 4252 1242 4306 in
1270 4251 1619 4324 jurejurando
1661 4255 1967 4311 ﬁrmassent
1993 4256 2173 4313 Codro
2197 4300 2213 4326 ,

625 4344 878 4413 illiusque
906 4345 1051 4416 genti
1093 4345 1432 4416 praebituros,
1476 4351 1817 4420 postmodum
1856 4353 2214 4410 abstulerant.

624 4434 892 4492 Cteterum
923 4439 973 4492 in
1006 4437 1135 4494 deos
1159 4483 1173 4510 ,
1203 4440 1288 4495 vel
1321 4441 1372 4495 in
1418 4441 1666 4498 homines
1696 4444 1828 4499 nihil
1867 4446 2000 4502 alias
2027 4461 2215 4519 pecco.

621 4529 813 4601 Leges,
866 4547 998 4602 quas
1046 4533 1164 4603 ipse
1215 4533 1637 4592 Atheniensibus
1686 4537 1926 4606 dedistii,
1983 4541 2216 4608 servari,

625 4633 790 4694 atque
817 4625 1110 4680 secundum
1137 4642 1228 4683 eas
1259 4627 1442 4683 vivere
1461 4627 1629 4698 jubeo
1662 4647 1674 4683 :
1702 4639 1756 4685 et
1784 4629 1999 4700 quidem
2025 4631 2219 4686 melius

623 4726 931 4785 servantur,
964 4736 1124 4790 quam
1160 4731 1402 4791 possent,
1423 4725 1468 4778 si
1492 4724 1852 4779 multitudinis
1880 4726 2107 4795 imperio
2133 4741 2220 4782 res

625 4822 897 4881 ageretur.
947 4813 1210 4870 Permitto
1237 4816 1378 4871 enim
1434 4817 1635 4872 nemini
1682 4817 1930 4890 injuriam
1965 4819 2078 4874 ﬁeri
2110 4838 2122 4872 :
2157 4835 2220 4874 ac

627 4916 890 4978 tyrannus
917 4921 1016 4977 ego
1042 4919 1239 4978 prseter
1275 4909 1592 4982 dignitatem
1647 4922 1700 4967 et
1730 4909 1994 4968 honorem
2024 4913 2155 4968 nihil
2188 4929 2220 4968 a

626 4999 782 5070 plebe
817 4999 1033 5068 diﬁ'ero,
1067 5001 1197 5056 solis
1227 5003 1307 5058 eis
1338 5005 1623 5076 stipendiis
1665 5014 1975 5073 contentus,
2004 5007 2221 5078 qutejis

629 5109 862 5165 quoque,
887 5096 977 5168 qui
1000 5104 1126 5151 ante
1147 5112 1232 5152 me
1255 5109 1567 5168 regnarunt,
1597 5099 1950 5154 debebantur.
1985 5099 2220 5169 Denique

628 5189 1046 5252 Atheniensium
1081 5191 1271 5263 singuli
1304 5192 1542 5247 decimas
1569 5193 1786 5264 frugum
1814 5209 2028 5250 suarum
2059 5210 2222 5266 sepa-

626 5290 771 5351 rant,
807 5298 912 5338 non
947 5284 999 5338 in
1031 5300 1159 5340 usus
1190 5296 1404 5341 nostros
1446 5289 1863 5356 consumendus,
1915 5305 2100 5344 verum
2133 5305 2220 5344 sa-

627 5377 848 5433 criﬁciis
895 5379 1122 5449 publicis
1155 5382 1561 5452 commodisque
1590 5385 1969 5439 communibus
2012 5404 2026 5439 :
2074 5394 2127 5439 et
2173 5385 2220 5440 si

2319 4161 2400 4217 sin
2432 4173 2611 4217 autem
2662 4161 2820 4226 male,
2877 4161 3009 4215 nihil
3059 4171 3306 4230 prosunt.
3360 4161 3554 4233 Neque
3594 4179 3719 4218 sane
3759 4175 3844 4215 me!

2319 4256 2466 4326 leges
2496 4270 2560 4310 ac
2582 4255 2696 4325 iura
2723 4299 2737 4322 ,
2773 4269 2894 4324 qua:
2922 4254 3138 4325 scripsi,
3185 4254 3483 4327 quidquam
3530 4257 3842 4327 profuerunt:

2319 4350 2412 4404 sed
2437 4351 2523 4419 qui
2557 4348 2675 4403 illas
2707 4351 3028 4420 transgressi
3057 4360 3203 4417 sunt,
3235 4367 3436 4422 magna
3468 4353 3779 4421 reipublicm
3801 4365 3836 4402 tr

2320 4459 2516 4500 vexere
2554 4445 2902 4510 detrimenta,
2951 4445 3038 4515 qui
3080 4442 3389 4508 Pisistrato.
3445 4462 3513 4502 ne
3567 4446 3842 4520 tyrannides

2321 4536 2624 4602 invaderet,
2651 4552 2758 4591 non
2789 4537 3133 4592 obstiterunt.
3167 4536 3353 4609 Neque
3383 4554 3516 4594 vero
3551 4541 3726 4596 lutura
3750 4555 3847 4609 prr-

2321 4629 2519 4685 dicenti
2553 4629 2680 4684 mihi
2713 4627 2849 4684 ﬁdes
2875 4627 3198 4685 habebatur.
3246 4628 3344 4685 Ille
3391 4630 3606 4686 lidelior
3638 4632 3851 4687 existim:-

2319 4726 2478 4782 batur
2509 4725 2931 4780 Atheniensibus
2962 4724 3266 4790 blandiens,
3294 4741 3457 4795 quam
3497 4742 3600 4798 ego
3630 4743 3746 4782 vera
3769 4741 3848 4792 pri»

2322 4821 2564 4892 loquens.
2613 4819 2808 4873 Positis
2851 4818 3012 4888 igitur
3040 4820 3206 4874 armis
3235 4835 3332 4890 pro
3367 4821 3542 4887 curia,
3578 4819 3661 4875 his
3691 4817 3852 4891 quidem

2322 4915 2410 4986 qui
2441 4913 2783 4968 Pisistratum
2815 4912 3013 4983 gestire
3059 4909 3401 4984 tyrannidem
3432 4928 3543 4968 non
3573 4912 3855 4968 animadver-

2326 5019 2467 5072 tunt,
2500 5007 2886 5075 sapientiorem
2921 5025 2935 5059 :
2963 5005 3044 5060 eis
3077 5020 3207 5060 vero
3241 5006 3334 5077 qui
3383 5005 3695 5063 libertatem
3726 5007 3857 5071 reipe

2324 5102 2477 5156 blirm
2505 5115 2748 5154 asserere
2777 5107 3102 5166 metuerent,
3126 5097 3407 5155 fortiorem
3431 5115 3521 5155 me
3543 5116 3664 5156 esse
3690 5101 3807 5159 dixi;
3827 5109 3860 5148 at

2324 5191 2398 5246 illi
2435 5193 2654 5247 Solonis
2697 5191 3191 5263 interpretabantur
3221 5192 3511 5247 insaniam.
3562 5191 3787 5248 Tandem
3811 5190 3857 5241 ita

2324 5285 2555 5355 patriam
2586 5295 2943 5351 contestatus,
2988 5286 3195 5341 excessi
3223 5301 3236 5338 :
3270 5285 3314 5341 Ο
3345 5285 3552 5352 Patria,
3585 5285 3672 5342 hic
3693 5284 3858 5356 quidem

2323 5382 2488 5438 Solon
2536 5382 2624 5437 ille
2657 5382 2753 5436 tibi
2785 5396 2940 5451 opem
2969 5382 3142 5448 ferre,
3173 5389 3226 5436 et
3257 5379 3400 5436 facto
3431 5391 3489 5436 et
3525 5381 3692 5444 dicto,
3722 5395 3859 5449 prom-

628 5476 842 5545 quando
868 5477 1068 5533 bellum
1101 5487 1289 5534 contra
1315 5495 1410 5534 nos
1442 5479 1728 5551 ingruerit,
1764 5481 1815 5534 in
1845 5491 2092 5550 sumptus
2125 5480 2222 5535 de-
2250 5469 2303 5528 D
2329 5486 2452 5550 plus
2474 5487 2528 5532 et
2551 5487 2773 5549 paratus
2792 5487 3165 5542 est,cazterum
3191 5476 3341 5531 hisce
3364 5484 3425 5530 et
3447 5475 3860 5532 insanircvideor.

633 5571 921 5642 putandus.
957 5573 1076 5630 Tibi
1103 5576 1351 5646 equidem
1384 5575 1517 5631 nihil
1540 5592 1857 5642 succenseo,
1893 5577 2037 5647 quod
2070 5591 2216 5630 men-

632 5675 742 5722 tem
791 5682 966 5722 meam
1011 5670 1401 5742 consiliumque
1451 5672 1726 5727 detexeris
1759 5692 1771 5726 :
1807 5673 2002 5742 quippe
2030 5671 2119 5740 qui
2163 5670 2218 5725 id

630 5761 810 5831 potius
871 5764 1181 5834 reipublicae
1222 5767 1402 5821 studio
1431 5768 1686 5834 civitatis,
1738 5781 1899 5837 quam
1940 5766 2046 5820 mei
2095 5766 2220 5831 odio

627 5855 945 5915 detoxeris:
998 5874 1062 5915 ac
1092 5871 1356 5932 praeterea
1402 5863 1544 5934 quod
1589 5862 1866 5939 ignorares
1916 5860 2221 5931 cuiusmodi

2324 5573 2526 5645 Itaque,
2555 5555 2630 5626 Ite
2673 5570 2910 5639 deserta,
2967 5570 3303 5641 proﬁciscor,
3339 5569 3495 5625 solus
3553 5588 3622 5626 ex
3665 5570 3859 5624 omnibus

2325 5664 2591 5724 Pisistrati
2643 5666 2893 5721 inimicus
2936 5681 2952 5720 :
2985 5664 3071 5720 isti
3103 5678 3232 5719 vero
3263 5672 3319 5718 et
3356 5663 3550 5720 favere
3594 5671 3650 5719 et
3689 5658 3859 5726 obseiui

2323 5762 2498 5832 parati
2521 5769 2666 5816 sunt.
2698 5759 2848 5814 Nosti
2877 5760 3022 5814 enim
3052 5759 3328 5812 hominem
3360 5757 3566 5824 amice,
3598 5767 3785 5829 quanto
3803 5753 3861 5806 ille

2324 5868 2467 5930 astu,
2505 5872 2614 5927 quo
2662 5855 2898 5927 ingenio,
2941 5869 3048 5928 qua
3080 5864 3198 5910 arte
3236 5852 3587 5924 tyrannidem
3631 5847 3859 5911 invaserit.
