3958 6314
159 298 296 360 1149

1126 294 1700 362 ιιιιιιυεοιιιιοιιυιι
1739 298 2038 370 Αιιρυιη
2077 302 2456 367 βρωτοιάιι.

3291 302 3429 361 1150

164 415 298 470 Nam
330 415 717 486 cmpitblande
745 415 956 492 plebem
982 416 1210 483 illicere,
1236 415 1430 476 deinde
1461 415 1560 474 sibi
1583 417 1746 476 etiam
1774 420 1820 481 Δ
1850 435 1969 474 vos.
2001 417 2160 477 Certe
2205 423 2306 494 ipsi
2339 422 2612 488 videbitis,
2662 439 2821 495 quam
2874 424 3108 480 civiliter
3152 435 3251 478 vos
3289 420 3436 477 exci-

162 509 389 564 vulnera
425 509 623 574 inflixit
655 529 666 564 :
698 525 761 567 ac
801 525 1117 584 progressus
1157 510 1210 566 in
1243 511 1542 580 publicum,
1570 525 1742 582 eaque

161 618 219 660 se
249 604 319 670 ab
350 603 598 662 hostibus
618 604 892 676 accepisse
915 603 1242 671 vociferans,
1274 605 1465 662 orabat
1485 603 1742 675 quadrin-

162 705 357 768 gentos
385 696 796 754 robustissimos
835 696 1062 768 juvenes
1103 695 1208 752 sibi
1235 695 1486 754 custddes
1527 694 1740 752 darent.

159 793 231 846 At
249 790 348 857 illi,
376 805 461 845 me
475 789 689 864 quidem
704 790 1014 847 reluctante
1029 798 1082 845 et
1102 789 1458 856 reclamante,
1473 788 1744 858 acquieve-

157 889 310 939 runt.
344 881 517 938 Erant
559 890 738 938 autem
793 879 845 935 hi
889 880 1088 942 armati
1118 879 1307 936 validis
1351 880 1609 948 qutibus;
1661 879 1744 938 his

160 974 350 1045 itaque
380 975 630 1044 stipatus,
673 981 874 1030 statum
907 972 1219 1044 reipublicae
1246 972 1467 1030 evertit.
1504 972 1747 1041 Dumque

158 1068 241 1124 illi
269 1083 368 1138 spe
396 1067 544 1124 inani
580 1081 846 1139 pauperes
883 1081 1044 1136 suos,
1081 1083 1149 1123 ne
1198 1066 1449 1124 mercede
1475 1066 1748 1128 servirent

157 1161 398 1216 liberare
423 1159 664 1227 student,
693 1174 886 1215 omnes
919 1175 1020 1216 una
1052 1159 1154 1215 sub
1188 1160 1376 1232 jugum
1405 1160 1555 1216 missi
1581 1169 1741 1226 sunt,

157 1255 364 1324 unique
393 1251 641 1309 serviunt
668 1253 968 1310 Pisistrato.

701 1349 866 1406 Solon
907 1349 1206 1407 Pisistrato.

231 1450 414 1509 Credo
467 1451 718 1524 equidem
748 1452 884 1510 nihil
933 1469 1022 1510 me
1058 1455 1156 1510 abs
1203 1464 1256 1512 te
1286 1469 1569 1526 passurum
1597 1452 1744 1510 mali.

159 1545 299 1602 Nam
346 1554 474 1602 ante
526 1545 867 1617 tyrannidem
921 1547 1017 1602 tibi
1058 1548 1264 1604 amicus
1303 1563 1472 1611 eram,
1507 1561 1576 1601 ne
1611 1561 1752 1601 nunc

1844 608 2071 667 venistis
2118 628 2133 664 :

1844 514 2013 586 piam.
2043 513 2196 572 Sicut
2224 516 2388 586 igitur
2405 532 2551 574 anno
2577 518 2854 589 praeterito
2869 516 3113 584 Sardeis,
3129 516 3183 570 in
3209 511 3433 587 Lydiam

2187 611 2262 666 ita
2311 627 2456 668 nunc
2496 627 2617 677 oro.
2661 627 2730 670 ne
2778 611 2959 684 pigeat
2995 610 3062 666 ad
3090 625 3178 665 me
3216 622 3433 680 quoque

1846 702 2144 773 proﬁcisci,
2189 701 2436 759 Corinthi
2477 714 2799 778 tyrannum;
2845 704 3108 760 videbunt
3140 704 3287 758 enim
3333 715 3433 756 vos

1845 815 1952 854 non
1981 799 2100 854 sine
2127 797 2493 870 gratulatione
2535 799 2834 866 Corinthii,
2891 796 3172 854 Periandri
3211 795 3432 852 domum

1845 889 2128 948 adeuntes.

2358 981 2646 1038 Periander
2674 981 2886 1038 Proclo.
2915 1026 2930 1046 ,

1918 1079 2084 1134 Nobis
2113 1076 2330 1150 quidem
2361 1093 2472 1132 non
2503 1092 2568 1133 ex
2591 1079 2856 1134 sententia
2877 1076 2978 1134 fuit
3002 1075 3189 1132 uxoris
3217 1073 3396 1131 scelus
3423 1094 3437 1132 :

1849 1180 1906 1227 tu
1937 1182 2119 1228 autem
2147 1179 2341 1243 sponte
2368 1169 2480 1225 ﬁlio
2509 1169 2725 1242 ingrato
2751 1171 2796 1225 si
2825 1171 2954 1241 quid
2991 1169 3190 1242 egeris,
3222 1183 3436 1240 peccas.

1850 1264 1958 1322 Aut
1978 1265 2141 1336 igitur
2168 1262 2569 1320 immanitatem
2603 1265 2656 1318 in
2681 1262 2852 1318 ﬁlium
2875 1277 3183 1334 compesce,
3217 1272 3310 1318 aut
3337 1277 3440 1333 ego

1851 1359 1929 1414 illi
1952 1373 2112 1429 opem
2145 1357 2314 1414 feram
2351 1378 2364 1414 :
2398 1371 2525 1416 nam
2555 1366 2610 1412 et
2632 1356 2750 1427 ipse
2774 1356 2908 1410 satis
2935 1356 3024 1410 diu
3057 1371 3242 1426 ptenas
3266 1355 3435 1412 dedit.

2297 1449 2654 1521 Thrasybulus
2686 1448 2997 1504 Periandro.

1923 1546 2168 1604 Prmconi
2195 1545 2411 1614 quidem
2446 1554 2540 1601 tuo
2567 1543 2704 1598 nihil
2735 1540 3100 1606 dissimulavi,
3133 1539 3227 1597 sed
3263 1541 3439 1611 ipsum

163 1639 392 1711 quidem
451 1639 621 1710 magis
670 1639 937 1706 infensus,
989 1655 1151 1710 quam
1206 1640 1342 1698 alius
1379 1638 1561 1711 quivis
1587 1637 1754 1693 Athe—
1853 1643 1906 1698 in
1947 1652 2186 1712 segetem
2234 1641 2519 1706 inducens,
2571 1638 2960 1696 eminentiores
3005 1637 3183 1706 spicas
3236 1635 3437 1690 bacillo

159 1733 457 1799 niensium,
501 1733 590 1804 qui
635 1732 972 1804 tyrannidem
1001 1749 1106 1792 non
1153 1745 1351 1790 ament.
1400 1734 1526 1792 Sive
1571 1743 1749 1789 autem
1853 1736 2078 1800 feriens,
2135 1735 2505 1798 decutiebam,
2557 1733 2931 1800 subsequente
2971 1729 3106 1786 illo:
3141 1728 3362 1798 tibique,
3396 1728 3442 1781 si

159 1829 325 1888 .ttnius
355 1827 588 1897 imperio
615 1827 751 1898 regi,
793 1827 911 1883 sive
950 1827 1168 1898 publice
1215 1843 1329 1886 rem
1376 1827 1742 1884 administrari
1775 1827 1819 1888 Β
1849 1832 2216 1900 interrogares
2237 1869 2251 1893 ,
2284 1827 2511 1882 referret
2539 1824 2801 1896 quidquid
2839 1823 2921 1878 vel
2971 1821 3170 1878 viderit
3207 1821 3294 1876 vel
3325 1834 3427 1874 au.

159 1921 268 1977 illis
297 1919 485 1982 utilius
531 1921 622 1988 sit,
670 1935 738 1976 ex
780 1935 879 1976 sua
928 1921 1157 1991 quisque
1204 1924 1474 1980 sententia
1525 1930 1744 1978 statuat.

159 2013 321 2070 Certe
351 2021 704 2085 tyrannorum
734 2021 787 2070 te
817 2013 1060 2070 omnium
1087 2029 1210 2076 esse
1249 2014 1748 2083 praestantissimum

157 2110 357 2166 fateor.
388 2107 630 2164 Athenas
676 2115 856 2164 autem
897 2107 1080 2168 redire
1130 2106 1265 2162 mihi
1311 2107 1441 2162 utile
1470 2121 1579 2162 non
1628 2121 1751 2166 esse

158 2215 453 2274 cognosco,
483 2217 551 2256 ne
581 2201 703 2271 quis
728 2217 816 2257 me
839 2201 988 2272 juste
1018 2200 1418 2271 reprehendat,
1450 2201 1542 2271 qui
1578 2201 1747 2257 Athe-

158 2297 444 2358 niensibus
465 2295 666 2352 dudum
691 2295 1075 2366 rempublicam
1103 2311 1169 2352 ex
1192 2310 1347 2366 aequo
1367 2293 1753 2351 administran-

160 2389 283 2446 dam
333 2388 658 2452 tradideram
684 2429 700 2451 ,
742 2403 1089 2459 praesensque
1115 2387 1352 2442 oblatam
1397 2386 1528 2442 mihi
1574 2397 1752 2460 tyran-

164 2481 346 2536 nidem
399 2491 594 2550 sponte
636 2479 1060 2546 declinaveram,
1106 2479 1267 2535 modo
1308 2479 1523 2538 rediens
1551 2480 1750 2536 factum

171 2583 322 2630 tuum
356 2572 528 2630 subita
558 2571 877 2644 pmnitcntia
906 2573 1138 2642 probare
1163 2573 1368 2630 videar.

761 2666 928 2724 Solon
955 2665 1146 2722 Croeso.

239 2760 548 2830 Amplector
572 2759 797 2818 miriﬁce
822 2770 966 2816 tuam
997 2761 1051 2814 in
1080 2775 1180 2818 nos
1202 2760 1634 2816 benevolentiam
1663 2779 1675 2815 :
1698 2771 1754 2817 et
1801 2774 1810 2782 '

169 2872 264 2925 per
301 2856 432 2914 deos
473 2854 830 2922 immortales,
870 2855 974 2910 nisi
1003 2854 1144 2924 apud
1175 2870 1262 2910 me
1287 2855 1614 2926 jampridem
1647 2865 1754 2912 sta-

169 2952 390 3010 tuissem
415 2947 489 3010 ibi
517 2947 702 3006 sedent
752 2947 956 3006 habere
984 2948 1071 3003 ubi
1099 2946 1404 3018 respublica
1443 2948 1516 3003 sit
1557 2948 1752 3016 libera,

169 3048 386 3104 mallem
415 3045 556 3116 apud
589 3054 671 3112 te,
704 3044 759 3099 in
784 3053 876 3098 tuo
915 3059 1084 3114 regno
1112 3043 1304 3111 vitam,
1338 3059 1498 3113 quatn
1530 3042 1755 3100 Athenis

169 3155 358 3210 agere,
407 3139 670 3194 violenter
719 3135 1058 3210 tyrannidem
1107 3145 1397 3198 exercente
1449 3134 1750 3191 Pisistrato.

1852 1925 2014 1980 dierit
2055 1940 2083 1977 a
2122 1938 2227 1978 me.
2280 1921 2360 1976 Tu
2402 1935 2533 1991 ergo
2559 1922 2636 1974 sic
2676 1917 2864 1980 facito,
2903 1916 3171 1986 siquidem
3203 1913 3444 1986 tyranni-

1851 2019 1974 2076 dem
2006 2029 2120 2074 tuto
2149 2026 2338 2072 tenere
2369 2015 2546 2084 cupis,
2596 2022 2761 2084 atque
2787 2012 2843 2066 in
2873 2025 2934 2066 ea
2966 2007 3324 2064 constabiliri.
3348 2005 3441 2062 Ci-

1851 2113 2029 2168 vitatis
2079 2111 2353 2181 principes
2382 2108 2536 2173 tolle,
2561 2107 2674 2163 sive
2717 2105 2795 2160 illi
2843 2102 3035 2170 amici,
3081 2102 3194 2157 sive
3225 2100 3436 2156 inimici

1853 2207 2142 2264 videantur
2173 2225 2184 2260 :
2213 2205 2412 2276 quippe
2431 2214 2666 2274 tyranno
2696 2199 2858 2255 amici
2907 2212 3125 2270 quoque
3153 2211 3302 2268 sape
3328 2209 3443 2251 sus-

1854 2302 1994 2372 pecti
2023 2311 2166 2358 sunt.

2367 2390 2708 2447 Anaroharris
2738 2389 2930 2444 Crasso.

1929 2487 2062 2559 Ego,
2089 2486 2358 2558 Lydorum
2377 2501 2493 2552 rex,
2519 2485 2574 2540 in
2605 2483 2868 2540 Greciam
2899 2480 3110 2546 adveni,
3131 2478 3438 2535 Graecorum

1855 2597 2034 2638 mores
2061 2591 2116 2637 et
2142 2581 2315 2637 studia
2347 2589 2401 2636 et
2423 2580 2666 2635 instituta
2698 2585 3071 2648 percepturus.
3096 2577 3244 2630 Auro
3263 2583 3443 2628 autem

1856 2675 1988 2732 nihil
2036 2689 2192 2746 egeo,
2223 2673 2462 2743 satisque
2484 2671 2612 2728 mihi
2645 2678 2748 2737 est,
2778 2680 2838 2725 ιιι
2867 2670 2932 2723 ad
2965 2667 3193 2739 Scythas
3222 2665 3443 2722 redeam

1857 2768 2048 2825 melior
2077 2777 2236 2838 atque
2262 2767 2500 2822 doctior.
2531 2763 2754 2820 Veniam
2779 2773 2959 2817 tamen
2986 2759 3054 2815 ad
3084 2769 3136 2816 te
3177 2757 3400 2813 Sardeis
3426 2795 3442 2822 ,

1857 2860 2076 2933 plurimi
2106 2860 2312 2916 faciens
2342 2859 2436 2915 tibi
2461 2858 2783 2913 familiarem
2816 2865 2873 2911 et
2897 2853 3131 2910 amicum
3162 2852 3299 2907 ﬁeri.

2359 2952 2698 3024 Epimenides
2733 2949 2939 3005 Soloni.

1927 3047 2174 3115 Conﬁde,
2208 3063 2241 3101 ο
2270 3046 2463 3102 amice.
2490 3045 2546 3102 Si
2569 3045 2714 3100 enim
2740 3043 2825 3098 vel
2847 3043 3056 3098 servire
3075 3040 3332 3106 assuetis,
3361 3039 3446 3093 vel

1861 3160 1966 3197 non
1999 3143 2136 3198 bene
2165 3140 2420 3197 institutis
2449 3138 2869 3196 Atheniensibus
2920 3137 3234 3192 Pisistratus
3266 3133 3444 3187 immi-

169 3234 372 3290 Verum
401 3233 474 3288 ibi
503 3233 723 3289 suavius
763 3247 830 3288 ex
879 3231 1124 3294 instituto
1152 3238 1343 3288 nostra
1372 3229 1623 3295 vivimus,
1663 3229 1754 3284 ubi
1783 3230 1829 3294 C
1862 3247 2034 3302 nerei,
2056 3235 2340 3302 imperium
2360 3232 2607 3304 profecto
2622 3231 2934 3287 diuturnum
2951 3229 3246 3284 habuisset,
3271 3228 3443 3282 ρωιρ.

168 3336 294 3384 sunt
319 3325 577 3381 omnibus
593 3339 744 3396 aqua
763 3334 818 3379 et
834 3324 1139 3380 communia
1164 3323 1309 3392 jura.
1336 3321 1558 3378 Veniam
1575 3332 1751 3380 tamen

167 3419 233 3476 ad
266 3428 340 3487 te,
373 3427 433 3472 ut
460 3428 549 3473 tuo
575 3417 658 3472 vel
685 3417 919 3487 hospitio
950 3416 1212 3485 tantisper
1239 3414 1404 3470 fruar.

715 3508 865 3564 Chilo
897 3508 1205 3563 Periandro.

239 3605 413 3662 Juhes
437 3603 512 3659 uti
564 3603 752 3662 militia
780 3617 989 3666 vacem,
1013 3600 1357 3670 extorrisque
1378 3614 1529 3671 agam
1561 3617 1574 3654 :
1603 3599 1755 3670 quasi

169 3709 226 3754 tu
257 3701 312 3754 in
343 3708 457 3756 tuto
489 3698 695 3753 futurus
725 3699 821 3753 sis.
853 3696 1012 3766 Atqui
1047 3709 1148 3766 ego
1183 3693 1493 3748 monarchze
1533 3708 1631 3748 nec
1661 3708 1755 3750 sua

169 3805 288 3854 tuta
317 3796 601 3865 esseiputo
643 3811 656 3847 :
688 3792 1016 3863 felicemque
1041 3806 1164 3846 eum
1206 3800 1493 3862 tyrannum
1521 3802 1717 3844 censeo
1738 3829 1755 3857 ,

170 3890 260 3947 cui
287 3890 342 3944 in
373 3903 469 3946 sua
502 3887 665 3943 domo
687 3885 893 3956 absque
922 3885 1183 3956 sanguine
1211 3883 1499 3953 contigerit
1529 3881 1687 3936 mori.

731 3979 965 4036 Piuaous
1010 3979 1201 4034 Cresa.

245 4076 414 4134 Jubes
442 4091 529 4132 me
551 4076 604 4132 in
632 4074 861 4148 Lydiam
890 4075 1096 4141 venire,
1127 4079 1424 4141 Spectatum
1457 4084 1590 4139 opes
1617 4077 1758 4124 tuas.

166 4173 290 4243 Ego
317 4171 421 4227 etsi
453 4171 575 4226 illas
600 4170 825 4227 minime
851 4168 1062 4239 aspexi,
1095 4166 1228 4222 nihil
1257 4166 1492 4236 ambigo,
1536 4165 1764 4238 Alyattis

171 4265 377 4329 filium,
414 4277 598 4334 regum
630 4262 872 4317 omnium
903 4275 1024 4316 esse
1052 4258 1521 4329 opulentissimum
1545 4299 1560 4326 ,
1601 4271 1761 4312 auro-

169 4375 283 4433 que
327 4357 764 4414 refertissimum.
784 4355 972 4427 Neque
1013 4369 1144 4410 vero
1195 4353 1428 4423 amplius
1457 4350 1750 4424 quidquam

170 4451 416 4510 habit-uri
443 4464 654 4516 sumus,
686 4451 730 4506 si
761 4448 982 4506 Sardeis
1013 4447 1080 4502 ad
1113 4455 1165 4502 te
1188 4445 1598 4504 accesserimus.
1619 4443 1766 4500 Auro

172 4543 321 4599 enim
355 4543 454 4614 ipsi
496 4557 600 4598 non
633 4541 957 4611 indigemus,
992 4540 1233 4595 contenti
1263 4539 1479 4596 tnodico
1509 4537 1634 4593 vita:
1665 4535 1764 4596 sti-

1859 3348 1974 3385 rum
1999 3331 2148 3386 viros
2172 3327 2315 3384 haud
2333 3342 2466 3382 sane
2489 3325 2681 3392 malos,
2707 3333 2802 3378 aut
2823 3324 3047 3391 ignavos
3068 3322 3278 3376 servire
3300 3334 3447 3375 cctn~

1859 3424 1994 3494 pulit
2025 3442 2036 3476 :
2072 3422 2166 3478 sed
2198 3422 2286 3490 qui
2336 3423 2665 3474 monitorum
2712 3416 2933 3473 Solonis
2977 3430 3282 3479 memores,
3335 3429 3448 3484 prie

1860 3516 2066 3586 pudore
2099 3515 2475 3585 ingemiscant,
2511 3510 3020 3582 servirertyrannidi
3049 3509 3247 3564 diutius
3275 3508 3449 3562 haud-

1859 3622 2124 3680 quaquam
2170 3607 2362 3662 ferent.
2408 3605 2606 3659 Verum
2666 3604 2768 3658 etsi
2816 3602 3131 3657 Pisistratus
3174 3601 3447 3655 civitatem

1859 3701 2158 3771 occuparit,
2223 3716 2331 3755 non
2369 3708 2548 3752 tamen
2595 3695 2661 3751 ad
2713 3696 2861 3750 illius
2912 3695 3112 3749 liberos
3157 3693 3446 3763 imperium

1861 3811 2024 3865 spero
2053 3793 2456 3850 deducendum.
2491 3791 2587 3846 Est
2616 3789 2761 3844 enim
2794 3787 3113 3859 perdifﬁcile
3143 3787 3453 3842 hominibus

1863 3887 2084 3955 liberis,
2122 3886 2506 3958 praclarisque
2561 3883 2823 3938 institutis
2866 3880 3114 3951 legibus,
3157 3879 3260 3934 sub
3286 3879 3455 3934 servi-

1866 3992 1978 4038 tute
2005 3983 2227 4040 durare.
2257 3980 2337 4038 Tu
2362 3986 2566 4043 autem,
2598 3976 2707 4032 noli
2735 4017 2750 4043 ,
2777 3989 2984 4044 quaeso,
3016 3987 3180 4044 vagus
3207 3972 3290 4043 agi
3310 4013 3324 4037 ,
3355 3971 3451 4027 sed

1866 4079 1918 4132 in
1947 4076 2160 4132 Cretam
2190 4073 2377 4130 venire
2399 4072 2467 4126 ad
2497 4086 2594 4126 nos
2614 4080 2846 4135 matura,
2879 4068 2965 4122 ubi
2985 4076 3249 4138 tyrannus
3271 4064 3453 4120 nullus

1865 4171 2113 4240 cuiquam
2155 4167 2417 4223 molestus
2447 4175 2551 4220 est.
2586 4150 2642 4218 Si
2676 4177 2806 4218 vero
2827 4161 2974 4216 illius
3000 4159 3155 4214 amici
3188 4158 3362 4224 forte,
3397 4168 3456 4212 ut

1867 4263 1945 4329 fit,
1978 4263 2033 4316 in
2065 4261 2257 4316 itinere
2287 4257 2620 4324 inciderint,
2645 4264 2828 4312 metuo
2856 4271 2922 4309 ne
2951 4253 3078 4324 quid
3117 4251 3322 4308 sinistri
3355 4251 3457 4308 tibi

1868 4357 2105 4412 eveniat.

2364 4443 2687 4516 Pherecydes
2715 4441 2946 4498 Thaleti.

1941 4547 2086 4602 Bene
2115 4541 2389 4605 moriaris,
2417 4555 2541 4595 cum
2574 4537 2671 4594 tibi
2697 4537 2875 4592 fatalis
2913 4534 3033 4590 dies
3061 4533 3459 4604 supervenerit.

167 4636 404 4711 pendio,
454 4642 716 4708 quantum
760 4635 892 4691 satis
920 4634 990 4688 sit
1017 4633 1168 4702 mihi,
1221 4640 1277 4688 et
1303 4633 1512 4690 amicis.
1544 4631 1766 4688 Veniant
1795 4629 1846 4690 Ι)
1874 4642 2091 4698 Morbus
2113 4654 2198 4700 me
2228 4637 2520 4701 invaserat,
2549 4646 2672 4688 cum
2700 4641 2820 4686 tuas
2845 4627 3030 4698 accepi
3055 4628 3281 4690 tuleras,
3309 4627 3460 4696 pedi.

172 4741 383 4798 tamen,
416 4743 473 4786 ut
499 4731 596 4786 tibi
621 4729 958 4800 perhumano
981 4737 1036 4784 et
1067 4726 1321 4798 hospitali
1341 4728 1456 4783 viro
1483 4727 1766 4784 familiaris

173 4824 405 4880 efﬁciar.
438 4823 588 4878 Vale.
1043 4805 1046 4808 ’

715 4915 986 4972 Cleobulus
1019 4913 1225 4970 Soloni.

252 5012 433 5070 Amici
455 5011 675 5084 quidem
707 5011 805 5067 tibi
835 5021 961 5068 sunt
992 5011 1242 5082 permulti
1262 5052 1276 5078 ,
1311 5002 1645 5080 singulisque
1673 5008 1771 5087 do-

175 5121 308 5164 nius
336 5116 420 5160 est
449 5124 462 5162 :
487 5121 675 5162 verum
702 5118 806 5175 ego
821 5104 1010 5162 Soloni
1034 5089 1529 5162 commodissimam
1561 5087 1770 5159 forced

175 5201 616 5271 inltahitandum,
667 5199 899 5256 Lindnm
941 5214 1160 5263 censeo,
1208 5199 1479 5253 civitatem
1522 5198 1770 5254 liberam.

178 5297 393 5366 Estque
422 5295 594 5352 insula
624 5295 915 5360 maritima,
941 5294 1032 5350 ubi
1053 5295 1098 5348 si
1132 5294 1329 5348 morari
1352 5292 1606 5358 volueris,
1641 5291 1774 5346 nihil

177 5407 210 5446 a
245 5390 530 5446 Pisistrato
557 5389 682 5446 mali
710 5387 1042 5453 formidabis,
1075 5397 1238 5456 atque
1265 5387 1330 5442 ad
1361 5395 1411 5441 te
1433 5385 1590 5442 amici
1620 5383 1776 5440 undi-

179 5498 294 5556 que
314 5480 608 5538 continent.
641 5481 786 5538 Vale.

649 5574 937 5632 Periander
965 5573 1316 5646 Sapientiam.

260 5667 480 5726 Gratias
508 5667 843 5724 immortales
875 5683 975 5738 ago
1011 5666 1205 5738 Pythio
1249 5661 1510 5736 Apollini,
1540 5661 1687 5731 quod
1719 5663 1775 5720 iu

185 5779 360 5821 unum
407 5769 629 5818 coactos
673 5761 922 5831 epistola:
973 5775 1111 5820 meae
1146 5769 1507 5832 repererunt,
1543 5757 1780 5826 ipsaeque

185 5855 540 5924 Corinthum,
577 5865 631 5912 ut
659 5855 878 5910 conttdo
899 5898 913 5923 ,
943 5855 1263 5925 perducent.
1298 5856 1565 5925 Exspecto
1595 5853 1780 5922 itaque

1869 4735 2006 4792 culis
2035 4729 2378 4803 opperiebar,
2419 4739 2475 4782 et
2508 4725 2644 4782 febri
2673 4722 2957 4793 quatiebar
3001 4729 3165 4778 totus.
3217 4720 3460 4776 laudavi

1869 4830 2050 4897 itaque
2076 4821 2395 4896 quibusdam
2426 4834 2495 4880 ex
2530 4815 2908 4883 familiaribus,
2941 4823 3001 4872 ut
3026 4831 3148 4872 cum
3191 4828 3278 4868 me
3305 4827 3462 4883 sepe-

1870 4919 2078 4986 lierint,
2104 4916 2171 4973 ad
2221 4926 2273 4972 te
2302 4913 2579 4986 perferant
2606 4925 2727 4981 quae
2757 4908 2973 4980 scripsi.
3020 4907 3100 4965 Tu
3145 4912 3344 4969 autem,
3388 4904 3465 4958 si-

1873 5013 2090 5086 quidem
2119 5027 2183 5067 ea
2221 5007 2537 5080 probaveris
2578 5020 2699 5062 cum
2728 5004 3061 5075 sapientibus
3101 4999 3342 5071 reliquis,
3387 4998 3462 5055 ita

1873 5105 2097 5178 legenda
2140 5106 2358 5159 demum
2396 5100 2578 5158 trades
2625 5117 2638 5154 :
2684 5099 2770 5154 sin
2812 5105 2991 5154 autem
3029 5091 3458 5164 improbaveris,

1877 5200 2050 5255 nolito
2085 5196 2272 5252 edere.
2318 5195 2444 5250 Mihi
2489 5203 2640 5250 certe
2678 5190 2910 5247 necdum
2947 5187 3082 5244 satis
3131 5185 3459 5256 placebant,

1877 5301 1964 5349 est
1994 5291 2067 5348 ibi
2091 5289 2306 5361 quidem
2331 5304 2436 5343 non
2460 5296 2607 5343 certa
2639 5299 2820 5340 rerum
2845 5281 3004 5336 fides.
3035 5279 3218 5350 Neque
3237 5277 3380 5332 enim
3408 5279 3460 5333 id

1877 5384 2078 5454 recepi,
2121 5397 2295 5452 neque
2337 5380 2462 5450 quid
2518 5380 2588 5433 sit
2633 5390 2818 5431 verum
2862 5388 2949 5428 me
2992 5373 3136 5428 scire
3184 5371 3464 5441 professus

1881 5494 2024 5534 sum.
2053 5475 2218 5531 Forte
2249 5473 2495 5546 quaedam
2527 5471 2593 5527 de
2621 5467 2918 5538 Tlteologia
2950 5465 3246 5531 reservavi,
3270 5473 3466 5521 caetera

1883 5570 2191 5641 intelligere
2230 5575 2466 5639 oportet.
2522 5563 2713 5618 Omnia
2757 5561 2961 5633 quippe
3000 5559 3187 5631 judico
3243 5558 3462 5630 potius,

1884 5681 2044 5737 quam
2075 5663 2282 5735 aperio.
2317 5660 2500 5717 Morbo
2531 5665 2710 5714 autem
2747 5654 2976 5726 singulis
3003 5653 3194 5726 diebus
3237 5654 3472 5714 invales-

1886 5770 2077 5824 cente,
2115 5772 2292 5826 neque
2334 5754 2668 5811 medicorum
2697 5752 3032 5820 quempiam,
3067 5763 3244 5820 neque
3270 5747 3469 5804 amico-

1889 5869 2007 5910 rum
2038 5851 2252 5923 penitus
2266 5847 2512 5906 admitto.
2534 5843 2805 5902 Caeterum
2824 5843 3204 5902 assistentibus
3220 5854 3321 5911 pro
3338 5839 3469 5896 fori-
