3958 6314
576 250 708 307 1151

1596 249 1942 308 APPENDIX
1980 251 2072 308 AD
2108 249 2340 308 OPEBA
2378 251 2436 309 S.
2462 251 2802 312 AMBROSll.

3690 263 3790 319 11εέ

571 363 694 433 bus,
720 374 775 422 et
799 367 1262 437 interrogantibus
1299 381 1406 439 quo
1446 367 1500 422 in
1528 374 1673 423 statu
1701 367 1829 430 sim,
1867 365 2040 438 digito
2067 381 2164 436 per
2189 367 2243 428 Α
2267 369 2341 423 uti
2358 367 2422 422 ad
2451 383 2536 424 me
2561 369 2944 439 proficiscaris,
2972 371 3025 428 id
3043 372 3175 428 mihi
3202 337 3622 444 persuadens,te
3644 391 3794 448 preces

570 457 694 512 ostii
723 457 959 514 claustra
993 456 1220 514 dimisso
1239 501 1254 526 ,
1284 474 1445 530 quam
1475 458 1749 530 pestilenti
1782 457 1926 512 malo
1952 469 2160 520 tenear,

569 551 783 607 ostendi
814 552 1214 624 :admonuiqne
1245 563 1301 608 ut
1326 553 1589 624 postridie
1609 553 1938 610 conveniant
1965 551 2033 608 ad
2075 568 2164 608 so-

570 641 778 700 lemnes
805 643 1135 717 Pherecydis
1165 646 1407 700 inferias.
1435 644 1589 700 Vale.

998 741 1340 796 Anaximenes
1369 740 1709 812 Pythagora.

642 831 862 895 Thales,
892 832 960 889 ab
982 835 1156 888 aetatis
1190 835 1326 890 flore
1351 877 1365 899 ,
1396 834 1464 888 ad
1491 843 1828 890 senectutem
1853 877 1868 902 ,
1914 848 2012 904 per
2048 842 2162 890 stu-

571 924 658 980 dia
689 926 907 980 virtutis
934 925 1398 998 humanitatisque
1432 936 1734 997 pervectus,
1769 929 1962 999 inclyta
1988 938 2162 985 morte

569 1015 896 1088 defungitur.
929 1017 976 1072 ls
1005 1032 1149 1085 cum,
1188 1031 1246 1074 ut
1279 1029 1659 1084 consueverat,
1696 1036 1800 1074 una
1843 1035 1964 1075 cum
1996 1022 2167 1077 ancil-

571 1107 701 1174 lula,
763 1107 940 1164 sidera
1000 1112 1386 1179 inspecturus,
1437 1113 1579 1166 atrio
1633 1111 1826 1167 domus
1870 1114 2164 1170 matutinus

573 1201 816 1267 exisset,
847 1201 1134 1258 immemor
1162 1212 1219 1258 ut
1248 1218 1373 1260 sese
1426 1204 1530 1259 loci
1572 1206 1707 1260 situs
1751 1207 2001 1274 haberet,
2036 1207 2161 1261 dum

574 1294 775 1349 aethera
807 1309 1032 1350 securus
1062 1297 1332 1365 explorat,
1360 1298 1410 1350 in
1441 1297 1738 1368 subiectam
1780 1297 1992 1354 foveam
2023 1300 2166 1356 ceci-

572 1385 672 1441 dit.
702 1386 893 1442 Milesii
917 1387 1154 1444 siderum
1175 1389 1538 1445 observatoris
1572 1391 1714 1446 hunc
1738 1391 1900 1448 finem
1923 1393 2162 1448 tradunt.

576 1481 846 1536 Caeterum
896 1497 1016 1551 nos,
1055 1485 1144 1554 qui
1192 1485 1492 1540 litterarum
1517 1501 1706 1541 amore
1737 1497 1999 1553 tenemur,
2034 1490 2169 1544 tanti

570 1577 672 1631 viri
709 1577 906 1646 jugiler
941 1580 1304 1647 meminimus,
1344 1593 1504 1654 atque
1534 1584 1584 1637 in
1620 1584 1763 1638 illius
1785 1587 2020 1641 maxime
2040 1586 2169 1642 doc-

575 1670 713 1725 trina
735 1672 1149 1743 acquiescimus,
1165 1676 1478 1748 initiumqne
1495 1679 1764 1734 sermonis
1787 1679 1952 1734 nostri
1974 1679 2168 1736 Thale-

577 1770 688 1818 tem
712 1779 928 1835 semper
957 1767 1312 1824 instituimus.

1013 1863 1355 1919 Anaximenes
1382 1864 1720 1937 Pythagora.

650 1952 957 2008 Consultius
983 1955 1140 2010 nobis
1161 1957 1340 2027 egisti,
1379 1968 1436 2012 ut
1464 1958 1679 2029 quietus
1703 1960 1939 2025 viveres,
1964 1965 2054 2032 qui
2099 1978 2165 2019 ex

577 2043 741 2101 Samo
791 2043 1082 2103 Crotonem
1131 2050 1524 2121 commigrasti.
1578 2053 1710 2108 Nam
1759 2053 2001 2111 Aiacidaa
2045 2072 2166 2112 cum

576 2139 698 2194 aliis
727 2140 905 2196 infesti
945 2151 1093 2209 sunt,
1130 2153 1238 2198 tum
1271 2144 1496 2202 Milesiis
1545 2149 1761 2220 tyranni
1797 2149 2164 2206 dominantur.

583 2232 861 2288 Medorum
895 2234 1024 2290 item
1057 2252 1150 2291 rex
1181 2239 1338 2294 nobis
1367 2240 1564 2295 acriter
1595 2241 1862 2308 imminet,
1893 2244 1996 2298 nisi
2039 2246 2169 2300 veli-

581 2342 702 2382 mus
729 2343 848 2383 esse
895 2329 1188 2386 tributarii.
1221 2331 1555 2404 Quamquam
1599 2335 1849 2392 videntur
1884 2337 2042 2393 Iones
2073 2354 2171 2410 pro

581 2421 831 2478 libertate
865 2426 1107 2480 omnium
1139 2441 1259 2483 cum
1292 2427 1466 2483 Medis
1498 2428 1776 2485 dimicare.
1803 2431 1879 2485 lta
1905 2433 2048 2487 enim
2097 2433 2173 2488 illi

582 2531 682 2572 nos
713 2519 947 2589 undique
989 2532 1203 2592 urgent,
1251 2533 1307 2578 ut
1335 2523 1482 2578 nulla
1511 2524 1668 2580 nobis
1697 2540 1820 2595 spes
1850 2526 2042 2582 salutis
2079 2528 2168 2582 sit.

582 2609 827 2676 Quonam
854 2612 1013 2682 igitur
1035 2613 1216 2669 animo
1240 2618 1792 2685 possitAnaximenes
1812 2619 1934 2675 coeli
1963 2631 2171 2676 secreta

584 2703 790 2768 rimari,
823 2705 908 2758 cui
932 2705 1077 2776 jugis
1102 2719 1192 2762 aut
1213 2711 1440 2774 mortis,
1471 2720 1563 2764 aut
1603 2714 1883 2768 servitutis
1911 2714 2174 2769 incumbit

585 2796 798 2850 ineius?
826 2800 991 2869 Atqui
1017 2808 1074 2854 tu
1101 2800 1430 2857 Crotoniatis
1460 2814 1620 2874 atque
1642 2805 1790 2861 Italis
1815 2808 2032 2862 caeteris
2053 2823 2175 2878 gra-

589 2898 675 2941 tus
718 2900 879 2958 atque
911 2891 962 2943 in
999 2896 1172 2960 pretio
1199 2909 1259 2948 es
1284 2936 1299 2959 ,
1333 2911 1491 2965 quem
1521 2900 1788 2953 accedunt
1809 2909 1862 2953 et
1893 2915 1956 2954 ex
1993 2898 2173 2955 Sicilia

585 2980 813 3037 studiosi
854 2983 1075 3054 quique.

1104 3081 1360 3152 Archytas
1388 3082 1661 3154 Dionysio.

2265 475 2416 516 meas
2439 459 2658 517 minime
2684 462 2862 518 irritas
2890 462 3006 519 ﬁeri
3035 479 3344 534 passurum.
3375 464 3454 521 Tu
3483 465 3631 537 igitur
3658 471 3794 525 modis

2264 552 2511 608 omnibus
2542 553 2769 619 enitere,
2803 565 2859 608 ut
2883 564 2975 610 tuo
3001 557 3358 612 contubernio
3390 555 3620 612 fruamur
3642 577 3653 613 ;
3679 573 3794 616 certe

2265 642 2442 698 sciens
2465 657 2570 698 non
2595 644 2702 698 mei
2731 654 2956 712 tantum,
2989 647 3083 701 sed
3119 647 3364 702 omnium
3403 649 3556 703 simul
3594 649 3796 707 Macedo-

2265 750 2390 789 num
2438 736 2768 793 eruditorem
2820 737 2956 794 fore.
2999 739 3130 795 Nam
3170 743 3263 812 qui
3298 741 3617 798 Macedoniae
3654 760 3794 816 regem

2264 829 2472 892 erudit.
2507 841 2671 902 atque
2713 832 2762 886 in
2793 833 3046 889 virtutem
3088 833 3318 902 imbuit,
3353 851 3474 889 eum
3520 845 3570 891 et
3605 838 3795 896 subditos

2264 937 2509 993 quosque
2535 924 2800 980 instruere
2822 923 2887 978 ad
2914 925 3289 981 fortitudinem
3316 938 3372 981 et
3398 927 3692 995 probitatem
3709 946 3796 984 cer-

2267 1023 2376 1069 tum
2405 1026 2506 1070 est.
2541 1015 2671 1070 Nam
2713 1017 3013 1086 cujusmodi
3060 1017 3226 1074 fuerit
3262 1020 3374 1073 dux
3398 1061 3412 1084 ,
3446 1019 3574 1074 tales
3599 1029 3652 1074 ut
3673 1023 3794 1091 pluri-

2267 1124 2411 1163 mum
2436 1109 2680 1165 subditos
2711 1110 2823 1167 fieri
2851 1126 3077 1168 necesse
3099 1123 3205 1167 est.
3230 1111 3388 1169 Vale.

2765 1204 2906 1260 Zeno
2927 1205 3187 1277 Antigono
3223 1208 3357 1278 regi.

2337 1297 2648 1367 Amplector
2679 1308 2826 1353 tuum
2853 1309 2960 1354 tam
2990 1300 3290 1355 vehemens
3318 1299 3560 1355 discendi
3583 1303 3775 1366 studiis,

2268 1389 2411 1461 quod
2432 1406 2634 1459 veram,
2666 1393 2852 1448 utilem
2877 1402 3040 1462 atque
3071 1395 3468 1461 necessariam,
3501 1409 3600 1449 non
3629 1403 3782 1467 popula.

2269 1497 2384 1538 rem
2422 1492 2476 1537 et
2500 1499 2621 1554 quae
2643 1483 2710 1538 ad
2745 1486 3134 1553 pervertendos
3157 1500 3342 1540 mores
3370 1484 3562 1550 tendit,
3596 1490 3787 1545 eruditio.

2273 1591 2393 1629 nem
2433 1576 2844 1646 apprehendere
2874 1576 3131 1632 instituis.
3162 1577 3268 1646 Qui
3311 1578 3463 1634 enim
3511 1579 3787 1651 philosophi:

2271 1685 2458 1726 amore
2480 1685 2543 1725 ac
2569 1671 2750 1726 studio
2778 1680 3015 1738 tenetur,
3038 1670 3389 1740 declinatque
3421 1671 3664 1727 celebrem
3685 1675 3784 1730 illam

2197 1775 2241 1834 Β
2269 1774 2322 1821 et
2346 1766 2616 1836 vulgarem
2643 1766 2998 1837 voluptatem,
3023 1781 3142 1837 qua:
3163 1765 3531 1836 quorumdam
3557 1766 3781 1822 adclaras-

2272 1862 2506 1916 tulorum
2548 1861 2761 1916 animos
2790 1861 3066 1917 effeminat
3099 1879 3112 1916 :
3148 1877 3273 1916 eum
3325 1876 3439 1915 non
3491 1870 3639 1914 natura
3659 1864 3768 1918 modo

2269 1957 2603 2012 nobilitatem
2634 1958 2794 2021 tueri,
2819 1957 2913 2012 sed
2943 1972 3130 2012 verum
3155 1958 3380 2026 quidem
3406 1958 3611 2012 virtutis
3631 1973 3772 2028 quoque

2269 2054 2598 2120 institutum,
2631 2051 2973 2107 manifestum
3004 2061 3109 2108 est.
3146 2053 3323 2106 Porro
3358 2052 3574 2107 liberali
3609 2051 3790 2105 amabili

2271 2147 2488 2217 ingenio
2516 2147 2560 2200 si
2584 2145 2871 2216 adjiciatur
2902 2145 3112 2199 modica
3145 2145 3494 2212 exercitatio,
3531 2160 3680 2212 neque
3700 2143 3791 2196 desit

2273 2241 2621 2310 prmeeptoris
2649 2241 2830 2308 (-Opia,
2859 2250 3068 2293 mature
3087 2237 3153 2291 ad
3180 2236 3491 2306 perfectam
3512 2237 3788 2291 virtutisen-

2271 2333 2348 2387 dit
2379 2331 2606 2402 frugem.
2635 2330 2897 2402 Equidem
2933 2331 3035 2384 nisi
3071 2340 3332 2385 senectus
3372 2329 3512 2384 mihi
3543 2330 3796 2392 obsisteret,

2273 2441 2390 2481 sum
2423 2426 2566 2480 enim
2597 2423 2996 2495 octogenarius,
3026 2437 3340 2493 corpusque
3368 2432 3631 2492 praterea
3672 2422 3802 2475 invali-

2274 2520 2424 2582 dum,
2457 2519 2572 2589 ipse
2597 2518 2662 2572 ad
2679 2527 2730 2572 te
2753 2517 3017 2582 venirem,
3039 2526 3096 2570 ut
3111 2516 3293 2585 jubes.
3310 2515 3453 2584 Quia
3467 2530 3592 2570 vero
3616 2515 3662 2570 id
3681 2516 3806 2576 datur.

2275 2611 2534 2681 quosdam
2569 2626 2634 2664 ex
2666 2608 3183 2664 conturbernalibus
3211 2609 3354 2664 meis
3379 2608 3452 2663 ad
3476 2617 3530 2663 te
3555 2608 3721 2672 mitto,
3750 2599 3815 2677 qui

2275 2702 2438 2757 animi
2462 2702 2620 2758 boiiis
2643 2717 2728 2756 me
2756 2701 2977 2755 minime
3005 2699 3295 2755 inferiores
3323 2709 3460 2755 sunt
3482 2743 3498 2768 ,
3546 2710 3599 2756 et
3626 2701 3818 2768 corporis

2277 2798 2437 2854 etiam
2474 2797 2776 2853 commodis
2801 2805 3149 2865 exsuperant.
3201 2795 3294 2850 His
3327 2797 3374 2850 si
3401 2806 3459 2850 tu
3484 2795 3695 2851 studiose
3714 2810 3818 2849 con-

2275 2890 2548 2962 grediare,
2580 2890 2713 2944 nilnil
2738 2890 2882 2961 quod
2913 2889 2977 2944 ad
3002 2889 3296 2960 perfectam
3321 2893 3566 2963 pertinet
3593 2889 3822 2946 beatitudi-

2283 3000 2429 3050 nem,
2465 2983 2828 3040 desiderabis.

2737 3075 3064 3150 Pythagoras
3095 3076 3431 3131 Anaximem'.

658 3166 904 3224 Misimus
937 3186 1129 3227 omnes
1160 3173 1400 3229 Platonis
1432 3179 1720 3232 necessarii
1757 3178 2089 3246 Lamiscum,
2118 3193 2169 3236 et
2201 3163 2246 3229 C
2346 3169 2415 3224 At
2440 3180 2520 3235 tu.
2564 3169 2805 3224 Virorum
2834 3170 3079 3238 οριίιιιθ,’
3103 3169 3146 3224 Si
3193 3169 3330 3224 nihil
3359 3169 3678 3241 Pythagora,
3703 3180 3747 3225 et
3763 3185 3825 3239 ge

590 3259 894 3329 PliOtidain,
929 3263 1102 3318 viruin
1130 3266 1279 3320 illum
1309 3268 1406 3324 abs
1437 3279 1488 3324 te
1513 3273 1777 3341 recepturi
1798 3273 1919 3343 jure
1940 3275 2174 3344 antiqua:

589 3362 789 3407 nostra:
819 3355 1094 3412 amicitiae.
1130 3357 1295 3415 Recte
1337 3361 1502 3430 igitur
1542 3361 1755 3430 feceris,
1786 3365 1832 3419 si
1868 3367 2178 3422 memineris

588 3457 792 3517 quanto
817 3463 848 3503 a
879 3449 1037 3506 nobis
1066 3451 1246 3507 studio
1279 3452 1590 3526 efﬂagitasti
1631 3448 1869 3513 Platonis
1905 3460 1971 3514 ad
2004 3469 2056 3516 te
2083 3460 2178 3514 ad-

585 3551 830 3607 ventum,
863 3551 922 3596 ut
949 3559 1048 3598 nos
1078 3543 1235 3601 illum
1267 3546 1452 3603 venire
1483 3548 1856 3616 hortarentur,
1911 3551 2177 3608 facturum

591 3645 643 3689 te
670 3633 946 3705 spondens
976 3641 1155 3693 omnia
1185 3639 1444 3713 illumque
1466 3643 1635 3699 libere
1663 3646 1927 3702 accedere
1948 3658 2002 3703 et
2028 3648 2180 3704 abire

589 3729 1008 3798 permissurum.
1037 3734 1244 3788 Memor
1264 3744 1382 3790 esto
1401 3737 1584 3807 igitur,
1607 3741 1791 3810 quanti
1811 3741 1956 3796 illius
1979 3741 2182 3798 adven-

590 3832 701 3878 tum
724 3824 941 3891 feceris,
974 3827 1233 3898 qnodque
1263 3844 1330 3884 eo
1357 3841 1602 3900 tempore
1642 3835 1762 3904 plus
1792 3839 2002 3891 caneris
2029 3853 2181 3892 ama-

589 3921 754 3975 veris.
771 3919 921 3987 Quod
937 3923 980 3975 si
999 3939 1101 3992 qua
1119 3933 1238 3979 orta
1261 3926 1511 3981 simultas
1523 3937 1625 3997 est,
1648 3929 1935 3985 humanius
1950 3941 2000 3988 te
2022 3947 2183 4003 agere

589 4015 866 4082 convenit,
918 4015 1177 4087 illumque
1233 4019 1390 4074 nobis
1433 4023 1721 4078 restituere
1772 4023 2024 4080 illzesum.
2060 4026 2181 4081 llaec

590 4107 734 4162 enim
780 4109 825 4162 si
871 4106 1035 4176 facis,
1081 4109 1343 4179 justitiam
1393 4113 1540 4169 coles
1567 4159 1580 4183 ,
1625 4130 1688 4170 ac
1717 4116 1872 4172 nobis
1907 4117 2183 4188 gratiﬁca-

593 4200 764 4257 beris.

1040 4295 1332 4350 Arcesilam
1375 4297 1726 4354 Thaumasia.

667 4384 1013 4442 Testamenta
1044 4403 1163 4443 mea
1198 4387 1417 4460 Diogeni
1440 4391 1634 4447 tradidi
1659 4393 1726 4448 ad
1760 4401 1812 4448 te
1842 4393 2183 4465 perferenda.

596 4479 733 4548 Quia
789 4483 934 4536 enim
984 4485 1184 4552 saepius
1222 4495 1450 4556 mgroto,
1507 4497 1562 4543 et
1613 4503 1841 4558 corpore
1893 4506 1997 4545 non
2036 4501 2186 4545 recte

2281 3279 2413 3320 nere
2464 3272 2518 3319 et
2555 3264 2726 3334 gloria
2771 3265 3116 3334 praestantior
3155 3279 3326 3330 esses,
3387 3265 3633 3335 profecto
3665 3264 3722 3318 ad
3758 3280 3823 3317 nos

2275 3362 2387 3428 jam
2417 3376 2480 3415 ex
2516 3362 2694 3416 Mileto
2721 3361 3014 3432 migrasses
3042 3379 3054 3413 :
3088 3377 3232 3416 nunc
3254 3375 3388 3416 vero
3419 3370 3473 3415 te
3495 3360 3741 3415 continuit
3761 3374 3826 3429 pa-

2282 3464 2433 3509 terna
2463 3463 2519 3508 et
2557 3455 2702 3508 avita
2734 3453 2928 3523 gloria,
2977 3469 3097 3524 qua:
3147 3462 3203 3509 et
3250 3468 3338 3508 me
3393 3454 3758 3511 continuisset,
3793 3451 3824 3504 si

2282 3563 2459 3604 essem
2505 3548 2824 3604 Anaximeni
2863 3548 3077 3603 similis.
3110 3545 3382 3603 Caeterum
3413 3563 3514 3602 vos
3567 3548 3613 3602 si
3656 3544 3819 3615 augurio

2283 3643 2445 3697 urbes
2473 3643 2766 3709 deseretis,
2799 3642 2880 3696 eis
2907 3643 3126 3709 quidem
3157 3650 3389 3695 ornatus
3421 3640 3709 3700 adimetur,
3737 3635 3814 3689 lle-

2283 3736 2445 3806 dique
2472 3736 2580 3790 illis
2609 3734 2858 3790 infestius
2904 3735 3205 3789 instabunt.
3240 3733 3429 3805 Neque
3487 3749 3622 3789 vero
3667 3744 3815 3796 semper

2285 3831 2541 3885 convenit
2571 3840 2842 3884 astrorum
2869 3844 2933 3882 ac
2958 3828 3079 3884 cali
3125 3828 3402 3898 vestigare
3430 3827 3688 3882 rationes.
3717 3824 3819 3878 Pra-

2285 3924 2700 3988 SIatinterduin,
2731 3923 2795 3976 ad
2820 3924 3051 3994 patriam
3066 3937 3226 3976 curas
3256 3923 3715 3992 cogitationesque
3733 3932 3821 3971 can-

2286 4028 2519 4074 vertere.
2552 4018 2887 4088 Quamquam
2920 4032 3022 4087 ego
3052 4033 3157 4071 nou
3208 4031 3432 4086 semper
3459 4017 3597 4070 meis
3635 4025 3744 4066 vaco
3775 4009 3823 4062 fa-

2287 4113 2447 4178 bulis,
2472 4119 2664 4167 'verum
2694 4124 2746 4166 et
2767 4113 2923 4167 bellis
2951 4109 3225 4166 interdum
3257 4110 3462 4182 quibus
3492 4110 3636 4164 inter
3655 4122 3707 4162 se
3727 4101 3822 4160 inri-

2286 4220 2405 4261 cem
2437 4205 2556 4260 Itali
2581 4204 2872 4261 dissident.

2822 4301 3080 4372 Archytas
3111 4298 3346 4354 Platoni.

2361 4395 2518 4451 Facis
2545 4406 2601 4450 tu
2631 4395 2846 4466 quidem
2880 4405 3049 4458 recte,
3079 4395 3222 4465 quod
3261 4393 3423 4448 nobis
3450 4406 3506 4448 re
3542 4388 3825 4447 convaluisse

2292 4503 2364 4544 ex
2397 4489 2718 4559 aegritudine
2770 4487 3094 4560 significaris
3124 4505 3136 4540 :
3171 4487 3238 4541 de
3291 4486 3549 4540 Damisco
3595 4485 3711 4539 item
3747 4495 3825 4535 rer-

592 4577 783 4645 valeo,
840 4589 1219 4636 testamentum
1269 4584 1544 4641 conficere
1598 4586 1837 4655 placuit:
1871 4599 1927 4643 ut
1968 4591 2014 4644 si
2053 4590 2180 4660 quid
2209 4558 2456 4636 Dliores
2488 4580 2700 4636 feceris.
2749 4582 2824 4635 De
2868 4577 3290 4635 Commentariis
3344 4588 3528 4633 autem
3578 4576 3826 4631 curavimus

596 4672 881 4743 contingat
903 4671 1259 4743 inopinatum,
1293 4678 1412 4732 sine
1437 4690 1526 4734 tua
1560 4679 1760 4748 injuria
1786 4683 2096 4751 proficiscar
2119 4701 2184 4739 ex

598 4768 706 4822 vita
731 4809 744 4829 ,
789 4771 880 4838 qui
915 4785 1051 4824 unus
1082 4784 1148 4825 ex
1176 4773 1429 4829 omnibus
1457 4775 1696 4830 maximo
1725 4791 1812 4830 me
1841 4777 2034 4832 affectu
2067 4794 2189 4848 pro-

598 4873 816 4916 secutus
869 4877 949 4918 es.
1007 4862 1383 4920 Fidelissitnus
1431 4875 1608 4923 autem
1653 4869 1924 4937 omnium,
1971 4873 2062 4942 qui
2103 4873 2190 4928 hic

596 4964 744 5023 sunt,
779 4971 899 5009 cum
934 4957 1061 5012 mihi
1101 4973 1316 5028 semper
1349 4960 1534 5029 fueris,
1561 4962 1847 5033 diligenter
1874 4976 1924 5020 et
1969 4980 2190 5021 servare

594 5047 776 5114 stude,
813 5059 922 5103 tum
957 5060 1178 5120 pr0pter
1207 5060 1443 5117 aetatem,
1484 5062 1596 5108 tum
1645 5065 1864 5126 propter
1891 5057 2191 5112 necessitu—

598 5142 803 5198 dinem.
827 5142 968 5198 Cura
994 5146 1154 5215 igitur
1184 5160 1424 5211 memor,
1457 5157 1716 5218 quantum
1757 5159 1861 5202 tua
1890 5147 2012 5204 fidei
2041 5164 2191 5204 com-

600 5239 834 5304 mittam,
857 5249 913 5292 ut
939 5239 1084 5309 quod
1113 5240 1253 5310 apud
1287 5252 1338 5295 te
1369 5249 1538 5296 totum
1577 5241 1898 5310 deponetnr,
1930 5252 2187 5313 quantum

599 5333 654 5387 in
691 5341 743 5388 te
771 5343 887 5398 est,
915 5344 972 5388 et
1003 5335 1216 5404 negotia
1249 5350 1364 5390 mea
1400 5336 1627 5391 honeste
1647 5335 1904 5406 disposita
1934 5337 2061 5391 sint.

879 5427 996 5483 Rex
1015 5428 1309 5500 Antigonus
1339 5429 1538 5485 Zenoni
1571 5431 1905 5503 philowpho.

672 5523 784 5592 Ego
828 5524 1044 5579 fortuna
1073 5539 1162 5580 me
1186 5525 1403 5594 quidem
1437 5534 1492 5580 et
1521 5525 1691 5596 gloria
1725 5525 1886 5580 vitam
1922 5535 2064 5580 tuam
2098 5540 2193 5579 an-

595 5617 739 5674 teire
765 5617 1020 5673 existimo
1060 5620 1364 5687 :;caeterum
1394 5620 1702 5692 disciplinis
1730 5618 2030 5687 studiisque
2059 5617 2195 5674 libe-

608 5710 840 5778 ralibus,
882 5719 938 5765 et
987 5714 1217 5780 perlecta
1270 5710 1551 5779 felicitate,
1604 5727 1766 5783 quam
1820 5721 1875 5766 tu
1927 5711 2192 5780 possides,

599 5799 764 5877 longe
784 5807 883 5863 abs
913 5815 964 5862 te
996 5806 1232 5875 praecelli
1254 5807 1450 5860 sentio.
1475 5805 1740 5873 Quocirca
1756 5815 1808 5860 te
1829 5819 1986 5860 orare
2004 5804 2190 5872 statui,

2285 4676 2642 4745 venimusque
2669 4673 2733 4727 ad
2765 4673 3041 4740 Lucanos,
3071 4673 3252 4742 ibique
3281 4671 3643 4726 convenimus
3678 4663 3826 4722 Ocrelii

2292 4781 2538 4840 nepotes.
2572 4771 2702 4838 Quae
2725 4769 2887 4840 igitur
2915 4768 2984 4823 de
3019 4782 3210 4836 regno,
3247 4766 3481 4836 legibus,
3507 4764 3724 4834 justitia,
3746 4775 3826 4812 οιιι-

2289 4865 2552 4933 niumque
2597 4860 2970 4933 generatione,
3016 4869 3070 4914 et
3118 4859 3215 4928 ipsi
3276 4858 3574 4918 habemus,
3605 4865 3655 4910 et
3698 4869 3750 4907 ex
3774 4850 3828 4902 liis

2291 4955 2543 5027 quaedam
2592 4954 2859 5008 misimus.
2891 4953 3124 5022 Reliqua
3168 4951 3330 5005 modo
3357 4949 3592 5019 reperiri
3625 4963 3719 5002 non
3743 4959 3830 5016 pas-

2293 5055 2423 5103 sunt
2455 5064 2468 5100 :
2497 5061 2619 5102 cum
2652 5048 2875 5100 inVenta
2906 5043 3128 5110 fuerint,
3159 5041 3226 5097 ad
3261 5054 3312 5098 te
3337 5041 3671 5096 deferentur.

2885 5137 3042 5192 Plato
3072 5135 3332 5207 Archyta.

2363 5235 2496 5302 Quae
2524 5235 2624 5290 abs
2654 5243 2708 5289 te
2739 5233 2896 5288 nobis
2921 5233 3085 5287 allata
3116 5242 3241 5286 sunt
3287 5228 3719 5292 Commentaria,
3755 5221 3828 5278 diri

2293 5345 2405 5385 non
2449 5338 2649 5398 potest,
2699 5345 2859 5399 quam
2909 5329 3148 5382 libenter
3189 5327 3539 5396 accepimus;
3571 5324 3749 5394 quique
3769 5320 3826 5371 illi

2294 5422 2534 5494 scripsit,
2586 5425 2636 5477 in
2687 5423 2874 5491 primis
2914 5419 3165 5475 admirati
3205 5434 3413 5474 sumus.
3455 5416 3699 5472 Ostendit
3725 5411 3826 5468 enim

2296 5519 2539 5590 profecto
2570 5517 2650 5572 vir
2682 5516 2794 5581 ille,
2821 5515 3041 5586 dignum
3070 5529 3130 5569 se
3152 5513 3452 5582 majoribus
3484 5512 3591 5566 illis
3621 5511 3740 5572 suis,
3764 5520 3828 5558 an-

2298 5610 2620 5683 tiquissimis
2646 5619 2810 5681 atque
2835 5609 3056 5680 optimis
3095 5607 3248 5662 viris.
3282 5605 3555 5662 Feruntur
3585 5611 3745 5658 autem
3771 5595 3827 5650 isli

2297 5709 2423 5774 viri,
2455 5705 2640 5778 Myraei
2670 5703 2837 5760 fuisse
2869 5721 2882 5758 :
2915 5704 3169 5758 hiantem
3200 5715 3266 5756 ex
3298 5699 3408 5755 illis
3430 5699 3579 5755 fuere
3603 5691 3824 5767 Trojanis,

2299 5804 2540 5873 quicum
2593 5799 2963 5856 Laomedonte
3007 5799 3335 5863 migrarunt,
3388 5795 3490 5849 viri
3539 5793 3693 5857 boni,
3721 5787 3830 5845 inde
