3958 6314
72 321 228 382 1155

1029 316 1389 379 EPISTOLAS
1431 319 1518 376 DE
1559 318 1893 378 MONACHO
1933 318 2421 378 ENERGUMENO.

3218 304 3356 367 ΗΜ

69 436 195 492 illis
227 435 424 490 tradita
455 435 780 508 significant.
801 436 930 506 Qua:
961 439 1101 508 apud
1133 454 1218 494 me
1244 448 1368 493 sunt
1391 439 1678 493 Contmen-
1707 443 1754 500 Α
1784 437 1924 507 giam
1951 435 2189 490 domum.
2223 435 2397 492 Graeci
2419 436 2586 495 enim,
2625 445 2682 488 ut
2706 433 2998 504 plurimum
3027 427 3365 498 sapientibus

75 529 246 594 taria,
277 529 348 585 de
381 530 573 600 quibus
598 530 889 599 scripsisti,
925 532 1163 588 nondum
1191 535 1324 588 satis
1355 533 1674 589 elucubrata

72 629 237 687 sunt,
272 638 450 692 neque
473 639 721 694 umquam
753 625 887 679 satis
914 635 1108 693 erunt;
1139 642 1204 682 ea
1229 636 1411 682 tamen
1432 625 1572 680 misi.
1604 626 1678 680 De

75 712 335 767 custodia
357 729 488 769 vero
501 715 662 770 ambo
683 717 1053 772 consentimus
1079 735 1091 771 :
1113 716 1251 772 nihil
1277 717 1458 786 itaque
1481 715 1676 771 adhorc

77 805 298 862 talione
329 821 468 876 opus
489 817 592 862 est.
628 807 780 864 Vale.

137 898 260 954 Rea:
274 896 492 968 Darius,
511 899 790 973 Hystaspis
821 901 986 972 ﬁlius,
1006 901 1332 958 Heraclitum
1347 901 1650 974 Ephesium,

525 996 809 1068 sapientem
834 999 1022 1067 virum,
1047 999 1254 1053 salutat.

158 1089 390 1146 Librum
423 1089 492 1147 de
523 1091 724 1146 Natura
749 1093 1019 1163 scripsisti
1051 1093 1364 1158 obscurum,
1386 1091 1686 1148 difﬁcilem-

81 1200 197 1254 que
221 1185 277 1239 in
311 1184 607 1255 plerisque,
638 1184 729 1254 qui
772 1185 816 1238 si
847 1184 914 1240 ad
949 1185 1173 1241 verbum
1218 1193 1543 1255 exponatur,
1576 1183 1684 1237 vim

80 1277 390 1348 quamdam
447 1276 837 1348 speculationis
888 1278 1169 1334 continere
1230 1280 1448 1334 videtur
1501 1275 1688 1331 mundi

85 1372 287 1438 totius,
313 1380 366 1427 et
400 1386 522 1442 quae
549 1372 602 1426 in
633 1387 700 1427 eo
727 1372 860 1426 fiunt
882 1373 1147 1442 omnium,
1175 1388 1295 1443 qua:
1321 1372 1537 1442 quidem
1566 1379 1690 1424 sunt

85 1465 144 1521 in
179 1465 373 1522 divino
405 1474 554 1520 motu
591 1467 904 1522 constituta.
938 1467 996 1522 ln
1045 1468 1240 1538 quibus
1268 1467 1484 1537 plurimi
1516 1470 1689 1519 haese-

87 1571 228 1616 runt
269 1561 431 1626 adeo,
463 1571 604 1617 utet
648 1563 736 1630 qui
775 1562 1052 1634 complura
1096 1563 1363 1634 legerunt,
1395 1560 1691 1630 ambigant,

87 1669 221 1708 cum
269 1665 416 1710 recta
455 1655 553 1710 abs
583 1663 637 1710 te
670 1656 910 1710 narratio
939 1655 1245 1725 conscripta
1277 1656 1546 1710 videatur.
1579 1653 1689 1706 lies

89 1747 266 1818 igitur
318 1747 527 1814 Darius,
564 1748 848 1820 Hystaspis
873 1749 1042 1817 filius,
1072 1748 1286 1803 auditor
1314 1762 1436 1803 esse
1459 1756 1582 1801 tuus
1601 1760 1696 1800 cu-

1777 527 1910 584 viris
1937 526 2288 582 observandis
2317 527 2494 582 minus
2518 526 2711 593 dediti,
2745 531 3106 596 aSpernantur
3136 536 3198 573 ea
3243 532 3365 587 quae

1780 622 1848 677 ab
1881 621 1965 676 his
2011 629 2162 678 recte
2205 622 2406 678 fuerint
2433 622 2753 678 elucubrata
2789 639 2802 675 :
2840 617 3053 674 tametsi
3095 611 3364 685 ejusmodi

1780 717 1912 784 sint,
1941 725 1999 770 ut
2026 714 2331 771 eruditione
2359 727 2414 770 et
2447 718 2718 788 gravitate
2765 729 2870 768 non
2919 719 3158 768 careant.
3210 705 3364 777 Apud

1782 823 1870 864 me
1914 817 2093 864 autem
2137 807 2314 863 aderit
2355 807 2449 863 tibi
2487 808 2662 867 omnis
2711 807 2893 863 honor
2922 847 2939 873 ,
2990 804 3367 875 primatusque

1783 903 1986 970 omnis,
2018 901 2365 973 quotidieque
2393 902 2622 957 sollicita
2653 899 2986 964 observatio,
3012 903 3232 966 etgrata
3255 892 3370 949 col-

1785 994 2009 1058 locutio,
2039 995 2257 1064 vitaque
2289 993 2392 1048 tuis
2414 994 2657 1048 moribus
2683 990 3002 1063 probabilis.
3029 988 3181 1043 Vale.

1883 1125 2184 1182 Heraclitus
2212 1125 2469 1198 Ephesius
2495 1126 2601 1198 regi
2622 1125 2805 1193 Dario,
2837 1123 3118 1197 Hystaspis
3145 1123 3276 1194 lilio.

1858 1267 2130 1337 Quotquot
2156 1267 2412 1324 mortales
2444 1268 2497 1322 in
2536 1267 2700 1322 terris
2743 1265 2950 1331 vivunt,
2982 1282 3012 1319 a
3047 1264 3274 1319 veritate
3313 1275 3378 1316 ac

1784 1361 1994 1433 justitia
2045 1362 2338 1430 abstinent,
2382 1363 2623 1417 avaritia:
2672 1368 2849 1415 autem
2901 1368 2959 1413 et
3005 1358 3149 1412 inani
3182 1357 3373 1428 gloria:

1790 1456 2197 1526 inexplebiliter
2235 1455 2526 1510 intendunt
2549 1496 2563 1520 ,
2593 1452 2819 1524 perditae
2848 1450 3134 1506 dementire
3183 1463 3370 1506 causa.

1791 1548 1908 1620 Ego
1937 1558 2137 1611 autem,
2169 1549 2346 1602 omnis
2369 1549 2662 1604 immemor
2691 1546 2973 1616 nequitias,
2997 1543 3383 1612 fastidiumque
3466 1551 3468 1553 ’

1794 1641 2039 1696 devitans
2069 1642 2244 1696 omnis
2273 1639 2493 1695 invidia:
2523 1639 2857 1703 domesticas,
2889 1652 3010 1708 qua:
3040 1635 3383 1704 splendorem

1794 1735 2046 1792 comitari
2077 1735 2234 1799 solet,
2268 1747 2561 1802 numquam
2609 1731 2664 1785 in
2695 1730 2986 1786 Persarum
3017 1726 3192 1783 solum
3223 1725 3386 1781 adve-

89 1841 196 1910 pit,
248 1819 630 1912 particepsque
678 1840 886 1896 Graeca:
924 1839 1252 1896 eruditionis
1317 1838 1454 1894 fieri.
1503 1837 1703 1894 Venias
1732 1849 1780 1910 Β
1807 1829 2002 1894 Ditem.
2031 1825 2224 1897 Ρ³υοίε
2250 1833 2558 1893 Commius.
2588 1837 2706 1894 (ιυω
2728 1833 2856 1878 sum
2882 1819 3179 1877 secundum
3209 1831 3388 1874 meam

92 1934 283 2004 itaque
313 1949 475 2004 quam
505 1933 740 2006 primum
771 1934 839 1990 ad
868 1941 1221 2004 conspectum
1251 1947 1429 1989 meum
1456 1977 1470 2002 ,
1503 1945 1568 1986 ac
1596 1945 1686 1987 re-

1791 1926 2139 1984 sententiam.

106 2080 3356 2106 ___________________________________—___.___——-——

352 2231 932 2318 EPISTOL/E
1002 2233 1280 2318 DU/E
1351 2234 1510 2317 DE
1581 2227 2172 2317 MONACHO
2247 2225 3122 2313 ENERGUMENO.

181 2539 248 2596 In
276 2539 556 2611 exemplari
571 2537 632 2595 S.
652 2537 898 2594 Germani
924 2538 991 2593 ad
1011 2535 1229 2592 Pratum
1255 2535 1717 2600 Scholastieorum,
1741 2542 1855 2604 post
1874 2542 1972 2588 tres
1997 2533 2150 2587 libros
2179 2533 2243 2588 de
2269 2531 2492 2603 Ofﬁciis,
2518 2530 2599 2586 ha:
2623 2532 2740 2586 dua:
2761 2528 3014 2603 Epistola:
3033 2527 3394 2600 sequebantur.

110 2634 348 2690 Priorem
372 2651 480 2689 esse
509 2634 761 2688 Ambrosii
807 2632 1144 2702 persuadebat
1185 2633 1402 2685 materia
1447 2630 1516 2684 ad
1552 2628 1684 2683 illud
1722 2639 1916 2700 tempus
1946 2628 2332 2682 accommodata
2361 2629 2424 2682 de
2454 2627 2706 2692 Antonio,
2749 2625 3048 2692 Hilarioue,
3084 2623 3383 2688 Machario,

115 2727 384 2796 Gervasio,
414 2727 713 2794 Prothasio,
744 2727 806 2780 de
837 2725 1212 2780 Mediolanensi
1235 2725 1437 2778 civitate
1460 2724 1514 2776 iu
1545 2739 1645 2792 qua
1671 2723 1917 2792 scriptam
1945 2722 2106 2792 fuisse
2129 2729 2345 2775 constat.
2376 2719 2403 2773 Ι
2411 2719 2523 2774 llud
2565 2729 2766 2774 tantum
2791 2729 2842 2772 ut
2870 2719 3221 2772 dubitaremus
3250 2717 3396 2789 fecit,

111 2823 255 2894 quod
281 2833 410 2877 vocet
430 2821 762 2877 Germanicos
785 2830 830 2875 et
853 2821 1096 2890 Anglicas
1122 2829 1170 2873 et
1192 2819 1426 2873 Italicos.
1460 2816 1721 2870 Posterior
1741 2815 1910 2869 minus
1937 2815 2085 2868 habet
2105 2813 2355 2868 Ambrosii
2379 2829 2398 2868 :
2419 2813 2509 2868 sed
2531 2823 2703 2868 tamen
2729 2813 3080 2885 oppressimus
3104 2824 3399 2881 utramque,

109 2914 238 2984 quia
264 2923 529 2983 utramque
559 2912 822 2982 antiquam
850 2927 959 2965 esse
983 2919 1030 2965 et
1060 2911 1239 2965 utilem
1258 2909 1631 2980 judicavimus.

601 3045 942 3104 EPISTOLA
981 3044 1210 3103 PRIMA.

1809 3045 1864 3098 in
1895 3043 2066 3113 patria
2095 3059 2208 3099 sum
2232 3043 2529 3099 nativitatis
2550 3046 2848 3116 perfectum
2879 3060 3024 3114 esse,
3049 3045 3183 3102 illud
3212 3045 3267 3102 in
3315 3061 3406 3102 ar-

194 3144 288 3199 V’ir
313 3143 530 3215 quidam
561 3143 846 3214 religiosus
872 3152 1032 3214 atque
1065 3142 1117 3196 in
1160 3141 1476 3197 monachico
1523 3139 1706 3196 habitu
1735 3121 1780 3185 C
1808 3148 2118 3211 gumentum
2149 3150 2512 3206 assumentcs,
2549 3141 2694 3210 quod
2722 3141 2984 3198 Dominus
3011 3142 3150 3197 dixit
3182 3158 3196 3194 :
3231 3140 3408 3198 Nemo

115 3243 451 3298 constitutus
489 3249 634 3306 tunc,
661 3248 846 3294 nostro
881 3250 1126 3309 tempore
1145 3254 1287 3293 nunc
1307 3237 1512 3307 antiqui
1537 3235 1708 3291 hostis

123 3345 212 3392 est
254 3333 490 3390 inaudita
522 3333 822 3388 tentatione
853 3332 1120 3402 pulsatus,
1169 3331 1241 3384 ita
1288 3338 1346 3384 ut
1375 3329 1519 3384 idem
1560 3329 1712 3382 mali-

122 3441 266 3499 gnus
297 3427 520 3496 spiritus
548 3425 994 3480 vestimentorum
1023 3423 1141 3493 ejus
1171 3421 1462 3493 particulas
1485 3430 1540 3475 et
1559 3429 1711 3474 extra

121 3522 278 3577 illum
309 3520 471 3576 etiam
502 3517 912 3588 incompositus,
956 3516 1230 3572 immunda
1258 3514 1563 3570 colluvione
1591 3529 1712 3568 cre-

123 3617 282 3673 brius
332 3615 576 3672 fmdaret.
626 3614 755 3682 Quae
778 3613 1042 3668 intantum
1065 3621 1183 3667 erat
1211 3608 1513 3672 horrenda,
1549 3606 1711 3663 fetida

124 3722 188 3770 et
240 3713 422 3776 noxia,
473 3723 528 3765 ut
561 3724 687 3781 pars
728 3707 958 3763 vestium
988 3722 1148 3778 quam
1181 3705 1446 3776 tetigisset
1473 3744 1487 3766 ,
1523 3701 1718 3757 nullius

129 3801 322 3878 [Forte
367 3801 538 3869 nulli,
591 3811 676 3855 aut
732 3800 933 3856 nullius
963 3799 1064 3872 rei]
1110 3798 1366 3868 deinceps
1411 3805 1554 3853 esset
1597 3795 1720 3850 usui

129 3907 284 3967 apta,
319 3911 640 3968 quamquam
681 3894 873 3950 fuisset
911 3893 1110 3949 abluta.
1151 3893 1226 3947 De
1263 3907 1363 3962 qua
1392 3905 1514 3945 cum
1559 3889 1722 3945 inter-

130 3999 357 4062 rogatus
386 3989 630 4057 fuissent,
663 4003 760 4044 cur
791 3987 1132 4058 omnipotens
1160 3987 1301 4042 Deus
1324 3986 1483 4040 talem
1508 3992 1724 4040 versuto

130 4084 374 4153 serpenti
409 4089 729 4153 potestatem
761 4080 812 4135 in
843 4095 966 4135 eum
993 4078 1266 4146 dedisset,
1311 4087 1370 4133 ut
1399 4075 1579 4132 cordis
1606 4076 1725 4144 ejus

146 4176 549 4233 immunditiam
594 4174 727 4229 foris
755 4172 1102 4243 ostenderet,
1148 4163 1291 4241 quod
1337 4185 1625 4242 numquam
1674 4170 1728 4224 in

139 4268 404 4326 exteriori
458 4269 641 4323 habitu
696 4266 957 4332 fecisset,
1000 4265 1105 4320 nisi
1159 4265 1468 4320 interiorem
1511 4263 1730 4318 omnino

147 4365 517 4435 corrupisset,
551 4363 757 4419 scilicet
783 4372 876 4417 aut
910 4361 1223 4417 infidelitate
1249 4369 1303 4416 et
1353 4359 1684 4430 blasphemia
1713 4400 1728 4424 ,

155 4468 251 4512 aut
303 4468 452 4514 certe
495 4455 642 4511 inani
675 4465 728 4511 et
754 4470 892 4510 vana
923 4453 1119 4525 gloria,
1167 4451 1421 4524 respondi

1809 3232 2073 3301 propheta
2103 3245 2356 3303 acceptus
2388 3242 2473 3288 est
2509 3233 2562 3288 in
2593 3235 2764 3305 patria
2805 3251 2900 3290 sua
2938 3235 3100 3308 (Luc.
3133 3235 3231 3307 tv).
3259 3235 3410 3304 Quos

1811 3326 2041 3395 primmn
2070 3336 2286 3397 oportet
2305 3328 2512 3384 ratione
2533 3329 2780 3384 veritatis
2803 3329 3002 3398 refelli,
3018 3340 3072 3386 et
3085 3333 3164 3387 sic
3186 3330 3411 3386 domum

1813 3420 2041 3489 qualiter
2085 3420 2428 3491 intelligenda
2471 3421 2542 3476 sit
2584 3422 2794 3492 prolata
2844 3424 3116 3479 sententia
3181 3424 3413 3480 demon-

1813 3514 1995 3568 strari.
2026 3513 2263 3568 Audiant
2294 3515 2454 3585 igitur
2481 3515 2754 3585 patienter
2779 3518 3009 3588 quibam
3039 3517 3248 3586 dicunt,
3282 3521 3412 3590 quia

1815 3607 1942 3662 dum
1974 3621 2193 3664 sensum
2225 3625 2394 3664 sacra:
2419 3609 2715 3680 Scripturaa
2743 3613 3038 3682 prudenter
3079 3629 3185 3669 non
3224 3616 3409 3670 consi-

1819 3703 2031 3766 derant,
2059 3719 2194 3773 pene
2224 3720 2416 3761 omnes
2443 3716 2661 3762 sanctos
2687 3718 3057 3764 contemnant.
3083 3708 3140 3767 Si
3167 3710 3309 3764 enim
3339 3711 3414 3768 ita

1821 3807 1928 3862 est,
1956 3806 2014 3851 ut
2035 3807 2312 3866 asserunt,
2340 3815 2469 3870 ergo
2489 3811 2754 3873 quotquot
2774 3819 2839 3859 ex
2863 3803 3118 3860 Romanis
3137 3805 3413 3875 conversi,

1825 3889 1964 3959 apud
1997 3890 2272 3946 Romanos
2303 3893 2505 3964 degunt
2551 3911 2567 3948 :
2601 3905 2866 3967 quotquot
2905 3912 2971 3952 ex
3004 3896 3240 3962 Graecis,
3272 3898 3410 3968 apud

1826 3983 2046 4040 Graecos
2081 4003 2093 4040 :
2126 3996 2391 4058 quotquot
2419 4004 2482 4043 ex
2505 3987 2673 4056 Italis,
2709 3992 2848 4060 apud
2878 3991 3036 4046 Italos
3081 4010 3093 4046 :
3147 4002 3419 4064 quotquot

1827 4097 1892 4135 cx
1924 4082 2160 4151 Hiberis,
2193 4085 2334 4154 apud
2361 4085 2591 4141 Hiberos
2627 4105 2638 4139 :
2669 4097 2932 4159 quotquot
2957 4102 3022 4143 ex
3050 4087 3416 4154 Germanicis,

1827 4173 1972 4243 apud
2003 4175 2356 4232 Germanicos
2414 4195 2428 4232 :
2471 4187 2736 4250 quotquOt
2768 4195 2834 4235 ex
2878 4180 3234 4251 Aquitanicis,
3277 4182 3419 4252 apud

1832 4266 2180 4338 Aquitanicos
2215 4287 2228 4325 :
2257 4280 2516 4342 quotquot
2550 4287 2616 4327 ex
2647 4272 2866 4342 Anglis,
2899 4272 3040 4343 apud
3067 4273 3273 4343 Anglos
3295 4272 3423 4330 reli-

1831 4359 1983 4430 giose
2008 4359 2215 4429 vivunt,
2243 4361 2542 4434 imperfecti
2573 4374 2756 4421 erunt.
2780 4365 2920 4422 Ecce
2940 4365 3144 4423 Paulus
3163 4375 3218 4423 et
3244 4368 3424 4424 Anto-

1472 4468 1487 4505 :
1544 4450 1735 4506 Sanies
1836 4455 1955 4510 nius
1984 4471 2051 4512 ex
2071 4455 2350 4525 Thebaeis,
2390 4458 2530 4528 apud
2553 4458 2817 4516 Thebaeos
2843 4460 3061 4530 perfecti
3088 4471 3232 4516 sunt.
3279 4462 3422 4521 Ecce

147 4552 349 4624 quippe
373 4551 514 4605 intus
535 4549 589 4604 in
618 4547 786 4604 corde
827 4547 973 4602 foras
1003 4563 1099 4616 per
1128 4547 1445 4602 veSIimenta
1477 4542 1733 4599 manavit.
1760 4536 1818 4598 D
1843 4551 2084 4605 Hilarion
2131 4566 2200 4606 ex
2241 4552 2545 4608 Palaestinis
2570 4595 2584 4617 ,
2629 4553 2768 4622 apud
2800 4554 3120 4610 Palaestinos
3152 4555 3425 4624 perfectus

151 4649 326 4718 Quem
350 4648 474 4719 quia
504 4647 662 4717 longe
686 4645 893 4714 positus
919 4651 1056 4712 erat,
1090 4657 1190 4713 ego
1220 4641 1439 4712 quidem
1471 4655 1578 4695 non
1606 4638 1738 4703 vidi,

154 4741 253 4796 sed
289 4749 493 4806 tamen,
527 4748 584 4794 ut
631 4737 888 4802 arbitror,
935 4735 1052 4790 haec
1092 4735 1145 4789 in
1189 4734 1279 4788 illo
1314 4749 1444 4789 vere
1493 4731 1738 4804 praevidi.

155 4832 312 4902 Quod
341 4833 388 4888 si
416 4833 488 4887 ita
513 4847 618 4887 non
643 4839 748 4895 est,
781 4827 1044 4896 numquid
1089 4835 1268 4881 tamen
1299 4824 1497 4880 factum
1529 4832 1745 4892 putatur

159 4930 282 4984 sine
309 4943 471 4983 causa
499 4935 553 4982 et
575 4934 863 4996 propterea
906 4931 1138 4993 gestum,
1170 4920 1306 4974 utin
1342 4935 1408 4974 eo
1430 4917 1745 4974 munditiam

159 5023 341 5079 cordis
370 5021 590 5077 fceditas
616 5019 712 5075 illa
732 5024 996 5080 servaret,
1020 5031 1120 5072 nec
1139 5015 1280 5071 hanc
1324 5013 1551 5071 callidus
1578 5012 1749 5066 hostis

164 5117 313 5173 inani
341 5115 513 5186 gloria
538 5113 766 5170 imdaret
791 5130 804 5166 ε
835 5109 995 5166 sicuti
1024 5108 1225 5164 Paulus
1244 5122 1312 5164 ne
1326 5107 1392 5163 de
1409 5103 1750 5163 revelationis

167 5207 539 5281 magnitudine
583 5207 819 5272 timeret,
869 5203 1149 5259 stimulum
1197 5202 1378 5259 carnis
1421 5200 1646 5270 accepit.
1692 5197 1751 5255 Si

167 5306 350 5374 itaque
402 5301 596 5357 borum
652 5297 954 5369 quodlibet,
1002 5303 1098 5350 aut
1142 5305 1295 5350 certe
1340 5294 1384 5349 si
1433 5309 1541 5348 non
1569 5295 1748 5358 fuerit,

169 5395 432 5465 numquid
463 5404 642 5450 tamen
679 5389 822 5463 quod
865 5388 933 5444 ad
976 5397 1278 5445 extremum
1314 5385 1588 5456 positurus
1635 5397 1754 5437 sum

173 5505 361 5547 verum
410 5504 517 5544 non
568 5487 713 5544 erit?
754 5483 956 5540 Verum
1007 5490 1091 5536 est
1140 5481 1386 5536 omnino.
1426 5478 1626 5534 Verum
1675 5484 1759 5532 est

173 5581 321 5656 quod
352 5580 499 5646 dico,
532 5597 639 5634 non
669 5593 792 5634 esse
831 5576 1193 5634 colluvionem
1231 5573 1379 5627 illam
1421 5572 1758 5628 extrinsecus

123 5661 126 5664 ’
177 5676 376 5731 anima:
401 5672 640 5737 noxiam,
669 5670 716 5726 si
747 5671 860 5740 ipsa
883 5683 1102 5725 servare
1120 5666 1388 5722 studuerit
1418 5666 1559 5722 intus
1581 5663 1760 5720 cordis

179 5767 525 5826 munditiam.
572 5764 779 5819 Interea
829 5764 970 5818 sicut
1014 5773 1072 5818 tu
1110 5762 1226 5831 ipse
1255 5759 1494 5830 judicare
1536 5758 1758 5825 curasti,

180 5863 346 5920 audio
371 5859 629 5934 quosdam
660 5856 802 5928 apud
826 5872 923 5914 vos
943 5857 1126 5914 dicere
1152 5873 1168 5911 :
1193 5855 1308 5912 Non
1337 5869 1496 5927 posse
1524 5853 1762 5924 aliquem

1842 4652 1943 4697 est.
2001 4643 2141 4698 Ecce
2198 4642 2502 4699 Macharius
2531 4660 2598 4700 ex
2625 4645 2919 4718 Egyptiis,
2971 4650 3111 4718 apud
3140 4649 3426 4722 IEgyptios

1841 4734 2113 4804 perfectus
2139 4744 2242 4790 est.
2282 4734 2421 4792 Ecce
2449 4737 2808 4809 Oxyryncltus
2848 4740 3040 4798 civitas
3085 4758 3152 4799 ex
3183 4741 3426 4813 propriis

1845 4825 2054 4881 civibus
2081 4833 2188 4881 tota
2228 4826 2466 4897 perlecta
2511 4838 2616 4884 est.
2660 4830 2825 4899 Ecce,
2875 4843 2934 4888 ut
2965 4833 3033 4888 ad
3075 4835 3348 4904 proximos
3377 4845 3433 4890 ct

1845 4918 2053 4973 vicinos
2081 4926 2300 4974 nostros
2343 4921 2647 4991 veniamus,
2683 4924 3001 4982 Protltasius
3039 4935 3096 4983 et
3142 4927 3435 4985 Gervasins

1849 5011 1902 5066 in
1949 5012 2166 5082 propria
2214 5012 2316 5069 hac
2371 5012 2758 5074 Mediolanensi
2807 5021 3058 5083 civitate,
3113 5021 3435 5091 propriaque

1850 5105 2012 5162 domo
2035 5115 2340 5175 manentes,
2379 5124 2443 5166 ac
2475 5126 2569 5179 per
2607 5112 2797 5170 decem
2835 5129 3007 5170 annos
3035 5097 3428 5174 monachorum

1851 5201 2012 5257 vitam
2037 5213 2374 5269 exercentes,
2421 5206 2494 5261 ita
2543 5208 2764 5277 perfecti
2810 5209 3044 5275 fuerunt,
3081 5220 3140 5266 ut
3167 5221 3438 5284 martyres

1856 5299 2069 5354 fierent.
2098 5297 2178 5353 An
2199 5297 2336 5357 forte
2361 5301 2475 5357 sola
2498 5312 2681 5359 nostra
2712 5304 2986 5375 provincia
3011 5314 3160 5361 extra
3187 5304 3326 5361 hanc
3351 5322 3440 5364 re-

1856 5391 2034 5462 gulam
2063 5393 2166 5446 erit
2191 5405 2439 5464 excepta,
2474 5405 2530 5450 ut
2561 5410 2666 5451 non
2706 5395 2775 5452 de
2813 5397 3072 5467 propriis,
3104 5398 3199 5455 sed
3231 5407 3439 5455 tantum

1857 5486 1925 5543 de
1961 5479 2231 5543 extremis
2282 5487 2464 5561 [Forte
2537 5489 2800 5564 externis]
2871 5489 3066 5548 habeat
3123 5493 3442 5550 monachos.

1860 5578 2218 5649 Satagendum
2239 5581 2402 5650 igitur
2425 5581 2597 5651 magis
2623 5592 2727 5647 est,
2753 5581 2921 5639 utubi
2945 5583 3066 5656 quis
3089 5583 3273 5652 fuerit,
3290 5586 3442 5657 juxta

1861 5670 2104 5741 regulam
2137 5670 2499 5741 perfectorum
2542 5671 2718 5741 vivat,
2767 5682 2948 5730 etnon
2983 5687 3265 5747 parentum
3287 5719 3301 5742 ,
3335 5691 3442 5732 non

1863 5764 2311 5834 propinquorum,
2342 5779 2448 5820 non
2481 5765 2724 5823 afﬁnium
2749 5767 3021 5827 illecebris
3045 5789 3075 5826 a
3107 5772 3194 5827 via
3235 5772 3448 5844 perfec-

1869 5856 2033 5914 tionis
2053 5855 2287 5914 declinet
2310 5855 2670 5934 (Matthmtx).
2694 5861 2786 5920 Sic
2802 5870 2971 5934 certe,
2991 5863 3146 5937 juxta
3158 5863 3457 5924 Salvatoris
