4082 6322
670 239 810 300 ΗΜ

1702 237 2045 298 Αρρειωιι
2085 239 2178 296 Ai)
2215 221 2442 296 ouans
2484 237 2543 294 s.
2567 229 2912 296 sunnosn.

3716 231 3814 302 ius

668 358 1012 424 sententiam,
1045 359 1205 428 patri,
1228 357 1518 429 matrique,
1539 355 1818 424 iratribu’s,
1844 357 2254 426 sororibusque,
2285 358 2335 418 Α
2363 354 2526 426 pheta
2556 352 2688 410 dicit
2721 371 2734 407 :
2766 353 2832 408 Et
2863 359 3122 421 peccator
3146 360 3352 408 centum
3403 368 3629 410 annorum
3651 361 3816 416 maledi.

672 451 950 519 uxoribus,
971 451 1118 519 (iliis,
1147 451 1419 516 domibus,
1443 452 1606 522 agris,
1633 459 1690 506 et
1714 452 1924 506 cunctis
1944 465 2062 522 quae
2085 451 2258 522 possi-

672 543 764 599 det
793 545 1102 602 renuntiare
1127 544 1350 600 valebit.
1379 544 1491 601 Hoc
1509 553 1687 599 autem
1727 544 1850 599 dico
1882 559 1992 599 non
2037 559 2148 615 quo
2173 559 2260 598 so-

675 653 920 696 cessores
965 640 1052 711 qui
1103 640 1173 696 de
1215 655 1382 712 regno
1420 638 1486 694 ad
1527 653 1774 711 regnum,
1821 639 1890 695 de
1935 639 2150 709 publico
2191 637 2259 693 ad

676 749 920 789 eremum
972 743 1277 802 transeunt,
1320 749 1534 789 summa
1566 733 1726 789 laude
1748 747 1857 788 non
1885 732 2080 788 ducam
2121 748 2133 783 :
2165 729 2262 785 sed

673 843 782 896 quo
792 827 956 882 etiam
975 827 1096 882 illos
1121 826 1213 898 qui
1235 826 1405 899 magis
1421 826 1703 883 elfeaibus
1726 823 1932 898 [Forte,
1956 821 2262 895 aﬂectibus]

675 921 1162 996 patriamliugiunt,
1209 936 1371 992 quam
1414 921 1710 992 gressibus,
1731 919 1916 976 felices
1951 928 2111 989 atque
2143 931 2265 987 per-

673 1015 843 1070 fectos
867 1013 1173 1072 ostendam.
1206 1012 1450 1069 Obsecro
1481 1013 1662 1084 itaque
1689 1011 1814 1068 illos
1851 1010 1942 1080 qui
1973 1009 2091 1066 haec
2121 1008 2264 1080 apud

676 1120 773 1160 vos
801 1105 914 1160 ﬁeri
948 1121 1108 1176 posse
1137 1105 1432 1176 denegant,
1464 1113 1521 1160 ut
1545 1105 1783 1177 vigilanti
1814 1103 1996 1158 studio
2023 1101 2270 1157 conside-

675 1207 818 1263 rent,
846 1212 943 1252 cur
970 1213 1076 1253 non
1093 1197 1296 1254 dixerit
1325 1199 1584 1254 Dominus
1615 1215 1628 1251 :
1658 1197 1826 1252 Nemo
1854 1197 2116 1266 propheta
2147 1210 2268 1265 per-

675 1291 850 1349 fectus
876 1302 960 1349 est
981 1295 1034 1348 in
1066 1295 1235 1362 patria
1267 1307 1387 1361 sua,
1418 1293 1515 1350 sed
1565 1310 1578 1346 :
1610 1292 1782 1349 Nemo
1807 1301 2064 1362 acceptus
2091 1297 2175 1345 est
2213 1289 2270 1344 in

679 1386 848 1457 patria
880 1401 975 1443 sua
1008 1385 1160 1457 (Luc.
1191 1388 1294 1457 tv).
1318 1384 1426 1444 Sed
1447 1387 1516 1442 ibi
1534 1387 1663 1458 quid
1680 1385 1827 1441 aliud
1852 1385 2266 1457 intelligendum

679 1491 784 1547 est,
804 1483 905 1538 nisi
933 1484 1059 1554 quia
1083 1499 1189 1538 non
1213 1492 1490 1553 acceptum
1523 1481 1680 1549 dixit,
1716 1495 2050 1553 nequaquam
2079 1494 2271 1550 recep-

683 1582 818 1628 tum.
837 1573 990 1642 Quod
1008 1576 1076 1630 de
1092 1575 1326 1645 antiquis
1341 1573 1620 1645 prophetis
1635 1582 1688 1630 et
1707 1574 1887 1645 seipso
1903 1574 2104 1627 dictum
2118 1571 2274 1626 intel-

684 1665 776 1737 ligi
810 1667 1000 1732 voluit,
1034 1669 1124 1738 qui
1151 1667 1292 1739 apud
1337 1665 1645 1724 incredulos
1679 1667 1895 1724 Iudaeos
1925 1681 2030 1721 non
2059 1665 2276 1720 {uerum

2362 457 2480 504 etus
2503 445 2822 520 (Ibid.,65).
2845 445 3019 502 Tanta
3049 455 3224 501 autem
3255 445 3474 516 nequitia
3486 449 3542 501 ad
3566 462 3692 505 aures
3715 467 3818 508 meas

2359 539 2428 596 de
2457 549 2547 594 tua
2577 547 2860 594 senectute
2879 538 3143 609 pervenit,
3177 546 3236 592 ut
3263 551 3376 593 eam
3409 538 3498 593 nisi
3525 539 3667 597 adhuc
3687 543 3821 598 humi.

2360 631 2486 687 nias
2516 643 2888 700 pensaremus,
2918 631 3026 684 lixa
3050 629 3160 698 jam
3213 629 3565 686 maledictione
3590 631 3820 696 leriremos.

2362 726 2581 782 Dictum
2632 725 2833 796 quippe
2872 733 2978 786 est,
3030 722 3173 794 quod
3220 723 3580 780 dominicornm
3622 725 3824 798 dieprius-

2363 835 2526 891 quam
2567 820 2850 875 Missarum
2877 819 3138 875 solemnia
3164 819 3482 884 celebratos,
3503 819 3562 875 ad
3582 824 3824 880 exorandam

2375 930 2424 969 m
2435 930 2609 970 essem
2627 915 2694 969 La
2705 915 2836 970 toris
2851 913 3197 984 presentium
3220 915 3492 984 porrexisti
3508 934 3519 968 :
3535 923 3584 971 et
3596 927 3826 987 posiexara-

2367 1007 2568 1062 tionem
2589 1005 2708 1078 ejus
2736 1007 3019 1062 Missarum
3044 1007 3304 1062 solemnia
3327 1007 3621 1063 celebrares.
3637 1007 3733 1065 Post
3743 1010 3823 1066 itis-

2367 1115 2549 1158 sarum
2567 1102 2828 1158 solemnia
2875 1103 3036 1158 etiam
3085 1105 3346 1157 terminos
3375 1104 3714 1173 possessionum
3737 1106 3828 1161 illius

2366 1195 2646 1251 eradicare
2670 1196 2892 1252 minime
2915 1198 3162 1254 timuisti.
3189 1195 3342 1254 Dubii
3372 1205 3542 1252 autem
3567 1197 3622 1254 de
3642 1207 3750 1253 tanta
3767 1199 3829 1256 hac

2371 1291 2722 1361 perversitate
2733 1291 3029 1360 fueramus,
3043 1292 3138 1348 sed
3151 1290 3292 1347 ﬁlius
3306 1291 3828 1358 nosterQuiriacusabbas

2370 1400 2401 1439 a
2427 1385 2584 1441 nobis
2613 1386 2914 1456 requisitas
2963 1386 3089 1442 dum
3122 1395 3268 1442 esset
3293 1385 3512 1454 Caraiis,
3542 1386 3605 1440 ita
3629 1401 3675 1442 se
3696 1402 3829 1458 cogno-

2372 1479 2515 1536 visse
2543 1479 2838 1551 perhibuit.
2871 1480 2936 1536 Et
2963 1482 3086 1550 quia
3113 1479 3290 1536 adhuc
3331 1481 3474 1536 canis
3501 1480 3594 1534 tuis
3615 1481 3827 1550 parcimus,

2373 1574 2656 1630 hortamur
2695 1575 2988 1646 aliquando
3032 1574 3311 1646 resipisce,
3336 1589 3516 1642 senex,
3553 1584 3680 1644 atque
3701 1582 3828 1629 tantam

2375 1669 2652 1725 lenitatem
2712 1683 2925 1724 morum
2971 1677 3024 1723 et
3068 1683 3294 1738 operum
3348 1668 3702 1740 perversitatem
3734 1680 3826 1721 com-

685 1760 914 1830 θωενιί.
946 1760 1042 1816 88d
1070 1763 1242 1831 magis
1270 1761 1456 1832 spreti.
1498 1761 1779 1831 Stephano
1804 1760 1869 1815 ad
1898 1773 1992 1815 θος
2019 1759 2272 1814 dicente:
2306 1763 2351 1822 Β
2381 1775 2542 1834 posce
2587 1780 2600 1815 :
2649 1761 2738 1832 qul
2793 1771 2994 1831 quanto
3041 1760 3204 1815 morti
3247 1760 3470 1815 vicinior
3503 1757 3704 1820 elﬁceris,
3731 1763 3826 1810 tanta

689 1850 858 1919 Quem
887 1854 1272 1926 prephetarum
1299 1871 1408 1910 non
1435 1865 1562 1909 sunt
1589 1853 1855 1924 persecuti
1894 1851 2032 1925 (Act.
2057 1851 2151 1924 vu)
2175 1852 2198 1906 τ

1148 1992 1476 2049 EPISTOLA
1506 1992 1807 2049 ALTERA.

761 2124 1089 2182 Praedicator
1115 2128 1506 2200 omnipotentis
1523 2127 1734 2188 Domini
1763 2126 1960 2188 Paulus
1995 2125 2274 2200 apostolus

689 2217 864 2273 dicit:
906 2218 1189 2276 Seniorem
1218 2237 1286 2276 ne
1327 2221 1695 2290 increpaveris
1723 2219 1851 2292 (Tit.
1898 2221 1975 2291 v).
2019 2219 2123 2276 Sed
2155 2217 2273 2276 haec

690 2313 808 2382 ejus
837 2315 1108 2370 sententia
1138 2316 1192 2370 in
1223 2332 1284 2371 ea
1313 2332 1373 2371 re
1394 2317 1662 2371 servanda
1691 2325 1774 2371 est
1801 2358 1815 2382 ,
1844 2330 1965 2371 cum
1996 2315 2151 2386 culpa
2182 2329 2268 2371 se-

696 2408 869 2464 nioris
888 2411 1140 2480 exemplo
1165 2426 1264 2468 suo
1291 2426 1399 2466 non
1429 2411 1605 2466 tradat
1627 2407 1832 2484 [Farte,
1867 2409 2067 2484 trahat]
2087 2410 2153 2466 ad
2187 2410 2270 2466 in-

690 2507 908 2560 teritum
937 2505 1102 2560 corda
1127 2506 1427 2576 iuniorum.
1459 2503 1560 2562 Ubi
1585 2518 1765 2562 autem
1788 2506 1970 2561 senior
1983 2506 2276 2576 juvenibus

689 2601 994 2670 exemplum
1029 2600 1095 2658 ad
1123 2599 1400 2658 interitum
1421 2601 1648 2673 praebet,
1682 2600 1755 2658 ibi
1778 2599 2018 2658 districta
2037 2601 2280 2674 increpa-

691 2693 841 2746 tione
865 2691 1139 2748 feriendus
1165 2703 1268 2764 est,
1311 2693 1435 2768 quia
1465 2691 1726 2765 scriptum
1755 2703 1840 2749 est
1872 2710 1886 2748 :
1917 2691 2164 2763 Laqueus
2187 2694 2278 2765 ju-

2374 1855 2492 1912 ileri
2543 1854 2830 1911 sollicitior
2876 1861 3037 1925 atque
3091 1852 3332 1909 timidior
3377 1852 3556 1908 debes.
3604 1851 3652 1906 Et
3684 1847 3819 1921 quidem

2376 1963 2552 2020 pinnae
2577 1948 2846 2006 sententia
2875 1949 2926 2005 in
2951 1957 3004 2005 te
3021 1949 3200 2004 fuerat
3217 1943 3528 2016 jaculanda;
3549 1942 3632 2001 sed
3648 1942 3728 2014 quia
3740 1941 3820 1995 sitae

2378 2040 2672 2113 plicitatem
2705 2053 2849 2096 tuam
2877 2057 2998 2096 cum
3027 2050 3305 2096 senectute
3335 2039 3584 2102 novimus,
3611 2035 3829 2092 interimis

2379 2147 2587 2192 cornus.
2634 2135 2744 2194 Eos
2794 2149 2927 2192 vero
2975 2135 3225 2208 quorum
3259 2131 3498 2190 consiliis
3533 2131 3630 2192 hac
3651 2127 3774 2198 egisti,
3800 2125 3831 2177 in

2378 2227 2588 2284 duobus
2615 2227 2890 2284 mensibus
2921 2227 3421 2282 excommunicatos
3445 2224 3727 2281 decernimus
3752 2237 3762 2272 :
3791 2219 3830 2269 ita

2378 2327 2435 2376 ut
2455 2322 2500 2376 si
2531 2321 2656 2392 quid
2685 2320 2762 2376 eis
2785 2321 2919 2376 infra
2951 2321 3180 2376 duorum
3217 2321 3479 2401 mensium
3505 2318 3692 2388 spatium
3715 2314 3835 2366 huma-

2377 2416 2524 2470 nitus
2571 2413 2856 2484 evenerit,
2885 2414 3264 2470 benedictione
3291 2412 3468 2476 viatici
3505 2427 3593 2468 non
3633 2410 3834 2480 priveotur.

2381 2506 2646 2578 Deinceps
2689 2515 2868 2564 autem
2912 2507 2982 2562 ab
3023 2521 3216 2564 eorum
3251 2506 3490 2562 consiliis
3513 2513 3664 2562 cautus
3691 2502 3835 2566 assiste,

2385 2611 2544 2674 teque
2565 2601 2830 2658 sollicitus
2855 2601 3066 2658 custodi
3101 2621 3116 2658 :
3145 2617 3218 2658 ne
3237 2603 3284 2658 si
3307 2603 3389 2658 eis
3416 2602 3465 2658 in
3501 2601 3618 2655 malo
3637 2595 3842 2665 discipulus

2387 2695 2574 2761 fueris,
2609 2695 2804 2766 quibus
2849 2695 3108 2766 magister
3147 2697 3207 2752 in
3248 2697 3392 2754 bono
3433 2709 3544 2750 esse
3563 2689 3748 2754 debuisti,
3770 2703 3841 2742 nec

691 2799 886 2840 venum
936 2801 1126 2842 omnes
1178 2801 1276 2843 vos
1321 2785 1521 2860 (Esaia:
1547 2785 1683 2854 xui)
1732 2803 1747 2841 :
1793 2795 1850 2843 et
1887 2803 2100 2843 rursum
2151 2787 2282 2843 Pro-
2389 2788 2723 2860 simplicitati
2751 2798 2855 2846 tua;
2879 2803 2980 2846 nec
2999 2790 3270 2848 senectuti
3288 2801 3396 2854 tua:
3417 2787 3836 2854 ulteriusparcamus.

3623 2931 3828 2944 ...ι-ι.-

1147 3077 1908 3162 EXPLANATIO
1983 3078 2490 3166 SYMBOLI
2563 3081 2720 3168 AD
2795 3073 3504 3176 INITIANDOS.

2166 3253 2498 3272 ἡ

766 3357 1056 3415 Celebrate
1080 3358 1344 3414 hactenus
1367 3356 1628 3432 mysteria
1658 3355 2077 3414 scrutaminum.
2103 3355 2279 3428 lnqui—
2302 3361 2348 3424 C
2380 3357 2458 3414 illi
2491 3357 2864 3417 fraudulenter
2893 3370 3160 3417 conantur
3183 3363 3454 3435 irrepere,
3478 3348 3832 3423 addideruntquotl

693 3453 856 3509 situm
873 3461 960 3508 est
979 3469 1047 3507 ne
1072 3452 1418 3508 inmunditia
1442 3453 1498 3507 in
1521 3467 1751 3523 corpore
1771 3451 1928 3522 alicuj
1941 3465 2000 3506 ns
2015 3452 2270 3506 haereret.

694 3546 799 3602 Per
843 3556 869 3584 ι
907 3548 1274 3603 exorcismum
1307 3562 1413 3604 non
1445 3547 1623 3603 solum
1668 3546 1940 3614 corporis,
1973 3543 2067 3600 sed
2116 3544 2277 3598 etiam

692 3639 907 3706 animat,
921 3639 1148 3710 quasita
1161 3647 1218 3696 et
1229 3639 1352 3694 adhi
1363 3638 1471 3694 bita
1488 3636 1965 3710 estlsanctilicatio.
1983 3635 2133 3691 Nunc
2147 3644 2281 3692 tem-

695 3748 796 3802 pus
823 3741 910 3789 est
943 3741 999 3788 et
1027 3732 1146 3789 dies
1169 3739 1228 3788 ut
1255 3732 1566 3803 symbolum
1603 3730 1922 3795 tradamus;
1955 3731 2102 3802 quod
2136 3745 2282 3800 synt-

677 3827 875 3884 ‘bolum
908 3833 997 3884 est
1023 3827 1274 3898 spiritale
1305 3825 1666 3896 signaculum,
1692 3825 1878 3881 cordis
1909 3822 2078 3879 nostri
2111 3824 2284 3880 medi-

693 3921 848 3990 tatio,
874 3931 931 3978 et
958 3920 1113 3994 quasi
1143 3933 1363 3993 seraper
1391 3933 1636 3991 prtesens
1663 3918 1932 3986 custodia,
1989 3925 2142 3975 certe
2164 3919 2283 3974 the-

696 4029 890 4072 saurus
913 4015 1152 4086 pectoris
1175 4016 1372 4071 nostri.

765 4109 1008 4172 Primum
1038 4109 1202 4179 igitur
1226 4108 1500 4163 rationem
1531 4106 1772 4162 nominis
1802 4107 1972 4176 ipsius
2017 4104 2283 4161 debemus

691 4204 966 4273 accipere.
1000 4201 1319 4273 Symbolum
1349 4200 1540 4257 erce
1585 4200 1786 4256 dicitur
1811 4239 1828 4267 ,
1860 4199 2052 4255 Latine
2099 4208 2280 4253 autem

693 4297 959 4354 collatio:
991 4306 1044 4353 et
1066 4296 1302 4352 maxime
1331 4293 1634 4366 symbolam
1683 4293 2053 4364 negotiatores
2099 4293 2284 4348 dicere

691 4398 1056 4454 consuerunt,
1091 4389 1309 4460 quando
1331 4389 1626 4444 conferunt
1677 4387 1962 4458 pecuniam
2005 4399 2182 4453 suam,
2228 4395 2285 4442 et

693 4484 849 4554 quasi
879 4499 946 4539 ea
977 4482 1320 4554 singulorum
1349 4479 1650 4538 collatione
1675 4479 1732 4535 in
1756 4495 1920 4534 unum
1952 4480 2281 4550 constipata,

693 4578 906 4650 integra
931 4587 988 4636 et
1012 4578 1344 4636 inviolabilis
1363 4585 1746 4644 conservatur,
1761 4584 1826 4633 ut
1845 4591 2009 4632 nemo
2035 4575 2280 4632 fraudem

699 4671 982 4728 coiiationi
1001 4672 1182 4728 lacere
1207 4681 1464 4734 conetur,
1495 4683 1660 4728 nemo
1683 4669 2042 4740 negotiationi
2075 4685 2088 4721 :
2129 4669 2287 4726 deni--

698 4780 805 4835 que
833 4765 976 4821 inter
1005 4764 1156 4834 ipsos
1189 4767 1556 4835 negotiatores
1585 4763 1690 4818 ista
1717 4770 1803 4818 est
1842 4761 2206 4831 consuetudo,
2230 4773 2288 4820 ut
2313 4764 2368 4827 D
2390 4761 2650 4834 Corporis
2675 4763 2834 4820 istius
2861 4764 3092 4822 veritate
3121 4745 3408 4821 factusest
3432 4771 3485 4817 nt
3511 4763 3686 4821 homo;
3723 4747 3795 4807 sed
3813 4745 3871 4798 Μ’

689 4859 737 4916 si
759 4859 880 4930 quis
901 4857 1152 4915 fraudem
1174 4855 1388 4923 fecerit,
1403 4856 1556 4928 quasi
1583 4855 1959 4912 fraudulentus
1978 4854 2274 4925 rejiciatur.

691 4957 878 5014 Sancti
909 4971 1042 5028 ergo
1079 4954 1308 5026 apostoli
1333 4955 1387 5009 in
1419 4968 1586 5008 unum
1613 4952 2036 5019 convenientes,
2066 4951 2279 5009 brevia-

693 5050 835 5106 rium
865 5048 994 5105 [idei
1023 5047 1296 5113 iecerunt,
1331 5054 1389 5101 ut
1420 5045 1660 5101 breviter
1707 5044 1832 5099 ﬁdei
1880 5043 2048 5100 totius
2085 5044 2282 5100 seriem

691 5142 1234 5213 comprehendamus.
1251 5139 1504 5196 Brevitas
1527 5137 1834 5194 necessaria
1854 5145 1960 5206 est,
1983 5145 2043 5192 ut
2069 5152 2284 5209 semper

691 5237 960 5294 memoria
983 5244 1042 5294 et
1061 5234 1441 5291 recordatione
1471 5240 1742 5288 teneatur.
1771 5231 1897 5289 Scio
1947 5233 1999 5288 in
2041 5231 2282 5303 partibus

694 5329 927 5388 maxime
951 5327 1216 5394 Orientis,
1247 5325 1275 5366 ι
1298 5325 1441 5396 quod
1463 5341 1524 5382 ea
1561 5341 1684 5397 quae
1701 5325 1882 5396 primo
1925 5325 2122 5380 tradita
2155 5333 2283 5381 sunt

696 5439 724 5478 a
749 5421 1048 5493 majoribus
1075 5421 1298 5489 nostris,
1331 5421 1463 5476 dum
1488 5418 1646 5490 quasi
1667 5419 1855 5475 fraude
1903 5419 2019 5486 alii,
2043 5419 2132 5475 alii
2163 5419 2286 5475 dili-

693 5517 902 5588 geutia,
917 5514 1102 5572 fraude
1122 5513 1678 5585 haeretici,diligeatia
1701 5512 1983 5587 catholici;
2005 5513 2134 5569 dum
2155 5529 2285 5586 ergo

775 5709 801 5738 ει
837 5699 1194 5764 Exoreismus
1223 5697 1420 5768 legitur
1447 5698 1503 5752 in
1549 5699 1826 5756 Ambrosii
1859 5699 2100 5757 editione
2129 5699 2280 5756 Mau-

697 5771 814 5825 rina
847 5780 887 5828 t.
911 5767 977 5837 li,
1003 5770 1120 5835 ηιμ,
1141 5767 1392 5840 summus
1422 5769 1680 5836 videlicet
1697 5787 1766 5828 ex
1789 5769 2052 5830 Vaticano
2079 5785 2265 5842 perve-

2399 3464 2505 3504 non
2534 3465 2670 3521 opus
2691 3461 2806 3518 est;
2831 3451 2958 3507 dum
3001 3451 3088 3508 isti
3121 3453 3372 3510 fraudem
3411 3463 3682 3524 pra'catere
3703 3451 3838 3501 conten-

2383 3544 2538 3611 dunt,
2574 3545 2696 3599 linis
2719 3545 2981 3616 majorum
3011 3547 3160 3602 velut
3183 3550 3390 3616 pietate
3417 3545 3630 3617 quadam
3654 3548 3698 3596 et
3718 3531 3843 3592 incutit

2385 3635 2633 3692 videntur
2653 3653 2776 3694 esse
2807 3641 3203 3710 praetergressi.
3952 3683 3953 3696 χ

2455 3728 2598 3802 Ergo
2616 3733 2845 3802 apostoli
2875 3733 3048 3789 sancti
3071 3733 3468 3790 convenientes
3483 3731 3695 3787 fecerunt
3714 3721 3852 3794 siml”

2385 3823 2496 3879 lum
2527 3825 2787 3882 breviter.
2819 3825 3044 3900 Signate
3070 3843 3186 3886 vos.
3223 3829 3346 3897 Quo
3374 3827 3535 3894 facto,
3568 3833 3616 3881 et
3634 3821 3748 3879 dicto
3767 3829 3854 3890 εγω·
3952 3837 3953 3900 j

2383 3917 2631 3986 bolo;in
2683 3919 2788 3975 hoc
2829 3921 3081 3994 symbolo
3135 3921 3394 3978 divinitas
3419 3918 3675 3978 Trinitatis
3716 3917 3858 3968 aeterna

2385 4013 2794 4072 evidentissime
2850 3999 3245 4086 comprehensa
3294 4025 3379 4073 est
3419 4015 3572 4070 unius
3603 4000 3860 4083 operationis.
3952 4011 3953 4086 η

2386 4103 2600 4160 Patrem
2625 4117 2672 4162 et
2694 4103 2890 4162 Filium
2911 4119 2958 4162 et
2991 4108 3250 4181 Spiritum
3278 4117 3530 4174 sanctum,
3561 4105 3652 4161 hoc
3674 4107 3739 4158 est
3760 4108 3863 4150 tene

2383 4199 2614 4256 rabilem
2650 4199 2996 4258 Trinitatem.
3023 4202 3088 4258 Et
3112 4202 3259 4274 quod
3306 4203 3441 4258 ildes
3465 4209 3634 4257 nostra
3662 4199 3718 4250 ita
3740 4191 3808 4258 sit,
3829 4193 3866 4240 ut

2386 4292 2499 4364 pari
2528 4309 2726 4366 genere
2752 4294 3040 4351 credamus
3066 4295 3121 4351 in
3148 4295 3369 4352 Patrem
3393 4305 3448 4353 et
3476 4293 3655 4350 Filium
3679 4297 3723 4344 et
3747 4280 3864 4352 Spiri-

2386 4395 2497 4443 tum
2531 4401 2800 4445 sanctum.
2841 4389 2946 4448 Ubi
2993 4391 3141 4448 enim
3182 4389 3332 4447 nulla
3366 4389 3614 4447 discretio
3655 4373 3868 4454 majeslalis

2385 4493 2490 4550 est,
2519 4497 2619 4539 nec
2635 4483 2754 4540 ﬁdei
2780 4484 2942 4542 debet
2968 4499 3092 4542 esse
3118 4483 3401 4542 discretio.
3421 4481 3618 4540 Deinde
3643 4477 3869 4545 frequenter

2385 4579 2661 4649 admonui,
2690 4577 2834 4652 quod
2864 4577 3130 4637 Dominus
3147 4587 3338 4637 noster
3354 4577 3510 4637 Jesus
3524 4575 3741 4632 Christus
3759 4563 3870 4622 Filius

2389 4671 2480 4728 Dei
2506 4673 2654 4729 solus
2685 4687 2908 4728 carnem
2932 4674 3092 4730 istam
3137 4673 3423 4746 Suscepit,
3465 4671 3692 4741 corporis
3738 4661 3868 4718 forma.

2379 4857 2471 4914 bet
2500 4858 2778 4930 singulare
2821 4860 3168 4931 privilegium
3219 4857 3584 4931 generationis
3626 4861 3759 4908 suae:
3803 4851 3871 4895 non

2380 4953 2521 5008 enim
2545 4969 2610 5009 ex
2632 4951 2774 5008 virili
2802 4961 2962 5008 natus
2987 4961 3071 5009 est
3090 4954 3319 5018 semine,
3336 4951 3429 5008 sed
3451 4955 3700 5025 generatus
3716 4933 3873 5010 Spiritu.

2383 5048 2574 5119 inquit,
2607 5057 2785 5103 sancto
2806 5065 2867 5104 ea:
2893 5047 3065 5104 Maria
3088 5049 3301 5123 virgine.
3332 5032 3725 5118 Prmrogativam
3748 5035 3876 5123 aucto-

2383 5143 2460 5198 ris
2485 5141 2721 5198 coelestis
2754 5141 3023 5214 agnoscis;
3055 5119 3229 5197 factus
3252 5141 3463 5213 quidem
3497 5146 3550 5193 ut
3597 5131 3738 5190 homo
3761 5133 3803 5180 ut
3825 5119 3874 5174 1η·

2384 5233 2666 5289 ﬁrmitates
2712 5241 2925 5290 nostras
2967 5235 3023 5289 in
3066 5243 3163 5290 sua
3189 5249 3351 5290 carne
3378 5231 3680 5299 susciperet,
3701 5217 3779 5277 sed
3795 5223 3874 5269 Cum

2385 5329 2672 5400 privilegio
2703 5331 2851 5387 venit
2897 5329 3199 5401 majestatis
3244 5335 3479 5386 aeternae.
3530 5319 3664 5394 Ergo
3698 5313 3876 5401 dicato"s

2389 5423 2714 5495 symbolum.
2743 5421 2838 5497 (Et
2869 5399 2996 5480 cum
3019 5423 3266 5490 dixisset,
3293 5421 3417 5477 hinc
3464 5405 3767 5487 complevit.)
3799 5399 3874 5455 H00

2392 5513 2557 5573 habet
2581 5515 2860 5588 Scriptura
2886 5515 3090 5573 divina.
3115 5511 3378 5590 Numquid
3397 5525 3556 5585 supra
3581 5500 3872 5584 apostolorum

2391 5710 2504 5756 tere
2525 5701 2714 5758 codice
2738 5701 2828 5766 82,
2857 5701 3042 5758 saeculi
3063 5717 3138 5758 xi.

2442 5743 3149 5848 ῖῗρὶἲῖἔιῖιὲἦίιὲῖὲἴὲρῖὰ
3174 5773 3444 5838 nonnum,
3471 5775 3655 5826 contus.
3679 5758 3726 5816 in
3747 5743 3872 5825 σγωυ·
