4082 6322
233 289 340 362 nsi
1139 293 1581 358 exrnaumo
1617 277 1916 358 svunom
1957 293 2048 354 an
2087 289 2502 356 lNI'l’lANDOS.
3311 277 3448 351 ηδε

232 419 339 472 lines
361 411 602 486 progredi
633 411 822 470 audaci
853 425 1033 472 meme
1062 413 1358 473 debemus?
1380 413 1648 486 Numquid
1673 429 1771 472 nos
1795 419 1852 480 Α
1875 414 2036 472 habet
2065 413 2192 486 quid
2211 414 2420 470 timeat.
2461 413 2616 469 Unde
2664 417 2708 467 et
2743 413 3014 466 mortuos?
3059 411 3184 482 ipse
3206 409 3274 466 de
3297 413 3451 466 nobis

230 525 385 567 sumus
407 511 668 580 apostolis
691 509 996 568 cautiores?
1383 534 1386 536 τ
1616 552 1622 558 .
1869 507 2206 580 iudicaturus
2227 517 2332 562 est.
2362 506 2506 562 Cave
2536 523 2666 578 ergo
2692 506 2983 564 detrahere
3021 507 3094 574 ei,
3128 523 3285 577 quem
3311 506 3455 575 judi-

287 604 398 673 Sed,
423 603 560 661 dicis
594 603 748 671 mihi,
773 615 956 678 postea
981 614 1320 663 emerserunt
1367 604 1774 674 hmreses.Quid
1873 614 1988 655 cem
2017 597 2310 657 habiturus
2336 613 2419 654 es.
2443 600 2623 667 Quare
2650 598 2754 654 hoc
2777 600 3143 671 mysterium?
3188 597 3457 669 Numquid

230 695 507 770 ergoivide
534 695 963 770 simplicitatem,
990 699 1109 754 vide
1148 699 1466 770 puritatem.
1500 697 1772 771 Patripas-
1877 709 1983 747 non
2008 709 2172 748 unum
2198 691 2462 763 judicium
2495 701 2578 748 est
2625 692 2799 748 Patris
2843 701 2898 748 et
2938 692 3058 748 Filii
3111 699 3167 749 et
3215 691 3456 763 Spiritus

229 793 345 849 sianl
369 805 483 847 cum
539 795 918 862 emersissent,
947 802 1279 865 putaverunt
1309 795 1472 848 etiam
1523 791 1778 848 catholici
1878 788 2045 840 sancti
2065 786 2366 856 ?Numquid
2391 802 2498 842 non
2522 801 2627 841 una
2645 786 2894 841 voluntas
2915 788 3035 842 est?
3057 786 3322 858 Numquid
3347 803 3453 842 non

229 885 274 940 in
295 885 380 940 bac
406 895 559 954 parte
601 885 908 942 addendum
942 883 1248 942 inuisibilem
1289 897 1344 942 et
1374 885 1774 956 intpassibilem,
1879 894 1982 933 una
2006 879 2297 948 maiestas?
2317 879 2498 948 Quare
2518 879 2614 934 tibi
2641 879 2844 934 dicitur
2873 879 3016 949 quod
3044 880 3215 935 Filius
3239 879 3454 950 judica-

227 979 356 1050 quasi
378 977 542 1035 Filius
571 977 668 1035 Dei
699 973 927 1035 visibilis
957 991 1010 1036 et
1041 979 1310 1050 passibilis
1333 977 1516 1034 fuerit.
1569 977 1630 1034 Si
1679 976 1782 1032 fuit
1875 977 2031 1026 turus
2059 979 2164 1037 est,
2196 972 2297 1026 nisi
2320 981 2380 1027 ut
2407 973 2680 1044 intelligas
2715 972 2850 1028 nihil
2877 972 3015 1029 Filio
3041 972 3458 1044 derogandum?

227 1070 430 1127 visibilis
455 1071 510 1127 in
542 1087 728 1138 carne,
756 1087 883 1128 caro
913 1071 1006 1128 illa
1038 1072 1140 1128 fuit
1165 1073 1418 1138 visibilis,
1449 1087 1554 1129 non
1586 1069 1781 1126 divini.
1882 1064 2024 1135 Ergo
2043 1064 2167 1120 vide
2191 1081 2207 1120 :
2229 1066 2418 1122 credes
2440 1067 2493 1121 in
2517 1066 2753 1135 Patrem,
2775 1064 2966 1122 credes
2987 1077 3043 1122 et
3071 1066 3125 1122 in
3145 1067 3365 1122 Filium.
3397 1067 3463 1121 Et

227 1170 313 1218 tas.
328 1162 562 1234 Denique
593 1161 717 1234 quid
747 1159 892 1219 dicat
921 1163 1050 1220 audi
1077 1165 1272 1230 :Deus,
1291 1163 1457 1232 Deus,
1485 1164 1696 1235 respice
1726 1162 1782 1218 in
1881 1157 2009 1228 quid
2027 1159 2289 1214 tertio?et
2309 1157 2364 1213 in
2385 1159 2641 1230 Spiritum
2657 1159 3301 1230 sanctum.Quteeumque
3327 1158 3467 1213 acci—

227 1273 333 1323 me;
363 1271 524 1328 quare
552 1273 638 1313 me
660 1258 1033 1330 dereliquisti?
1078 1257 1138 1315 In
1169 1260 1422 1331 passione
1460 1257 1567 1314 hoc
1610 1258 1780 1326 dicit;
1885 1252 2003 1322 pies
2026 1261 2383 1321 sacramenta,
2407 1253 2462 1308 in
2504 1255 2603 1309 hac
2630 1255 2872 1311 trinitate
2903 1255 3161 1325 accipies.
3211 1253 3381 1310 Nemo
3411 1261 3464 1309 te

225 1349 462 1406 Dominus
491 1361 679 1407 noster
703 1351 861 1408 Iesus
886 1351 1134 1409 Christus
1161 1351 1265 1409 hoc
1291 1351 1585 1409 secundum
1612 1351 1784 1407 homi-
1885 1345 2055 1401 fallat.
2089 1341 2256 1402 Vides
2290 1362 2415 1418 ergo
2438 1346 2598 1402 unius
2628 1350 2984 1419 operationis,
3029 1347 3192 1402 unius
3223 1346 3466 1402 sanctiﬁ-

227 1457 334 1499 nem
363 1444 567 1500 locutus
588 1453 692 1511 est,
723 1447 874 1516 quasi
923 1461 1050 1503 caro
1093 1447 1238 1503 dicat
1294 1448 1361 1502 ad
1394 1445 1739 1502 Divinitatem
1769 1467 1785 1500 :
1887 1442 2134 1509 cationis,
2168 1443 2324 1498 unius
2378 1443 2676 1513 maiestatis
2717 1461 2838 1502 esse
2885 1445 3257 1503 venerabilem
3309 1445 3467 1501 trini-

224 1535 383 1605 Qnare
407 1553 492 1593 me
517 1537 888 1610 dereliquisti?
914 1537 1055 1611 Ergo
1085 1549 1202 1596 esto
1234 1540 1429 1596 medici
1448 1539 1650 1595 fuerint
1675 1555 1785 1594 ma.
1887 1543 2074 1592 tatem.

221 1632 355 1702 iores
379 1633 577 1699 nostri;
609 1633 881 1689 voluerint
904 1633 1102 1690 addere
1125 1636 1430 1708 aegritudini
1458 1637 1746 1691 sanitatem
1770 1652 1785 1696 ;
1959 1630 2101 1684 Sane
2120 1630 2305 1700 accipe
2330 1631 2598 1686 rationem
2628 1633 3080 1702 quemadmodum
3111 1633 3384 1690 credimus
3419 1634 3470 1689 in

223 1725 478 1783 medicina
509 1741 616 1784 non
641 1729 922 1800 quaeritur.
960 1729 1104 1802 Ergo
1132 1733 1175 1786 si
1226 1711 1496 1786 medicina
1537 1745 1644 1788 non
1692 1728 1791 1783 fuit
1891 1731 2208 1789 auctorem;
2241 1739 2309 1778 ne
2334 1723 2470 1780 forte
2496 1723 2666 1790 dicas,
2691 1723 2787 1781 sed
2809 1726 2967 1782 habet
2993 1729 3125 1783 etin
3157 1725 3470 1794 Ecclesium,

225 1837 284 1878 eo
311 1832 551 1893 tempore
575 1824 906 1889 necessaria,
938 1839 1046 1894 quo
1070 1835 1188 1879 erat
1227 1823 1612 1880 haereticorum
1657 1836 1788 1895 quo-
1817 1803 1867 1874 Β
1893 1817 1988 1871 sed
2018 1817 2179 1872 habet
2209 1826 2263 1872 et
2290 1817 2341 1870 in
2369 1818 2723 1872 remissionem
2752 1822 3205 1888 peccatorum,sed
3236 1821 3389 1877 habet
3419 1833 3474 1876 et

221 1914 451 1969 rumdam
482 1915 664 1986 gravis
683 1915 946 1986 aegritudo
973 1917 1306 1972 animorum:
1339 1931 1388 1973 et
1412 1917 1455 1972 si
1513 1914 1614 1972 fuit
1664 1928 1788 1971 tunc
1893 1913 1948 1964 in
1974 1911 2572 1978 resurrectionem.Quid
2598 1913 2763 1982 ergo?
2792 1913 2896 1968 Par
2926 1923 3084 1968 causa
3118 1922 3222 1970 est.
3246 1915 3336 1970 Sic
3361 1927 3479 1970 crc-

225 2008 476 2075 temporis
503 2007 814 2078 quaerenda,
843 2023 987 2064 nunc
1009 2025 1115 2064 non
1145 2020 1247 2064 est.
1274 2009 1390 2080 Qua
1423 2009 1674 2066 ratione?
1703 2011 1791 2064 Fi-
1893 2003 2072 2068 dimtls
2096 2004 2151 2060 in
2177 2002 2476 2070 Christum,
2504 2007 2581 2060 sic
2599 2006 2870 2061 Credimus
2895 2007 2948 2061 in
2975 2008 3480 2078 Patrem,quemad-

221 2100 307 2156 des
329 2100 535 2172 integra
567 2101 831 2157 adversus
863 2103 1223 2159 Sabellianos.
1255 2101 1476 2157 Exclusi
1527 2112 1652 2158 sunt
1691 2104 1792 2158 Sa-
1891 2095 2114 2150 modum
2137 2095 2409 2153 credimus
2435 2105 2489 2152 et
2511 2097 2566 2152 in
2581 2099 2904 2168 Ecclesiam,
2925 2109 2980 2156 et
3005 2101 3058 2156 in
3093 2101 3472 2157 remissionem

221 2194 426 2250 belliani
460 2195 693 2250 maxime
713 2195 782 2252 de
809 2195 1053 2266 partibus
1081 2196 1416 2252 Occidentis.
1449 2195 1527 2252 Ex
1555 2196 1653 2252 illo
1705 2211 1794 2252 re-
1893 2199 2259 2260 peccatorum,
2289 2202 2344 2245 et
2364 2191 2418 2246 in
2447 2191 2630 2250 carnis
2659 2195 3137 2250 resurrectionem.
3171 2195 3300 2264 Quae
3331 2194 3476 2250 ratio
3571 2194 3573 2196 ’

214 2290 391 2346 medio
415 2291 604 2345 Ariani
637 2291 963 2346 invenerunt
1002 2291 1105 2346 sibi
1135 2307 1305 2362 genus
1359 2289 1641 2346 calumniae
1675 2308 1688 2344 :
1741 2301 1795 2346 et
1896 2283 2017 2348 θειῖ
2046 2282 2178 2351 QUia
2207 2283 2296 2354 (ιιιί
2325 2283 2494 2339 Credit
2524 2285 2574 2338 in
2607 2297 2902 2353 auctorem,
2945 2290 3120 2344 credit
3159 2299 3216 2344 ct
3268 2289 3318 2344 in
3343 2304 3478 2358 opus

211 2387 464 2455 quoniam
478 2384 782 2456 symbolum
809 2383 1067 2440 Romanae
1087 2385 1344 2440 Ecclesiae
1364 2399 1466 2440 nos
1489 2393 1791 2452 tenemus“,

207 2477 330 2534 ideo
361 2479 631 2534 visibilem
662 2489 718 2535 et
759 2479 1068 2550 passibilem
1103 2480 1320 2535 Patrem
1365 2479 1790 2549 omnipotentem

203 2571 284 2626 illi
314 2572 654 2628 aestimarent
679 2582 734 2627 et
761 2572 1009 2628 dicerent
1034 2591 1048 2627 :
1077 2573 1224 2628 vides
1247 2573 1368 2643 quia
1391 2573 1693 2644 symbolum
1715 2572 1796 2627 sic

201 2664 431 2746 habent,
467 2675 529 2720 ut
567 2663 832 2722 visibilem
861 2665 1059 2721 Filium
1112 2675 1167 2722 et
1193 2665 1506 2736 passibilem
1545 2666 1796 2737 designa-

199 2767 326 2815 rent
346 2760 372 2813 ?
402 2752 548 2828 Quid
575 2761 749 2831 ergo?
776 2760 878 2817 Ubi
919 2759 1053 2816 ﬁdes
1093 2760 1309 2832 integra
1351 2769 1434 2816 est
1457 2799 1474 2827 ,
1525 2757 1796 2815 sui'iiciunt

197 2861 484 2923 praecepta
517 2853 1232 2922 apostolorum.Cautiones
1282 2853 1410 2908 licet
1451 2854 1794 2909 sacerdotum

201 2960 311 3002 non
341 2945 721 3016 requirantur.
749 2946 976 3015 Quare?
1007 2949 1132 3018 quia
1166 2947 1349 3003 tritico
1380 2947 1624 3002 immixta
1657 2947 1798 3002 ziza-

199 3038 284 3094 nla
316 3045 477 3094 sunt.
894 3031 897 3034 ’

268 3132 416 3188 Hinc
447 3131 776 3203 symbolum.
795 3131 964 3188 Credo
991 3133 1199 3188 unicum
1229 3131 1516 3189 Dominum
1538 3142 1793 3189 nostrum.

1898 2375 2160 2430 auctoris.
2193 2374 2444 2445 Denique
2475 2391 2540 2431 ne
2570 2377 2672 2432 hoc
2706 2378 2908 2448 ingenii
2935 2381 3107 2435 nostri
3140 2381 3364 2450 putetis,
3393 2395 3483 2435 ac-

1897 2471 2064 2538 cipite
2092 2470 2469 2526 testimonium
2497 2486 2510 2524 :
2536 2471 2594 2527 Si
2625 2471 2760 2526 mihi
2807 2488 2917 2528 non
2947 2474 3281 2544 creditis,vei
3303 2477 3485 2545 operi-

1897 2564 2000 2618 bus
2027 2565 2256 2620 credite.
2289 2565 2430 2635 Ergo
2454 2564 2559 2620 hoc
2590 2564 2786 2622 babes.
2811 2567 2966 2624 Nunc
2982 2567 3119 2624 ﬁdes
3141 2577 3232 2625 tua
3249 2569 3484 2638 amplius

1897 2657 2158 2725 elucebit,
2194 2659 2238 2712 si
2271 2659 2325 2712 in
2353 2672 2490 2730 opus
2521 2661 2764 2716 auctoris
2796 2663 2869 2716 tui
2903 2661 3062 2718 ﬁdem
3095 2677 3280 2720 veram
3320 2674 3376 2720 et
3399 2665 3483 2718 in-

1901 2760 2109 2822 tegram
2133 2757 2408 2822 putaveris
2435 2753 2812 2811 deferendam.
2844 2755 2910 2810 In
2927 2756 3215 2812 Ecclesium
3230 2768 3480 2828 sauciam,

1901 2853 1951 2899 et
1978 2846 2034 2900 in
2053 2847 2408 2902 remissionem
2437 2858 2783 2919 peccatorum.
2843 2851 3020 2908 Crede
3059 2867 3194 2924 ergo
3235 2869 3301 2910 ex
3356 2857 3482 2924 ﬁde,

1895 2941 2029 3012 quia
2055 2943 2236 2997 omnia
2271 2943 2368 2998 tibi
2407 2953 2626 3014 peccata
2657 2945 3036 3002 remittuntur.
3091 2947 3271 3016 Quare
3312 2948 3490 3021 legisti

1899 3033 1956 3088 in
1989 3031 2310 3106 Evangelia,
2344 3035 2560 3092 dicente
2582 3037 2852 3095 Domino:
2886 3039 3050 3096 Fides
3073 3050 3162 3096 tua
3191 3050 3245 3098 te
3271 3042 3484 3098 salvum

1900 3126 2050 3184 iecit.
2083 3127 2548 3186 Resurreetionem.
2575 3129 2752 3188 Crede
2779 3133 2906 3205 quia
2948 3145 3200 3207 resurget
3229 3146 3286 3192 et
3329 3154 3483 3194 caro.

199 3225 286 3282 Sic
302 3225 518 3282 dicite:
535 3223 734 3280 Filium
756 3230 867 3298 ejus
890 3227 1122 3281 unicum.
1154 3227 1271 3283 Non
1291 3229 1486 3284 unicus
1510 3227 1796 3284 Dominus?
1822 3209 1868 3272 C
1899 3220 2040 3289 Quid
2069 3221 2214 3278 enim
2247 3237 2383 3294 opus
2403 3223 2522 3292 fuit.
2553 3236 2612 3280 ut
2637 3227 2890 3284 Christus
2909 3244 3126 3285 carnem
3147 3231 3492 3302 susciperet?

199 3317 348 3374 Unus
381 3317 536 3372 Deus
561 3327 668 3386 est,
693 3333 834 3373 unus
863 3327 920 3374 et
966 3318 1230 3375 Dominus
1263 3339 1276 3374 :
1345 3320 1440 3376 sed
1483 3336 1555 3376 ne
1592 3321 1799 3375 caloru-

191 3412 423 3468 nientur
449 3421 507 3466 et
530 3411 731 3476 dicant,
773 3413 898 3483 quia
953 3427 1056 3467 una
1089 3427 1319 3484 persona
1344 3413 1409 3480 b;
1437 3414 1680 3469 dicamus
1707 3414 1800 3469 Fi-

192 3502 324 3559 lium
353 3504 530 3560 etiam
561 3505 780 3560 unicum
813 3504 1103 3560 Dominum
1128 3515 1398 3561 nostrum.
1417 3507 1558 3573 ?Quia
1585 3506 1653 3562 de
1673 3506 1803 3562 divi-

188 3599 372 3654 nitate
396 3597 586 3653 Patris
601 3607 654 3652 et
682 3597 804 3653 Filii
831 3599 1046 3654 venitur
1061 3599 1128 3655 ad
1153 3590 1583 3657 incarnationem
1606 3602 1794 3672 ipsius,

186 3693 276 3760 qui
297 3700 472 3746 natus
499 3699 552 3745 et
579 3689 833 3760 sepultus,
867 3691 1034 3748 habes
1077 3703 1132 3748 et
1164 3694 1468 3762 passionem
1495 3693 1666 3763 ipsius
1687 3737 1702 3761 ,
1746 3679 1802 3750 et

179 3785 747 3859 sepulturam.Tertio
770 3787 854 3842 die
876 3803 906 3840 α
925 3795 1056 3842 mort
1071 3789 1174 3853 uis;
1193 3789 1359 3844 habes
1375 3801 1430 3844 et
1449 3789 1802 3844 resurrectio-

181 3897 308 3938 nem
337 3883 500 3954 ejus.
535 3881 783 3936 Ascendit
814 3892 862 3936 et
888 3882 1030 3938 sedet
1052 3884 1122 3937 ad
1139 3883 1400 3939 dexteram
1417 3881 1610 3938 Patris.
1637 3882 1803 3938 Vides

177 3991 316 4049 ergo
339 3977 484 4047 quia
510 3989 640 4032 caro
667 3975 939 4032 divinitati
961 3977 1290 4033 imminuere
1311 3977 1388 4033 nil
1404 3977 1610 4049 potuit;
1635 3978 1804 4032 immo

173 4069 242 4125 de
291 4067 711 4128 incarnatione
747 4069 1062 4140 triumphus
1128 4085 1356 4142 magnus
1405 4071 1669 4141 quaesitus
1715 4080 1803 4125 est

171 4163 439 4220 Christo.
493 4162 615 4231 Qua
642 4162 851 4218 ratione
873 4165 1018 4219 enim
1064 4163 1156 4218 ubi
1207 4164 1275 4220 de
1327 4172 1504 4220 morte
1532 4163 1799 4232 ascendit,

167 4255 340 4310 sedet
391 4254 471 4309 ad
499 4253 787 4310 dexteram
818 4253 1035 4310 Patris?
1065 4253 1230 4323 Quasi
1263 4257 1353 4324 qui
1387 4256 1525 4327 patri
1556 4255 1807 4311 retulerit

165 4348 344 4404 bonae
389 4347 648 4403 fructum
678 4347 998 4404 voluntatis.
1061 4347 1179 4404 Duo
1218 4348 1388 4404 habes
1433 4367 1446 4403 :
1504 4349 1725 4403 surrexit
1767 4365 1802 4404 a

163 4451 342 4496 morte
359 4483 379 4510 ,
425 4440 584 4496 sedet
613 4440 680 4493 ad
697 4440 960 4496 dexteram
983 4439 1178 4496 Patris.
1208 4440 1424 4497 Nullum
1469 4456 1602 4512 ergo
1625 4441 1802 4512 potuit

159 4534 387 4592 alier're
463 4548 603 4588 car-0
649 4532 952 4589 divinitatis
998 4535 1190 4604 gloriae
1235 4534 1646 4589 detrimentum.
1683 4536 1801 4589 Duo

1895 3313 2032 3385 quid
2057 3329 2195 3386 opus
2221 3315 2324 3372 fuit
2343 3326 2402 3372 ut
2421 3317 2671 3374 Christus
2701 3328 2933 3378 mortem
2956 3332 3222 3394 gustaret,
3249 3325 3491 3396 sepultu-

1899 3421 2019 3462 ram
2039 3409 2340 3477 susciperet
2361 3419 2416 3466 et
2436 3421 2772 3484 resurgeret,
2789 3415 2893 3471 nisi
2913 3425 3134 3487 propter
3153 3429 3293 3472 tuam
3314 3433 3490 3474 resur-

1901 3503 2435 3571 rectionem‘ifl‘otum
2457 3504 2564 3561 hoc
2587 3517 2986 3564 sacramentum
3011 3517 3117 3564 tum
3133 3521 3219 3566 est
3239 3525 3489 3567 resurre-

1903 3595 2120 3650 ctionis.
2150 3595 2208 3652 Si
2227 3595 2472 3652 Christus
2495 3614 2602 3653 non
2625 3600 2952 3670 resurrexit,
2975 3616 3111 3657 vana
3139 3612 3225 3658 est
3240 3603 3374 3660 ﬁdes
3391 3619 3489 3660 no-

1903 3697 2014 3744 stra
2043 3707 2058 3744 :
2081 3690 2178 3746 sed
2199 3692 2322 3761 quia
2349 3693 2666 3761 resurrexit,
2682 3693 2806 3749 ideo
2833 3694 2983 3750 ﬁrma
3013 3703 3100 3752 est
3125 3696 3261 3752 ﬁdes
3282 3706 3491 3755 nostra.

1976 3782 2118 3854 Ergo
2143 3781 2254 3838 dixi
2301 3785 2580 3854 apostolos
2608 3787 2920 3858 symbolum
2969 3791 3374 3859 composuisse.
3429 3792 3488 3848 Si

1903 3887 2039 3941 ergo
2066 3889 2305 3932 mercum
2348 3877 2568 3931 istarum
2596 3879 2964 3948 negotiatores
2986 3887 3039 3936 et
3064 3880 3362 3938 collatores
3391 3898 3488 3952 pe-

1911 3967 2088 4024 cuniae
2113 3966 2254 4026 hanc
2281 3966 2484 4025 habent
2512 3971 2712 4042 legem,
2728 3981 2787 4026 ut
2813 3973 2856 4029 si
2881 3972 2973 4044 qui
3001 3973 3301 4045 symbolam
3331 3990 3486 4032 suam

1907 4061 2214 4130 violaverit,
2246 4063 2526 4133 improbus
2557 4073 2612 4120 et
2634 4064 2968 4122 intestabilis
2996 4067 3283 4138 habeatur,
3316 4071 3491 4126 multo

1907 4155 2084 4226 magis
2107 4155 2409 4212 cavendum
2436 4165 2524 4214 est
2554 4157 2735 4225 nobis,
2765 4174 2832 4214 ne
2857 4159 2926 4216 dc
2951 4161 3219 4232 majorum
3249 4162 3501 4232 symbolo

1901 4249 2107 4320 aliquid
2135 4249 2461 4306 detrahatur
2491 4267 2505 4304 :
2555 4267 2679 4307 cum
2713 4252 2915 4308 habeas
2962 4254 3017 4310 iu
3067 4253 3208 4310 libro
3240 4255 3496 4328 apocaly-

1907 4344 2020 4415 psis
2050 4343 2304 4412 Joannis,
2328 4345 2422 4416 qui
2441 4345 2666 4401 libellus
2693 4348 3072 4426 canonizatur,
3091 4357 3148 4404 et
3171 4349 3402 4408 maxime
3427 4350 3496 4407 ad

1908 4437 2035 4494 ﬁdei
2064 4437 2284 4509 proﬁcit
2314 4438 2728 4497 fundamentum
2765 4457 2780 4494 :
2815 4441 2889 4496 ibi
2911 4442 3055 4496 enim
3084 4442 3363 4499 evidenter
3377 4459 3498 4500 om-

1907 4533 2245 4604 nipotentem
2271 4533 2556 4589 Domi-num
2583 4544 2832 4591 nostrum
2861 4533 3044 4591 Iesum
3072 4533 3351 4594 Christum
3380 4553 3495 4596 me-

156 4628 347 4687 hubes
380 4647 397 4684 :
445 4637 559 4684 aut
587 4628 741 4698 quasi
770 4602 1070 4684 secundum
1101 4628 1515 4698 praerogativam
1542 4627 1801 4682 divinita-
1829 4602 1881 4663 ’θ
1903 4602 2318 4683 mdravitLicet
2341 4636 2396 4681 et
2415 4627 2471 4681 in
2492 4627 2612 4681 aliis
2637 4627 2793 4694 locis,
2819 4636 3006 4684 tamen
3032 4627 3086 4684 in
3115 4629 3234 4701 ipso
3257 4630 3447 4688 libello
3475 4649 3490 4687 :

157 4723 230 4778 tis
260 4733 324 4780 et
361 4722 722 4778 substantiae
751 4721 1124 4792 generationis
1156 4735 1267 4777 sum
1307 4722 1576 4776 Dominus
1618 4732 1802 4778 noster

149 4819 330 4876 .iesus
359 4819 649 4876 Christus
668 4817 827 4874 sedet
846 4816 912 4872 ad
942 4817 1246 4884 dexteram,
1274 4832 1304 4871 ι
1333 4825 1507 4873 morte
1525 4818 1798 4872 surrexit:

146 4921 250 4970 aut
279 4925 470 4972 cene
508 4912 670 4982 quasi
699 4909 1066 4982 triumphator
1097 4920 1332 4966 aeternus
1353 4909 1446 4981 qui
1471 4909 1673 4966 bonum
1714 4917 1801 4965 re-

139 5021 331 5078 gnum
365 5005 512 5062 Deo
539 5003 686 5062 Patri
713 5003 1074 5074 comparavit,
1103 5002 1514 5073 praerogativam
1555 5000 1661 5056 sibi
1687 5015 1800 5056 sua:

141 5099 440 5156 victorias
473 5096 810 5164 vindicavit,
834 5095 1033 5152 sedens
1052 5095 1119 5150 ad
1139 5095 1429 5151 dexteram
1457 5095 1651 5150 Patris.

223 5207 250 5234 ο
293 5192 634 5268 [Judicare
659 5190 822 5263 vivos]
851 5199 900 5246 et
921 5199 1172 5246 mortuos.
1197 5190 1359 5257 Audi,
1386 5189 1566 5244 homo.
1629 5189 1804 5246 Debes

130 5288 396 5359 quidem
438 5287 576 5344 cito
597 5285 843 5340 credere.
863 5283 1024 5339 Fides
1049 5284 1162 5354 ipsa
1189 5284 1254 5338 de
1282 5282 1547 5338 cbaritate
1588 5299 1803 5354 proma-

128 5390 259 5437 tur.
291 5381 426 5452 Qui
459 5389 632 5434 amat
659 5423 674 5448 ,
709 5379 784 5433 nil
813 5378 1039 5450 derogat
1067 5395 1080 5432 ε
1137 5377 1377 5446 amicus,
1427 5379 1515 5448 qui
1568 5379 1797 5433 amicum

123 5486 325 5546 amat,
374 5473 800 5544 nihil‘derogat
826 5490 840 5527 :
869 5471 963 5543 qui
986 5481 1135 5526 amat
1167 5473 1474 5539 Dominum,
1491 5473 1664 5529 multo
1679 5487 1796 5528 ma-

118 5569 217 5639 gis
245 5587 387 5626 non
431 5567 626 5624 debet
653 5569 937 5639 derogare.
961 5567 1138 5636 Quare
1161 5566 1284 5622 dico
1303 5567 1444 5621 sedet
1463 5565 1602 5634 ?Qui
1631 5577 1799 5636 amat,

198 5705 502 5764 ‘Nulli's
561 5702 941 5759 additamentis
998 5703 1164 5758 fuisse
1221 5711 1437 5758 auctum
1491 5702 1798 5758 Romanum

108 5781 554 5850 symbolum,
585 5785 637 5850 et
659 5775 873 5850 publice
898 5776 967 5830 ab
998 5774 1519 5850 initiandisirecitari
1549 5777 1795 5842 solitum,

105 5841 345 5908 narrat
385 5841 792 5905 Rutin'ns'loc.
816 5847 936 5918 cit.,
955 5847 1046 5918 qui
1063 5857 1244 5904 tamen
1271 5845 1615 5918 Aquileiense
1639 5841 1800 5903 suum

1912 4723 1969 4780 Si
1993 4723 2106 4794 qui,
2127 4722 2320 4792 inquit,
2353 4721 2626 4778 addiderit
2646 4731 2738 4776 aut
2761 4721 3087 4790 detraxerit,
3101 4723 3368 4794 judicium
3390 4723 3499 4780 sibi

1909 4818 2076 4873 sumit
2103 4827 2160 4872 et
2180 4831 2416 4887 pinnam.
2439 4815 2533 4874 Sic
2561 4815 2726 4872 unius
2747 4819 2982 4887 apostoli
3035 4819 3333 4891 Scripturis
3353 4819 3490 4876 nihil

1921 4919 2007 4967 est
2031 4909 2453 4977 detrahendum,
2483 4909 2623 4965 nihil
2653 4910 2986 4978 addendum,
3037 4912 3494 4984 quemadmodum

1911 5019 2014 5060 nos
2044 5004 2293 5077 symbolo
2323 5003 2466 5075 quod
2489 5004 2806 5075 accepimus
2831 5005 2901 5061 ab
2929 5008 3193 5077 apostolis
3240 5006 3495 5064 traditum

1911 5109 2074 5170 atque
2101 5098 2486 5169 compositum,
2521 5098 2656 5154 nihil
2687 5099 2953 5156 debemus
2995 5101 3308 5168 detrahere,
3358 5102 3502 5158 nihil

1914 5194 2232 5264 adiungere.
2265 5194 2378 5249 lioc
2408 5204 2590 5250 autem
2622 5205 2707 5251 est
2735 5195 3046 5268 symbolum
3069 5196 3222 5267 quod
3254 5196 3498 5254 Romana

1913 5285 2163 5343 Ecclesia
2184 5294 2353 5353 tenet,
2381 5286 2472 5341 ubi
2501 5287 2716 5357 primus
2743 5287 3124 5358 apostolorum
3165 5288 3364 5345 Petrus
3403 5305 3495 5348 se-

1915 5379 2015 5448 dit,
2035 5388 2091 5436 et
2119 5395 2460 5436 communem
2481 5379 2805 5438 sententiam
2836 5395 2902 5435 eo
2923 5379 3142 5436 detulit.

1990 5476 2131 5546 Ergo
2160 5472 2616 5545 quemadmodum
2639 5473 2930 5529 duodecim
2955 5476 3214 5544 apostoli,
3265 5487 3322 5532 et
3361 5478 3501 5536 duo.-

1917 5567 2094 5624 decim
2131 5565 2446 5623 sententiae.
2480 5565 2706 5636 Signate
2737 5581 2852 5624 vos.
2883 5567 3000 5634 Quo
3029 5570 3199 5635 iacto;
3232 5569 3402 5628 Credo
3432 5571 3504 5646 [in

1913 5715 2180 5774 sequitur.

1984 5773 2013 5814 ι)
2041 5776 2204 5850 Cod,
2235 5787 2397 5832 unum
2423 5777 2597 5850 passio
2618 5787 2762 5834 nam.

1992 5857 2014 5886 ο
2047 5847 2435 5906 Praetermissa
2463 5850 2516 5905 in
2546 5849 2739 5909 codice
2767 5851 2934 5910 verba
2969 5854 3122 5913 uncis
3143 5855 3390 5914 include.
