3958 6314
662 263 803 324 “59

649 377 820 434 Deum
855 380 1064 436 Patrem
1093 383 1511 455 enmipotentem,
1545 392 1826 439 creatorem
1849 385 1962 440 caeli
1989 393 2035 438 et
2064 394 2231 450 terrm,
2264 387 2307 445 Α

656 483 704 525 et
727 474 781 526 in
804 471 984 527 Jesum
1012 473 1278 529 Christum
1300 474 1499 529 Filium
1539 479 1650 548 ejus
1698 477 1904 530 unicum
1953 475 2232 530 Dominum

657 573 912 633 nostrum,
941 567 1028 637 qui
1059 576 1330 638 conceptus
1353 577 1426 621 est
1453 567 1517 621 de
1544 567 1746 640 Spiritu
1767 579 1967 636 sancto,
1996 579 2146 622 natus
2172 585 2233 622 ex

655 658 854 733 Maria]
876 661 1108 732 virgine;
1136 660 1328 733 [habes
1348 660 1564 717 Patrem
1585 663 2038 732 omnipotentem,
2064 661 2231 716 habes

655 754 854 810 Filium
886 755 1130 827 unicum]
1157 755 1326 811 habes
1375 756 1807 812 incarnationem
1853 756 1996 822 Filii,
2046 772 2233 826 quem-

653 848 940 904 admodum
972 849 1108 905 dixi.
1140 849 1250 905 Sub
1277 847 1466 904 Pontio
1490 848 1664 903 Pilato
1694 866 1877 916 passus
1897 858 1944 902 et
1969 846 2230 918 sepultus;

658 942 825 999 habes
848 944 1156 1013 passionem
1183 951 1236 997 et
1265 943 1628 1014 sepulturam.
1665 942 1806 998 Ecce
1853 952 2085 1013 quatuor
2114 942 2230 996 ista:

651 1039 962 1094 sementim.
994 1036 1290 1092 Videamus
1307 1037 1466 1091 alias.
1491 1035 1666 1091 Tertia
1717 1037 1800 1090 die
1843 1034 2158 1108 [resurrexit
2200 1052 2231 1087 a

648 1130 883 1198 mortuis,
910 1129 1138 1184 ascendit
1163 1128 1230 1183 ad
1258 1129 1436 1194 caelos,
1470 1128 1607 1181 sedet
1635 1127 1704 1180 ad
1728 1131 1988 1182 dexteram
2008 1125 2107 1180 Dei
2125 1125 2232 1180 Pa-

649 1224 761 1285 tris,
785 1223 905 1277 inde
927 1232 1166 1277 uenturus
1197 1233 1270 1277 est
1285 1221 1534 1292 judicare
1557 1217 1714 1289 vivos]
1737 1230 1788 1274 et
1809 1229 2054 1273 mortuos.
2090 1218 2229 1274 Ecce

647 1317 768 1371 alia:
789 1328 1022 1384 quatuor
1051 1315 1366 1381 sententiae,
1392 1314 1497 1369 hoc
1528 1323 1609 1368 est
1645 1322 1770 1368 octo
1797 1314 2102 1368 sententiae.
2140 1312 2230 1367 Vi-

643 1411 872 1466 deamus
901 1411 1078 1465 adhuc
1098 1410 1228 1464 alias
1259 1419 1493 1481 quatuor
1526 1407 1845 1463 sententias.
1878 1407 1942 1460 Et
1969 1407 2021 1460 in
2056 1407 2227 1473 Spiri-

643 1513 751 1558 tum
770 1512 1004 1560 sanctum
1035 1503 1286 1575 [sanctam
1326 1501 1635 1566 Ecclesium,
1664 1501 2018 1555 remissionem
2047 1518 2228 1573 pecca-

642 1607 832 1664 torum,
855 1596 1048 1670 carnis]
1073 1597 1518 1652 resurrectionem.
1539 1594 1678 1650 Ecce
1700 1594 1998 1649 secundum
2024 1594 2228 1650 duode-

642 1693 747 1748 cim
773 1692 1070 1763 apostolos,
1105 1700 1162 1746 et
1198 1687 1490 1746 duodecim
1510 1685 1792 1744 sententiae
1819 1685 2226 1758 comprehensa:

638 1795 785 1841 sunt.

1609 299 1618 307 ~
1681 268 2025 330 APPENDIX
2061 270 2154 329 AD
2193 268 2428 330 OPERA
2465 269 2526 330 S.
2569 268 2909 332 AMBROSII.
2971 293 2986 307 ε

3748 275 3834 337 me

2412 382 2546 436 Illud
2577 397 2706 438 sane
2737 383 2970 438 monitos
2997 395 3093 437 vos
3119 381 3249 437 volo
3279 392 3429 448 esse,
3460 384 3698 453 quoniam
3736 403 3833 458 551n-

2341 475 2521 530 bolum
2557 493 2661 531 ncn
2702 477 2862 532 debet
2885 477 3074 543 scribi,
3098 477 3223 546 quia
3262 476 3499 531 reddere
3519 477 3646 532 illud
3667 479 3831 537 habetis.

2337 567 2442 623 Sed
2468 583 2624 625 nemo
2646 571 2868 625 scribat.
2887 571 3000 638 Qua
3019 570 3266 624 ratione?
3290 569 3381 624 Sic
3405 573 3698 639 accepimus
3712 586 3835 630 utnon

2333 659 2528 715 debeat
2554 659 2738 718 scribi.
2774 661 2878 718 Sed
2928 663 3095 728 quid!
3133 660 3355 717 Teucri.
3409 662 3518 716 Sed
3564 663 3688 719 dicis
3721 667 3836 731 mihi,

2335 755 2610 826 quomodo
2641 765 2819 827 potest
2844 757 3037 820 teneri,
3079 759 3122 811 si
3151 773 3259 811 non
3296 756 3591 811 scribitur?
3616 758 3754 829 Magis
3780 778 3837 829 po.

2345 858 2450 902 test
2479 850 2673 912 teneri,
2701 850 2744 903 si
2793 866 2896 903 non
2928 850 3214 905 scribatur.
3242 849 3359 916 Qua
3388 851 3632 905 ratione?
3652 853 3833 921 Accipite.

2333 941 2488 1006 Quod
2518 942 2662 996 enim
2680 943 2903 1009 scribes,
2919 958 3139 996 securus
3161 943 3321 1013 quasi
3354 943 3703 1013 relegas,nou
3720 950 3833 1014 quotl-

2331 1035 2494 1090 diana
2519 1036 2896 1103 fmeditatiune
2926 1038 3118 1106 incipis
3150 1053 3450 1092 recensere
3504 1053 3518 1088 :
3567 1038 3695 1107 quod
3723 1052 3832 1094 autem

2333 1143 2441 1183 non
2472 1130 2687 1195 scribis,
2720 1131 2876 1184 times
2903 1146 2971 1184 ne
3015 1129 3260 1196 amittas,
3311 1129 3566 1200 quotidie
3612 1131 3764 1201 incipis
3783 1151 3832 1188 re-

2333 1237 2578 1278 censere.
2601 1222 2846 1294 Magnum
2876 1232 3054 1279 autem
3081 1235 3455 1280 tutamentum
3482 1235 3566 1280 est
3591 1243 3604 1280 :
3629 1243 3834 1282 nascuntur

2331 1327 2580 1384 stupores
2608 1316 2775 1370 animi
2806 1327 2860 1371 et
2889 1318 3152 1387 corporis,
3189 1319 3431 1373 teutatio
3479 1317 3748 1372 adversarii
3778 1322 3825 1389 qui

2338 1424 2633 1478 numquam
2676 1409 2930 1476 quiescit,
2957 1421 3157 1464 tremor
3179 1411 3352 1480 aliqui
3387 1412 3657 1480 corporis,
3694 1411 3824 1465 inﬁmi-

2339 1511 2423 1554 tas
2444 1502 2726 1564 stomachi;
2747 1503 3047 1573 symbolum
3072 1517 3298 1557 recense
3328 1505 3478 1558 intra
3499 1514 3573 1566 te,
3591 1504 3829 1573 mariners

2330 1610 2490 1651 cense
2520 1595 2662 1650 intra
2691 1607 2742 1651 te
2765 1598 2958 1665 ipsum.
2985 1597 3162 1665 Quare
3187 1597 3655 1653 consuetudinem
3680 1597 3828 1653 iecisset

2331 1702 2450 1742 cum
2481 1687 2652 1754 solus,
2687 1686 2787 1760 [ut]
2823 1689 3012 1744 fortius
3039 1705 3340 1746 recenseas
3370 1689 3471 1745 ubi
3498 1701 3623 1746 sunt
3651 1691 3789 1746 ﬁdeles.

1707 2038 2267 2126 EPISTOLA
2342 2043 2500 2125 DE
2576 2037 2843 2129 FIDE

1589 2203 1677 2255 AD
1706 2200 1966 2253 BEATUM
2000 2199 2422 2252 HIERONYMUM
2455 2200 2936 2256 PRESBYTERUM.

2102 2327 2428 2342 *-

701 2457 1007 2529 Apostolica
1036 2464 1224 2513 narrat
1241 2455 1538 2512 auctoritas
1561 2471 1574 2508 :
1594 2453 1725 2509 Sine
1751 2451 1856 2507 ﬁde
1881 2447 2218 2520 impossibile

629 2567 753 2608 esse
798 2560 858 2605 ut
891 2552 1176 2622 quisquam
1211 2550 1424 2622 placeat
1474 2548 1608 2603 Deo.
1665 2545 1774 2600 Nos
1813 2559 1942 2616 ergo
1987 2542 2218 2597 ﬁdeliter

629 2646 900 2704 credimus
948 2645 1210 2710 Patrem,
1267 2643 1467 2700 Filium
1511 2650 1566 2698 et
1614 2640 1876 2711 Spiritum
1927 2646 2210 2700 sanctum,

630 2759 792 2798 unum
829 2757 1017 2797 verum
1050 2742 1226 2797 solum
1269 2739 1441 2794 Deum
1475 2738 1528 2792 in
1558 2734 1842 2792 essentiali
1868 2729 2169 2787 substantia
2197 2769 2211 2793 ,

627 2851 692 2893 ac
721 2846 964 2892 sanctam
993 2844 1048 2891 et
1079 2833 1417 2890 individuam
1450 2829 1792 2902 personalem
1824 2826 2210 2882 aeternitatem.

631 2932 814 2989 Deitas
843 2933 990 2988 enim
1033 2930 1235 2987 Christi
1273 2944 1370 3000 par
1409 2929 1459 2983 in
1503 2925 1750 2982 omnibus
1779 2930 1835 2980 et
1857 2919 2214 2977 consubstan-

2318 2449 2658 2520 genitoribus
2705 2467 2869 2508 causa
2902 2455 3211 2511 mortalium
3239 2499 3255 2522 ,
3290 2465 3350 2512 ut
3398 2458 3654 2530 originali
3690 2470 3830 2529 petua

2320 2554 2641 2603 transeunte
2669 2563 2766 2617 per
2797 2558 3046 2618 posteros
3069 2594 3082 2614 ,
3118 2551 3302 2606 nullus
3350 2569 3577 2624 pwnam
3619 2555 3830 2610 damnatis-

2318 2640 2401 2693 uis
2427 2640 2720 2708 evaderet,
2757 2642 2858 2696 nisi
2912 2641 3147 2698 Verbum
3193 2659 3326 2700 caro
3362 2646 3525 2704 ﬁeret
3555 2659 3606 2702 et
3643 2648 3833 2703 habitaret

2315 2733 2371 2787 in
2395 2733 2572 2789 nobis.
2608 2734 2762 2803 Quod
2794 2736 3012 2791 deitatis
3044 2747 3165 2805 est,
3199 2753 3334 2794 caro
3363 2755 3481 2795 non
3515 2743 3716 2804 minuit;
3738 2740 3836 2809 quod

2316 2827 2498 2881 carnis
2516 2836 2600 2880 est
2624 2867 2638 2892 ,
2671 2828 2846 2884 deitas
2870 2845 2976 2884 non
3001 2828 3256 2898 peremit.
3281 2830 3435 2886 Idem
3471 2833 3614 2888 enim
3635 2844 3672 2887 et
3691 2835 3835 2901 scorpio

2316 2927 2504 2974 ternus
2542 2937 2609 2975 ex
2639 2921 2836 2988 Patre;
2869 2933 2924 2978 et
2971 2923 3288 2992 temporalis
3337 2941 3410 2981 ex
3455 2939 3654 2990 matre,
3679 2929 3719 2980 in
3755 2940 3831 2979 sua

623 3027 766 3082 tialis
792 3036 877 3082 est
906 3026 1091 3093 Patri,
1125 3034 1180 3082 et
1210 3024 1542 3095 sempiterna
1577 3031 1738 3092 atque
1776 3015 2210 3087 intemporaliter
2237 3039 2283 3103 ρ
2317 3015 2513 3069 virtute
2543 3016 2872 3072 inviolabilis
2897 3059 2911 3081 ,
2947 3016 3002 3071 in
3033 3028 3221 3072 nostra
3249 3018 3582 3077 infirmitate
3610 3019 3834 3088 passibilis.

624 3135 728 3173 una
760 3121 1060 3191 eademque
1096 3121 1340 3188 potentia
1373 3117 1639 3187 genitoris
1674 3121 1731 3169 et
1762 3111 1958 3182 geniti.
1982 3108 2210 3164 Creator

626 3210 828 3281 quippe
880 3211 1124 3266 omnium
1175 3221 1528 3274 naturarum,
1568 3203 1827 3277 quoniam
1882 3217 1980 3273 per
2031 3201 2204 3268 ipsum

628 3302 811 3357 omnia
832 3301 974 3358 facta
999 3311 1159 3367 sunt,
1193 3311 1248 3356 et
1276 3301 1398 3356 sine
1425 3301 1543 3371 ipso
1571 3298 1774 3354 factum
1799 3304 1884 3351 est
1910 3294 2040 3349 nihil
2067 3335 2082 3359 ,
2118 3309 2208 3348 su-

624 3395 810 3466 perior
835 3403 920 3451 est
945 3395 1196 3451 omnibus
1225 3410 1346 3464 quae
1369 3391 1607 3458 creavit,
1637 3405 1735 3446 nec
1760 3404 2013 3460 umquam
2044 3402 2203 3442 crea-

623 3489 728 3545 tori
771 3503 872 3546 suo
920 3504 1026 3544 non
1070 3487 1294 3544 fuerunt
1339 3485 1587 3556 subjecta
1641 3497 1761 3552 qua:
1803 3479 2083 3536 condidit:
2115 3477 2203 3532 cui

619 3585 894 3656 proprium
920 3595 977 3640 et
1015 3584 1411 3654 sempiternum
1443 3590 1529 3636 est
1559 3593 1659 3634 nec
1700 3575 1918 3632 aliunde
1944 3589 2105 3646 quam
2136 3573 2203 3628 de

621 3678 814 3744 Patre,
847 3693 949 3734 nec
971 3677 1135 3733 alium
1169 3691 1291 3733 esse
1332 3690 1492 3745 quam
1523 3672 1683 3728 Pater
1710 3680 1818 3726 est.
1852 3668 1988 3724 lluic
2027 3669 2071 3722 si
2111 3665 2207 3721 ad-

619 3772 726 3828 dita
759 3780 908 3829 esset
937 3781 1176 3844 potestas
1201 3817 1215 3840 ,
1264 3773 1308 3825 si
1360 3769 1626 3825 illustrata
1671 3764 1906 3837 dignitas
1927 3805 1941 3829 ,
1975 3763 2019 3818 si
2047 3760 2202 3817 exal-

617 3876 724 3924 tata
747 3867 1091 3935 sublimitas,
1128 3866 1308 3921 minor
1328 3871 1449 3920 erat
1475 3860 1807 3934 provehente
1828 3858 1924 3929 qui
1953 3856 2198 3919 creavit,

607 3976 720 4017 nec
751 3961 986 4018 habebat
1037 3959 1258 4018 divitias
1306 3957 1425 4029 ejus
1473 3968 1727 4022 naturae,
1774 3952 1930 4022 cujus
1971 3948 2202 4020 indiguit

618 4057 886 4125 largitate.

685 4153 743 4208 In
773 4167 835 4209 ea
861 4148 1199 4222 plenitudine
1220 4146 1480 4218 temporis
1506 4191 1520 4215 ,
1555 4158 1675 4215 qua:
1716 4141 2051 4212 sempiterno
2069 4151 2198 4193 con-

607 4245 732 4304 silio
764 4245 939 4300 fuerat
984 4242 1288 4313 przestituta
1313 4281 1330 4308 ,
1362 4248 1417 4294 et
1463 4236 1780 4309 prophetica
1812 4233 2082 4290 dictorum
2116 4241 2196 4284 at-

607 4351 717 4408 que
747 4345 1027 4408 gestorum
1056 4332 1453 4404 signiﬁcatione
1484 4329 1751 4399 promissa
1783 4373 1796 4394 ,
1833 4326 2006 4381 factus
2055 4322 2195 4378 ﬁlius

2313 3106 2368 3160 ln
2392 3107 2596 3164 deitate
2622 3120 2828 3164 tantum
2849 3120 3044 3166 etcum
3072 3110 3234 3168 Patre
3259 3124 3315 3168 et
3332 3128 3464 3169 cum
3492 3115 3684 3186 Spiritu
3700 3125 3839 3169 sancto

2308 3201 2466 3256 unius
2510 3203 2866 3275 ejusdemque
2913 3213 3157 3273 naturaa;
3211 3209 3264 3262 in
3317 3211 3666 3280 susceptione
3707 3220 3833 3265 autem

2306 3296 2580 3363 hominis,
2632 3312 2739 3351 non
2791 3300 2951 3353 unius
3004 3299 3366 3369 substantias,
3400 3303 3504 3358 sed
3559 3305 3704 3359 unius
3742 3304 3835 3372 ejus-

2307 3387 2538 3458 demque
2590 3404 2876 3460 personae:
2929 3401 2987 3446 ut
3035 3391 3175 3447 idem
3209 3403 3357 3448 esset
3395 3394 3557 3450 dives
3586 3397 3635 3450 in
3663 3409 3820 3467 paupe-

2308 3491 2448 3546 tate,
2495 3483 2839 3553 omnipotens
2887 3485 2938 3538 iu
2969 3484 3370 3555 submissione,
3425 3489 3819 3559 impassibilis‘n

2306 3574 2574 3644 supplicio
2601 3617 2615 3641 ,
2650 3578 2972 3634 immortalis
3001 3580 3051 3632 in
3095 3589 3288 3635 morte.
3325 3582 3434 3638 Nec
3463 3584 3611 3640 enim
3657 3583 3829 3638 Verbum

2313 3679 2406 3723 aut
2436 3669 2490 3723 in
2519 3684 2738 3725 carnem
2769 3682 2862 3725 aut
2888 3671 2942 3727 iu
2975 3673 3207 3727 animam
3239 3673 3426 3745 aliqua
3470 3675 3557 3732 sui
3585 3687 3726 3748 parte
3744 3689 3830 3729 caa-

2303 3778 2520 3818 versum
2545 3775 2664 3831 est;
2692 3782 2814 3822 cum
2842 3766 3074 3838 simplex
3092 3779 3147 3824 et
3174 3769 3534 3827 immutabilis
3563 3783 3736 3827 natura
3749 3768 3827 3823 dei.

2305 3856 2426 3910 tatis
2453 3866 2567 3911 tota
2610 3857 2667 3911 in
2698 3874 2794 3912 sua
2840 3860 2914 3914 sit
2944 3875 3161 3930 semper
3187 3864 3430 3918 essentia
3456 3880 3472 3928 ;
3504 3881 3607 3921 nec
3637 3866 3830 3920 deamata

2302 3952 2405 4006 sibi
2451 3953 2723 4022 recipiens
2768 3969 2870 4010 nec
2915 3966 3304 4027 augmentum;
3334 3968 3390 4015 et
3420 3961 3502 4016 sic
3550 3969 3830 4030 assumptus

2299 4058 2546 4101 naturam
2591 4048 2905 4104 beatificans
2931 4092 2945 4116 ,
3000 4061 3056 4106 ut
3101 4052 3509 4126 gloriﬁcata,’;in
3550 4054 3834 4127 gloriﬁcante

2301 4149 2634 4210 permaneat.

2369 4234 2479 4291 Cur
2505 4249 2684 4292 autem
2713 4237 3103 4296 inconveniens
3127 4249 3220 4294 aut
3247 4241 3592 4311 impossibile
3616 4243 3842 4302 videatur.

2299 4339 2358 4386 ut
2385 4330 2619 4386 Verbum
2644 4341 2701 4388 et
2725 4347 2856 4388 caro
2886 4342 3046 4404 atque
3073 4333 3253 4388 anima
3270 4351 3410 4390 unus
3444 4340 3606 4392 homo
3637 4336 3842 4392 Christus

613 4431 852 4489 hominis
888 4446 997 4486 non
1020 4444 1132 4486 sua:
1159 4425 1522 4484 conversione
1552 4421 1874 4479 ευῦειληῑίω
1902 4461 1916 4486 ν
1946 4417 2040 4474 sed
2064 4431 2191 4472 "05-
2221 4436 2273 4496 1)
2297 4435 2352 4482 et
2380 4441 2518 4480 unus
2548 4425 2638 4481 Dei
2671 4424 3016 4496 hominisque
3037 4426 3108 4480 sit
3136 4425 3329 4493 Filius,
3360 4428 3406 4482 si
3438 4444 3570 4484 caro
3598 4439 3656 4486 et
3679 4430 3842 4483 anima.

613 4538 712 4584 trze
739 4525 1112 4598 assumptione
1152 4533 1360 4579 naturae
1383 4561 1399 4587 ,
1427 4517 1582 4575 venit
1618 4529 1866 4587 quaarere
1907 4523 1962 4568 ct.
1988 4513 2194 4568 salvare

612 4621 755 4693 quod
787 4619 1044 4690 perierat.
1076 4616 1241 4675 Venit
1279 4622 1461 4669 autem
1491 4627 1600 4668 non
1637 4607 1803 4666 locali
1845 4621 2068 4662 accessu
2094 4620 2194 4660 nec

612 4714 854 4769 motione
879 4725 1178 4782 corporea,
1205 4721 1478 4778 tamquam
1517 4719 1762 4776 praesens
1791 4701 2004 4756 futurus
2049 4697 2194 4754 unde

611 4808 905 4873 adfuisset,
933 4814 1028 4861 aut
1060 4805 1212 4860 illine
1253 4816 1569 4860 recessurus
1590 4799 1731 4855 unde
1771 4797 2045 4859 venisset,
2095 4791 2192 4849 sed

611 4904 763 4958 venit
787 4916 884 4972 per
911 4901 1016 4954 hoc
1042 4896 1190 4969 quod
1219 4905 1344 4952 erat
1381 4892 1616 4949 visibilis
1645 4902 1700 4946 et
1727 4890 1936 4944 cunctis
1955 4903 2187 4944 cernen-

607 4994 754 5050 tibus
781 4990 1162 5050 declarandus.
1203 4989 1504 5045 Humanam
1533 4986 1740 5042 scilicet
1779 4998 2000 5039 carnem
2027 4992 2189 5052 atque

606 5088 841 5143 animam
879 5086 934 5140 in
974 5083 1283 5140 visceribus
1312 5082 1538 5151 virginis
1569 5079 1757 5134 matris
1784 5076 2062 5146 accipiens
2089 5118 2103 5142 ,
2137 5083 2194 5128 ut

603 5191 829 5238 manens
854 5180 910 5235 in
938 5181 1106 5234 forma
1139 5175 1272 5244 Dei,
1319 5173 1465 5231 servi
1505 5173 1733 5229 formam
1763 5177 2104 5237 asmmeret,
2137 5176 2188 5223 et

602 5277 654 5332 in
687 5273 1042 5332 similitudine
1059 5271 1244 5328 carnis
1267 5277 1617 5342 peccatorum
1643 5269 1884 5335 veniret,
1912 5279 2006 5336 per
2028 5279 2185 5335 quam

604 5386 714 5426 non
757 5371 1026 5426 minueret
1056 5367 1237 5422 divina
1289 5363 1564 5427 humanis,
1592 5361 1689 5418 sed
1737 5371 1960 5433 augeret
1990 5358 2185 5416 divinis

602 5461 856 5520 humana.
907 5462 1060 5518 Talis
1089 5461 1234 5518 enim
1267 5470 1388 5516 erat
1435 5455 1678 5516 omnium
1722 5473 1754 5512 a
1799 5455 1991 5528 primis
2022 5455 2182 5510 ducta

671 5615 698 5642 ἰ
737 5602 1057 5659 Rectissime
1083 5601 1406 5658 Ambrosius
1447 5615 1719 5672 personam
1744 5640 1759 5663 ,
1793 5612 1898 5672 non
1928 5604 2170 5672 naturam

599 5676 746 5734 dicit.
779 5675 912 5729 Nam
931 5676 977 5730 si
1002 5683 1192 5731 contra
1217 5689 1322 5729 una
1363 5667 1597 5728 hominis
1629 5681 1818 5726 natura
1842 5667 2045 5722 dicitur
2068 5711 2082 5734 ,
2114 5676 2174 5723 ut

637 5749 842 5818 lerique
879 5747 1027 5817 loqui
1054 5748 1234 5802 solent
1259 5792 1274 5815 ,
1309 5745 1414 5818 ho_e
1439 5745 1694 5818 exemplo
1721 5743 1858 5796 mire
1879 5737 2175 5818 abutuntur

639 5766 842 5818 temque
881 5766 1027 5817 toqut
1054 5766 1234 5802 autem
1259 5792 1274 5815 ,
1310 5766 1414 5801 uoc
1439 5766 1694 5813 exemplo
1721 5766 1858 5796 Ilttt'c
1879 5766 2171 5794 auutuntur

599 5766 992 5890 Eonephysitte
1016 5859 1032 5884 ,
1062 5828 1120 5872 ut
1145 5831 1307 5873 unam
1353 5815 1556 5873 Christi
1583 5823 1829 5872 naturam
1879 5809 2171 5867 afﬁrment.

2294 4537 2416 4593 quzc
2465 4520 2809 4575 dissimilium
2843 4528 3158 4575 naturarum
3206 4531 3376 4589 sunt,
3431 4540 3591 4578 unam
3638 4524 3842 4580 fatiunt.

2296 4615 2459 4671 etiam
2509 4616 2627 4670 sine
2662 4615 2824 4670 Verbi
2869 4614 3244 4672 incarnatione
3273 4659 3289 4683 ,
3324 4625 3351 4654 ι
3381 4620 3718 4687 personam?
3744 4617 3842 4672 cus

2295 4710 2463 4765 multo
2492 4708 2710 4765 facilius
2739 4708 2844 4772 sit,
2879 4718 2937 4763 ut
2984 4707 3125 4763 hanc
3171 4709 3439 4766 unitatem
3471 4712 3556 4766 sui
3588 4722 3750 4783 atque
3776 4709 3847 4762 hac

2293 4802 2456 4858 minis
2478 4845 2492 4867 ,
2533 4803 2752 4859 deitatis
2791 4811 3010 4873 praestet
3050 4811 3295 4874 potestas
3322 4845 3338 4872 ,
3370 4821 3538 4874 quam
3569 4816 3630 4861 ut
3676 4822 3784 4861 eam
3811 4803 3844 4854 ia

2292 4897 2610 4951 substantiis
2639 4897 2753 4951 suis
2788 4896 3028 4952 obtineat
3064 4897 3236 4952 solius
3265 4898 3626 4957 humanitatis
3655 4900 3850 4956 inﬁrmi-

2297 4996 2398 5042 tas.
2429 4987 2539 5044 Nec
2575 4988 2814 5044 Verbum
2845 4989 3009 5060 igitur
3036 4989 3090 5044 in
3117 5005 3338 5046 carnem
3365 5035 3380 5060 ,
3415 5009 3519 5049 nec
3550 4994 3604 5049 in
3642 4993 3850 5049 Verbum

2293 5098 2423 5137 caro
2454 5091 2661 5137 mutata
2689 5091 2806 5139 est:
2855 5083 2950 5140 sed
2981 5093 3268 5153 utrumque
3313 5085 3365 5140 in
3413 5103 3525 5144 uno
3569 5097 3788 5152 manet,
3814 5098 3855 5142 et

2292 5192 2431 5231 unus
2465 5178 2517 5231 in
2550 5188 2782 5248 utroque
2830 5188 2949 5234 est:
2984 5194 3092 5234 non
3138 5179 3459 5238 diversitate
3488 5183 3702 5241 divisus
3723 5229 3736 5249 ,
3768 5199 3851 5238 non

2291 5271 2656 5342 permixtione
2701 5271 2957 5328 confusus
2979 5315 2994 5338 ,
3025 5288 3124 5328 nec
3148 5273 3288 5328 alter
3309 5290 3378 5330 ex
3410 5276 3572 5333 Patre
3594 5319 3614 5345 ,
3640 5280 3776 5332 alter
3803 5290 3855 5328 ex

2290 5373 2461 5419 matre
2490 5381 2504 5430 ;
2538 5363 2633 5419 sed
2661 5363 2801 5420 idem
2831 5380 2902 5421 ex
2925 5365 3084 5421 Patre
3112 5373 3237 5420 ante
3259 5381 3423 5424 omne
3439 5370 3789 5442 principium,
3814 5379 3855 5422 et

2285 5456 2426 5512 idem
2451 5457 2504 5512 in
2533 5456 2640 5513 ﬁne
2666 5457 2986 5515 saeculorum
3013 5469 3071 5514 ut
3099 5469 3245 5516 esset
3270 5461 3545 5518 mediator
3564 5465 3667 5522 Dei
3690 5477 3745 5521 et
3771 5464 3853 5517 ho-

2277 5597 2356 5652 Re
2379 5605 2558 5651 autem
2598 5611 2726 5652 vera
2753 5596 2870 5652 duae
2896 5605 3020 5652 sunt
3047 5597 3098 5653 in
3131 5596 3350 5654 homine
3380 5611 3592 5660 naturae
3619 5620 3717 5662 seu
3744 5605 3852 5658 sub-

2279 5668 2522 5741 stantize;
2551 5668 2809 5738 spiritalis
2835 5710 2850 5732 ,
2896 5670 3105 5735 anima;
3138 5673 3445 5728 materialis
3467 5716 3484 5741 ,
3518 5692 3674 5733 caro.

2282 5751 2368 5794 tur
2394 5742 2459 5797 de
2489 5739 2592 5795 hoc
2619 5741 2868 5804 exemplo
2886 5742 3144 5812 praeclara
3160 5739 3748 5816 Athanasiidoctriua,
3779 5739 3850 5804 Ed.

2282 5812 2453 5870 Maur.
2491 5821 2529 5868 t.
2572 5812 2622 5878 Ι,
2651 5828 2704 5884 p.
2737 5811 2893 5869 1279.

2441 5855 2453 5867 ο
2491 5853 2529 5868 ο.
2573 5853 2622 5878 ι’
2655 5853 2704 5878 γε
2741 5853 2893 5869 ι-Ιυο
