3958 6314
136 347 262 408 1161
976 354 1194 417 HYMNI
1224 361 1284 419 S.
1318 363 1670 431 AMBROSI")
1710 365 2105 436 ATTRIBUTI.
2138 379 2539 440 ADMONITIO.
3276 390 3416 450 H62

139 462 333 573 minuat
359 459 571 573 Lit-01.110
595 462 763 571 .Jesus
792 465 1042 529 Christus
1067 474 1120 530 in
1143 491 1252 547 quo
1293 478 1570 540 habitaret
1595 485 1713 557 ple-
1742 490 1796 553 A
1823 492 1951 548 cibo
1978 496 2294 554 esuritionis
2323 540 2336 565 ,
2367 513 2474 555 non
2506 498 2624 554 sine
2645 513 2842 558 somno
2872 501 3076 573 quietis
3103 543 3118 570 ,
3150 519 3264 562 non
3295 507 3417 563 sine

137 555 319 664 nit-udo.
344 556 717 664 divinitatis.-
1818 582 1947 640 ﬁetu
1997 586 2370 645 miserationis
2407 631 2422 656 ,
2481 605 2585 647 nec
2639 592 2756 649 sine
2813 608 3022 664 pavore
3079 595 3417 654 formidinis.

202 649 458 708 Nativitas
486 653 632 710 enim
682 655 900 715 Domini
931 663 1236 720 secundum
1267 682 1489 727 carnem
1523 687 1715 744 quam-
1820 678 1970 734 Unus
1995 677 2140 734 enim
2168 689 2330 752 atque
2377 681 2522 739 idem
2555 693 2641 740 est
2667 686 2759 756 qui
2789 684 2845 742 in
2874 687 2970 743 Dei
2997 687 3172 745 forma
3219 704 3416 761 opera-

135 746 212 802 vis
237 746 429 802 habeat
464 749 711 820 quaedam
745 755 964 826 propria
989 798 1005 826 ,
1039 757 1235 828 quibus
1278 761 1531 821 humana:
1578 783 1714 825 con-
1817 779 1905 827 tur
1934 772 2192 828 miracula
2224 746 2434 847 magna:
2460 746 2702 834 virtutis:

133 838 346 897 ditionis
385 842 540 946 initia
586 848 972 918 transcendat,
1008 850 1124 908 sive
1164 855 1305 925 quod
1333 859 1485 914 solus
1533 862 1602 916 ab
1631 863 1714 917 in-
1889 864 1959 922 Ut
1988 875 2169 923 autem
2210 838 2493 939 repararet
2530 872 2778 928 omnium
2806 872 2973 930 vitam
2999 915 3016 943 ,
3057 876 3270 948 recepit
3298 891 3419 932 om-

134 933 325 989 violata
349 933 560 1007 virgine
596 937 720 996 sine
746 943 1189 1013 concupiscentia
1216 958 1302 1004 est
1327 965 1630 1024 conceptus
1662 964 1718 1011 et
1819 959 1970 1014 nium
2013 975 2232 1017 causam
2267 979 2282 1016 :
2320 970 2377 1018 et
2424 962 2536 1019 vim
2583 966 2786 1022 veteris
2834 967 3188 1040 chirographi
3221 1016 3236 1040 ,
3269 971 3421 1042 quod

131 1035 317 1136 "3‘23;
347 1028 464 1085 δίνθ
493 1031 638 1101 (ιιιοᾶ
671 1032 748 1088 ita
771 1050 800 1090 θ
826 1035 1130 1096 Visceribus
1156 1043 1351 1099 matris
1381 1053 1466 1102 est
1492 1046 1670 1104 editus
1698 1070 1714 1120 ς
1819 1058 1968 1113 solus
2027 1058 2170 1114 inter
2218 1073 2412 1116 omnes
2444 1075 2552 1116 non
2601 1062 2826 1129 debuit,
2858 1079 2962 1136 pro
2997 1065 3256 1121 omnibus
3308 1066 3421 1122 sol-

132 1131 187 1174 ut
226 1117 534 1178 fecunditas
578 1137 840 1197 pareret,
886 1141 938 1187 et
986 1132 1269 1206 virginitas
1324 1153 1675 1208 permaneret

1857 1152 1996 1209 endo
2026 1155 2308 1212 vacuavit:
2344 1155 2570 1212 utsicut
2621 1172 2717 1228 per
2772 1160 2932 1216 unius
2979 1172 3193 1218 reatum
3225 1175 3420 1218 omnes

129 1230 232 1271 ηοη
264 1216 487 1273 θίῑθΐίυε
510 1228 932 1322 l1line-libatura:
958 1237 1078 1283 erat
1106 1230 1227 1301 ejus
1248 1247 1378 1289 caro
1404 1251 1563 1306 quam
1590 1252 1717 1295 nos-
1819 1246 1946 1304 facti
1976 1248 2190 1306 fuerant
2221 1260 2539 1322 peccatores
2563 1293 2578 1320 ,
2610 1252 2682 1308 ita
2715 1268 2817 1322 per
2842 1255 3002 1311 unius
3045 1255 3418 1312 innocentiam

130 1317 207 1365 "'3
239 1320 320 1415 ξεί
350 1327 494 1416 {nec
519 1313 634 1420 alio.
652 1315 728 1371 im
759 1335 917 1389 quam
942 1324 1162 1379 οπῑθνίε
1188 1324 1506 1386 hominibus
1531 1332 1714 1387 anima
1819 1358 2009 1400 omnes
2040 1344 2235 1401 ﬁerent
2263 1346 2589 1403 innocentes
2619 1364 2632 1400 :
2664 1347 2793 1404 inde
2821 1350 2873 1402 in
2909 1349 3133 1406 homine
3164 1360 3423 1406 manente

126 1411 206 1508 θξῑ
244 1411 506 1514 inspira”.
555 1411 826 1514 Prinfipio
851 1457 865 1480 τ
899 1431 1019 1486 qua?
1049 1421 1346 1478 θιαθηθΐθι
1397 1440 1503 1480 non
1535 1426 1718 1484 diver—
1815 1438 2158 1509 justitia,ubi
2188 1449 2275 1496 est
2302 1452 2556 1514 suscepta
2584 1443 2819 1498 humana
2853 1457 3069 1500 natura.
3095 1446 3256 1502 Nulla
3277 1448 3422 1503 enim

127 1503 284 1556 sitate
321 1503 540 1572 generis
589 1505 688 1562 sed
719 1508 1058 1567 sublimitate
1105 1516 1346 1573 virtutis.
1568 1524 1716 1579 enim
1816 1503 2046 1590 ratione:
2077 1543 2230 1590 extra
2279 1503 2736 1607 “agni-corporis
2765 1538 3074 1594 veritatem.
3120 1539 3255 1595 Nam
3296 1542 3424 1612 quia

124 1597 304 1706 (ξδτξήε
329 1614 441 1655 ⁵¹¹²¹⁵
484 1599 720 1658 “belli”
761 1605 1090 1675 adversm";
1123 1627 1230 1667 non
1264 1613 1536 1672 discordia
1567 1619 1717 1675 deSi-
1822 1630 2156 1699 captivitatis
2187 1641 2392 1687 nostra:
2421 1633 2708 1704 originalia
2753 1633 2970 1689 vincula
3003 1635 3138 1690 solvi
3187 1650 3298 1690 non
3327 1650 3428 1706 po-

124 1689 394 1748 δθτίοτυω
414 1695 671 1766 ϐίϐηθδδι
697 1705 1177 1774 εοπηΡυΒηεηῑίεῐη
1197 1707 1534 1780 "Oluptatum
1557 1730 1568 1766 :
1593 1728 1718 1770 sen-
1823 1731 2022 1788 terant,
2058 1723 2162 1779 nisi
2189 1724 2484 1782 exsisteret
2513 1725 2679 1781 homo
2711 1727 2885 1783 nostri
2925 1727 3146 1799 generis
3186 1735 3420 1784 nostraa-

122 1797 211 1890 εἷς
236 1789 485 1890 corporei
513 1791 776 1862 vigebant
823 1796 942 1852 sine
975 1798 1094 1868 lege
1122 1803 1378 1871 peccati,
1417 1814 1473 1861 et
1517 1807 1719 1864 veritas
1823 1830 1926 1886 que
1953 1825 2195 1887 naturae,
2231 1833 2396 1889 quem
2428 1817 2586 1889 primi
2622 1789 2956 1890 praeiudicia
2973 1836 3080 1877 non
3125 1829 3419 1889 tenerent,
3467 1879 3471 1883 λ

121 1877 468 1937 aﬁectionum
497 1884 598 1939 sub
625 1886 998 1946 moderamine
1028 1890 1250 1950 deitatis
1270 1907 1324 1952 et
1346 1899 1548 1955 mentis
1569 1944 1583 1968 ,
1615 1916 1715 1958 nec
1744 1898 1794 1959 B
1819 1917 1877 1963 et
1903 1909 1994 1979 qui
2043 1910 2393 1967 immaculato
2440 1913 2707 1983 sanguine
2738 1928 2841 1968 suo
2888 1913 3316 1987 chirographum
3350 1915 3428 1970 ιε-

120 1973 432 2080 tentabatur
460 1975 736 2034 illecebris
766 2022 782 2049 ,
815 1997 919 2038 nec
947 1984 1180 2042 cedebat
1225 1988 1279 2043 in
1323 1990 1474 2047 vitiis
1501 2010 1515 2047 :
1553 2009 1715 2052 verus
1822 1973 1968 2057 thale
1989 2001 2249 2070 dilueret,
2282 2005 2425 2060 sicut
2447 1973 2572 2060 erat
2590 2005 2660 2060 ab
2685 2005 2844 2062 initio
2873 1973 3138 2062 diviniius
3159 2009 3429 2080 primordi-

118 2063 278 2124 homo
307 2085 437 2127 vere
479 2073 666 2129 unitus
695 2084 780 2131 est
809 2076 923 2134 Deo
955 2096 965 2131 :
1002 2095 1103 2136 nec
1134 2083 1442 2140 secundum
1473 2087 1717 2146 existen-
1821 2106 2009 2152 natum
2036 2113 2051 2163 ;
2079 2095 2150 2151 ita
2174 2104 2258 2152 est
2281 2096 2335 2152 in
2369 2097 2714 2168 plenitudine
2742 2099 3001 2169 pra-finiti
3032 2063 3294 2171 temporis
3317 2102 3429 2158 fac-

119 2168 222 2220 tem
255 2167 406 2236 prius
437 2168 673 2226 animam
701 2171 967 2229 deductus
996 2191 1027 2231 e
1065 2177 1247 2244 caelo;
1279 2195 1380 2236 nec
1409 2184 1712 2241 secundum
1821 2200 1934 2246 tum
1966 2233 1980 2258 ,
2035 2201 2094 2247 ut
2143 2190 2330 2246 multis
2372 2167 2565 2248 modis
2619 2167 2924 2263 signiﬁcata
2979 2193 3277 2260 promissio
3328 2193 3423 2250 diu

117 2272 333 2316 carnem
362 2272 584 2320 creatus
603 2281 670 2322 ex
708 2267 884 2325 nihilo
910 2287 924 2326 :
956 2273 1209 2329 eamdem
1238 2289 1434 2346 gerens
1465 2278 1519 2334 in
1550 2279 1715 2338 Verbi
1820 2294 2134 2356 exspectato
2164 2286 2380 2342 veniret
2408 2284 2640 2352 eﬁ‘ectu;
2672 2300 2772 2341 nec
2827 2294 3017 2356 posset
3069 2301 3192 2342 esse
3249 2285 3430 2342 ambi-

115 2351 318 2411 deitate
349 2373 673 2430 personam,
706 2371 763 2418 et
806 2373 1001 2422 tenens
1046 2383 1397 2428 communem
1429 2374 1714 2432 nobiscum
1817 2351 1980 2451 gun-m
2009 2378 2151 2450 quod
2180 2379 2453 2435 continuis
2475 2378 2973 2450 signiﬁcationibus
3002 2394 3226 2450 semper
3250 2379 3431 2435 fuerat

111 2453 167 2500 tn
195 2460 432 2520 corpore
466 2453 762 2526 animaque
792 2467 1066 2516 naturam.
1093 2461 1212 2519 Non
1257 2465 1403 2522 enim
1445 2479 1594 2525 esset
1616 2470 1714 2527 Dei
1820 2473 2150 2527 nuntiatum.
2185 2472 2243 2528 In
2269 2486 2466 2544 magno
2506 2481 2689 2528 autem
2738 2472 3031 2544 sacrilegio
3060 2471 3284 2528 diversa
3313 2472 3431 2528 hae-

111 2536 504 2637 hominumque
559 2549 872 2619 mediator,
904 2555 1010 2610 nisi
1065 2555 1208 2613 idem
1263 2557 1408 2618 Deus
1459 2561 1717 2634 idemque
1820 2565 2119 2622 reticorum
2166 2565 2421 2637 impietas
2473 2565 2898 2634 manifestatur,
2929 2581 3053 2620 eum
3093 2565 3281 2637 specie
3309 2564 3430 2622 dei-

111 2627 278 2687 homo
307 2634 360 2689 ίη
395 2645 636 2709 ull'Oflue
663 2649 718 2696 et
748 2656 893 2699 unus
921 2655 1069 2701 esset
1097 2656 1152 2704 et
1177 2663 1365 2706 verus.
1628 2627 1640 2634 ’
1821 2659 1950 2715 tatis
1981 2627 2315 2716 honorandae
2336 2703 2351 2727 ,
2384 2659 2639 2714 humana:
2687 2662 2874 2714 carnis
2904 2659 2958 2714 in
2987 2658 3212 2716 Christo
3258 2659 3428 2715 dero-

178 2724 383 2785 Invitat
404 2731 625 2798 quidem
653 2749 753 2792 nos
780 2737 846 2793 ad
892 2738 1244 2800 latitudinem
1267 2745 1577 2806 disserendi
1601 2765 1716 2807 ma-
1818 2762 1949 2826 gant
1970 2753 2251 2810 veritatem
2284 2771 2299 2820 ;
2331 2724 2386 2809 et
2413 2753 2674 2824 religiose
2699 2753 2978 2808 aestimant
3002 2752 3181 2818 credi,
3210 2753 3256 2807 si
3282 2752 3432 2807 dica-

110 2818 265 2874 terize
315 2824 676 2896 magnitudo;
708 2832 805 2886 sed
835 2833 978 2903 apud
1011 2836 1381 2897 eruditionem
1427 2851 1572 2900 tuam
1604 2861 1714 2903 non
1820 2818 1910 2903 [ur
1937 2847 1992 2902 in
2021 2818 2304 2903 Salvatore
2353 2818 2548 2901 nostro
2596 2860 2791 2901 verum
2831 2861 2939 2900 non
2993 2859 3116 2900 esse
3145 2845 3292 2914 quod
3321 2844 3432 2900 sal-

107 2921 190 2968 est
217 2916 375 2988 copia
429 2919 736 2979 laborandi.
769 2927 931 2996 Apud
965 2938 1016 2985 te
1041 2941 1124 2987 est
1149 2931 1437 2992 Bethleem
1470 2980 1485 3005 ,
1521 2939 1575 2994 in
1606 2955 1714 3012 qua
1819 2952 1950 3010 vat;
1981 2957 2102 3000 cum
2133 2942 2207 2998 ita
2235 2941 2533 2998 secundum
2564 2940 2995 3012 promissionem
3023 2939 3204 2995 omnia
3230 2939 3433 2995 saecula

107 3011 360 3071 salutifer
409 3015 656 3089 Virginis
711 3033 903 3094 partus
933 3026 1146 3098 illuxit,
1202 3045 1363 3102 quem
1412 3011 1713 3092 involutum
1820 3047 2249 3109 praecurrentem
2309 3011 2572 3092 mundus
2615 3037 2688 3092 sit
2748 3036 2861 3091 Deo
2925 3033 3313 3092 reconciliatus
3373 3033 3429 3087 in

104 3107 322 3176 pannis,
356 3108 508 3166 inter
530 3116 809 3186 angustias
830 3117 1146 3191 diversorii,
1177 3139 1423 3198 praesepe
1449 3130 1710 3202 suscepit.
1819 3107 2066 3197 Christo,
2086 3139 2145 3186 ut
2170 3131 2281 3188 nisi
2306 3129 2547 3187 Verbum
2571 3129 2892 3201 dignaretur
2916 3143 3046 3184 caro
3076 3127 3191 3183 ﬁeri
3226 3168 3241 3194 ,
3276 3125 3428 3181 nulla

175 3201 337 3270 Apud
370 3211 426 3258 te
459 3214 544 3260 est
591 3205 872 3265 declarata
899 3213 970 3267 ab
996 3215 1210 3286 angelis
1238 3259 1253 3282 ,
1285 3219 1510 3276 adorata
1538 3238 1567 3277 a
1595 3201 1713 3278 ma-
1820 3241 1949 3283 caro
1981 3234 2170 3297 posset
2225 3225 2447 3281 salvari.
2502 3223 2860 3280 Enucleatius
2907 3233 3086 3277 autem
3141 3220 3430 3276 declarare

101 3293 184 3363 gis
211 3335 225 3360 ,
252 3305 379 3366 post
426 3300 730 3358 multorum
783 3305 1072 3363 infantium
1103 3309 1174 3365 ab
1219 3310 1438 3371 Herode
1483 3325 1714 3374 mortem
1745 3299 1792 3364 (ἶ
1823 3319 1948 3375 ﬁdei
1983 3293 2398 3376 sacramentum
2420 3356 2435 3383 ,
2476 3325 2532 3373 et
2584 3315 2923 3372 confundere
2954 3314 3269 3370 haereticam
3302 3327 3430 3385 pra-

99 3385 414 3448 Salvatoris
440 3392 667 3450 infantia
697 3406 783 3453 est
806 3410 1117 3470 persecuta.
1145 3403 1310 3476 Apud
1339 3416 1419 3476 te,
1449 3407 1668 3480 inquam
1692 3453 1707 3479 ,
1821 3414 2045 3468 vitatem
2085 3422 2236 3469 tuum
2267 3422 2351 3469 est
2375 3454 2391 3481 ,
2442 3420 2602 3483 pater
2652 3412 2857 3481 Optime
2907 3409 3261 3480 Hieronyme.
3313 3407 3432 3463 Hoc

98 3483 249 3545 locus
292 3503 426 3562 est,
459 3494 548 3551 ubi
600 3501 838 3568 pueritia
871 3502 1156 3572 adolevit,
1201 3504 1293 3560 ubi
1340 3505 1712 3563 adolescentia
1817 3522 1986 3562 unum
2018 3521 2117 3562 oro
2143 3515 2197 3562 et
2224 3505 2531 3576 deprecor;
2575 3504 2682 3560 mei
2728 3513 2786 3558 ut
2832 3517 3045 3558 memor
3067 3502 3146 3557 sis
3170 3499 3431 3571 frequen-

99 3587 405 3643 maturavit
433 3627 450 3656 ,
493 3599 550 3645 et
596 3607 694 3663 per
724 3594 1062 3653 incrementa
1114 3613 1379 3671 corporea
1429 3599 1484 3655 in
1535 3600 1713 3656 virum
1818 3599 1957 3670 tius,
1991 3599 2353 3656 invictissime
2377 3597 2537 3655 miles
2561 3597 2790 3654 Christi.
2824 3596 3023 3652 Amen.

96 3677 412 3746 perfectum
469 3684 590 3740 veri
645 3684 882 3745 hominis
914 3699 1107 3747 natura
1138 3691 1410 3763 profecit,
1455 3708 1564 3749 non
1596 3694 1716 3750 sine

95 3858 3420 3885 m—W

448 4025 906 4091 ADMONITIO
946 4026 1030 4090 IN
1073 4026 1411 4091 HYMNOS
1484 4026 1946 4104 SEQUENTES
1989 4027 2053 4090 S.
2101 4026 2512 4091 AMBROSIO
2554 4026 3077 4090 ATTRlBUTOS.

167 4367 283 4423 Hos
312 4367 542 4442 hymnos
571 4368 852 4441 reperimus
873 4369 925 4423 in
955 4368 1229 4441 hymnario
1253 4385 1417 4441 nuper
1447 4366 1601 4424 Halis
1627 4370 1898 4426 recensita.
1933 4366 2264 4425 Clarissimus
2309 4366 2476 4423 editor
2523 4365 2882 4437 Germanicus,
2908 4370 2991 4426 cui
3037 4388 3219 4429 nomen
3258 4373 3427 4432 Δάοι-

84 4463 267 4520 bertus
312 4462 544 4530 Daniel,
578 4463 845 4519 nonnullis
873 4463 935 4517 de
962 4481 1060 4518 sna
1089 4463 1354 4520 Thesauri
1395 4463 1769 4536 hymnologici
1813 4463 2034 4519 editione
2071 4463 2356 4534 generatim
2382 4463 2651 4535 expositis,
2685 4465 2952 4534 sequentia
2997 4465 3202 4536 subjici!
3235 4482 3251 4518 :
3282 4484 3422 4540 quos,

85 4577 210 4616 cum
233 4561 306 4616 ad
333 4558 738 4631 intelligentiam
763 4561 1158 4615 annotationum
1187 4559 1394 4631 hymnis
1424 4559 1682 4615 Ambrosii
1709 4559 2059 4632 subjectartmt
2086 4557 2322 4613 nonnihil
2348 4560 2582 4628 conferre
2605 4557 2820 4630 possint,
2845 4557 2929 4612 hic
2950 4558 3143 4629 referre
3159 4561 3332 4632 juvat.

161 4703 291 4758 Jam
329 4709 394 4755 nt
415 4700 579 4757 etiam
602 4697 1138 4772 dezannotationibus
1162 4698 1336 4754 tribus
1361 4697 1542 4754 verbis
1563 4697 1715 4755 dica-
1825 4708 2069 4754 nosn'um
2101 4695 2516 4753 conciliaturum
2559 4695 2631 4751 sit
2655 4697 2893 4754 nondum
2927 4711 3273 4773 compertum
3323 4702 3425 4759 ha-

83 4810 253 4861 mus,
293 4809 415 4872 pro
461 4792 695 4848 instituti
741 4791 914 4848 nostri
959 4791 1176 4848 ratione
1223 4790 1560 4847 exclusimus
1623 4806 1717 4848 eas
1825 4792 2073 4848 beamus.

81 4906 216 4962 quae
244 4888 321 4944 ad
358 4895 638 4942 auctorem
671 4896 726 4943 et
757 4895 974 4942 aetatem
1003 4885 1330 4958 hymnorum
1359 4884 1636 4957 pertinent
1664 4893 1720 4940 et
1894 4883 2011 4938 Jam
2042 4897 2148 4938 non
2179 4883 2414 4939 alienum
2445 4883 2554 4939 erit
2580 4899 2822 4956 narrare,
2859 4889 3056 4958 quibus
3084 4904 3149 4945 ex
3179 4889 3424 4948 fontibus

82 4999 216 5055 quae
272 4979 734 5051 lexicographici,
761 4981 976 5036 metrici
1025 4980 1112 5036 vel
1159 4979 1323 5035 etiam
1372 4978 1716 5050 grammatici
1825 4975 2173 5032 hauserimus
2212 4975 2518 5046 quibusque
2562 4979 2782 5034 auxiliis
2813 4981 2894 5036 usi
2926 4982 3119 5036 simus.
3165 4982 3426 5048 Quicum-

79 5075 319 5147 generis
385 5083 553 5138 sunt,
607 5084 899 5143 propterea
953 5071 1096 5142 quod
1131 5072 1237 5127 illa:
1291 5087 1379 5126 res
1422 5085 1616 5127 omnes
1661 5072 1713 5126 in
1745 5084 1929 5147 “quc
1979 5068 2176 5123 harum
2207 5085 2389 5124 rerum
2439 5072 2596 5141 periti
2645 5082 2794 5138 sunt,
2827 5075 2862 5128 ii
2909 5074 3066 5129 facile
3119 5075 3428 5147 intelligent

80 5168 381 5238 glossario
453 5173 773 5219 tractantur.
849 5164 1092 5235 Ilymnos
1157 5173 1215 5218 ut
1269 5163 1716 5220 annotatiOnibus
1745 5162 1795 5179 "
1825 5162 1983 5217 nobis
2029 5164 2438 5232 exspectatione
2483 5165 2718 5236 plurium
2773 5165 2999 5221 fontium
3048 5167 3250 5224 aditum
3299 5185 3426 5227 esse

78 5261 360 5320 asceticis
396 5259 798 5315 illustraremus
832 5259 987 5314 nobis
1016 5259 1189 5314 suasit
1217 5258 1304 5314 vir
1322 5275 1534 5316 summe
1561 5274 1717 5317 reve-
1825 5255 2155 5327 patefactum
2191 5273 2204 5309 :
2241 5258 2382 5328 quod
2415 5258 2502 5313 vix
2535 5270 2588 5314 et
2617 5275 2684 5314 ne
2713 5259 2800 5313 vix
2830 5259 3050 5328 quidem
3080 5262 3426 5332 contigisset,

77 5357 305 5414 rendus
339 5352 642 5410 Nickelius.
677 5351 746 5408 Et
777 5352 904 5408 illud
931 5351 1152 5423 quidem
1181 5355 1456 5426 negotium
1482 5355 1719 5411 libenter
1825 5350 1932 5406 nisi
1970 5351 2261 5406 multorum
2303 5352 2548 5408 virorum
2606 5351 2943 5421 benignitate
2990 5368 3054 5410 ac
3097 5355 3430 5410 liberalitate

77 5447 569 5520 suscepissemus,
608 5447 652 5502 si
687 5446 847 5502 nobis
879 5445 1148 5502 licuisset.
1180 5445 1288 5502 Sed
1327 5446 1430 5501 nisi
1460 5446 1717 5502 brevitati
1827 5445 2024 5502 mirum
2058 5447 2110 5501 in
2143 5446 2365 5502 modum
2411 5447 2580 5518 adjuti
2615 5462 2885 5502 essemus.
2927 5447 3044 5504 Non
3073 5449 3293 5520 quidem
3323 5449 3428 5505 du-

76 5553 508 5614 usquequaque
538 5540 774 5596 maxime
797 5538 1126 5597 studendum
1155 5539 1369 5605 fuisset,
1403 5540 1572 5594 multa
1597 5555 1719 5611 qua:
1824 5539 1938 5595 bito
1966 5540 2097 5611 quin
2129 5540 2292 5596 futuri
2323 5543 2454 5606 sint,
2492 5539 2690 5610 quibus
2720 5556 2987 5596 numerus
3029 5543 3275 5599 codicum
3308 5557 3428 5598 ma-

73 5643 150 5700 ad
187 5634 502 5696 historiam
539 5637 793 5693 Ecclesiae
827 5649 880 5694 et
908 5639 1158 5710 dogmata
1195 5635 1490 5707 pertinent,
1523 5636 1712 5706 c0pio-
1826 5648 1983 5688 nusc.
2021 5649 2128 5689 non
2172 5634 2305 5689 satis
2350 5648 2575 5702 magnus
2614 5633 2898 5701 videatur,
2943 5645 2998 5690 et
3043 5636 3161 5708 ipse
3191 5637 3431 5691 maxime

75 5738 204 5794 sius
240 5732 544 5799 fusiusque
569 5731 1096 5798 explanavissemus.
1141 5730 1316 5799 Quam
1349 5727 1540 5786 eadem
1571 5729 1624 5784 in
1656 5744 1718 5786 re
1824 5728 1985 5785 doleo
2011 5729 2156 5801 quod
2198 5729 2252 5784 in
2298 5727 2648 5785 bibliothecis
2697 5729 3115 5787 Vindobonensi
3155 5739 3212 5786 et
3237 5730 3429 5787 Mona-

75 5828 388 5887 rationem
424 5820 476 5875 in
505 5823 753 5892 sequenti
783 5825 1054 5881 volumine
1077 5823 1319 5882 secuturi
1346 5822 1538 5889 simus,
1573 5835 1716 5877 non-
1826 5823 1980 5878 censi
2002 5821 2408 5892 antiquissimas
2434 5823 2779 5879 membranas
2805 5823 3081 5894 inspicere
3104 5836 3159 5881 et
3180 5824 3433 5896 diligenti

75 5924 220 5980 dum
256 5915 434 5975 nobis
479 5924 714 5983 constat,
745 5934 866 5973 cum
915 5929 1178 5989 quantum
1208 5917 1310 5974 sibi
1349 5914 1542 5989 gratia:
1580 5929 1719 5987 opus
1829 5931 1993 5972 manu
2011 5930 2232 5973 versare
2250 5931 2358 5972 non
2382 5915 2555 5973 licuit.
2577 5917 2706 5985 Sed,
2735 5919 2791 5974 ni
2816 5917 2994 5988 fallor,
3021 5918 3246 5976 multiin
3275 5919 3430 5991 hymn

579 6010 856 6071 ΡΑτιιοι.
900 6010 1100 6071 XVII.
3010 6015 3088 6077 37
