3958 6314
552 357 692 414 1165

1587 345 1934 416 APPENDIX
1979 347 2070 406 AD
2109 341 2336 402 OPERA
2379 347 2434 404 S.
2477 349 2824 408 ΑιιΒιιοειιτ

3683 355 3784 412 {ill

548 475 634 530 nis
663 481 808 530 recte
837 468 1238 528 constituendis
1277 465 1434 524 libris
1475 465 1867 535 manuscriptis
1921 463 2148 522 nimium
2177 459 2232 530 Δ
2257 465 2431 522 vimus
2463 465 2740 536 proprium
2783 463 2852 520 de
2893 470 3141 533 tempore
3171 460 3496 518 duodecimo
3525 471 3666 536 atque
3690 467 3788 520 adeo

551 569 812 626 tribuunt.
847 564 978 622 Nam
1017 563 1286 620 breviaria
1321 561 1658 628 dicecesana,
1691 573 1814 632 quae
1859 559 2005 614 circa
2051 573 2150 612 au-

551 678 681 718 num
709 661 846 718 1300
888 659 1027 730 typis
1056 657 1326 732 descripti
1361 665 1510 722 sunt,
1544 669 1574 710 e
1601 653 2022 724 diligentissima
2053 666 2148 708 eo-

551 771 694 824 rum,
734 752 827 825 qui
849 753 901 808 in
933 752 1156 808 dimeesi
1187 750 1494 816 exstabant,
1523 747 1684 806 codd.
1715 762 1962 804 manusc.
1995 761 2149 802 com-

551 851 837 924 paratione
867 847 1114 920 profecta
1163 855 1310 910 sunt,
1345 855 1402 902 ut
1433 848 1532 906 hos
1565 845 1716 916 ipsos
1747 843 2076 900 auctoritate
2104 841 2150 896 si

550 961 658 1004 non
693 957 971 1014 superare,
1021 952 1170 1006 certe
1215 955 1433 1012 aequare
1475 939 1612 1000 mihi
1659 937 1961 1008 videantur.
2001 935 2152 994 Idem

549 1037 693 1108 valet
725 1035 792 1092 de
817 1035 1054 1106 antiquis
1086 1043 1140 1090 et
1171 1032 1566 1090 recentioribus
1597 1029 1922 1102 hymnorum
1957 1027 2155 1084 collec—

553 1131 812 1196 tionibus,
857 1128 1026 1186 veluti
1053 1127 1364 1184 Cassander
1393 1127 1594 1190 multos
1637 1124 1796 1186 codd.
1828 1123 2150 1186 Germanos,

551 1223 916 1290 Clichtovmus
947 1222 1213 1290 Gallicos,
1243 1220 1570 1276 Thomasius
1599 1218 1764 1276 ltalos
1793 1217 2044 1287 inspexit.

1201 1314 1242 1370 l.
1271 1329 1514 1370 coerces.

627 1416 678 1480 l.
725 1412 874 1468 Anni
929 1413 1067 1466 185‘.)
1120 1418 1380 1466 autumno
1434 1425 1554 1464 tum
1588 1408 1810 1466 Dresdtc
1851 1421 2154 1464 commora-

549 1505 942 1574 rer,breviaria
965 1505 1016 1558 in
1039 1503 1364 1560 bibliotheca
1389 1501 1560 1572 Regia
1581 1507 1862 1558 asservata
1887 1500 2016 1566 adii,
2033 1515 2156 1556 eum

550 1601 712 1672 hujus
742 1600 824 1658 rei
855 1599 1282 1672 excptatissimai
1323 1599 1542 1654 otcasio
1593 1598 1726 1658 mihi
1767 1597 1954 1654 oblata
1984 1605 2152 1652 esset.

551 1698 796 1762 Primum
829 1696 940 1752 adii
981 1695 1312 1758 breviarium
1347 1693 1501 1760 illud,
1543 1693 1686 1764 quod
1736 1692 2012 1762 catalogus
2045 1705 2158 1746 ma-

553 1806 708 1846 nusc.
749 1790 850 1846 sub
882 1789 1040 1854 titulo
1089 1789 1130 1842 A
1173 1787 1269 1842 M7
1303 1786 1487 1854 habet,
1521 1802 1646 1842 cum
1695 1785 1744 1840 id
1785 1799 1854 1838 ex
1903 1791 2156 1848 accurata

2255 557 2548 614 undecimo
2573 557 2777 614 saeculo
2805 555 3194 613 vindicandum
3219 559 3312 610 sit.
3345 556 3463 626 (ΙΙ.)

2325 652 2378 708 5.
2409 650 2748 706 Breviarium
2779 649 3150 704 dimcesanum
3177 647 3530 708 chartaceum
3559 665 3620 704 ex
3647 650 3791 706 biblio-

2256 745 2410 800 theca
2442 743 2577 800 Rev.
2608 741 2834 812 capituli
2865 741 3205 804 cathedralis
3228 741 3674 812 Mersehurgensis
3697 745 3792 800 libe-

2256 840 2456 894 ralitati
2497 838 2726 910 Frejeri,
2771 838 2876 900 viri
2921 838 3289 906 ornatissimi,
3333 838 3537 906 debeo;
3567 842 3791 912 quicodet

2259 949 2424 990 manu
2457 932 2714 1002 scriptus,
2745 933 2848 988 etsi
2881 933 2972 990 vix
3005 933 3268 990 saeculum
3301 945 3557 1004 quartum
3587 935 3792 992 decimum

2259 1026 2594 1098 egrediatur,
2629 1026 2798 1082 multa
2851 1037 3034 1082 tamen
3085 1027 3336 1084 continet
3389 1031 3624 1098 propria.
3665 1029 3710 1084 in
3741 1034 3796 1085 bis

2259 1119 2584 1192 hymnorum
2617 1119 2864 1188 paucitas
2891 1129 3311 1188 etoetavarutn;
3347 1137 3474 1176 nam
3503 1121 3796 1180 desuntadu)

2259 1223 2468 1274 octava:
2497 1214 2815 1284 Epiphaniae
2847 1226 2900 1270 et
2928 1215 3358 1286 Assumptionis.
3395 1215 3524 1287 (Μ.)

2333 1309 2386 1364 6.
2417 1309 2474 1364 ln
2509 1309 2662 1366 libris
2697 1325 2858 1364 strenu
2887 1309 3130 1381 scriptis,
3165 1325 3304 1380 quos
3333 1311 3430 1366 Fr.
3479 1309 3660 1366 Junius
3695 1312 3797 1366 incle-

2259 1405 2407 1460 fesso
2435 1403 2622 1458 labore
2651 1405 2782 1459 satis
2819 1403 2912 1460 ille
2947 1413 3130 1470 notus,
3165 1405 3438 1474 possedit,
3469 1413 3650 1476 postea
3675 1417 3798 1460 autem

2261 1497 2590 1556 bibliotheca
2615 1496 2944 1552 Oxoniensis
2969 1498 3282 1570 acquisivit,
3305 1497 3450 1552 inest
3467 1499 3629 1552 etiam
3649 1509 3802 1554 vetula

2263 1589 2642 1662 interpretatio
2671 1588 2990 1646 Germanica
3037 1605 3164 1644 xxvr
3207 1588 3568 1660 hymnorum.
3613 1587 3806 1644 Nonnuili

2261 1683 2364 1740 viri
2391 1683 2536 1742 docti
2559 1683 2610 1738 in
2637 1681 2838 1740 studiis
2861 1681 2930 1738 ad
2957 1691 3206 1740 veterem
3225 1683 3470 1753 linguam
3491 1682 3804 1738 Germanicam

2263 1777 2666 1848 pertinentibus
2697 1781 2800 1836 hoc
2839 1777 3030 1838 Codice
3071 1779 3154 1832 usi
3201 1785 3332 1832 sunt
3363 1797 3376 1832 :
3413 1778 3666 1848 primum,
3695 1794 3807 1848 quar-

555 1883 868 1950 narratione
921 1879 1350 1938 Falekonsteinii
1395 1879 1528 1936 mihi
1584 1887 1748 1936 antea
1805 1876 2152 1932 innotuisset.
2187 1861 2236 1930 Β
2263 1880 2398 1938 tum,
2439 1873 2685 1942 quintum
2729 1881 2784 1928 et
2829 1873 3084 1928 ultimum
3117 1873 3380 1944 hymnum
3421 1871 3542 1941 jam
3591 1871 3808 1926 Hickrsius

552 1977 662 2034 Sed
687 1989 771 2034 est
801 1975 932 2032 illud
963 1976 1248 2036 llorarium
1285 1975 1486 2046 potius,
1516 1989 1640 2032 cum
1677 1971 1844 2028 horas
1878 1973 1948 2028 de
1995 1971 2156 2028 Beata

557 2069 796 2142 Virgine,
843 2070 912 2126 de
955 2071 1166 2141 Spiritu
1213 2081 1424 2136 sancto,
1477 2077 1616 2136 ete.,
1663 2068 1966 2130 contineat.
1999 2064 2160 2122 [Etas

550 2162 668 2234 ejus
696 2163 819 2218 sine
861 2161 1024 2218 dubio
1052 2163 1312 2218 saeculum
1363 2177 1430 2216 xv
1479 2161 1564 2218 vel
1615 2175 1707 2216 xrv
1757 2176 1866 2216 non
1905 2167 2152 2230 superat,

552 2253 707 2326 origo
738 2263 920 2310 autem
949 2254 994 2308 si
1025 2271 1136 2310 non
1183 2257 1251 2310 ab
1282 2255 1400 2326 ipsa
1445 2251 1672 2312 dioecesi
1713 2251 1965 2320 Metensi,
2009 2259 2160 2310 certe

553 2347 624 2408 ab
663 2348 812 2404 affini
867 2347 1056 2420 aliqua
1105 2348 1408 2418 repetenda
1465 2347 1681 2404 videtur
1727 2362 1870 2404 esse.
1923 2345 2158 2406 Pictura!

555 2441 886 2512 marginales
925 2441 1126 2512 quibus
1157 2441 1328 2498 codex
1373 2441 1666 2512 insignitus
1709 2449 1796 2498 est
1823 2441 2004 2512 digna:
2029 2451 2160 2502 sunt

552 2532 618 2590 ad
651 2548 810 2606 quas,
843 2534 1171 2602 quicumque
1201 2533 1395 2590 barum
1423 2551 1610 2600 rerum
1645 2533 1806 2606 periti
1836 2541 1988 2600 sunt,
2037 2533 2156 2588 ani-

555 2645 706 2686 mum
735 2629 1041 2686 advertant.
1071 2629 1160 2702 (D.
1197 2630 1276 2700 i.)

624 2725 680 2792 2..
729 2724 934 2780 Eadem
967 2726 1022 2792 in
1052 2723 1387 2782 biblimbeca
1433 2725 1668 2782 alterum
1711 2724 1898 2780 inveni
1941 2723 2154 2792 brevia-

551 2820 714 2886 rium,
747 2821 806 2874 in
831 2821 1012 2876 indice
1041 2821 1141 2876 sub
1171 2821 1217 2874 A
1238 2823 1344 2876 2:28
1373 2829 1639 2890 notatum,
1675 2837 1740 2876 ex
1767 2821 1928 2886 libris
1955 2818 2152 2876 Crusii.

551 2915 668 2976 Hoc
693 2914 1048 2980 breviarium,
1081 2915 1224 2986 quod
1255 2915 1436 2970 ordini
1463 2915 1948 2978 Dominicanorum
1975 2913 2029 2968 in
2059 2927 2156 2976 usu

549 3007 670 3070 fuit,
703 3023 768 3062 ex
813 3008 1348 3064 commemoratione
1395 3008 1758 3078 quorumdam
1799 3015 2156 3074 sanctorum,

551 3099 700 3156 velut
723 3099 780 3155 S.
809 3099 1044 3162 Athalae.
1089 3110 1336 3170 apparet,
1363 3117 1428 3158 ex
1455 3103 1678 3172 regione
1701 3099 1962 3158 Bhenaua
1991 3114 2154 3170 supc-

547 3193 693 3248 riore
743 3192 1008 3264 originem
1059 3194 1314 3248 traxisse.
1351 3193 1506 3250 llunc
1539 3205 1720 3248 tamen
1771 3194 2022 3248 codicem
2067 3195 2156 3246 vix

551 3285 766 3342 initium
825 3286 1012 3342 saectdi
1071 3301 1141 3342 xv
1207 3289 1512 3356 transgredi
1567 3303 1889 3358 persuasum
1956 3288 2152 3344 habeo.

553 3380 642 3452 (ι).
673 3380 758 3451 2.)

623 3473 676 3528 5.
700 3472 900 3530 Eadem
922 3473 1034 3530 fere
1058 3475 1196 3530 ratio
1237 3485 1322 3532 est
1363 3475 1571 3530 codicis
1592 3475 1891 3542 chartacei,
1916 3475 2004 3546 qui
2033 3490 2156 3530 cum

553 3565 826 3638 quondam
876 3569 928 3621 in
977 3567 1306 3624 bibliotheca
1347 3569 1668 3624 monasterii
1699 3568 1757 3624 S.
1793 3567 1940 3624 Petri
1975 3567 2160 3622 Error-

551 3660 655 3716 diae
683 3671 1084 3727 asservaretur,
1109 3678 1252 3716 nunc
1279 3677 1432 3718 mens
1457 3671 1560 3716 est.
1589 3662 1734 3717 Inest
1761 3661 1814 3716 in
1849 3663 1950 3716 hoc
1973 3661 2162 3716 codice

556 3754 715 3810 Glosa
745 3773 896 3828 super
924 3755 1113 3809 Ymnos
1145 3772 1263 3826 qua:
1300 3765 1478 3811 tamen
1511 3757 1578 3810 ad
1611 3755 1969 3824 explicandos
2001 3759 2158 3826 hym-

553 3864 652 3903 nos
695 3851 808 3904 fere
846 3849 984 3904 nihil
1015 3848 1250 3904 confert.
1306 3849 1442 3903 lluie
1489 3848 1685 3919 glossm
1734 3846 2164 3904 commentarius

539 3929 625 4000 'dc
654 3945 920 4000 summula
947 3943 1250 4016 Raymundi
1275 3944 1493 3999 additus
1516 3955 1622 4000 est.
1653 3943 1764 4016 (Ε.)

625 4036 679 4090 4.
715 4035 1172 4107 Antiquissimum
1211 4052 1402 4091 eorum
1447 4051 1582 4106 quos
1631 4037 1978 4107 inspeximus
2006 4035 2162 4090 codi-

555 4147 679 4188 cum
709 4131 974 4188 debemus
1005 4131 1316 4186 liberalitati
1344 4129 1806 4197 Raniliaebii,viri
1835 4129 2164 4194 doctissimi,

559 4225 650 4296 qui
679 4239 801 4278 eum
839 4225 1044 4293 primus
1071 4225 1218 4293 (nam
1255 4224 1372 4276 hsce
1403 4224 1524 4276 laus
1550 4223 1667 4292 ejus
1695 4237 1918 4292 semper
1947 4223 2164 4290 pr0pria

560 4317 664 4371 erit
693 4325 746 4370 et
777 4313 1053 4386 mansura)
1081 4315 1131 4368 in
1165 4315 1512 4384 hymnologia
1535 4315 1676 4368 viam
1703 4315 2018 4380 muniverit,
2053 4321 2162 4368 tum

561 4407 631 4464 de
661 4405 816 4461 nobis
843 4409 1044 4476 optime
1078 4405 1306 4460 meritus
1343 4416 1446 4468 est,
1491 4421 1612 4459 cum
1652 4404 1808 4460 nobis
1835 4405 2080 4459 subsidia
2113 4413 2166 4460 et

565 4498 848 4556 rarissima
891 4507 944 4552 et
975 4497 1384 4566 exoptatissima
1418 4497 1484 4551 ad
1527 4495 1871 4552 Thes-aurum
1921 4507 2166 4552 nostrum

564 4591 1018 4662 suppeditaverit.
1054 4591 1150 4645 Est
1198 4591 1296 4644 ille
1327 4606 1488 4661 quem
1519 4589 1752 4644 diximus
1781 4590 1954 4646 codex
1986 4606 2048 4645 ex
2083 4590 2170 4645 bi-

567 4659 838 4758 bliotheca
871 4687 1108 4742 civitatis
1133 4659 1515 4742 illustrissituae
1539 4687 1988 4759 llamburgensis,
2005 4703 2168 4758 quem
2201 4659 2258 4722 D

567 4782 943 4852 Stapborstius
1019 4781 1238 4849 (llamb.
1315 4779 1870 4852 Kirehengeschichte
1933 4782 2054 4836 Tbl.
2125 4781 2168 4836 Ι.

569 4874 628 4930 S.
649 4877 751 4930 5l0
771 4871 952 4945 seqq.)
970 4872 1182 4928 decimo
1211 4882 1371 4943 atque
1393 4873 1528 4930 adeo
1557 4891 1702 4930 nono
1729 4876 1928 4930 sarculo
1957 4875 2170 4945 ascrip-

574 4970 666 5022 sit.
714 4967 916 5022 Contra
979 4965 1350 5022 liambarhius
1391 4967 1554 5022 Anth.
1583 4975 1624 5034 Ι,
1659 4983 1712 5038 p.
1745 4969 1816 5024 25
1845 4983 1966 5024 cum
1997 4969 2050 5024 in
2077 4985 2170 5026 co-

572 5061 694 5118 dice
715 5061 771 5118 S.
800 5060 1116 5116 Catia-arium
1145 5059 1349 5114 mentio
1381 5059 1515 5114 facta
1541 5061 1630 5124 sit,
1651 5061 1888 5130 Snojure
1909 5063 2170 5117 smculum

573 5154 792 5210 tertium
825 5153 1094 5208 decimum
1127 5167 1232 5206 non
1259 5152 1648 5221 egrediendum
1672 5167 1798 5209 esse
1819 5157 2028 5210 statuit.
2057 5155 2168 5212 Sed

571 5245 624 5301 in
657 5247 925 5316 ejusmodi
957 5247 1242 5308 breviat-iis
1284 5245 1482 5314 duplex
1515 5259 1640 5316 pars
1679 5247 2060 5317 distinguenda
2089 5249 2174 5304 vi-

568 5343 726 5400 detur
755 5360 766 5394 :
797 5357 900 5396 una
935 5341 1227 5410 priinitiva,
1253 5340 1420 5396 altera
1453 5357 1572 5408 qua:
1599 5355 1664 5396 es
1701 5342 2002 5410 posteriore
2025 5352 2164 5399 tem-

568 5449 698 5500 pore
739 5433 1112 5488 additamenta
1159 5431 1342 5488 habet.
1381 5433 1584 5488 Eadem
1627 5435 1767 5490 ratio
1797 5434 2016 5491 videtur
2042 5451 2170 5492 esse

563 5523 726 5594 hujus
755 5525 960 5588 codicis
988 5545 997 5578 :
1029 5524 1212 5595 hymni
1241 5524 1386 5580 enim
1416 5525 1470 5580 in
1513 5527 1710 5582 festum
1743 5529 1800 5584 S.
1831 5529 2166 5597 Catbarinte,

561 5614 953 5686 Conceptionis
975 5618 1156 5670 alariae
1183 5618 1304 5672 aliis
1335 5618 1534 5674 litteris
1559 5629 1772 5678 nitatem
1803 5623 2160 5692 posteriorem

561 5709 928 5774 indicantibus
975 5711 1242 5779 exscripti
1294 5723 1456 5778 sunt;
1500 5723 1554 5768 et
1611 5731 1731 5772 cum
1793 5717 1896 5776 hoc
1942 5735 2164 5788 quoque

559 5803 796 5866 notabile
824 5801 915 5865 sit,
944 5805 1173 5872 hymnos
1201 5803 1256 5856 in
1289 5804 1486 5866 festum
1515 5805 1774 5878 Corporis
1795 5810 1998 5868 Christi
2021 5830 2154 5867 non-

554 5889 680 5948 dum
711 5891 966 5962 inveniri,
999 5889 1142 5946 haud
1175 5893 1291 5950 scio
1318 5910 1386 5950 an
1417 5894 1546 5960 illud
1577 5899 1724 5970 quod
1751 5917 2154 5962 commemora-

2265 1965 2534 2036 vulgarat,
2569 1965 2762 2036 reliqui
2797 1981 2994 2022 omnes
3025 1967 3080 2021 in
3107 1967 3284 2022 lucem
3315 1967 3638 2036 prodierunt
3660 1979 3810 2022 curant

2263 2059 2444 2118 studio
2473 2060 2588 2116 Jac.
2617 2059 2890 2126 Grimmii,
2921 2062 3024 2116 viri
3059 2062 3192 2118 mira
3213 2062 3458 2134 quadam
3489 2062 3808 2118 doctrinaru-

2265 2155 2348 2224 pia
2379 2155 2654 2221 instructi,
2687 2171 2796 2226 quo
2825 2171 2970 2212 nunc
2997 2156 3172 2226 patria
3215 2165 3406 2211 nostra
3447 2155 3648 2226 gaudet
3675 2155 3813 2226 (lign-

2264 2263 2450 2306 norum
2487 2245 2684 2302 Veteris
2717 2245 2964 2304 Ecclesiae
2989 2263 3124 2304 ιιιί
3169 2245 3550 2318 Inuus-elatio
3579 2246 3810 2312 Theotisra,

2263 2355 2402 2394 nunc
2429 2340 2656 2410 primum
2695 2341 2835 2402 edita
2879 2340 3134 2414 Gottinga:
3173 2341 3356 2411 l850).
3393 2339 3532 2396 Cum
3579 2351 3636 2397 et
3673 2342 3810 2411 hymni

2261 2433 2440 2490 Latini
2467 2447 2522 2492 et
2549 2435 2734 2494 versio
2759 2435 3104 2502 Germanica,
3133 2452 3256 2508 qure
3295 2437 3390 2493 ille
3415 2437 3594 2493 codex
3623 2451 3812 2492 maenae.

2262 2527 2672 2598 complectitur,
2702 2528 2752 2582 in
2777 2539 3030 2586 octavum
3059 2529 3322 2586 smculnm
3349 2530 3620 2594 incidant,
3647 2530 3690 2583 id
3711 2528 3814 2598 quoi

2263 2621 2678 2692 Prolegomenis
2705 2624 2790 2680 vir
2825 2623 3178 2680 doctissimus
3205 2624 3554 2694 argumentis
3591 2623 3712 2678 satis
3733 2621 3816 2676 ida-

2261 2717 2384 2776 neis
2409 2717 2778 2784 continuavit,
2811 2717 2946 2774 nihil
2971 2727 3060 2774 est
3089 2717 3230 2787 quod
3279 2731 3644 2787 exponamus,
3679 2715 3816 2784 quanti

2263 2807 2350 2868 hic
2370 2808 2602 2872 Grimmi
2625 2811 2757 2870 liber
2783 2825 2816 2872 ξι
2841 2811 2998 2868 nobis
3023 2810 3328 2878 aestimatus
3355 2810 3450 2864 sit.
3481 2810 3598 2880 (0.)

2335 2903 2389 2958 7.
2413 2901 2548 2962 Cum
2581 2902 2914 2962 audivissem
2949 2903 3006 2958 in
3037 2902 3370 2958 bibliotheca
3409 2901 3700 2957 academia:
3723 2899 3820 2954 Her-

2265 2997 2576 3068 bipolitante
2603 2999 2872 3056 breviaria
2897 2999 3280 3069 antiquissima
3305 2999 3606 3064 asservari,
3633 2997 3822 3053 renisus

2261 3092 2594 3148 liberalitate
2625 3092 2919 3164 Ludwigii,
2945 3093 3048 3150 viri
3079 3093 3412 3159 doctissimi,
3446 3093 3608 3164 cujus
3633 3109 3756 3148 cura:
3779 3106 3822 3145 ac

2263 3187 2446 3242 tutela:
2477 3186 2812 3250 bibliotheca
2833 3187 2930 3256 illa
2953 3189 3250 3244 commissa
3275 3199 3382 3256 est,
3415 3200 3474 3244 et
3505 3189 3727 3250 Reussii,
3753 3187 3822 3241 nn

2185 3251 2234 3316 c
2263 3279 2628 3346 ornatissimi,
2663 3280 2820 3348 (:qjus
2865 3280 3260 3338 humanitatem
3305 3297 3416 3337 non
3471 3297 3688 3353 possunt
3727 3281 3826 3334 satis

2267 3369 2586 3440 praedaeue,
2625 3373 2828 3436 almum
2847 3384 3108 3436 senatum
3137 3375 3448 3434 academire
3471 3376 3622 3430 onini
3647 3389 3738 3446 qua
3761 3389 3824 3442 par

2264 3474 2348 3520 est
2379 3464 2726 3520 observantia
2765 3483 2932 3522 ausus
2963 3481 3082 3534 sum
3125 3485 3344 3540 rogare,
3381 3477 3438 3528 ut
3477 3469 3718 3524 codicum
3743 3467 3826 3521 illo-

2267 3573 2390 3612 rum
2423 3560 2856 3614 vetustiSsimum
2887 3561 3020 3616 mihi
3056 3561 3194 3616 mitti
3227 3563 3591 3620 concederet.
3623 3563 3718 3630 Qui
3741 3577 3826 3616 cum

2268 3649 2522 3718 precibus
2556 3651 2692 3706 meis
2719 3652 2990 3710 benevole
3010 3666 3300 3721 adnueret,
3335 3656 3542 3710 factum
3575 3669 3658 3712 est
3681 3667 3732 3711 ut
3755 3655 3832 3708 duo

2267 3744 2647 3814 antiquissima
2698 3747 2966 3802 breviaria
3019 3749 3288 3818 inSpicere
3347 3763 3602 3820 possem,
3651 3763 3828 3820 quorum

2272 3853 2437 3892 unum
2457 3847 2540 3894 est
2561 3855 2626 3892 ex
2645 3839 3078 3896 celebratissima
3101 3843 3444 3898 monaSterio
3468 3843 3828 3904 Ebraeensina.

2273 3932 2378 3988 nisi
2402 3932 2580 4002 fallor,
2597 3934 2797 3990 smculo
2821 3935 2979 3990 tertio
3010 3935 3223 3990 decimo
3246 3938 3516 4008 scriptum
3539 3949 3644 3994 est.
3664 3937 3760 4008 (ιν.
3781 3936 3832 3996 la

2345 4029 2398 4082 8.
2432 4027 2680 4084 Alterum
2709 4039 2792 4084 est
2821 4029 3152 4085 breviarium
3183 4013 3564 4087 dimcesanum
3597 4049 3662 4087 ex
3690 4029 3834 4084 biblie

2277 4118 2434 4174 theca
2469 4121 2788 4176 riionasterii
2827 4121 3336 4192 Benedictinorum,
3384 4125 3533 4195 quod
3565 4124 3628 4180 S.
3657 4123 3838 4194 Steph..-

2275 4231 2404 4269 num
2439 4225 2724 4284 patronum
2773 4218 3008 4274 colebat.
3051 4219 3253 4288 inquo
3283 4235 3411 4273 cum
3459 4219 3704 4274 nonnulli
3749 4215 3834 4272 festi

2275 4309 2393 4364 dies
2421 4311 2660 4366 seriores
2689 4311 2754 4366 ad
2794 4311 3000 4376 cultum
3032 4313 3214 4374 Marim
3247 4313 3600 4384 pertinentes
3623 4313 3782 4376 desint
3807 4321 3840 4362 rt

2279 4401 2476 4459 festum
2531 4401 2789 4472 Corporis
2816 4405 3020 4460 Christi
3067 4421 3234 4472 unum
3281 4406 3449 4472 modo
3501 4405 3844 4480 bymnumlia-

2281 4497 2424 4566 beat,
2458 4514 2566 4558 non
2601 4497 2790 4554 dubito
2821 4500 2952 4570 quin
2996 4500 3168 4556 codex
3201 4501 3302 4558 sub
3347 4501 3522 4560 ﬁnem
3565 4503 3748 4560 sarculi
3783 4515 3848 4554 na

2281 4591 2516 4662 scriptus
2545 4591 2636 4646 sit.
2671 4591 2782 4664 (W.
2815 4593 2900 4664 2.)
3659 4587 3666 4592 ’

2881 4689 2944 4744 ll.
2989 4703 3300 4746 eneruata.

2749 4781 3026 4837 Breviaria
3063 4782 3388 4838 Ditecesana.

2355 4877 2406 4928 1.
2455 4874 2834 4932 Canonicarum
2860 4877 3108 4934 horarum
3152 4879 3284 4932 liber
3327 4881 3622 4946 secrmdrtm
3661 4881 3852 4936 ordimur

2284 4968 2510 5024 Rubriae
2539 4969 2769 5026 Ecclesia
2799 4971 3256 5026 Halberstadensis
3301 4973 3583 5028 ordinatus
3624 4975 3854 5030 studium-

2282 5063 2412 5115 sime
2433 5063 2644 5118 revisits.
2689 5073 2950 5118 correctus
2981 5073 3028 5118 et
3055 5064 3382 5122 emendatus.
3412 5077 3461 5122 et
3491 5068 3564 5120 ad
3595 5070 3756 5122 instar
3773 5083 3856 5119 car-

2285 5155 2684 5210 rectissimorum
2711 5157 3088 5228 exctnplarium
3117 5156 3360 5213 collatus.
3393 5160 3470 5214 Ac.
3501 5177 3598 5230 per
3619 5159 3854 5232 Geo-“gius!

2288 5249 2479 5304 Stuch
2535 5249 2848 5324 Nuruberge
2893 5251 3192 5323 imp'ressus.
3243 5253 3396 5306 Anno
3439 5257 3664 5326 virginei
3715 5266 3858 5325 partes

2287 5341 2564 5396 Millesimo
2585 5345 2994 5415 quingentesimo
3011 5347 3424 5416 quintadecimo.
3453 5345 3646 5402 Idibus
3675 5347 3858 5402 Narra:-

2284 5438 2390 5492 bris
2423 5437 2645 5508 feliciter
2675 5441 2814 5508 ﬁnit.
2845 5441 3017 5496 Meum
3045 5451 3149 5496 est.
3189 5441 3328 5513 (HL)

2357 5533 2410 5586 2.
2455 5531 2840 5588 Canonicarum
2884 5533 3134 5589 horarum
3162 5535 3290 5589 liber
3327 5539 3624 5592 secrmdum
3663 5537 3857 5592 ordinm

2277 5627 2482 5681 rubrica
2507 5641 2682 5682 sancte
2706 5627 2938 5684 Ecclesia
2967 5629 3458 5701 Magrleburgensis.
3485 5650 3690 5688 suntme
3719 5629 3858 5685 studia

2277 5723 2472 5776 recisus
2493 5731 2647 5792 atque
2667 5722 2836 5779 denuo
2853 5733 3114 5778 correctus
3135 5723 3186 5776 in
3209 5724 3428 5794 ofﬁcina
3455 5725 3674 5800 Georgii
3701 5721 3856 5781 SHW!”

2279 5815 2402 5868 civis
2431 5815 2880 5886 Nurenbergensis
2915 5817 3222 5886 impressus.
3251 5815 3410 5872 Anno
3439 5835 3473 5871 a
3503 5829 3660 5888 partu
3685 5813 3858 5886 uirginis
3927 5841 3929 5880 ;

2269 5907 2640 5981 gloriosissima
2681 5907 2965 5966 Millesimo
2993 5909 3404 5980 quingentesimo
3431 5921 3668 5982 quatuor
3699 5907 3858 5964 decima

3925 385 3929 416 1
