3958 6314
130 378 264 438 1165

980 372 1196 431 llYMNl
1238 371 1295 431 S.
1332 372 1683 434 AMBROSIO
1722 373 2116 435 ATTRIBUTI.
2163 374 2556 439 ADMONITIO.

3282 384 3419 443 1166

128 497 310 554 mensis
340 493 571 550 Octobris
600 493 683 548 die
713 492 954 566 vigesimo
978 493 1148 563 primo
1178 493 1314 562 ﬁnit.
1343 491 1425 548 Ex
1459 492 1587 550 bibl.
1616 491 1719 550 Or-
1744 497 1797 557 Α
1823 504 1985 551 erant
2014 496 2106 567 qui
2138 511 2203 552 ex
2246 497 2399 554 brev.
2432 497 2829 554 Sarisburiensi
2863 505 2918 553 et
2944 494 3275 554 Eboracensi
3321 500 3417 555 de-

128 589 516 663 phanotropbei
550 586 822 642 llalensis.
858 584 1055 658 (Mgd.)

195 684 247 738 5.
273 680 608 737 Breviarium
632 679 906 733 Misnense
929 679 1071 749 typis
1097 679 1427 749 exscriptum
1457 679 1601 734 circa
1624 696 1718 733 an-

126 791 250 832 num
277 772 432 830 1510.
464 774 537 828 Ex
561 772 894 828 bibliotheca
916 769 1222 827 Academia
1242 772 1510 827 Halensis.
1533 771 1716 843 (Msn.)

194 873 245 924 4.
278 868 467 924 Viatici
502 883 625 940 pars
655 867 883 922 estivalis
911 866 1193 921 secundum
1218 866 1482 920 rubricam
1512 865 1720 920 ecclesia

80 988 81 991 η
127 962 585 1035 Merseburgensis.
634 961 688 1016 In
738 961 888 1017 calce
924 961 1052 1017 libri
1085 978 1098 1014 :
1136 958 1319 1016 Finita
1355 968 1430 1016 est
1466 960 1560 1014 hec
1586 962 1719 1017 Pars

126 1058 344 1113 estivnlis
372 1057 545 1112 viatici
570 1054 1014 1129 Herseburgensis
1042 1063 1198 1127 atque
1225 1054 1535 1126 impressum
1561 1056 1721 1126 pervi-

124 1152 214 1222 gili
240 1166 381 1203 cura.
426 1149 547 1203 Arte
575 1158 622 1203 et
652 1149 862 1220 ingenio
888 1147 1194 1202 industriosi
1214 1147 1517 1201 Melchioris
1543 1146 1723 1201 Letter

129 1244 336 1300 Ducalis
362 1243 506 1313 apidi
529 1242 817 1314 Liptzensis
837 1243 1058 1297 concivis
1084 1244 1234 1297 Anno
1260 1242 1530 1313 salutifero
1550 1243 1723 1296 incar-

123 1343 344 1400 nationis
384 1341 665 1397 Millesimo
708 1342 1117 1413 quingentesimo
1161 1350 1365 1412 quarto.
1416 1339 1515 1394 Die
1557 1339 1717 1394 lovis.

123 1438 297 1508 quinta
324 1437 521 1491 decima
544 1436 735 1492 mensis
768 1436 1013 1509 Augusti.
1042 1436 1122 1492 Ex
1159 1434 1491 1491 bibliotheca
1523 1434 1580 1491 S.
1613 1432 1723 1487 Ma-

122 1533 217 1589 riae
246 1532 519 1588 llalensis.
552 1530 742 1604 wsb.)

191 1630 242 1686 5.
276 1612 609 1685 Breviarintn
651 1625 978 1682 Pataviensis
1009 1624 1240 1680 Ecclesie
1284 1625 1417 1678 mira
1456 1621 1723 1694 formandi

120 1734 227 1778 arte
257 1722 598 1796 pervigilique
634 1737 760 1776 cura
790 1719 1017 1775 sollertis
1058 1719 1151 1772 tiri
1200 1717 1346 1772 Petri
1376 1715 1724 1771 Liclttenstein

120 1820 347 1891 impensa
376 1833 495 1872 vero
536 1815 799 1872 Leonardi
841 1824 889 1870 et
921 1814 1079 1870 Lucra
1108 1813 1342 1868 Allantse
1385 1812 1602 1881 [ranam
1643 1812 1721 1865 lti-

1823 588 2024 659 suntpti
2053 599 2202 644 sunt.
2227 586 2359 644 Nam
2383 590 2545 646 utiex
2570 591 2687 658 illo,
2708 590 2863 660 cujus
2892 588 3055 646 modo
3077 592 3412 648 mentionem

1823 681 2074 747 fecimus,
2103 680 2289 736 libello
2317 683 2574 754 cognosci
2603 692 2839 755 poterat,
2871 683 2961 754 qui
2988 682 3131 754 apud
3171 682 3412 740 Franco-

1823 777 1995 847 gal‘os
2026 775 2374 830 usitatissimi
2417 774 2647 832 fuissent
2698 776 2912 847 hymni,
2966 776 3045 831 sie
3072 791 3139 833 ex
3193 776 3296 833 hoc
3325 778 3417 849 qui

1824 868 1967 941 apud
1994 867 2218 939 Anglos.
2250 866 2369 936 (Sb.
2392 867 2522 939 Eb.)

2316 956 2585 1013 Breviaria
2613 963 2920 1016 monastica.

1900 1055 1987 1109 12.
2024 1053 2435 1110 Breviariorum
2468 1068 2592 1123 quae
2618 1056 2827 1111 ordinis
2879 1058 2938 1113 8.
2984 1056 3267 1115 Francisci
3295 1061 3414 1116 ine-

1827 1159 1954 1204 runt
1984 1147 2473 1204 multorum-nobis
2505 1148 2681 1217 patuit
2707 1148 2904 1205 aditus.
2958 1152 3416 1221 Antiquissimum

1827 1254 1912 1299 est
1944 1243 2290 1300 bibliotheca:
2337 1240 2589 1297 Halensis
2641 1240 2699 1298 S.
2737 1242 2923 1297 Mariae
2964 1257 2993 1296 a
3028 1245 3185 1300 nobis
3220 1246 3420 1302 litteris

1828 1338 1923 1393 Fr.
1954 1347 2198 1393 notatum
2223 1354 2238 1404 ;
2269 1336 2326 1391 In
2360 1335 2511 1391 calce
2542 1335 2770 1404 legitur:
2826 1334 3061 1408 Explicit
3110 1340 3423 1394 breviarium

1826 1432 2111 1487 secundum
2153 1445 2353 1484 morem
2393 1444 2608 1483 romane
2644 1429 2805 1482 carie.
2838 1424 3422 1499 Impressutn‘Venetiis

1828 1542 1920 1597 per
1972 1521 2323 1579 Franciscum
2352 1522 2557 1578 Renner
2584 1521 2649 1576 de
2696 1519 2984 1576 Hailbrun.
3021 1521 3170 1577 Anno
3207 1521 3424 1578 Domini

1831 1617 1994 1672 1481.
2026 1616 2271 1671 Alterum
2300 1612 2414 1686 (Fr.
2448 1612 2511 1685 Ξ)
2538 1628 2570 1668 e
2593 1626 2711 1668 mea
2747 1619 2833 1667 est
2863 1611 3215 1669 bibliotheca.
3264 1613 3424 1685 Legi-

1833 1718 1921 1765 tur
1955 1710 2008 1763 in
2068 1709 2251 1763 calce:
2309 1704 2547 1779 Etcplicit
2604 1706 2915 1759 breviarium
2945 1705 3229 1760 secundum
3268 1708 3429 1762 ritum

1833 1802 2130 1859 Romanum
2160 1800 2388 1857 Venetiis
2412 1801 2724 1871 impressum
2749 1807 2861 1853 arte
2880 1810 2927 1852 et
2943 1799 3195 1869 impensis
3224 1799 3431 1856 Andree

120 1912 470 1985 bliopolarum
500 1913 852 1967 wiencnsium.
889 1908 1193 1965 Absolutum
1219 1917 1293 1963 est
1330 1906 1558 1963 Venetiis
1585 1922 1723 1960 anno

1844 1897 1896 1951 le
1918 1894 2200 1951 Toresanis
2222 1895 2288 1949 de
2317 1894 2485 1948 Asula
2517 1891 2659 1948 M95
2683 1892 2771 1945 die
2812 1907 2932 1945 vero
2964 1892 3030 1947 14
3070 1891 3279 1958 Martii,
3312 1893 3429 1963 feli-

121 2002 420 2077 Salutigero
468 2003 605 2061 1515
631 2005 715 2060 die
743 2005 815 2059 25
849 2002 980 2058 Maii
1010 2001 1127 2055 divo
1168 2018 1230 2055 ac
1276 2016 1475 2072 semyier
1501 2006 1725 2072 augusto

118 2097 492 2154 Maximiliano
521 2099 688 2169 primo
720 2094 990 2165 imperiale
1019 2104 1280 2164 sceptrum
1302 2096 1473 2164 fanste
1499 2099 1720 2146 tenente.

116 2195 230 2250 lloc
259 2194 593 2250 breviarium
624 2208 694 2247 ex
724 2189 978 2245 bibliotb.
1022 2187 1288 2259 gymnasii
1322 2185 1725 2241 Zuiccavicnsis

122 2287 400 2344 llertelius
433 2286 519 2341 vir
543 2285 689 2339 doct.
726 2282 992 2337 benevole
1023 2280 1413 2350 suppeditavit.
1446 2277 1584 2351 (Ρι.)

184 2381 236 2435 6.
261 2379 607 2436 Breviarium
630 2376 889 2432 Ecclesia:
908 2374 1367 2445 Salisburgens‘ts,
1387 2372 1531 2442 quod
1548 2386 1726 2427 meum

115 2482 218 2529 est.
253 2473 369 2528 Hoc
397 2472 761 2528 vehementer
784 2468 943 2523 doleo
975 2469 1027 2522 in
1057 2466 1238 2522 fronte
1267 2473 1324 2521 et
1347 2467 1401 2521 in
1429 2466 1579 2522 calce
1606 2480 1729 2522 esse

114 2567 367 2623 mutilum
394 2577 562 2638 atque
588 2565 783 2620 deesse
828 2577 1032 2617 nomen
1079 2560 1405 2631 typographi
1437 2568 1601 2630 atque
1630 2574 1727 2613 an—

112 2679 265 2719 num.
303 2665 398 2718 Est
422 2676 561 2717 sane
591 2656 878 2731 splendide
913 2657 1055 2727 typis
1075 2656 1432 2725 exscriptum.
1468 2650 1600 2725 (Sl.)

180 2756 234 2809 '7.
275 2752 606 2809 Breviarinm
632 2750 733 2804 hoc
749 2752 909 2822 juxta
935 2763 1085 2802 veras
1111 2746 1347 2802 rubricas
1375 2760 1539 2800 sacra
1568 2743 1724 2815 Myn-

112 2849 288 2904 densis
314 2846 557 2903 Ecclesie
582 2845 879 2901 ordinatum
904 2842 1105 2897 sollerti
1137 2841 1503 2897 lucubratione
1538 2839 1732 2912 prmia

110 2957 270 3012 Opera
306 2957 372 2995 ac
403 2938 645 3011 vigilanti
670 2954 799 2991 cura
826 2935 1132 2990 industriosi
1164 2934 1258 2988 viri
1298 2931 1512 3004 Georgii
1547 2931 1733 2989 Stachs

110 3035 173 3088 de
204 3031 535 3105 Sulczpach.
576 3031 714 3101 quod
743 3029 1012 3103 splendide
1042 3036 1312 3083 exaratum
1341 3043 1481 3082 anno
1509 3041 1737 3097 nonage-

108 3130 242 3184 simo
286 3144 462 3200 supra
512 3127 843 3183 millesimum
894 3125 1484 3196 quadringentesimum,
1534 3123 1738 3177 decimo

110 3238 229 3278 vero
260 3238 409 3277 nona
439 3221 773 3275 colendarum
792 3217 1038 3272 Januarii
1061 3217 1293 3289 explicit.
1324 3218 1379 3272 ltl
1411 3216 1543 3271 mihi
1573 3216 1736 3270 alios-

1830 1992 1975 2045 citer.
2008 1989 2283 2044 Praeterea
2316 1987 2759 2057 comparavimus
2787 1987 3046 2041 nonnulla
3082 1986 3189 2041 alia
3217 1986 3286 2041 ab
3326 1988 3432 2042 illis

1832 2087 1945 2141 fere
1967 2085 2100 2140 nihil
2129 2082 2516 2154 discrepantia.
2555 2081 2820 2136 Primam.
2849 2079 3089 2151 Ezplicit
3116 2080 3431 2136 breviarium

1832 2179 2120 2235 secundum
2141 2178 2376 2233 ordinem
2397 2181 2576 2230 sancte
2597 2173 2835 2230 Romane
2855 2172 3088 2228 Ecclesie
3108 2188 3298 2244 magna
3319 2190 3435 2229 cum

1834 2271 2108 2343 diligentia
2158 2272 2382 2325 revisam
2411 2276 2461 2323 et
2500 2268 2646 2339 fideli
2678 2267 2857 2321 studio
2885 2265 3237 2321 emendatum.
3268 2264 3437 2337 quue

1838 2365 1891 2418 in
1910 2362 2173 2418 alemonia
2201 2361 2369 2435 regali
2395 2359 2605 2414 civitate
2632 2356 2991 2428 Nurentberglt
3019 2357 3239 2411 multum
3265 2357 3434 2427 fanta-

1837 2472 1897 2513 sa
1918 2458 2226 2529 impressum
2255 2465 2366 2509 arte
2389 2463 2437 2508 et
2474 2452 2723 2523 impensis
2746 2449 2997 2504 Antltonii
3020 2447 3283 2521 Koberger
3306 2464 3440 2518 prte-

1841 2558 1964 2624 fata'
1986 2552 2210 2606 civitatis
2237 2549 2479 2604 incolant.
2513 2547 2666 2601 Anno
2696 2547 2981 2599 incuruata
3000 2542 3210 2597 deitatis
3250 2540 3435 2615 elapso

1840 2645 2005 2701 1486.
2037 2659 2091 2699 tv
2115 2643 2235 2697 idus
2276 2639 2597 2696 Decembris.
2622 2638 2797 2694 Meum
2829 2644 2934 2692 est.
2972 2634 3313 2692 Secundum.
3368 2633 3438 2688 Et

1842 2741 1918 2796 sic
1945 2738 2126 2809 ﬁnitur
2179 2736 2491 2791 breuiarium
2522 2732 2810 2788 secundum
2835 2746 2989 2785 usum
3031 2730 3267 2785 Romane
3297 2732 3441 2783 curie

1837 2840 1950 2886 arte
1970 2838 2016 2885 et
2043 2830 2349 2884 charactere
2373 2825 2570 2881 honesti
2600 2825 2703 2879 viri
2725 2821 2913 2878 Jacobi
2946 2823 3013 2876 de
3035 2823 3279 2895 pforczen
3315 2823 3438 2876 civis

1842 2924 2155 2981 Basiliensis
2181 2924 2347 2978 ducti
2374 2937 2497 2976 vero
2524 2920 2705 2991 fratris
2731 2917 2942 2974 Μωιαί
2971 2918 3217 2973 vincentii
3243 2918 3441 2972 ordinis

1847 3020 2114 3073 minorum
2143 3017 2488 3071 elaboratum.
2530 3016 2681 3067 Anno
2710 3012 2999 3083 salutiferae
3044 3009 3443 3066 Incarnationis

1846 3109 2363 3184 quadringentesimo
2388 3107 2723 3180 nonagesimo
2771 3106 2945 3161 tertio.
2996 3102 3075 3159 Ex
3108 3104 3440 3160 bibliotheca

1842 3205 1903 3264 S.
1931 3204 2116 3261 Maria:
2149 3202 2390 3259 Halensi.
2416 3199 2547 3256 Inde
2579 3199 2742 3255 etiam
2777 3198 2995 3253 tertium
3043 3196 3191 3252 aliud
3226 3196 3441 3252 brevia~

105 3332 213 3389 que
235 3317 415 3373 libros
443 3331 507 3370 ex
532 3313 864 3371 bibliotheca
894 3274 1191 3367 academiaa
1212 3311 1620 3381 Gottingensis,
1646 3312 1735 3367 cui
1765 3274 1814 3346 θ
1845 3300 1989 3355 rium
2015 3298 2252 3353 inflasse
2282 3296 2580 3365 antiquitts-
2612 3291 2737 3348 Sed
2768 3292 2967 3346 desum
3014 3304 3190 3346 annos
3234 3300 3290 3346 el
3337 3306 3439 3346 no-

107 3426 329 3468 summa
360 3425 495 3466 cum
523 3408 860 3464 humanitate
889 3417 944 3463 et
973 3407 1304 3462 liberalitate
1328 3416 1533 3478 praeest
1557 3406 1733 3463 liene-

116 3506 270 3573 kius,
306 3506 417 3560 vir.
449 3502 1026 3568 doct.,llavemannus
1052 3509 1107 3556 et
1134 3500 1397 3565 Runkius,
1432 3498 1539 3555 viri
1561 3498 1730 3568 doct.,

106 3616 251 3673 quos
280 3614 505 3656 summa
556 3599 679 3655 colo
724 3596 1075 3654 observantia
1095 3638 1109 3664 ,
1142 3596 1412 3652 miserunt
1443 3594 1730 3651 benevole.

103 3696 277 3771 tua.)

180 3794 238 3848 8.
266 3790 603 3845 Breviarium
622 3788 904 3844 secundum
926 3787 1191 3841 rubricam
1217 3786 1428 3842 ecclesie
1448 3784 1733 3840 Havelber-

103 3889 289 3959 gensis
329 3884 608 3955 diligenter
650 3883 989 3953 recbgnitnm.
1018 3880 1077 3935 In
1104 3881 1259 3936 calce
1292 3898 1303 3935 :
1338 3879 1514 3950 Lipsie
1542 3878 1595 3931 in
1623 3876 1733 3947 olli-

102 3984 230 4035 cina
263 3977 576 4033 Melcltioris
599 3974 834 4029 Lottheri
864 3972 1018 4044 longe
1037 3988 1192 4043 quam
1219 3980 1338 4025 ante
1364 3969 1661 4023 accuratius
1686 3977 1734 4021 et

102 4070 456 4129 emendatius
488 4068 635 4122 Anno
662 4083 697 4120 ο
722 4066 889 4119 natali
923 4065 1208 4119 christiano
1252 4061 1536 4117 Millesimo
1582 4063 1734 4133 quin-

104 4164 415 4237 gentesimo
442 4160 640 4215 decimo
670 4158 869 4215 octaito.
901 4157 1076 4213 Meum
1110 4164 1214 4213 est.
1254 4155 1408 4226 (Ην.)

180 4260 241 4317 9.
277 4255 610 4314 Breviarium
633 4253 975 4309 dicendorum
995 4252 1376 4306 Canonicarnm
1394 4249 1641 4304 horarum
1665 4251 1734 4303 ad

104 4368 319 4410 morem
343 4349 614 4407 Seueriani
637 4347 861 4420 Collegii
882 4346 1307 4418 Erpltordiensis.
1335 4345 1392 4400 lu
1414 4346 1565 4400 calce
1590 4345 1733 4400 ειτη-

104 4462 371 4520 pressum
395 4454 443 4499 et
479 4444 793 4514 completum
840 4451 925 4497 est
964 4458 1191 4512 praesens
1219 4440 1531 4495 breviarium
1555 4440 1610 4494 in
1641 4457 1733 4495 no-

104 4546 206 4601 bili
235 4547 551 4615 [tutamque
580 4538 703 4593 urbe
754 4536 1068 4608 Moguntina
1098 4533 1278 4605 Hujus
1302 4535 1428 4589 artis
1456 4534 1733 4603 impresso-

100 4640 183 4694 rie
226 4633 522 4691 incentrice
562 4632 733 4702 prima
773 4646 792 4683 :
832 4644 925 4697 per
954 4629 1225 4682 honestum
1266 4628 1432 4680 virum
1474 4624 1729 4680 Joannem

103 4726 403 4794 Selloe/[er
431 4724 593 4779 civem
617 4721 668 4776 Μ
677 4721 996 4793 oguntinunt.
1029 4719 1187 4773 Anno
1205 4718 1459 4771 dominica
1488 4718 1732 4771 incarna-

101 4824 275 4880 tionis
303 4817 593 4873 Millesimo
617 4814 1021 4885 quingentesimo
1049 4811 1247 4863 decimo
1270 4820 1449 4863 octavo
1472 4823 1568 4863 vm
1602 4807 1733 4863 ldus

104 4911 475 4972 Februarias.
506 4909 626 4979 Ipse
656 4907 852 4962 librqu
882 4903 1162 4975 possideo.
1198 4900 1335 4971 (Εῑ.)

184 5013 282 5067 10.
325 5005 480 5062 Meus
519 5010 604 5059 est
645 5000 808 5057 etiam
858 4998 1072 5053 libellus
1119 4996 1433 5053 rarissimus
1462 4995 1514 5049 in
1558 4992 1730 5049 Gallia

105 5108 266 5182 typis
295 5100 613 5169 exscriptus
639 5113 653 5149 :
684 5094 889 5148 Heures
912 5093 943 5147 ti
964 5091 1159 5163 l’usnge
1180 5091 1242 5146 de
1264 5090 1488 5161 Lengres
1518 5107 1585 5143 au
1612 5090 1731 5162 long

101 5179 240 5258 sons
272 5196 393 5252 rien
420 5190 665 5264 requerir.
701 5186 724 5240 Ι
736 5186 952 5257 mprime
972 5200 1005 5237 a
1027 5183 1222 5255 Troyes
1244 5184 1367 5239 cites
1386 5180 1517 5237 Jean
1543 5182 1589 5235 le
1609 5179 1734 5251 Coq.

103 5298 267 5372 (sine
301 5306 454 5346 anno
482 5296 536 5343 et
561 5283 816 5340 numeris
840 5281 1148 5352 foliorum),
1187 5280 1277 5350 qui
1322 5279 1424 5334 sub
1454 5277 1617 5334 linem
1649 5291 1741 5333 so-

102 5393 346 5449 lemnes
371 5398 472 5455 per
500 5390 677 5439 totum
716 5392 918 5433 annum
965 5375 1199 5446 hymnos
1229 5374 1498 5430 continet.
1529 5371 1742 5427 Placuit

103 5484 290 5543 nobis
324 5478 527 5534 librum
559 5475 761 5533 litteris
786 5474 883 5545 Lg.
916 5482 1128 5539 notare,
1161 5487 1285 5527 cum
1309 5470 1386 5525 illi
1411 5469 1596 5541 hymni
1622 5468 1740 5522 sine

104 5577 302 5639 dubio
336 5572 391 5627 in
424 5572 647 5627 dioecesi
678 5568 1007 5642 Lingonensi
1045 5568 1099 5624 in
1132 5583 1231 5622 usu
1260 5564 1480 5620 fuerint.
1519 5563 1665 5635 (Lg.)

188 5671 291 5730 11.
337 5664 538 5737 Rymtti
569 5663 821 5719 Ecclesiae
849 5664 1079 5737 excerpti
1122 5681 1148 5716 e
1176 5658 1459 5717 Breviariis
1500 5659 1742 5714 Romano

105 5759 538 5828 Sarisburiensi
588 5757 905 5815 Eboracensi
948 5768 996 5814 ct
1045 5756 1262 5812 aliunde
1306 5754 1501 5813 Umonii
1548 5750 1611 5808 Ζ.
1666 5749 1738 5805 Η.

109 5861 343 5921 Pariter
396 5852 557 5910 1838‘.
616 5851 814 5923 Hymni
864 5867 895 5908 e
941 5852 1098 5908 brev.
1154 5851 1399 5907 Romam
1451 5845 1743 5904 correctis

106 5969 335 6019 uoswo
384 5949 627 6008 consilio
675 5944 835 6002 alieni
891 5952 1069 6012 erant,
1121 5943 1521 6017 exoptatissimi
1566 5950 1746 5996 tamen

1849 3410 1975 3451 men
2026 3390 2371 3465 typographi.
2406 3388 2624 3459 Pagina:
2668 3386 2908 3442 muneris
2931 3385 3168 3441 nondum
3214 3392 3436 3441 notatas.

1848 3489 2096 3557 Denique
2124 3486 2289 3542 etiam
2321 3483 2386 3537 ad
2420 3497 2615 3537 manus
2646 3488 2765 3535 erat
2786 3493 2982 3535 recens
3008 3478 3281 3533 Miuorum
3318 3478 3443 3533 bre-

1843 3580 2102 3645 viarium,
2151 3575 2295 3648 quod
2322 3573 2692 3630 amicissimus
2724 3571 2885 3626 nobis
2918 3569 3286 3636 Diedrichius,
3322 3586 3441 3623 ma—

1843 3673 2017 3742 gister
2048 3669 2251 3725 schon
2284 3666 2491 3721 Latinae
2542 3664 2594 3717 in
2640 3659 3140 3732 Orphanotropbco
3188 3660 3435 3730 Halensi,

1843 3765 2001 3821 nobis
2048 3760 2280 3833 largitus
2349 3765 2477 3813 est:
2526 3754 2857 3811 Breviarium
2911 3752 3436 3825 Romano-Serapm.

1840 3874 1978 3922 cum,
2011 3868 2109 3912 etc.
2141 3852 2372 3911 Colonia:
2398 3849 2702 3923 Agrippinae
2732 3847 2892 3904 1754.

1920 3954 2004 4008 to.
2034 3948 2254 4005 Ordinis
2289 3945 2778 4000 Dominicanosum
2833 3948 2919 3995 est
2964 3938 3307 3995 Breviarium
3358 3938 3441 3993 bi-

1842 4045 2133 4103 bliothecas
2183 4039 2562 4110 Gottingensis
2589 4043 2890 4101 vetustum,
2922 4033 3068 4104 quod
3115 4041 3171 4089 et
3222 4031 3439 4089 Norim-

1840 4142 2027 4211 bergas
2043 4151 2189 4193 anno
2213 4133 2353 4191 l58'2
2383 4132 2590 4190 editum
2613 4139 2696 4185 est
2720 4128 2896 4203 (Pd.).
2924 4126 3265 4211 Brevitas-ium
3294 4126 3437 4197 ejus-

1840 4210 1965 4291 dem
1996 4230 2208 4290 ordinis
2236 4228 2517 4285 recentius
2544 4224 2807 4281 debemus
2852 4210 3202 4276 bibliothecae
3230 4219 3439 4290 Orpha-

1841 4327 2149 4399 notropliei.
2182 4323 2392 4381 Prodiit
2412 4320 2549 4376 illud
2577 4317 2802 4375 Parisiis
2826 4332 2874 4372 a.
2914 4314 3074 4370 1615.

1914 4425 2000 4480 11.
2026 4421 2173 4478 Bibl.
2216 4418 2271 4476 S.
2319 4416 2501 4473 Mariae
2550 4411 2807 4469 llalensis
2854 4408 3022 4465 nobis
3069 4406 3441 4478 suppeditavit

1838 4525 2112 4573 vetustum
2163 4511 2372 4568 ordinis
2415 4509 2476 4565 S.
2528 4502 2811 4561 Benedicti
2858 4500 3188 4556 breviarium
3227 4517 3242 4555 :
3289 4497 3438 4553 Finit

1839 4628 1962 4684 pars
1990 4606 2239 4679 Itgernalis
2288 4600 2528 4658 breviarii
2556 4596 2957 4654 reverendarutn
2998 4604 3210 4665 patrum
3238 4591 3436 4646 ordinis

1756 4680 1813 4742 Β
1839 4680 1941 4764 diei
1963 4699 2234 4758 Benedicti
2261 4699 2326 4753 de
2354 4693 2680 4751 observantia
2712 4705 2805 4763 per
2831 4687 3164 4744 Germaniam
3225 4685 3432 4740 unionis

1843 4793 2247 4866 Bnrsftldensis.
2302 4786 2594 4843 Parrhisiis
2656 4784 2910 4853 impressa
2967 4797 3057 4850 per
3106 4776 3433 4833 Desideriunt

1840 4891 2027 4946 maheu
2054 4890 2107 4941 in
2129 4888 2243 4940 vico
2269 4883 2439 4939 sancti
2463 4880 2649 4936 Jacobi
2679 4876 3049 4935 commorantis
3093 4872 3189 4927 sub
3228 4870 3435 4949 intersi-

1840 4985 1961 5060 gnio
1997 4980 2165 5037 sancti
2197 4977 2409 5033 Nicolai
2456 4991 2616 5048 prope
2660 4970 2908 5042 templum
2948 4967 3116 5060 sancti
3144 4963 3434 5060 Benedicti.

1844 5055 2147 5146 Snmptibus
2166 5069 2442 5141 Godofridi
2466 5066 2705 5123 Hectoris
2730 5062 2930 5118 honesti
2961 5056 3254 5129 bibliopola.
3286 5055 3436 5110 Anno

1850 5170 2116 5227 Dominice
2137 5164 2511 5221 incarnationis
2536 5160 2696 5216 1518.
2723 5157 2802 5212 De
2843 5152 2913 5210 15
2953 5152 3141 5209 mensis
3185 5148 3436 5203 Januarii

1846 5265 2016 5337 (Βά).
2031 5264 2243 5319 Recens
2259 5258 2505 5331 ejusdem
2528 5254 2735 5311 ordinis
2759 5247 3096 5305 Breviarium
3123 5259 3303 5299 meum
3320 5251 3433 5299 est:

1845 5359 2172 5415 Breviorium
2216 5353 2595 5410 monostico....
2639 5342 3038 5399 Bcnedicts'num
3077 5337 3439 5409 quadriparti-

1845 5465 1974 5511 tum.
2004 5452 2164 5525 Typis
2210 5446 2518 5522 principalis
2550 5437 2854 5497 monasterii
2888 5431 3255 5489 Einsidlensis.
3301 5447 3440 5486 anno

1850 5550 1990 5607 1745
2013 5562 2153 5617 seqq.

1926 5644 2014 5699 is.
2050 5616 2129 5696 ex
2184 5630 2474 5693 breviariis
2506 5624 2874 5682 Eremitarum
2908 5619 2962 5673 s.
3017 5616 3306 5689 Augustini
3338 5616 3446 5671 duo

1854 5733 2259 5795 consuluimus:
2294 5737 2455 5781 unum
2485 5735 2550 5776 ex
2584 5716 2717 5773 bibl:
2752 5714 2811 5770 S.
2844 5710 3032 5767 Mariae
3057 5708 3300 5773 Halensi,
3329 5708 3446 5761 sine

1857 5843 2002 5884 anno
2026 5833 2085 5879 et
2102 5820 2281 5886 titulo,
2310 5815 2405 5873 sed
2430 5811 2621 5884 procul
2639 5808 2804 5867 dubio
2828 5810 3205 5880 pervetustum
3232 5799 3443 5874 (Aug.),

1858 5924 2095 5978 alterum
2114 5929 2191 5972 es
2206 5921 2390 5969 nostra
2408 5927 2420 5962 ε
2452 5904 2779 5962 Metaurum
2798 5896 3084 5956 secundum
3098 5894 3259 5950 ritum
3276 5901 3454 5950 sancte
