3958 6314
573 349 711 408 H67

1601 339 1952 402 APPENDIX
1989 337 2084 398 AD
2122 336 2354 398 OPERA
2395 337 2453 396 S.
2497 333 2840 396 AMBROSII.

3715 332 3812 398 11εὸ

571 471 809 528 Romane
831 467 1063 524 Ecclesia
1093 481 1300 522 summa
1327 481 1444 522 cum
1469 465 1744 540 diligentia
1757 465 2088 520 emendatum
2117 471 2162 516 et
2191 470 2242 531 Α
2269 457 2470 524 suisse,
2507 459 2728 530 dignum
2759 456 2916 513 duxit
2957 454 3282 528 placuitque
3311 451 3576 526 quosdam
3603 448 3650 507 in
3690 467 3808 508 unum

573 566 884 636 castigatum
921 562 976 616 in
1007 577 1110 633 quo
1139 561 1295 615 etiam
1321 559 1490 614 multa
1517 556 1864 632 superaddita
1893 565 2012 610 sunt
2053 567 2171 624 qua:

572 659 628 712 in
657 657 1014 712 consimilibus
1047 655 1316 710 breuiariis
1343 671 1626 725 numquam
1651 653 1784 708 alias
1821 655 2033 724 fuerunt
2073 653 2172 702 im-

571 768 750 820 pressa
783 749 1006 820 feliciter
1029 749 1264 819 explicit.
1297 745 1366 802 In
1387 749 1526 802 alma
1565 745 1898 800 Venetiarum
1931 743 2054 796 urbe
2079 757 2170 812 per

565 845 824 902 Iacobum
857 845 922 900 de
973 842 1147 899 Leuco
1195 843 1587 898 accuratissime
1633 842 1966 909 impressum.
2017 837 2168 890 Anno

567 941 838 1011 salutifero
889 938 1106 994 Domini
1179 937 1343 992 nostri
1391 933 1522 991 Iesu
1587 934 1784 990 Christi
1847 930 2168 986 incarnatio-

571 1036 652 1091 nis
698 1034 1108 1112 quingentesimo
1149 1049 1312 1106 supra
1362 1032 1694 1086 millesimum
1735 1029 1886 1084 nonis
1927 1025 2166 1082 Octobris

517 1141 522 1150 ί
571 1131 736 1200 (Aug.
764 1127 846 1200 2).

637 1223 729 1279 16.
761 1222 844 1278 Ex
889 1223 1082 1281 eadem
1115 1223 1250 1280 bibl.
1307 1223 1366 1280 S.
1419 1220 1602 1278 Maria:
1655 1229 1740 1278 est
1787 1229 2164 1292 pervetustum

559 1317 1052 1376 Carthusianorum
1081 1319 1451 1374 Breviarium:
1487 1317 1814 1372 Breviarium
1853 1332 2000 1372 sacre
2043 1314 2166 1369 reli-

557 1413 730 1482 gionis
777 1410 1038 1468 Cartusie.
1087 1412 1164 1466 Ab
1207 1410 1490 1480 exemplari
1511 1411 1893 1464 correctissimo
1947 1410 2168 1478 impres-

557 1522 678 1560 sum
705 1505 928 1562 Salutiis
947 1521 1040 1578 per
1071 1507 1381 1576 magistrum
1431 1505 1698 1560 Simonem
1729 1502 2008 1572 bevelaqua
2057 1500 2154 1554 Pa-

558 1598 809 1667 pienscm.
844 1597 996 1652 Anno
1025 1596 1235 1652 Domini
1273 1597 1373 1654 156
1403 1597 1488 1650 die
1515 1598 1586 1652 2‘2
1617 1597 1818 1666 Aprilis
1851 1595 2014 1668 (CL).

639 1692 721 1744 l7.
756 1689 841 1744 Ex
875 1689 1174 1744 breviariis
1213 1689 1424 1744 ordinis
1463 1689 1854 1744 Cistercicnsis
1897 1689 2162 1760 antiquis,

561 1785 613 1840 iu
643 1785 843 1856 quibus
867 1785 1052 1856 hymni
1087 1799 1240 1839 more
1272 1783 1538 1854 singulari
1571 1793 1628 1838 et
1657 1783 1887 1839 insolito
1907 1784 2160 1855 dispositi

2235 559 2245 572 ’
2273 553 2538 625 colligere
2563 551 2978 623 compendiose,
3007 550 3062 606 in
3095 565 3270 605 unum
3295 562 3624 618 componere
3649 545 3810 602 breren

2271 659 2326 708 et
2349 650 2537 707 utilem
2571 659 2880 716 tractatum,
2915 649 2968 704 in
3001 664 3110 721 quo
3139 663 3346 704 omnes
3373 647 3556 718 hymni
3583 645 3808 701 luerunt.»

2273 747 2330 802 In
2359 747 2462 803 hoc
2491 745 2719 802 exordio
2751 745 2981 814 vestigia
3012 742 3314 800 vetustatis
3345 741 3634 813 singularis
3653 751 3812 798 exstare

2271 841 2408 898 mihi
2439 839 2789 895 videbantur.
2833 839 3026 910 itaque
3053 837 3144 894 vel
3189 839 3436 892 maxime
3480 835 3708 907 gravisos
3729 851 3814 891 sum

2273 951 2397 992 cum
2461 933 2814 990 Gersdorlius
2843 932 2928 988 vir
2961 933 3126 988 Doct.
3160 947 3227 987 ea
3249 945 3360 1002 qua
3380 937 3548 984 notus
3571 939 3646 984 est
3669 929 3814 984 libers-

2269 1031 2424 1086 litate
2453 1045 2520 1086 ex
2547 1029 2692 1086 Bibl.
2724 1027 2950 1084 Paulina
2972 1025 3254 1098 Lipsiensi
3277 1023 3535 1080 codicem
3560 1023 3656 1077 720
3685 1023 3726 1076 in
3744 1039 3816 1094 quo

2269 1126 2436 1181 etiam
2485 1123 2883 1194 Expositionem
2931 1121 3232 1176 himnorum
3275 1121 3470 1176 inesse
3529 1117 3814 1184 audiveram,

2269 1221 2402 1276 mihi
2447 1220 2716 1286 mitteret.
2777 1217 2901 1272 Mox
2948 1217 3096 1272 enim
3129 1213 3386 1270 intellexi
3421 1213 3528 1266 hoc
3579 1211 3630 1264 iu
3681 1211 3820 1266 codice

2267 1313 2514 1372 exhiberi
2543 1311 2734 1367 llilarii
2769 1309 2944 1366 nostri
2985 1307 3480 1372 commentarium,
3523 1320 3678 1376 quem
3713 1315 3818 1360 certe

2269 1407 2432 1464 tertio
2457 1405 2672 1462 decimo
2703 1403 2909 1460 saeculo
2935 1400 3310 1472 compositum
3339 1413 3470 1454 esse
3497 1413 3570 1452 ex
3599 1405 3738 1451 celate
3757 1411 3822 1452 co-

2267 1501 2404 1558 dicis
2436 1499 2700 1572 suspicari
2735 1498 2888 1554 licet.
2924 1495 3164 1552 Hilarius
3195 1493 3294 1549 ille
3341 1490 3574 1561 quando
3601 1491 3824 1546 vixeritet

2267 1596 2386 1666 quis
2409 1593 2578 1650 fuerit
2603 1601 2658 1649 et
2681 1606 2803 1664 quae
2831 1591 3014 1662 operis
3037 1589 3160 1660 ejus
3183 1587 3328 1644 ratio
3355 1586 3432 1640 sit
3463 1584 3606 1640 inira
3635 1583 3824 1655 disputa-

2267 1689 2444 1745 bimus
2477 1687 2610 1760 (Hil.
2625 1689 2660 1740 l.

2335 1783 2390 1836 ‘2.
2425 1779 2478 1834 Η
2483 1781 2630 1852 ymni
2679 1779 2744 1832 de
2784 1787 3012 1850 tempore
3043 1785 3090 1831 et
3114 1775 3180 1829 de
3201 1773 3402 1830 sanctis
3433 1773 3490 1826 in
3519 1787 3634 1826 eam
3659 1775 3828 1843 form

561 1887 713 1946 sunt,
747 1894 913 1932 unum
937 1894 1004 1932 ex
1037 1877 1172 1934 bibl.
1203 1877 1550 1948 Gottingensi
1601 1879 1938 1948 inspeximus
1959 1877 2156 1948 :_'_Brer.
2191 1887 2238 1948 Β
2267 1894 2372 1948 qua
2395 1893 2428 1930 a
2455 1875 2564 1930 suis
2593 1874 2864 1928 autoribus
2894 1873 3078 1944 scripti
3117 1881 3240 1926 sunt
3281 1871 3460 1924 denuo
3481 1869 3678 1922 redacti
3711 1877 3750 1921 et
3771 1883 3828 1919 sc-

557 1971 816 2027 camerale
845 1973 914 2026 ad
947 1989 1098 2028 usum
1125 1971 1480 2027 Cisterciensis
1519 1972 1720 2027 ordinis
1753 1989 1891 2028 anno
1923 1983 2164 2028 currente

557 2067 700 2122 1510
721 2068 783 2120 ab
809 2067 988 2122 eodem
1007 2065 1266 2122 monacho
1290 2067 1381 2136 qui
1413 2065 1763 2136 praecedentia
1798 2068 2032 2138 ejusdem
2073 2083 2162 2122 or-

556 2162 696 2216 dinis
724 2161 862 2216 brev.
891 2169 1189 2218 correxerat
1218 2161 1460 2232 diligenti
1511 2177 1638 2214 cura
1669 2161 1986 2230 castigatum
2017 2169 2064 2214 et
2093 2161 2162 2214 ad

553 2255 690 2312 hanc
719 2257 846 2311 satis
887 2256 1120 2328 amplam
1154 2257 1380 2326 formam
1411 2255 1680 2310 redactum
1703 2297 1717 2320 ,
1751 2255 2164 2311 rct'erendissimi

553 2351 717 2427 patris
761 2350 958 2405 domini
997 2348 1234 2404 Cistcrcii
1279 2348 1570 2403 obedientia
1610 2349 1818 2422 punctis
1877 2349 1930 2402 in
1985 2347 2162 2402 eodem

555 2443 738 2498 ordine
763 2443 880 2512 fieri
901 2442 1070 2498 solitis
1117 2442 1318 2496 utiliter
1343 2442 1665 2496 comunitum
1703 2441 1884 2508 incipit
1919 2440 2158 2510 feliciter.

553 2565 624 2577 —
661 2535 1146 2606 Venale'reperitur
1175 2534 1396 2590 Parisiis
1425 2534 1516 2588 sub
1563 2533 1734 2590 Leone
1777 2533 2032 2606 Argenteo
2067 2533 2162 2588 vici

555 2631 722 2685 sancti
743 2628 927 2684 Jacobi
950 2629 1114 2700 (05.).

629 2721 714 2778 Ill.
741 2721 996 2780 Sensum
1039 2737 1362 2778 LITTEBARIA
1393 2737 1514 2788 oua:
1551 2737 1758 2778 nruuos
1787 2735 2092 2778 cenceros

964 2833 1030 2873 ΕΤ
1063 2831 1400 2874 Ειιδωωιτοε
1429 2831 1734 2872 εοκτικεατ
1745 2859 1758 2871 .

635 2914 678 2967 Ι.
704 2913 820 2969 Sub
851 2913 1015 2968 linem
1045 2911 1240 2968 smculi
1270 2928 1338 2967 xv
1369 2911 1424 2966 in
1459 2909 1758 2966 Germania
1783 2908 1986 2978 smpius
2019 2907 2166 2980 typis

553 3021 758 3060 excusa
788 3013 874 3059 est
901 3003 1179 3074 Expositio
1207 3003 1542 3075 hymnorum.
1571 3001 1766 3058 Varias
1793 3000 1955 3070 hujus
1979 2999 2165 3070 operis

555 3098 833 3152 editiones
857 3096 982 3150 novi
1013 3095 1214 3150 hasce:
1245 3094 1516 3164 Ea‘positio
1555 3095 1852 3147 himnorum
1873 3109 1990 3146 cum
2017 3101 2166 3147 nota-

559 3190 652 3244 bili
712 3197 1023 3242 commento.
1076 3184 1310 3242 Colonia:
1369 3185 1510 3258 apud
1557 3185 1850 3241 Henricum
1924 3185 2164 3252 Quentell

2265 1969 2494 2024 cundum
2525 1967 2688 2038 legem
2715 1967 2968 2020 carminis
2995 1965 3278 2037 diligenter
3305 1963 3578 2018 emendati
3623 1971 3756 2032 atque
3775 1960 3830 2013 is-

2265 2061 2563 2131 terpretati.
2595 2059 2747 2114 Anno
2767 2057 2986 2114 Domini
3015 2057 3176 2114 l5l9.
3203 2057 3261 2111 In
3291 2057 3454 2112 calce
3478 2055 3608 2110 libri
3637 2055 3826 2124 legitur:

2269 2153 2494 2225 Hymnis
2523 2169 2613 2224 per
2639 2154 2766 2207 anni
2803 2151 3060 2207 circulum
3091 2150 3494 2206 occurrentibus
3527 2147 3712 2202 Latina
3748 2163 3832 2200 cum

2263 2249 2624 2304 enucleatione
2643 2247 2910 2320 adjunctis
2941 2246 3244 2318 difﬁcilium
3276 2243 3650 2299 clausularum
3677 2241 3832 2314 Signifi-

2263 2343 2416 2398 catis.
2463 2339 2718 2396 Extrema
2765 2342 3006 2414 apposita
3050 2349 3126 2394 est
3175 2355 3390 2392 manus.
3439 2333 3834 2408 Argentoracoin

2263 2435 2490 2492 Joannis
2550 2435 2860 2492 Knoblouch
2909 2433 3248 2506 calcographi
3301 2431 3492 2486 edibus
3533 2431 3742 2484 huntane
3777 2443 3836 2481 rs-

2265 2532 2606 2602 detnptionis,
2635 2541 2732 2586 etc.
2769 2535 3072 2586 Auctorem
3119 2543 3183 2584 se
3223 2528 3478 2598 appellat
3519 2527 3576 2581 in
3619 2523 3838 2596 protentio

2263 2627 2501 2684 Jacobus
2523 2627 2970 2699 Wimphelingus
2985 2623 3348 2682 Sletstatinus
3379 2623 3447 2696 (ἤ-
3473 2621 3640 2692 1528)
3657 2637 3672 2673 :
3692 2632 3837 2674 rerum

2263 2725 2410 2798 quod
2441 2725 2614 2784 sciam
2643 2725 2744 2782 viri
2773 2724 2920 2780 docti
2951 2724 3042 2794 qui
3077 2720 3480 2792 Wimplelingii
3525 2719 3700 2774 libros
3731 2731 3838 2773 ens-

2264 2829 2480 2876 merant
2511 2819 2672 2892 hujus
2721 2819 2906 2890 operis
2937 2833 3044 2872 non
3081 2815 3341 2887 injiciunt
3371 2815 3729 2870 mentionem.
3753 2809 3840 2866 Cte-

2269 2924 2446 2971 terum
2495 2915 2546 2970 in
2595 2913 2697 2970 hoc
2743 2913 2886 2969 libro
2917 2911 3030 2967 fere
3069 2909 3278 2983 passim
3317 2908 3596 2964 Hilarium
3637 2905 3840 2977 sequitur

2265 3008 2510 3081 (Wimpl'.
2541 3007 2603 3078 ο).

2336 3102 2390 3156 5.
2417 3097 2570 3154 Liber
2599 3097 2934 3170 Ilymnorum
2979 3097 3033 3152 in
3061 3105 3226 3150 metra
3267 3096 3480 3152 nouiter
3519 3096 3832 3152 redactorut.

2263 3193 2521 3268 Apologia
2553 3202 2603 3248 et
2629 3193 2863 3264 defensio
2907 3191 3126 3260 poetica:
3154 3208 3220 3244 ac
3249 3191 3509 3248 oratoriis
3531 3195 3544 3262 ξ
3567 3189 3836 3264 majestatis.

561 3281 798 3336 1ι192.--
817 3278 1116 3352 Expositio,
1148 3275 1248 3334 etc.
1281 3277 1600 3348 Hagenoria:
1632 3279 1868 3334 H95.—
1889 3277 2160 3350 Expositio

2271 3288 2445 3344 Breris
2473 3287 2728 3360 expositio
2755 3287 3044 3358 difficilium
3073 3286 3419 3340 tcrminorum
3459 3286 3518 3340 in
3557 3283 3752 3357 hymnis
3791 3279 3838 3334 ab

561 3373 878 3428 llimnorum
922 3383 1031 3426 tum
1078 3371 1293 3426 notabili
1324 3377 1612 3425 commento
1643 3371 1876 3442 implicat
1915 3369 2162 3423 historias

561 3486 680 3524 cum
725 3468 932 3540 aptimis
979 3467 1378 3540 allegationibus
1429 3481 1577 3520 sacre
1627 3464 1904 3538 Scripture
1949 3462 2164 3519 illorum

559 3573 861 3617 sanctorum
908 3562 987 3616 uel
1017 3571 1314 3615 sanctarum
1341 3560 1406 3614 de
1451 3558 1640 3630 quibus
1685 3559 1812 3612 tales
1863 3557 2026 3612 himni
2075 3556 2166 3610 dc-

560 3664 862 3712 cantantur.
920 3653 1152 3712 Colonia:
1209 3653 1370 3712 1494.
1411 3683 1484 3695 —-
1527 3652 1802 3726 Expositio
1849 3652 2164 3706 Himnorum

563 3769 680 3806 cum
711 3751 926 3806 notabili
957 3760 1262 3804 commento.
1297 3751 1352 3804 In
1385 3749 1568 3806 calce:
1611 3749 1834 3804 Basilea:
1881 3749 2165 3818 impressus

564 3863 656 3920 per
686 3845 994 3902 Michaelem
1029 3845 1246 3899 Furter.
1303 3846 1453 3898 Anno
1497 3846 1605 3899 inc.
1639 3844 1855 3899 Domin.
1913 3843 2072 3902 1504.
2096 3871 2169 3887 ——-

566 3940 710 4010 Ετερ.
741 3940 818 3994 H.
851 3956 968 3995 cum
999 3940 1252 4010 familiari
1295 3948 1583 3994 commento
1617 3941 1738 4012 jam
1769 3937 1968 3992 dudum
2001 3938 2054 3992 in
2085 3937 2167 3992 lu-

565 4050 676 4088 cem
706 4033 866 4089 edito.
915 4033 974 4088 In
1003 4033 1188 4089 calce:
1239 4031 1394 4088 Liber
1436 4031 1734 4086 himnorum
1781 4048 1898 4086 cum
1947 4033 2168 4087 textuali

563 4125 1086 4199 interpretatiuncula
1103 4131 1220 4198 jam
1253 4126 1448 4180 dudum
1483 4125 1740 4180 laboriose
1765 4133 2038 4200 congestus
2065 4126 2166 4180 ite-

567 4231 686 4274 rato
708 4237 976 4291 repressus
1005 4229 1082 4274 est
1108 4220 1164 4272 in
1193 4219 1348 4272 domo
1372 4218 1640 4290 quondam
1671 4216 1896 4272 Ilenrici
1931 4217 2169 4284 Quentell

571 4313 803 4368 Coloniae
852 4311 990 4367 1506
1040 4312 1108 4364 ad
1153 4312 1308 4382 finem
1337 4312 1528 4367 mensis
1559 4311 1714 4366 Maii.
1764 4312 1948 4368 Editio
2005 4329 2166 4384 quam

575 4422 680 4476 ego
711 4405 974 4476 possideo
1023 4405 1277 4460 omnibus
1327 4413 1414 4460 est
1441 4406 1738 4473 antiquior.
1774 4406 2036 4478 Inscripta
2083 4417 2170 4465 est

575 4499 850 4569 Expositio
880 4500 1192 4570 hymnorum
1227 4499 1468 4568 perutilis
1520 4499 1859 4571 omnibusque
1904 4499 2166 4556 salubris:

575 4595 733 4652 deest
758 4607 934 4649 annus
965 4601 1022 4648 et
1065 4609 1260 4649 nomen
1297 4591 1644 4665 typographi,
1676 4593 1772 4650 sed
1799 4609 1872 4650 ex
1915 4595 2168 4652 omnibus

570 4690 752 4744 elucet
795 4686 850 4742 in
901 4686 1119 4743 ol‘licina
1153 4687 1538 4755 Quentelliana
1591 4689 1735 4743 circa
1789 4704 1992 4743 annutn
2027 4689 2166 4745 M90
2195 4699 2244 4759 ι)

570 4783 716 4853 typis
745 4795 868 4837 esse
898 4779 1251 4851 descriptam.
1277 4780 1336 4835 lu
1364 4781 1467 4838 hac
1499 4781 1822 4853 hymnorum
1841 4781 2166 4838 collectione

569 4872 933 4931 memorabile
969 4872 1104 4928 mihi
1149 4873 1326 4930 visum
1372 4883 1456 4930 est
1485 4875 1698 4930 initium
1739 4876 1896 4932 libri:
1935 4895 1954 4929 ι
2003 4876 2166 4932 Liber

573 4979 657 5027 ste
686 4969 898 5026 dicitur
927 4967 1072 5024 liber
1113 4967 1468 5039 hymnorum.
1523 4970 1770 5042 Hymnus
1813 4971 2018 5028 dicitur
2047 4972 2166 5028 laus

569 5065 806 5120 Dcicum
821 5062 1060 5120 cantico.
1088 5061 1338 5130 Quatuor
1369 5063 1590 5118 fuerunt
1621 5064 1956 5136 principales
1983 5075 2168 5122 auclo-

569 5173 658 5214 rcs
687 5159 778 5226 qui
811 5159 1046 5229 hymnos
1075 5168 1536 5227 composuerunt,
1570 5157 1888 5229 Gregorius,
1925 5160 2170 5218 Pruden-

571 5253 697 5318 tius,
734 5251 1081 5318 Ambrosius,
1113 5250 1395 5308 Sedulius.
1427 5249 1535 5306 Sed
1560 5251 1778 5321 quidam
1813 5254 1896 5308 vir
1928 5254 2168 5324 prudens

569 5344 788 5400 nomine
809 5345 1048 5400 Hilarius
1087 5344 1283 5401 videns
1313 5344 1438 5400 illos
1462 5344 1664 5401 multos
1685 5345 1917 5417 hymnos
1949 5363 2172 5422 compo-

631 5551 650 5569 ⁴
682 5548 1278 5626 Rarissimumlibrum
1329 5549 1576 5621 ejusdem
1627 5551 1866 5626 auctoris
1901 5551 1980 5606 De
2005 5551 2154 5626 hym-

565 5633 750 5674 norum
773 5630 820 5674 et
839 5625 1218 5691 sequentiarum
1247 5627 1549 5678 auctoribus
1566 5624 1933 5694 generibusque.
1965 5624 2158 5680 carmi-

565 5708 688 5766 nunt
715 5707 830 5762 quae
858 5694 914 5746 in
949 5694 1149 5764 hymnis
1175 5696 1531 5760 inveniuntur,
1575 5711 1734 5766 quem
1779 5699 2008 5751 multum
2055 5713 2156 5752 nos

562 5762 873 5838 adiuturum
919 5762 1040 5838 esse
1067 5781 1376 5838 speramus,
1399 5768 1484 5822 vir
1513 5762 1698 5838 praecl.
1734 5767 2054 5826 Ullmannus
2087 5786 2153 5825 ex

561 5832 888 5890 bibliotheca
919 5832 1164 5892 Palatina
1192 5832 1770 5896 nobis'liber'alissime
1795 5841 1964 5896 misit.

631 5908 669 5926 "
703 5905 802 5958 Ein
829 5905 1050 5974 uielfach
1099 5908 1228 5964 beim
1261 5907 1559 5964 Unterricht
1609 5912 1953 5985 eingeft'thrtcs
1983 5913 2150 5972 Lehr-

2265 3387 2386 3442 aliis
2415 3403 2600 3456 parum
2654 3385 2812 3454 probe
2839 3394 2886 3438 et
2919 3385 3124 3440 erudite
3169 3389 3358 3456 forsan
3411 3385 3840 3456 interpretatorss:

2267 3497 2358 3552 per
2387 3479 2682 3534 Henricum
2709 3476 2980 3532 Bebelium
3013 3477 3416 3552 Justingensem
3455 3478 3602 3532 edita
3629 3475 3840 3547 poeticas:

2267 3582 2316 3628 et
2345 3572 2686 3628 humaniores
2733 3571 2934 3628 litteras
2963 3571 3169 3644 publice
3197 3573 3544 3642 profitentem
3569 3573 3626 3624 in
3667 3585 3844 3642 gyrisan

2268 3667 2346 3720 sio
2371 3665 2717 3740 Tubengensi.
2751 3667 3132 3720 Annotationes
3162 3665 3404 3734 ejusdem
3435 3666 3490 3719 in
3519 3667 3762 3733 quasdam
3783 3678 3844 3716 ro-

2269 3757 2574 3813 cabnlorum
2591 3759 3040 3830 interpretationes
3063 3756 3461 3811 Mammetracti
3581 3756 3840 3825 Thbinge:

2273 3849 2429 3906 13-101.
2461 3851 2615 3907 lluuc
2647 3851 2844 3906 librum
2877 3849 3254 3906 Rmnbachius
3303 3849 3704 3907 liberalissime
3739 3845 3842 3904 mihi

2269 3943 2436 3998 misit.
2475 3944 2662 4014 (Beb.)

2343 4037 2398 4091 4.
2431 4035 2633 4109 Hyntni
2664 4047 2710 4092 et
2735 4037 3010 4109 Sequentie
3033 4054 3146 4090 cum
3173 4037 3422 4109 diligenti
3446 4037 3842 4109 difficillimorss

2270 4131 2640 4185 vocabulorum
2671 4132 3100 4202 interpretatione
3131 4131 3373 4188 erunibus
3405 4143 3454 4186 et
3485 4131 3798 4187 scholasticis
3812 4135 3845 4178 tt

2269 4225 2632 4279 ecclesiasticis
2677 4225 2888 4296 cognitu
2915 4227 3210 4280 necessaria
3241 4224 3546 4281 Hermanni
3593 4219 3846 4280 Tom-utili

2271 4325 2336 4380 de
2361 4326 2591 4380 omnibus
2626 4327 2865 4397 puritatis
2891 4327 3068 4399 lingue
3092 4325 3282 4382 Latine
3312 4329 3572 4383 studiosis
3595 4343 3748 4398 quam
3779 4341 3845 4394 op-

2273 4430 2393 4484 time
2419 4429 2630 4484 meritis.
2655 4429 2710 4484 In
2737 4429 2846 4487 ﬁne
2873 4430 3103 4502 legitur:
3143 4428 3473 4500 Impressum
3525 4430 3742 4486 Colonia
3780 4441 3846 4496 per

2273 4531 2562 4587 Martinam
2591 4533 2654 4588 de
2681 4533 2918 4588 wet-dena
2943 4550 3084 4589 anno
3109 4532 3328 4589 Domini
3373 4533 3520 4590 1515
3559 4537 3614 4588 in
3657 4535 3846 4606 profesta

2279 4635 2601 4691 Visitationis
2631 4637 2773 4692 beate
2801 4636 2972 4692 Mario
3021 4639 3258 4711 virginis.
3293 4639 3492 4694 Exstat
3533 4639 3698 4709 huius
3745 4635 3844 4692 libri

2271 4737 2438 4792 editio
2469 4739 2730 4794 secunda.
2765 4738 2966 4810 Hymni
3004 4747 3052 4794 et
3091 4737 3276 4795 Prosce
3307 4740 3686 4797 ecclesiastica:
3725 4739 3848 4808 vulgo

2272 4842 2548 4911 sequentur
2585 4841 2738 4898 dicta:
2760 4842 3085 4899 breviuscula
3111 4844 3324 4915 quidem
3371 4847 3468 4901 sed
3495 4848 3722 4902 maxime
3747 4859 3850 4899 cm-

2277 4944 2432 4999 moda
2483 4945 2774 5002 Hermanni
2827 4946 3123 5003 Torrentini
3165 4947 3550 5019 explanatione
3595 4947 3846 5003 illustrant.

2279 5045 2380 5110 Qui
2403 5046 2502 5116 piis
2523 5055 2570 5099 et
2599 5045 2910 5101 Christianis
2935 5048 3260 5102 oblectamur
3283 5049 3508 5104 canticis
3531 5047 3616 5104 his
3631 5067 3687 5104 se
3715 5051 3850 5104 oblu-

2269 5151 2392 5198 tent.
2437 5145 2689 5202 Coloniae.
2715 5145 3017 5202 Excudebat
3047 5147 3237 5204 Petrus
3271 5148 3439 5206 Horat
3465 5151 3638 5209 i356.
3667 5152 3851 5209 Utram-

2269 5264 2375 5318 que
2401 5248 2701 5307 editionem
2735 5248 2983 5320 inspexi;
3037 5249 3136 5306 sed
3165 5265 3292 5305 eum
3323 5251 3418 5307 ille
3462 5253 3556 5308 vir
3585 5253 3777 5310 doetus
3809 5251 3848 5304 in

2269 5353 2513 5408 secunda
2575 5351 2966 5410 Clicbtovaaum
3017 5353 3138 5425 plus
3193 5353 3454 5410 minusve
3501 5366 3730 5413 secutus
3771 5353 3846 5416 sil,

2261 5557 2412 5624 bach,
2441 5561 2555 5614 eine
2584 5560 2678 5616 Art
2709 5561 3034 5618 Grammatik
3063 5564 3156 5616 mit
3190 5563 3308 5620 dem
3339 5566 3700 5621 sonderbaren
3743 5560 3848 5618 Titel

2260 5629 2701 5704 Mammetrachus
2732 5635 2819 5687 od.
2847 5633 2900 5687 Μ
2909 5644 3275 5704 ammotreptes
3301 5652 3412 5691 war
3431 5656 3498 5693 zu
3521 5641 3690 5694 sistent
3715 5637 3850 5691 Ante.

2260 5699 2360 5757 hen
2393 5705 2500 5781 and
2530 5704 2795 5775 Einflnsse
2815 5699 3252 5781 gekommen._die_
3283 5712 3660 5781 unuertilghar
3703 5708 3850 5781 schis-

2261 5790 2375 5852 nen,
2399 5775 2860 5852 ie_ausaurot_ten,
2877 5795 2984 5852 war
3003 5779 3160 5852 Bcbel
3177 5779 3268 5834 mit
3293 5780 3431 5852 aller
3449 5775 3615 5852 Kraft
3637 5779 3844 5836 bedacltt.

2261 5845 2454 5903 Ersch.
2486 5848 2702 5904 Gruber
2733 5849 3172 5922 Encyclopzedie.
3195 5867 3244 5907 s.
3271 5867 3329 5906 ν.
3371 5849 3569 5910 Bebel.
