3958 6314
155 240 295 300 1169

918 190 937 207 ο
982 241 1197 299 IIYMNI
1236 241 1295 299 S.
1338 240 1690 301 AMBROSIO
1726 241 2119 301 ATTRIBUTI.
2177 244 2575 303 ADMONITIO.
2608 247 2613 253 ’

3328 242 3467 302 1170

153 360 306 431 prior
329 360 501 417 editio
549 361 708 417 nobis
740 361 903 433 longe
933 359 1108 432 pluris
1156 358 1370 415 videtur
1398 358 1744 416 mstimanda.
1776 363 1827 423 Α
1853 358 2554 416 excudebat.-—-Psallerium
2581 358 2821 427 Doridis,
2853 371 2950 418 etc.
2983 378 3104 416 cum
3132 361 3462 417 lemmatibus

151 451 304 509 Hanc
327 468 453 511 mea
482 454 812 529 bibliotheca
845 452 1207 525 suppeditavit
1233 452 1469 524 (Tom).

223 546 279 601 5.
309 543 391 601 De
416 557 650 618 tempore
678 556 725 602 et
776 550 969 604 sanctis
994 565 1086 621 per
1123 559 1283 603 totum
1306 564 1504 605 annum
1532 548 1755 619 hymnu-

150 638 264 693 rius
292 639 347 693 in
369 649 535 694 metra
564 649 620 694 ut
644 641 710 695 ab
740 640 1038 709 Ambrosio,
1073 639 1313 708 Sedulio,
1342 639 1633 696 Prudentia
1670 656 1753 694 ce-

149 734 379 803 terisque
406 732 703 787 doctoribus
749 732 929 804 hymni
955 740 1078 786 sunt
1112 732 1401 805 compositi.
1454 729 1755 803 Groningen

148 827 347 898 phrisie
363 830 483 901 jam
509 828 705 884 nouiter
732 829 974 883 redactus
1012 828 1189 900 incipit
1216 828 1453 899 feliciter.
1502 826 1560 881 lu
1613 825 1752 882 line:

144 920 215 977 Et
240 923 316 978 sic
341 935 417 978 est
444 924 588 994 finis.
614 923 802 1003 Debeo
829 922 1165 979 Rambachio
1194 921 1436 995 (Gron.).

220 1017 274 1075 6.
313 1018 395 1074 Ex
420 1018 758 1075 bibliotheca
788 1019 847 1075 S.
877 1019 1063 1074 Marize
1095 1018 1343 1073 llalensis
1374 1016 1753 1089 suppeditatus

143 1119 229 1168 est
262 1109 395 1167 mihi
428 1110 586 1179 liber,
622 1110 784 1168 initio
831 1110 1085 1178 mutilus,
1129 1109 1221 1181 qui
1248 1109 1490 1180 psalmos
1518 1118 1573 1164 et
1595 1107 1751 1181 bym-

149 1218 253 1261 nos
303 1204 569 1261 continet.
616 1203 676 1260 ln
723 1206 831 1260 line
877 1203 1108 1275 legitur:
1151 1200 1477 1258 Psalterium
1538 1199 1752 1255 Davidis

139 1297 404 1372 adjunctis
420 1297 629 1370 hymnis
656 1298 862 1370 felicem
882 1297 1036 1353 habet
1063 1297 1219 1368 ﬁnem
1249 1312 1406 1369 opera
1434 1306 1481 1351 et
1501 1295 1750 1368 impensis

140 1390 401 1448 Melchior
456 1390 662 1448 Letters
711 1392 917 1448 ducalis
973 1391 1118 1463 opidi
1169 1389 1464 1461 Liptzensis
1524 1388 1749 1443 concivis

140 1489 299 1543 Anno
326 1484 588 1543 Milesimo
616 1486 1026 1559 quingentesimo
1052 1484 1325 1539 undecimo
1347 1482 1415 1538 18
1444 1481 1527 1536 die
1549 1479 1750 1553 Aprilis

137 1578 259 1637 lloc
283 1595 421 1651 Opus
457 1580 659 1637 litteris
684 1579 871 1653 (Lps.)
902 1580 1244 1636 notavimus.

217 1675 273 1729 7.
304 1673 495 1730 Jodoci
526 1671 845 1730 Clicbtovzri
867 1674 1050 1746 operis
1080 1673 1236 1744 copia
1260 1672 1524 1729 doctrina:
1561 1671 1743 1727 utilis-

1860 468 1923 507 ac
1952 452 2089 506 notis
2137 452 2327 506 Adami
2370 452 2565 509 Siberi.
2597 452 2931 508 Accesserunt
2962 452 3162 525 Hymni
3208 457 3460 526 festorum

1860 547 2063 601 dierum
2090 546 2402 618 insignium.
2438 545 2635 619 Lipsiae
2662 546 2930 603 Johannes
2956 546 3196 604 Rhamba
3233 548 3459 604 excude-

1861 638 1944 693 bat
1970 654 2110 694 anno
2143 638 2305 694 1577.
2345 639 2517 711 (Sib.)
2564 639 2750 696 Palma
2781 656 2849 697 ex
2881 656 3002 696 mea
3042 641 3318 698 sententia
3365 641 3460 696 tri-

1858 730 2074 787 buenda
2100 738 2187 786 est
2228 730 2431 788 Ludeci
2479 733 2663 803 operi:
2709 732 2986 806 Vesperale
3028 742 3075 790 et
3122 732 3459 801 Matutinale,

1859 836 1959 882 etc.
1992 825 2131 883 1589
2162 825 2378 899 (Lud.),
2411 825 2557 898 quod
2608 827 2753 884 idem
2785 828 2866 883 eis
2896 828 2989 899 qui
3016 828 3220 884 cultum
3254 827 3456 884 Luthc-

1857 935 2007 975 ranae
2038 918 2296 976 Ecclesise
2324 920 2536 975 veteris
2568 935 2905 993 cognoscere
2933 920 3159 977 student
3204 922 3465 978 maxima:

1855 1015 2077 1070 utilitati
2109 1013 2234 1070 erit.

1939 1108 2029 1163 10.
2055 1107 2386 1179 Hgmnorum
2432 1104 2923 1165 Ecclesiasticorum
2947 1111 3010 1165 ab
3040 1109 3249 1165 Andrea
3280 1108 3459 1165 Ellin-

1853 1219 1974 1275 gero
2008 1201 2074 1257 V.
2108 1199 2190 1256 Cl.
2222 1200 2618 1257 emendatorum
2644 1201 2766 1256 libri
2796 1200 2923 1270 Ill,
2954 1212 3053 1259 etc.
3093 1204 3235 1260 1578
3275 1201 3454 1260 Fran-

1854 1298 2045 1368 cofurti
2097 1298 2166 1353 ad
2221 1294 2470 1351 Manum.
2504 1293 2674 1368 (Ell.)
2721 1293 2852 1350 Hmc
2901 1296 3160 1353 collectio
3208 1298 3453 1353 omnium

1852 1406 1990 1463 quas
2019 1390 2127 1446 vidi
2158 1389 2569 1460 copiosissima,
2601 1388 2695 1444 sed
2743 1402 2869 1444 cum
2904 1388 2958 1443 in
2989 1388 3204 1445 duobus
3254 1390 3456 1460 priori-

1854 1486 1956 1543 bus
1984 1485 2138 1542 libris
2170 1485 2355 1556 hymni
2385 1494 2612 1555 propter
2643 1481 2901 1539 metricas
2950 1482 3194 1538 rationes
3224 1498 3452 1553 prorsus

1851 1579 2044 1635 mutati
2076 1579 2207 1644 sint,
2235 1576 2402 1635 tertio
2429 1585 2639 1632 tantum
2661 1575 2810 1632 libro
2829 1575 2910 1630 uti
2939 1574 3122 1641 licuit;
3148 1576 3202 1629 in
3226 1576 3455 1647 reliquis

1853 1670 2067 1727 duobus
2100 1671 2360 1742 Ellingeri
2409 1669 2711 1725 auctoritas
2741 1666 2817 1723 ibi
2868 1677 3079 1724 tantum
3126 1683 3215 1725 me
3261 1670 3452 1738 movit,

139 1767 271 1822 simi
318 1776 373 1823 et
397 1766 633 1839 primam
662 1776 720 1822 et
750 1768 1043 1823 secundam
1072 1766 1369 1822 editionem
1401 1764 1539 1821 Ven.
1582 1766 1745 1821 Ram-
1782 1765 1947 1833 Βιὼί
1992 1765 2196 1821 lineola
2239 1765 2455 1834 adjecta
2498 1748 2715 1819 nota‘vit
2761 1772 3005 1819 veterem
3051 1770 3107 1819 et
3158 1763 3461 1834 genuinam

139 1859 361 1928 bachio,
390 1861 554 1931 cujus
595 1860 865 1934 insignem
897 1860 1282 1917 liberalitatem
1316 1874 1421 1916 non
1451 1875 1748 1931 possumus

136 1967 249 2009 non
284 1953 614 2025 praedicare,
642 1953 925 2011 debemus.
976 1952 1399 2009 Elucidatorium
1429 1953 1743 2009 ecclesiasti-

138 2062 268 2101 cum
296 2046 366 2100 ad
389 2046 623 2118 ofﬁciunt
644 2046 878 2103 ecclesiis
904 2048 1216 2120 pertinentia
1245 2045 1455 2119 planius
1482 2060 1745 2115 exponens

142 2149 196 2195 et
237 2148 460 2212 quatuor
497 2141 658 2196 libros
688 2139 1049 2213 complectens.
1074 2169 1145 2184 -ι
1174 2138 1388 2194 Primus
1414 2137 1652 2211 Hgmnos
1682 2136 1746 2192 de

139 2242 374 2307 tempore
395 2242 442 2289 et
471 2236 667 2289 sanctis
687 2251 779 2307 per
803 2242 969 2289 totum
999 2251 1217 2289 artuum.
1240 2263 1312 2275 —-
1341 2231 1612 2289 Secundus
1638 2248 1744 2286 non

135 2328 290 2384 nulla
319 2331 522 2385 cantica
550 2330 904 2386 ecclesiastica
940 2328 1255 2401 antiphonas
1285 2338 1332 2383 et
1382 2329 1736 2400 responsoria.

150 2452 211 2463 -—
233 2421 443 2478 Tertius
469 2441 528 2479 ea
574 2440 689 2493 qua:
740 2424 810 2477 ad
839 2423 1016 2479 Missae
1042 2424 1299 2497 pertinent
1326 2423 1571 2495 oﬂicium,
1609 2437 1745 2493 prta-

138 2519 325 2572 sertim
377 2518 732 2588 prtefationcs.
752 2548 821 2558 —-
847 2516 1079 2585 Quartus
1121 2533 1301 2590 prosas
1329 2532 1447 2588 qua:
1475 2516 1530 2570 in
1573 2514 1746 2570 sancti

139 2612 333 2698 altaris
383 2615 649 2685 sacri/icio
690 2614 939 2669 dicuntur
966 2614 1221 2668 continet.
1266 2612 1507 2668 Primum
1543 2610 1747 2682 prodiit

138 2706 284 2763 liber
324 2706 553 2762 Parisiis
596 2707 759 2774 1515,
792 2706 994 2764 deinde
1044 2706 1272 2761 Basileze
1306 2705 1444 2761 1517
1493 2714 1549 2760 et
1581 2703 1740 2758 1519.

148 2799 303 2870 Opus
352 2799 668 2857 Clichtovmi
698 2799 1097 2868 abbreviatum,
1131 2799 1226 2854 scd
1257 2799 1311 2853 iu
1362 2796 1576 2869 hymnis
1615 2810 1745 2851 auc-

153 2901 267 2947 tum
293 2892 492 2963 prodiit
521 2891 751 2949 Venetiis
778 2894 832 2949 in
864 2893 973 2948 vico
1007 2891 1069 2949 S.
1098 2890 1284 2947 Maria:
1305 2895 1545 2963 formosa:
1575 2889 1643 2943 ad
1673 2888 1745 2943 si-

146 2999 309 3054 gnum
338 2986 448 3055 spei
479 2984 639 3040 1555.
687 2984 796 3053 CL,
828 2998 950 3040 cum
997 2983 1285 3040 breviariis
1316 2981 1490 3047 Italis,
1520 2981 1748 3037 Gallicis

144 3082 203 3129 et
230 3074 555 3147 Iluugaricis
584 3091 715 3133 usus
767 3077 861 3142 sit,
911 3092 1047 3148 opus
1074 3076 1194 3148 ejus
1221 3090 1438 3132 summo
1487 3075 1612 3130 loco
1659 3083 1745 3130 est

1852 1860 2213 1931 scriptionem
2244 1856 2516 1913 exhiberi.

1922 1953 2014 2007 11.
2044 1951 2327 2006 Poetarum
2358 1958 2585 2004 ceterum
2610 1950 3080 2005 ecclesiasticarum
3119 1967 3280 2021 opera
3302 1949 3456 2008 Chri-

1852 2046 2024 2101 stiana
2048 2056 2095 2101 et
2120 2061 2333 2118 aperum
2364 2044 2601 2116 reliquid:
2627 2053 2783 2114 atque
2814 2046 3129 2115 fragmenta.
3160 2043 3464 2100 Thesaurus

1850 2140 2123 2195 catholica:
2135 2150 2182 2192 et
2205 2136 2518 2205 orthodoxee,
2541 2135 2666 2191 Eccl
2672 2137 2790 2191 esite
2808 2144 2855 2189 et
2881 2136 3210 2207 antiquitatis
3239 2138 3457 2209 religio-

1850 2248 1922 2287 ste
1974 2231 2045 2286 ad
2090 2230 2373 2286 utilitatem
2419 2230 2714 2303 juventutis
2766 2228 3134 2297 scholasticae,
3191 2230 3459 2299 collectus,

1851 2327 2181 2393 emendatus,
2211 2325 2445 2397 digestus
2468 2334 2517 2379 et
2559 2324 2937 2379 commentario
2961 2340 3164 2397 quoque
3187 2326 3457 2398 expositus

1849 2420 2125 2492 diligentia
2170 2427 2219 2474 et
2264 2417 2439 2473 studia
2490 2414 2704 2489 Georgii
2756 2415 2991 2471 Fabricii
3047 2416 3460 2475 Ghemnicensis.

1850 2512 2075 2569 Basileae
2103 2529 2195 2586 per
2216 2511 2477 2567 Joannem
2508 2508 2805 2581 Oporinum
2833 2509 2995 2567 1564.
3025 2509 3241 2583 (Fabr.)

1926 2607 2013 2664 12.
2048 2607 2186 2664 Ven.
2217 2605 2441 2662 Tltiloni
2472 2604 2689 2660 debeo:
2716 2600 2970 2659 Diuorum
2999 2614 3204 2675 patrum
3239 2614 3290 2659 et
3331 2604 3457 2660 doc-

1852 2712 2024 2756 torum
2052 2700 2304 2755 Ecclesia:
2331 2699 2421 2770 qui
2464 2699 2699 2753 oratione
2733 2698 2897 2768 ligata
2924 2700 3247 2772 scripserunt
3288 2698 3461 2753 Para-

1852 2793 2068 2866 phrases
2100 2797 2148 2847 el
2175 2790 2546 2846 Mcditationes
2599 2792 2654 2844 in
2689 2789 2971 2862 Evangelia
3001 2790 3342 2845 dominicalia
3375 2790 3458 2865 (in

1852 2888 2022 2943 altera
2064 2894 2253 2957 parte:
2289 2886 2343 2940 in
2386 2884 2507 2940 hist.
2563 2884 2888 2957 euangelicos
2916 2900 3034 2957 qua:
3064 2887 3208 2957 {estis
3243 2884 3468 2941 Sancto-

1850 2994 1969 3033 rum
1997 2978 2218 3052 publicis
2260 2976 2596 3032 conventibus
2626 2976 2979 3049 explicantur)
3002 2993 3030 3031 e
3068 2977 3285 3032 diversis
3312 2979 3459 3049 ipso-

1851 3087 1970 3125 rum
1996 3069 2204 3141 scriptis
2232 3068 2465 3125 collectre
2500 3086 2553 3124 a.
2587 3068 2665 3127 Η.
2708 3068 2900 3125 Joach.
2939 3068 3178 3124 Zehnero
3206 3067 3464 3125 Ecclesiae

142 3165 479 3226 habendum.
504 3169 705 3226 Multus
728 3170 945 3242 quidem
975 3170 1130 3225 estin
1156 3169 1626 3237 annotationibus,
1651 3167 1746 3225 sed
1775 3166 1821 3229 C
1854 3161 2314 3237 Schleusingensis
2360 3171 2574 3236 pastore
2617 3173 2667 3217 et
2718 3162 3213 3236 Superintendente.
3266 3161 3465 3235 Lipsia:

142 3273 254 3315 non
287 3276 472 3331 paucas
496 3278 686 3319 earum
713 3262 876 3319 utiles
897 3272 1026 3318 sunt.
1056 3262 1330 3334 (Clicht.).

223 3354 277 3410 8.
308 3353 511 3427 Hgmni
558 3356 898 3412 ecclesiastici
947 3358 1236 3427 prasertim
1273 3356 1364 3427 qui
1414 3357 1748 3411 Antbrosiani

145 3446 397 3504 dicuntur
426 3450 608 3505 multis
634 3453 689 3505 in
723 3449 853 3506 locis
882 3451 1137 3522 recogniti
1181 3458 1228 3505 et
1275 3449 1561 3505 multorum
1591 3452 1745 3522 hym—

145 3555 335 3594 norum
354 3544 649 3597 accessione
674 3544 998 3615 locupletati.
1025 3544 1154 3599 Cum
1183 3542 1414 3599 Scholiis
1441 3544 1749 3614 opportunis

144 3631 201 3687 in
229 3630 359 3688 locis
389 3635 610 3708 adjectis
631 3645 680 3691 et
709 3635 1045 3709 Hgmnorum
1081 3636 1253 3692 indice
1274 3636 1491 3708 Georgii
1525 3635 1748 3692 Cassan-

146 3723 257 3778 dri.
289 3723 432 3781 Beda
462 3727 527 3781 de
553 3726 842 3783 Metrorum
866 3729 1139 3801 generibus
1171 3747 1235 3786 ea:
1256 3732 1423 3803 primo
1448 3730 1583 3784 libro
1609 3731 1673 3785 de
1691 3747 1749 3785 re

145 3823 385 3881 metrica.
421 3820 654 3878 Colonite
673 3840 811 3878 anno
833 3822 998 3879 1556.
1029 3823 1233 3879 lterum
1263 3824 1452 3896 hymni
1474 3824 1665 3880 excusi
1693 3824 1748 3879 in

146 3917 411 3989 operibus
440 3914 737 3971 Cassandri
766 3916 888 3985 quin
933 3917 1259 3985 prodierunt
1315 3917 1542 3972 Parisiis
1581 3916 1744 3973 1616.

156 4012 499 4086 Hymnorum
531 4018 762 4076 textum,
787 4017 847 4063 ut
894 4009 965 4063 ita
999 4009 1201 4076 dicam,
1235 4011 1442 4080 optime
1473 4012 1753 4065 recensuit

152 4104 341 4161 multis
368 4101 655 4159 breviariis
693 4102 962 4174 imprimis
993 4100 1330 4158 Germanicis
1359 4109 1485 4174 apte
1511 4100 1748 4157 collatis.

151 4195 310 4253 Nota:
353 4188 594 4253 auctoris
625 4212 732 4251 non
780 4196 964 4267 magni
1007 4196 1342 4251 aastimandaa
1392 4204 1568 4262 sunt;
1625 4211 1749 4251 nam

152 4290 271 4346 fere
294 4302 487 4343 omnes
529 4288 975 4359 suutdogmatici
1003 4289 1089 4344 vel
1135 4288 1389 4359 polemici
1414 4288 1656 4360 generis.
1692 4287 1750 4344 lu

154 4381 398 4439 Romana
430 4380 677 4437 Ecclesia
710 4382 847 4438 liber
873 4390 957 4437 est
989 4381 1192 4438 vetitus
1222 4379 1453 4455 (Cass.).

1854 3258 1996 3315 1602
2023 3256 2318 3330 sumptibus
2353 3255 2565 3313 Thomce
2597 3256 2873 3314 Schureri.
2903 3257 3069 3314 Liber
3096 3257 3424 3314 utilissimus
3443 3300 3459 3325 ,

1851 3354 2012 3425 cujus
2040 3361 2325 3407 auctorem
2352 3351 2406 3407 in
2447 3352 2668 3425 hymnis
2715 3351 2981 3408 Ecclesiae
3008 3349 3341 3408 Christianae
3367 3366 3465 3408 ve-

1854 3446 1989 3504 teris
2021 3447 2159 3500 satis
2184 3454 2469 3500 versatum
2498 3459 2626 3500 esse
2666 3458 2778 3499 non
2812 3459 3108 3516 possumus
3138 3446 3267 3516 quin
3301 3447 3469 3501 latea-

1853 3558 1995 3609 mur,
2028 3539 2368 3611 omninoque
2413 3555 2483 3596 ex
2532 3538 2628 3595 illo
2671 3538 2819 3596 libro
2847 3550 3076 3612 apparet
3102 3542 3198 3598 illo
3241 3556 3462 3615 quoque

1854 3647 2104 3707 tempore
2167 3633 2310 3704 apud
2373 3632 2722 3689 Lutheranos
2783 3628 3226 3691 studiosissimos
3291 3634 3461 3691 fuisse

1855 3728 2184 3801 hymnorum
2214 3735 2465 3783 veterum
2496 3735 2793 3783 amatores.
2839 3726 3065 3800 (Zehn.)

1930 3823 2017 3877 15.
2051 3820 2270 3892 Josephi
2316 3819 2506 3875 Maria:
2560 3819 2830 3877 Thomasii
2856 3821 2919 3877 S.
2952 3821 3022 3877 R.
3066 3821 3134 3878 Ε.
3173 3822 3461 3878 cardinalis

1856 3930 2015 3982 opera
2041 3914 2364 3970 ontnia......
2403 3913 2600 3970 Tomus
2643 3914 2905 3970 secundus
2947 3917 3213 3972 continens
3250 3916 3463 3973 Psalte-

1853 4005 2014 4072 rium,
2039 4008 2199 4079 juxta
2229 4006 2495 4075 duplicent
2515 4006 2794 4062 editionem
2807 4010 2877 4062 ad
2897 4024 3027 4064 mss.
3057 4009 3263 4066 codices
3285 4027 3463 4066 recen-

1855 4100 1960 4153 suit
1991 4102 2229 4172 notisque
2258 4103 2403 4157 auxit
2421 4103 2547 4158 Ant.
2582 4102 2782 4158 Franc.
2824 4102 3043 4159 γεωυεὶ
3067 4102 3256 4161 Cleric.
3282 4105 3462 4178 Regu-

1857 4194 1987 4248 laris
2022 4195 2205 4251 Romae
2233 4195 2392 4252 1747.
2423 4196 2649 4271 (llymni
2673 4198 3029 4254 continentur
3047 4214 3106 4271 p.
3133 4199 3235 4256 551
3260 4199 3457 4274 454.)

1858 4288 1959 4345 llic
1985 4289 2126 4345 liber
2151 4289 2208 4346 in
2239 4290 2533 4347 Germania
2566 4294 2701 4349 satis
2731 4308 2892 4349 rarus
2919 4302 3027 4361 est,
3062 4293 3157 4348 sed
3181 4307 3250 4350 eo
3276 4308 3469 4351 carere

1859 4386 2010 4442 nullo
2058 4397 2218 4457 pacto
2274 4396 2463 4455 potest
2526 4388 2856 4460 hymnorum
2904 4402 3192 4444 sacrorum
3248 4388 3453 4446 editor.

227 4473 282 4529 9.
317 4475 687 4532 Collectiones
718 4475 1046 4546 hymnorum
1078 4489 1204 4546 qua:
1229 4475 1451 4546 quidem
1474 4474 1621 4531 circa
1648 4475 1755 4531 Lu-
1860 4474 2216 4548 Comparavit
2258 4476 2588 4534 Thomasius
2616 4478 2837 4534 codices
2871 4477 3151 4539 Vaticana
3197 4481 3467 4553 antiquis-

158 4569 299 4626 theri
324 4580 569 4642 tempora
595 4586 625 4624 a
654 4568 986 4624 Lutherauis
1006 4569 1271 4624 instituta:
1293 4578 1445 4639 sunt,
1461 4568 1558 4625 sed
1574 4569 1642 4625 ad
1663 4586 1752 4625 re-
1781 4570 1832 4631 D
1858 4569 2030 4624 simus
2062 4570 2402 4640 omninoque
2415 4571 2616 4627 multos
2636 4571 2857 4627 Italicos
2872 4588 2888 4637 ;
2905 4586 3075 4642 quare
3096 4572 3144 4628 si
3167 4575 3290 4642 quis
3306 4576 3463 4645 hym-

159 4663 501 4720 censendum
539 4670 746 4717 textum
801 4677 910 4717 non
962 4663 1199 4740 multum
1237 4662 1423 4719 valent
1469 4678 1589 4719 cuin
1628 4679 1759 4735 per-

1865 4677 1968 4719 nos
1997 4664 2264 4719 Ecclesiae
2293 4665 2501 4720 veteris
2543 4678 2711 4735 usque
2749 4663 2819 4720 ad
2848 4663 3112 4721 saeculum
3160 4680 3256 4720 vm
3316 4666 3468 4722 inve-

159 4757 332 4814 multa
384 4757 440 4812 in
492 4757 559 4811 iis
609 4765 818 4811 mutata
868 4754 1359 4826 deprehenderim.
1413 4756 1495 4812 Ad
1542 4771 1763 4813 manum
1865 4759 2078 4828 stigare
2107 4756 2480 4829 constituerit,
2516 4758 2567 4813 ei
2599 4773 2666 4813 ex
2714 4758 2808 4814 illo
2842 4758 2988 4815 libro
3010 4766 3288 4830 tamquam
3316 4756 3470 4815 fonte

158 4862 347 4909 erant:
370 4849 700 4918 Psalmodia,
718 4860 849 4920 etc.,
882 4864 972 4920 per
1001 4848 1201 4904 Lucam
1228 4848 1470 4906 Lossinm
1498 4849 1760 4905 Luneber-

163 4961 371 5021 gensem
401 4960 520 4999 cum
546 4943 860 5014 prtefatione
887 4941 1031 4997 Phil.
1064 4942 1423 4999 Melanthonis
1448 4943 1762 5017 Witebergce

161 5039 301 5110 apud
329 5037 481 5093 Hter.
536 5036 747 5107 Georgii
779 5033 939 5089 Rhuu
984 5034 1146 5091 1561.
1182 5035 1392 5110 (Loss.)
1420 5036 1633 5093 Cantica
1685 5054 1765 5093 se-

163 5132 297 5187 lecta
319 5131 503 5185 veteris
530 5130 751 5199 novique
788 5127 1105 5182 Testamenti
1133 5144 1253 5183 cum
1274 5131 1484 5202 hgntnis
1505 5142 1554 5186 et
1578 5131 1765 5186 collec-

1866 4852 2135 4925 primario
2167 4852 2530 4910 hauriendum
2553 4855 2681 4910 erit.
2713 4854 2960 4931 (Thom)

1942 4946 2033 5004 M.
2063 4947 2378 5023 AnthoIOgie
2407 4949 2737 5005 christlicher
2753 4933 2992 5023 Gesange
3023 4966 3117 5006 aus
3152 4948 3293 5005 allen
3339 4949 3477 5005 Jah-

1860 5040 2185 5097 rhuntlerten
2197 5041 2290 5096 der
2309 5040 2526 5099 Kirche.
2543 5041 2598 5098 N
2600 5046 2697 5099 ach
2715 5044 2806 5099 der
2827 5042 3089 5114 Zeitfolge
3102 5041 3349 5114 geordnct
3365 5046 3474 5100 und

1866 5138 1964 5192 mit
1994 5138 2176 5213 gesch.
2209 5136 2600 5212 Bemerkungeu
2615 5140 2849 5212 begleitet
2869 5153 2967 5192 von
2987 5136 3125 5209 Aug.
3157 5136 3280 5195 Jac.
3313 5137 3473 5195 Ram-

165 5225 231 5280 tis
270 5241 361 5279 seu
389 5221 717 5279 orationibus
740 5222 1041 5295 purioribus
1068 5237 1183 5294 qua:
1206 5223 1260 5276 in
1291 5222 1586 5279 orthodoxa
1617 5234 1769 5297 atque
1868 5232 1999 5287 bach
2033 5232 2285 5307 Prediger
2308 5233 2387 5289 bei
2409 5233 2495 5291 St.
2513 5231 2677 5290 Iacob
2698 5235 2751 5287 in
2771 5231 3065 5305 Hamburg.
3090 5231 3277 5290 Erster
3294 5232 3474 5291 Band.

165 5316 427 5372 catholica
458 5315 699 5370 Ecclesia
720 5314 924 5369 cantari
951 5314 1141 5369 solent.
1189 5314 1385 5370 Addita
1433 5317 1772 5388 dispositione
1871 5322 1972 5379 Die
2002 5323 2437 5396 oorzuglichsten,
2472 5323 2832 5398 griechischen
2871 5324 3210 5379 lateinischen
3242 5326 3351 5380 und
3378 5324 3485 5382 alt-
3552 5340 3561 5355 '

171 5419 220 5466 et
265 5406 547 5495 familiari.
567 5403 890 5479 expositione
934 5406 1548 5478 Christophori'Corneri
1578 5408 1772 5481 Lipsiae
1874 5416 2159 5473 deutschen
2183 5415 2578 5471 Kirchenlieder
2608 5412 2930 5470 enthaltend.
2971 5414 3173 5469 Altona
3219 5431 3274 5469 u.
3324 5415 3483 5490 Leip-

167 5521 285 5560 cum
312 5502 590 5576 privilegio
619 5500 781 5559 1568.
816 5501 1035 5575 (ϐοτη.)
1061 5499 1276 5557 Cantica
1313 5519 1377 5559 ea:
1421 5504 1584 5559 sacris
1629 5501 1771 5558 litte-
1875 5510 1979 5581 zig,
2032 5508 2371 5565 Hammerich
2424 5508 2583 5564 1817.
2631 5506 2955 5563 Thesaurus
3008 5518 3201 5564 noster
3244 5508 3486 5565 ostendit

170 5597 243 5651 ris
273 5595 329 5651 in
359 5592 601 5648 Ecclesia
630 5595 833 5649 cantari
870 5593 1029 5650 solita
1055 5610 1174 5648 cum
1196 5595 1404 5668 hymnis
1446 5604 1493 5652 et
1522 5597 1773 5667 collectis,

1876 5602 2096 5675 quoties
2125 5611 2496 5672 quantumque
2530 5598 2716 5654 studia
2758 5598 3023 5670 pra-clara
3069 5599 3394 5658 Rambachii
3422 5601 3481 5657 in

169 5703 294 5755 etc.,
326 5687 593 5757 recognita
614 5698 663 5741 et
686 5698 840 5743 aucta
871 5705 962 5761 per
992 5686 1064 5743 D.
1090 5686 1289 5763 Georg.
1334 5688 1598 5763 Majorem
1643 5701 1780 5746 anno
1882 5711 2050 5758 usum
2082 5705 2335 5751 nostrum
2361 5693 2822 5750 converterimus.
2850 5692 3097 5765 (Ramb.)

174 5784 427 5877 15701-—
445 5778 756 5848 Witeberga:
782 5782 1093 5837 Laurentius
1128 5782 1412 5841 Schwenck
1444 5782 1784 5854 Eisfeldensis

1963 5791 2052 5846 15.
2086 5787 2296 5843 Corolla
2326 5785 2656 5858 Hgmnornm
2684 5758 2951 5842 sacrorum
2977 5758 3207 5857 publium
3241 5758 3507 5852 deuotioni
