3958 6314
506 224 637 279 1171

1506 214 1852 273 ΔΡΡΕΝυΙΧ
1890 216 1983 275 AD
2018 212 2250 279 WA
2295 215 2352 271 S.
2397 210 2742 270 AHBROSII.

3662 213 3766 268 1119.

500 336 910 399 ἑυδενισὲεηιίιιηι.
952 334 1152 391 Veteres
1178 332 1344 398 electi,
1369 332 1460 391 sed
1489 333 1689 388 utendis
1719 332 1905 403 quibus
1936 331 2091 387 itera-
2121 334 2177 395 Α
2201 339 2313 386 tum
2335 331 2599 385 intererat
2622 328 2835 383 labores
2866 339 3089 382 llOall'OS
3119 341 3393 397 prospere
3418 325 3636 390 cedere;
3664 328 3765 383 llcr-

504 432 569 485 tis
595 431 650 483 in
680 428 999 487 editionibus
1036 426 1300 484 scatebunt
1326 425 1535 493 detersi,
1590 424 1836 497 Strophis
1864 427 2099 482 adsueti.

507 521 650 579 Novi
704 522 960 594 assumpti
982 562 996 586 ,
1044 528 1271 579 recentes
1318 519 1547 592 primum
1610 519 1816 575 inserti.
1874 515 2105 574 Colonia!

502 614 808 686 Agrippinae
856 611 1015 669 1806.
1063 610 1225 684 Typis
1276 609 1563 666 eretlunt
1611 608 1945 679 Scltauberg.
2003 608 2105 664 Hic

502 707 776 765 Walrallii
799 708 964 774 liber,
996 722 1158 779 quem
1190 706 1331 763 Ven.
1359 705 1616 776 Augusti,
1643 716 1823 761 morte
1843 705 1933 760 ille
1961 704 2104 759 litte-

504 800 581 856 ris
620 813 794 869 nuper
822 807 1068 869 ereptus,
1097 796 1256 853 nobis
1279 796 1530 862 donavit,
1562 795 1856 866 plurimum
1883 794 2107 865 prodest

504 892 595 959 iis,
624 891 715 958 qui
746 890 801 946 in
836 890 1075 964 hymnis,
1110 905 1249 961 quos
1295 898 1423 960 post
1465 887 1697 944 Lutheri
1729 897 1944 945 nitatem
1979 904 2102 957 pro-

506 986 631 1040 tulit
660 985 931 1052 Ecclesia,
965 984 1368 1055 cognoscendis
1397 984 1578 1038 studia
1614 994 1938 1054 posuerunt.

578 1080 667 1136 16.
693 1079 858 1137 Liber
888 1078 1139 1149 Bjurnii:
1171 1078 1372 1151 Hymni
1402 1090 1625 1134 veterum
1648 1089 1917 1151 poetarum
1952 1078 2101 1133 Chri-

503 1174 793 1228 stianorum
834 1169 1088 1227 Ecclesia:
1112 1170 1317 1227 Latina!
1344 1172 1536 1229 selecti.
1588 1170 1801 1242 Hafnt'a:
1842 1172 2003 1229 1818.
2048 1173 2104 1229 In

503 1266 690 1336 paucis
714 1274 924 1320 tantum
959 1280 1059 1321 nos
1087 1263 1312 1335 adjuvit.

572 1360 661 1414 17.
705 1356 1037 1413 Lateiuisclte
1096 1356 1409 1430 Anthologic
1458 1374 1553 1411 aus
1622 1359 1723 1412 den
1773 1357 2110 1415 christliclten

504 1450 754 1506 Dichtern
782 1451 869 1506 des
902 1449 1255 1505 Mittelalters.
1286 1446 1406 1504 Fiir
1434 1448 1750 1521 Cymnasicn
1782 1453 1887 1504 und
1905 1450 2109 1524 Lyceen

505 1544 917 1617 Iternusgcgeben
948 1543 1055 1597 und
1082 1543 1174 1597 mit
1200 1540 1594 1615 Antnerltungen
1624 1543 1856 1614 bcgleitet
1892 1561 1987 1598 von
2011 1542 2106 1598 Io-

504 1639 632 1707 seplt
656 1637 904 1705 Keltrein,
931 1636 1127 1695 Leltrer
1146 1654 1229 1693 am
1254 1636 1595 1708 Gymnasium
1617 1654 1679 1692 zu
1702 1636 1902 1693 Maius.
1926 1637 2108 1695 Erster

2207 438 2440 478 manuus
2490 420 2792 494 Dryander,
2843 419 2925 475 vir
2975 419 3313 492 hymnorum
3361 418 3768 478 Latiuorumnan

2205 517 2385 572 minus
2408 530 2572 586 quam
2601 514 3058 571 Germanicorum
3092 514 3349 584 peritus;
3380 510 3445 566 F.
3472 512 3539 568 Δ.
3567 511 3769 569 Eckstei-

2205 608 2349 669 nius.
2379 608 2595 678 collega
2625 607 3060 663 litteratissimus
3103 606 3201 677 qui
3233 620 3301 660 ea
3331 620 3439 676 qua
3465 605 3601 659 solet
3625 604 3773 662 buma-

2212 701 2381 759 nitate
2419 701 2561 757 haud
2612 698 2961 755 mediocriter
3009 714 3099 755 me
3149 696 3387 768 adjuvit.
3438 697 3774 768 Deniqueuoa

2210 810 2431 867 possum
2460 794 2588 864 quin
2619 792 2822 865 gratias
2849 806 3007 864 agam
3037 792 3261 848 duobus
3288 790 3426 849 viris
3450 790 3543 863 qui
3567 806 3595 845 a
3624 792 3778 861 prinis

2211 889 2394 959 operis
2424 886 2596 942 initiis
2632 901 2729 956 per
2773 896 2949 941 totum
2980 900 3166 942 meum
3200 884 3452 941 laborem
3494 886 3705 939 consilio
3737 894 3779 943 et

2211 996 2377 1051 opera
2406 979 2537 1035 mihi
2565 978 2862 1034 adfuerunt
2897 996 2910 1032 :
2943 981 3081 1048 Aug.
3123 976 3347 1050 Voigtio
3387 977 3629 1033 muneris
3654 979 3778 1035 scho-

2212 1073 2390 1130 lastici
2435 1072 2697 1128 societate
2740 1070 2870 1126 mihi
2910 1071 3269 1144 junctissimo
3319 1081 3375 1127 et
3404 1069 3536 1129 Chr.
3570 1070 3779 1130 Diedrich

2213 1184 2375 1241 quem
2399 1176 2456 1225 et
2477 1166 2735 1227 curriculi
2765 1165 3084 1222 scholastici
3113 1165 3355 1222 societas
3380 1174 3442 1221 et
3468 1166 3664 1223 veteris
3678 1168 3781 1227 ami-

2215 1262 2359 1317 citia:
2390 1261 2667 1335 vinculum
2701 1274 2915 1315 mecum
2945 1258 3141 1315 intime
3171 1258 3489 1335 conjunxit.
3518 1258 3705 1317 Horum
3724 1263 3783 1318 vi-

2212 1369 2395 1409 rorum
2423 1369 2592 1424 Opera
2624 1362 2789 1425 atque
2818 1351 3089 1407 industria
3116 1352 3170 1409 in
3196 1350 3348 1407 vitiis
3380 1352 3787 1422 exstirpandiset

2217 1449 2579 1508 emendandis
2611 1449 2849 1505 maxime
2872 1446 3093 1517 adjutus
3123 1462 3267 1513 sum,
3293 1461 3626 1521 quamquam
3650 1457 3700 1504 et
3723 1464 3789 1506 tas

2215 1553 2269 1598 et
2298 1544 2420 1599 illos
2447 1541 2830 1599 emendatores
2865 1541 3128 1601 nonnulla
3158 1540 3397 1613 fugerint
3426 1540 3644 1597 menda.

2292 1636 2446 1691 Faxit
2471 1648 2653 1691 autem
2684 1634 2947 1689 Dominus
2975 1634 3236 1692 Ecclesia:
3275 1633 3606 1690 Christiana:
3631 1634 3688 1691 Ο.
3709 1636 3783 1705 1.,

509 1731 678 1786 Tltcil.
702 1732 793 1787 Die
814 1729 1461 1793 aclttetstenchristlicben
1481 1730 1892 1787 Jahrhunderte.
1913 1732 2115 1788 Ft'anlt-
2134 1734 2194 1808 ’Β
2221 1733 2376 1803 cujus
2406 1732 2673 1788 honorem
2704 1744 2898 1786 omnes
2935 1728 3125 1801 hymni
3154 1729 3477 1798 celebrant,
3506 1745 3665 1801 quem
3695 1744 3792 1787 cau-

512 1827 621 1896 furt
652 1842 706 1877 a.
751 1823 831 1880 Μ.
878 1824 1234 1881 Sauerlander
1266 1824 1424 1881 1840.
1454 1826 1660 1880 Auctor
1691 1824 1794 1882 hoc
1821 1828 2113 1883 consilium

511 1917 759 1986 sequitur
789 1925 848 1972 ut
874 1916 1126 1975 alumnos
1154 1918 1572 1990 gymnasiorum
1620 1919 2014 1976 catholicorum
2046 1920 2116 1976 ad

514 2011 841 2082 hymnorum
874 2026 1157 2068 sacrorum
1179 2011 1550 2084 cognitionem
1579 2012 1813 2071 adducat
1841 2031 1854 2068 :
1881 2029 2003 2086 quae
2030 2030 2118 2073 res

508 2104 557 2161 si
588 2115 735 2162 recte
760 2106 1104 2172 succederet,
1135 2107 1489 2164 vehementer
1516 2108 1900 2179 gauderemus.
1932 2109 2118 2166 Adno-

509 2202 752 2257 tatioues
799 2199 1083 2257 Kelu'einii
1123 2200 1192 2255 ad
1239 2200 1539 2273 discipulos
1585 2202 1860 2272 pertinere
1898 2203 1988 2261 vix
2036 2214 2120 2262 est

510 2295 659 2367 quod
694 2309 1043 2363 moneamus,
1095 2311 1429 2367 quamquam
1485 2297 1686 2367 passim
1738 2298 1905 2354 etiam
1960 2298 2117 2357 nobis

513 2391 776 2447 nonnulla
803 2390 859 2449 in
889 2407 1049 2448 usum
1073 2400 1319 2448 nostrum
1348 2400 1671 2449 convertere
1693 2391 1871 2451 licuit.
1898 2393 2121 2465 (Iahn)

587 2486 707 2539 Jam
739 2484 1078 2545 enumeratis
1110 2484 1194 2540 his
1217 2485 1481 2542 subsidiis
1520 2487 1726 2542 noStris
1753 2496 1998 2543 nostrum
2032 2495 2120 2544 est

514 2577 703 2634 animo
742 2586 898 2650 grato
929 2594 1026 2635 eos
1074 2579 1224 2635 viros
1268 2594 1704 2637 commemorare
1750 2581 1842 2651 qui
1887 2582 2122 2637 consilio

515 2681 705 2728 nostro
735 2672 999 2739 fautores,
1045 2671 1333 2729 laboribus
1377 2671 1661 2742 adjutores
1687 2673 2034 2731 exsuterunt.
2066 2675 2123 2732 In

518 2765 622 2823 hoc
672 2764 909 2823 humero
951 2765 1189 2836 primum
1236 2765 1418 2822 locum
1463 2765 1719 2822 obtinent
1763 2766 1902 2823 Ven.
1937 2766 2119 2837 Thilo,

515 2858 672 2929 cujus
702 2858 835 2914 mihi
867 2862 1168 2917 auctoritas
1196 2877 1320 2917 cum
1345 2860 1473 2917 aliis
1499 2862 1555 2917 in
1584 2861 1771 2930 rebus,
1804 2873 1917 2919 tum
1939 2862 2121 2920 hocin

516 2967 685 3024 opere
713 2953 1010 3034 plurimum
1033 2955 1233 3021 valuit;
1257 2956 1388 3014 Ven.
1416 2955 1776 3027 Tholuckius,
1801 2957 1959 3029 cujus
1982 2960 2123 3015 mul-

2223 1826 2330 1882 tica
2357 1825 2657 1896 prtedicant
2681 1832 2737 1879 et
2765 1824 3065 1895 sequentia:
3085 1838 3210 1879 cum
3234 1820 3561 1894 antiphouis
3588 1823 3793 1883 laudibus

2219 1920 2470 1979 certatim
2510 1919 2801 1986 extollunt,
2853 1926 2911 1973 nt
2951 1918 3038 1975 hic
3068 1921 3235 1976 etiam
3268 1919 3584 1975 studiorum
3623 1932 3795 1977 nostro-

2222 2030 2343 2070 rum
2377 2013 2589 2070 l'ruclus
2611 2012 2680 2069 ad
2710 2012 2943 2069 salutem
2977 2012 3238 2068 Ecclesia:
3279 2013 3613 2069 Christiana:
3639 2017 3795 2072 valeat.

2219 2105 2514 2163 Olferitnus
2543 2120 2681 2175 opus
2725 2115 2977 2161 nostrum
3009 2115 3289 2176 tamquam
3332 2105 3544 2161 donum
3590 2110 3797 2165 omnibus

2219 2202 2552 2272 quicumque
2591 2215 2791 2257 nomen
2820 2197 3031 2254 Christi
3073 2211 3264 2254 sancte
3298 2200 3528 2266 colunt;
3561 2200 3797 2259 oderimus

2220 2294 2572 2351 sanctissimo
2602 2290 2958 2363 Redemptori
3003 2307 3098 2361 pro
3147 2294 3367 2349 unitate
3412 2303 3581 2367 atque
3622 2295 3797 2352 amabili

2220 2387 2481 2447 Ecclesiae
2506 2385 2797 2445 concordia
2827 2384 3198 2452 sacriﬁcium;
3232 2401 3422 2458 neque
3445 2386 3592 2442 aliud
3613 2387 3728 2459 quid
3745 2403 3797 2445 ex

2222 2482 2416 2539 intimo
2446 2480 2631 2536 animo
2662 2494 2972 2550 precamur,
3007 2480 3113 2536 nisi
3159 2488 3220 2534 ut
3263 2480 3371 2551 ipsi
3396 2496 3619 2552 quoque
3640 2482 3798 2537 sentis-

2225 2591 2345 2631 mus
2370 2573 2503 2630 illud
2528 2572 2673 2645 quod
2703 2571 2771 2629 de
2814 2572 3159 2628 sanctissimo
3207 2573 3532 2644 patriarcha
3574 2574 3795 2645 scriptum

2225 2668 2458 2739 legimus
2489 2684 2502 2722 :
2538 2664 2785 2737 Respexit
2825 2663 3076 2719 Dominus
3102 2664 3174 2718 ad
3201 2682 3430 2721 munera
3464 2670 3596 2732 eius.

2405 2843 2729 2901 Scribebam
2761 2842 2911 2899 llalis
2943 2843 2995 2898 in
3028 2841 3363 2916 Pa-dagogio
3400 2844 3571 2916 [legio

2689 2959 2779 3016 die
2801 2959 2868 3014 21
2903 2958 3007 3015 Mai
3050 2956 3217 3014 1841.

1175 3195 1560 3285 HYMNI
1634 3197 1723 3280 S.
1803 3197 2120 3284 AMBR

2222 3197 2403 3282 SIO
2481 3197 3163 3285 ATTRIBUTL

1027 3500 1068 3556 Ι.
1648 3499 1926 3574 Qhristum
1948 3514 2212 3574 canamus
2241 3502 2565 3574 principem,

1648 3569 1842 3627 Natum
1870 3571 2052 3627 Maria:
2078 3569 2327 3642 virginis.

1645 3664 1893 3722 Gaudete
1924 3664 2478 3737 quicquidgentinm,

1642 3737 1853 3804 Judma,
1886 3736 2058 3792 Ruma
2089 3745 2144 3792 et
2171 3736 2407 3797 Graecia.

1642 3809 1901 3881 Egypte,
1926 3808 2129 3877 Thrax,
2159 3808 2353 3876 Persa,
2376 3809 2602 3881 Scytha,

574 3614 837 3686 Humanis
864 3618 933 3674 de
966 3614 1252 3675 Natisitate
1288 3616 1525 3675 Domini.

518 3729 567 3783 A
593 3731 727 3786 solis
760 3740 910 3786 ortus
937 3732 1162 3789 cardine

520 3800 589 3859 Et
616 3816 788 3873 usque
817 3814 977 3861 terrae
1008 3805 1239 3865 limitem

2777 3501 2895 3558 Rex
2924 3517 3063 3559 unus
3091 3517 3291 3560 omnes
3322 3507 3589 3576 possidet.

2772 3594 3018 3673 haudate
3045 3605 3292 3673 vestrum
3318 3599 3629 3673 principem

2665 3666 2697 3722 5
2769 3665 2972 3739 anes
3004 3668 3146 3739 beati
3176 3683 3240 3723 ac
3271 3665 3527 3739 perditi;
3743 3671 3789 3726 Ill

2768 3738 2912 3804 Vivi,
2947 3738 3203 3794 imbecilli
3229 3755 3296 3795 ac
3323 3744 3557 3797 mortuis

2764 3810 2883 3866 Jam
2913 3826 3075 3866 nemo
3103 3822 3229 3881 post
3268 3814 3390 3869 luce
3421 3824 3681 3871 mortuus.

592 3964 636 4018 l.
667 3965 1052 4043 —-_-_Descrips_i
1093 3982 1315 4043 carmen
1362 3983 1433 4043 ex
1484 3968 1777 4043 hymnario
1815 3968 2119 4037 Thomasii,
2149 3968 2193 4031 C
2230 3967 2612 4043 Procedensde
2643 3969 2895 4025 thalamo.
2935 3970 3123 4043 —go.
3170 3969 3312 4027 Ibid.
3346 3985 3499 4027 vers.
3533 3971 3603 4027 15
3629 3989 3641 4024 :
3664 3969 3796 4043 Gigas

519 4052 684 4111 quem
716 4035 768 4093 id
809 4035 1005 4094 merito
1033 4039 1086 4095 in
1121 4035 1607 4095 Ambrosiannrum
1637 4041 1889 4111 catalogo
1922 4035 2118 4097 recen4

519 4110 720 4171 suisse.
760 4124 867 4165 suo
891 4111 1015 4167 loco
1053 4111 1318 4167 evincam.
1352 4111 1502 4168 Sane
1533 4127 1665 4166 vero
1698 4111 1751 4165 in
1785 4110 2121 4167 eeclesiasti-

520 4196 649 4237 cum
678 4190 1160 4253 usumireceptunr
1179 4192 1267 4236 est
1297 4191 1503 4238 tantum
1537 4185 1901 4253 fragmentum
1931 4183 2119 4249 hymni

522 4268 574 4324 vi.
608 4253 802 4324 154311,
834 4252 919 4306 Fit
949 4251 1323 4324 porta_Cltristi
1343 4256 1511 4322 perria
1540 4251 1843 4324 (solemniis
1867 4254 2121 4323 puriﬁcao

522 4320 894 4394 tionislllarite
922 4320 1011 4379 vel
1050 4322 1172 4377 aliis
1203 4325 1258 4377 S.
1288 4320 1553 4394 Virginis
1574 4320 1959 4380 festivitatibus
1989 4342 2117 4381 cau—

520 4390 739 4464 tutum),
771 4394 912 4463 quod
943 4403 999 4448 ut
1043 4399 1267 4452 carmen
1300 4390 1570 4464 integrum
1621 4405 1676 4451 et
1722 4398 1790 4449 ab
1820 4395 2117 4452 Ambrosio

518 4465 831 4590 profectum
862 4473 1081 4522 tuentur
1109 4467 1355 4523 editores
1379 4467 1631 4523 Maurini.
1662 4467 1880 4523 -1-4.
1908 4468 2112 4525 Eadem

545 4551 638 4590 ere
666 4537 828 4590 verba
856 4547 1174 4590 repetuntur
1196 4541 1248 4590 in
1274 4539 1488 4590 HVnmo
1512 4539 1699 4590 Seduli
1725 4538 2071 4590 alnhahetico
2096 4560 2109 4590 :

545 4538 638 4611 ere
663 4537 828 4611 verba
856 4547 1174 4608 repetuntur
1196 4541 1248 4595 in
1274 4539 1488 4611 llymuo
1512 4539 1699 4596 Sednli
1725 4538 2071 4609 alphabetico
2096 4560 2109 4597 :

519 4610 565 4661 A
594 4607 720 4682 solis
759 4616 902 4682 ortus
926 4607 1173 4676 cardine,
1201 4613 1291 4682 qui
1319 4607 1508 4682 procul
1545 4611 1709 4666 dubio
1744 4607 1952 4681 peetatn
1987 4628 2113 4668 nos-

516 4690 662 4735 trum
696 4678 938 4735 imitatus
960 4693 1063 4736 est.
1087 4678 1580 4748 Qnae'consuetudo
1604 4678 1859 4754 paulatim
1890 4698 2112 4754 serpere

517 4767 583 4828 ac
612 4754 895 4828 propagari
922 4763 1098 4828 empta
1129 4762 1214 4808 est
1239 4769 1363 4809 cum
1395 4757 1787 4828 hymnographi
1816 4756 1958 4811 fetus
1984 4771 2113 4813 suos

515 4824 772 4880 ﬁdelibus
816 4825 883 4880 de
920 4826 1150 4896 meliore
1191 4837 1319 4885 nota
1363 4824 1755 4887 coittiuendare
1799 4830 2107 4896 studerent,

513 4899 861 4968 antiquorum
895 4895 1098 4952 lumina
1122 4908 1180 4965 et
1221 4898 1383 4957 ﬂores
1413 4899 1749 4955 carminibus
1780 4901 2109 4957 iutexentes.

512 4967 778 5043 Exemplo
802 4977 867 5043 ut
896 4975 1035 5043 utar,
1072 4969 1139 5043 in.
1166 4971 1439 5043 sexcentis
1475 4971 1803 5043 hymnorum
1846 4970 2108 5038 exordiis,

512 5039 773 5115 eximium
798 5039 937 5096 illud
961 5038 1267 5115 Fortunati,
1298 5038 1673 5115 Qungetingua
1694 5042 1926 5114 gloriosi,
1954 5044 2109 5109 primi

510 5127 707 5169 versus
740 5114 920 5168 locum
964 5113 1193 5173 obtinet.
1234 5115 1298 5183 ,1.
1332 5113 1427 5170 Ps.
1474 5113 1604 5181 cxu.
1654 5113 1726 5171 ὃς
1760 5116 1804 5173 Α
1830 5115 1955 5171 solis
1994 5124 2111 5171 orttt

510 5199 671 5255 usque
716 5184 785 5255 ad
830 5199 1068 5239 occasum
1117 5186 1377 5241 laudabile
1424 5202 1630 5253 nomen,
1663 5196 1767 5255 etc.
1812 5186 2106 5243 -15-16.

509 5252 774 5324 Respexit
805 5264 960 5319 poeta
991 5255 1059 5310 ad
1088 5257 1281 5312 Ezecb.
1315 5272 1457 5324 xuv,
1492 5257 1591 5312 1-5
1620 5252 1634 5310 ξ
1678 5254 1824 5310 Dixit
1856 5255 2109 5313 Dominus

507 5323 579 5378 ad
607 5323 687 5379 me
720 5341 740 5381 :
776 5324 939 5399 Porta
979 5328 1088 5382 hac
1126 5330 1307 5384 clausa
1348 5331 1444 5384 erit
1475 5344 1492 5381 :
1524 5346 1626 5383 non
1670 5329 1931 5399 aperietur
1958 5339 2003 5382 et
2033 5330 2110 5382 vir

505 5411 612 5470 non
640 5398 877 5453 transibit
904 5414 995 5470 per
1018 5414 1156 5469 eant,
1183 5407 1429 5470 quoniam
1476 5400 1730 5456 Dominus
1760 5399 1903 5457 Deus
1931 5399 2105 5456 Israel

502 5467 772 5544 ingressus
792 5467 976 5544 estper
997 5467 1554 5543 eant,'eritque~clnnsa
1582 5473 1823 5544 principi.
1853 5470 2102 5538 Princeps

500 5537 614 5613 ipse
634 5537 827 5613 sedebit
842 5537 911 5613 in
939 5558 1020 5613 ea,
1055 5550 1158 5598 etc.
1190 5537 1352 5599 -11.
1382 5545 1521 5613 an.
1551 5537 1591 5611 ιζ
1624 5545 1694 5598 9.8
1726 5537 1891 5607 z'Ave,
1932 5537 2101 5613 gratia

498 5610 672 5685 plena.
706 5610 891 5685 —l5_.
939 5611 996 5685 ln_
1046 5614 1246 5685 hymno
1292 5614 1327 5669 4
1377 5610 1519 5671 inter
1560 5610 1695 5685 quos
1749 5610 1949 5685 damus
1994 5613 2101 5670 line

498 5681 629 5758 tomi
673 5680 1031 5758 praecedentis
1058 5680 1200 5758 dixit
1237 5702 1454 5758 quoque
1504 5680 1646 5742 vers.
1702 5686 1771 5743 10
1811 5706 1824 5741 :
1857 5684 2099 5742 Claustra

408 5760 429 5766 ‘
495 5751 709 5817 pudoris
727 5764 1039 5821 permanent.
1059 5785 1124 5795 —
1141 5751 1299 5813 18.1'n
1323 5751 1522 5828 hymno
1538 5774 1700 5831 supra
1717 5760 1809 5817 cit.
1829 5772 1970 5815 vers.
1995 5757 2091 5813 15:

2132 5365 2188 5426 D

2226 4040 2782 4113 gentinwsubstantite.
2811 4072 2881 4082 —
2900 4043 2961 4096 21
2978 4084 2992 4097 .
3019 4040 3179 4096 Fabr.
3206 4044 3378 4095 honor
3403 4053 3453 4097 et
3482 4040 3793 4113 parentiu—

2224 4111 2312 4165 “24.
2350 4111 2414 4167 H.
2445 4111 2505 4167 E.
2533 4110 2617 4167 Ct.
2643 4113 2855 4168 resolve.
2881 4114 3160 4168 -25-28.
3188 4110 3547 4168 Οιηὶδιηηιῖη
3574 4113 3629 4169 S.
3651 4114 3794 4183 Scrip-

2228 4194 2344 4254 tura
2366 4200 2493 4238 cuin
2519 4183 2700 4251 lapide
2728 4186 3037 4254 comparari
3064 4187 3199 4238 satis
3229 4196 3443 4240 notum.
3468 4186 3614 4249 Eph.
3640 4201 3695 4245 ll,
3714 4187 3793 4251 :20;

2220 4252 2242 4308 Ι
2273 4254 2398 4310 Cor.
2431 4270 2510 4327 ut.
2545 4256 2605 4310 11
2633 4273 2647 4319 ;
2686 4255 2707 4311 1
2739 4252 2884 4312 Petr.
2936 4272 2995 4320 ιι,
3026 4258 3078 4311 ι.
3118 4256 3254 4312 Item
3284 4258 3339 4312 in
3369 4258 3492 4327 ipso
3518 4256 3581 4312 Ν.
3615 4257 3675 4311 Τ.
3704 4256 3795 4311 les.

2222 4342 2413 4400 xxvut.
2446 4326 2533 4393 16,
2569 4337 2621 4382 et
2650 4326 2741 4383 Ps.
2773 4343 2965 4393 cxvrn,
2988 4330 3079 4396 9.2,
3115 4328 3294 4400 lypice
3321 4326 3694 4383 ad'Christnm
3718 4328 3797 4384 lle-

2219 4398 2558 4469 demptorem
2605 4400 2915 4469 referuntur
2946 4398 3149 4467 (Ιῖςιηι.⁷
3184 4415 3259 4459 ιι,
3308 4400 3418 4464 ὄὸς
3465 4403 3587 4457 Act.
3618 4417 3688 4461 tv,
3720 4403 3794 4464 ll;

2220 4468 2411 4523 Matth.
2442 4485 2554 4529 χχι.
2579 4471 2691 4541 42).
2731 4471 2918 4539 Neque
2944 4486 3075 4525 vero
3104 4472 3357 4525 Patribus
3387 4473 3533 4527 inter
3561 4472 3661 4525 ltus
3689 4472 3796 4528 lines

2216 4541 2522 4597 subsistere
2544 4543 2767 4611 placuit.
2799 4542 3066 4612 Gregorio
3096 4543 3115 4597 l
3144 4543 3280 4611 Reg.
3305 4560 3379 4609 tv,
3416 4542 3504 4608 M;
3534 4559 3592 4610 v,
3624 4543 3797 4611 12,14:-

2215 4629 2308 4667 sus
2341 4613 2439 4666 suh
2463 4613 2699 4684 lapidum
2725 4614 2895 4686 ﬁgura
2928 4617 3096 4669 latere
3119 4615 3273 4669 visus
3303 4626 3424 4681 est;
3456 4630 3571 4686 pra:
3601 4616 3793 4671 caneris

2214 4693 2402 4753 gratus
2430 4694 2546 4738 erat
2569 4688 2812 4755 mysticis
2841 4685 3241 4755 interpretibus
3273 4687 3428 4741 locus
3466 4688 3599 4741 Itan.
3636 4703 3688 4752 Il,
3717 4688 3792 4750 51,

2215 4773 2244 4808 u
2275 4763 2433 4821 poeta
2465 4765 2653 4811 nostro
2681 4759 2730 4810 in
2758 4772 2914 4812 usum
2939 4772 3094 4812 suum
3121 4773 3425 4813 conversus
3456 4776 3470 4811 :
3496 4758 3700 4814 videbas
3718 4758 3794 4823 ita,

2214 4828 2376 4882 donec
2401 4827 2657 4883 abscissus
2698 4840 2772 4886 est
2802 4830 2937 4886 lanis
2975 4830 3038 4884 de
3063 4840 3232 4884 monte
3256 4831 3369 4885 sine
3411 4831 3670 4885 inanibus.
3699 4829 3797 4886 Non

2214 4849 2376 4882 αοηεσ
2401 4849 2657 4883 αυδσιδηιδ
2698 4849 2772 4886 εει
2802 4849 2851 4884 ια
2893 4849 2937 4884 is
2975 4849 3038 4884 ae
3063 4849 3232 4884 monte
3256 4849 3369 4885 81118
3411 4849 3670 4885 mammis.
3699 4849 3797 4886 1‘0!

2213 4899 2484 4973 dubitant,
2511 4901 2640 4971 quin
2664 4918 2692 4954 a
2719 4849 2977 4971 prnplieta
3013 4908 3201 4971 partus
3227 4903 3571 4973 intemeratae
3594 4903 3797 4973 virginis

2213 4970 2549 5041 signiﬁcatus
2577 4973 2669 5036 sit,
2692 4970 2851 5041 quam
2885 4970 3087 5042 sacpius
3122 4985 3362 5027 montem
3386 4972 3443 5027 in
3465 4971 3600 5029 V.’l‘.
3635 4970 3798 5042 appel-

2217 5042 2312 5096 lari
2342 5045 2638 5096 afﬁrmant.
2667 5044 2847 5099 Adeas
2878 5046 3129 5098 eumdem
3154 5043 3485 5110 Gregorium
3516 5045 3582 5099 ad
3614 5043 3795 5100 verbal

2214 5112 2344 5183 Reg.
2380 5130 2418 5181 ι,
2454 5117 2504 5180 1,
2536 5118 2635 5187 fuit
2666 5117 2742 5173 ttir
2770 5117 2833 5169 a’e
2860 5125 3032 5170 monte
3059 5113 3317 5187 Eplll'tti.lt
3342 5135 3355 5170 :
3386 5135 3406 5169 ‹
3443 5117 3631 5172 Potest
3660 5117 3797 5183 hujus

2214 5187 2413 5260 montis
2442 5185 2663 5241 nomine
2693 5187 2753 5242 Β.
2797 5203 3015 5258 semper
3032 5185 3195 5260 _virgo
3238 5188 3407 5244 Maria
3456 5187 3519 5242 Ι).
3568 5188 3792 5260 genitrix

2213 5255 2486 5325 designari
2522 5275 2535 5310 ε
2572 5274 2728 5312 mons
2776 5255 2979 5329 quippe
3026 5255 3161 5322 fuit,
3208 5274 3330 5329 quae
3360 5255 3598 5315 omnem'
3626 5262 3792 5316 electo

2213 5337 2479 5383 creaturm
2510 5329 2850 5384 altitudinem
2884 5331 3171 5385 electionis
3223 5346 3336 5385 sure
3367 5331 3635 5395 dignitate
3667 5341 3792 5386 tran-

2213 5400 2445 5455 scendit.
2496 5404 2575 5455 An
2621 5417 2729 5455 non
2772 5417 2930 5457 mons
2960 5402 3204 5457 sublimis
3235 5404 3307 5458 Μ.
3341 5419 3464 5469 qua:
3493 5413 3552 5456 ut
3577 5404 3647 5458 ad
3675 5419 3789 5457 con-

2210 5473 2520 5541 ceptionem
2551 5471 2916 5529 :clcrniVerbi
2952 5474 3311 5544 pertingeret,
3340 5475 3661 5535 meritorum
3687 5491 3787 5530 rer-

2205 5547 2371 5618 ticem
2401 5560 2563 5618 supra
2591 5561 2778 5599 omnes
2810 5549 3123 5617 angelorum
3157 5546 3361 5601 choros
3409 5562 3581 5618 usque
3621 5546 3683 5605 :td
3708 5562 3786 5601 so-

2201 5613 2332 5693 lium
2354 5613 2582 5693 Deitatis
2613 5618 2807 5693 erexit.
2837 5613 2970 5693 llinc
3000 5619 3144 5693 enim
3170 5618 3375 5693 montis
3408 5613 3785 5693 praecellentis-

2200 5686 2393 5742 simam
2422 5687 2741 5760 dignitatem
2774 5686 2943 5745 Isaias
2978 5691 3290 5746 vaticinans
3321 5686 3446 5745 ait':
3482 5691 3601 5746 Erit
3626 5690 3677 5746 in
3701 5704 3762 5744 uo

2200 5760 2441 5817 vissimis
2479 5760 2672 5821 diebus
2700 5772 3038 5833 praeparatus
3072 5775 3234 5821 mons
3268 5761 3469 5822 domus
3502 5762 3712 5822 Domini
3740 5762 3783 5816 in
