3958 6314
1175 276 1389 334 HYMNI
1426 275 1486 334 S.
1527 271 1879 333 AMBROSIO
1917 273 2320 334 ATTRIBUTI.
3268 266 3406 328 1178

1183 421 1188 425 -
1227 392 1493 467 [insurgat
1519 400 1574 446 ut
1592 409 1745 467 mens
1767 390 1965 467 sobria,

1227 462 1491 535 Flagrdns
1516 474 1563 519 et
1585 466 1637 518 in
1668 464 1876 518 laudem
1900 462 1997 516 Dei

1084 541 1155 596 15
1229 535 1411 592 Grates
1438 538 1686 610 rependat
1718 536 1935 591 debitas.

1227 630 1431 687 Prrcsm
1463 630 1624 686 Pater
1655 629 1930 701 piissime,
1960 636 2066 685 etc.

1478 722 2051 869 Hyttmusvitlttllulitms.

1546 890 1638 954 (Ex
1665 889 1799 940 Liln‘.
1833 887 1960 953 vet.)

1226 975 1308 1032 Tu
1335 975 1616 1031 Trinitatis
1645 974 1840 1040 unitas,

1229 1048 1427 1104 Orbem
1462 1056 1714 1116 potenter
1745 1047 1834 1116 qui
1862 1045 2028 1116 regis,

1229 1119 1461 1194 Attende
1495 1119 1713 1194 laudum
1739 1121 1988 1194 cantica,

1230 1192 1362 1260 Quae
1392 1191 1728 1247 excubantes
1758 1190 2058 1261 psallimus.

33 280 182 337 17⁸1

17 395 212 451 )culi
249 411 536 454 somnum
559 396 774 464 capiant

18 465 140 521 lor
175 470 270 523 ad
317 477 386 526 te
416 484 630 539 semper
654 469 857 537 vigilet,

17 539 328 595 )extera
375 552 463 596 tua
494 548 744 611 protegat

17 611 366 668 Famulus
395 613 484 684 qui
511 623 564 668 te
593 613 844 682 diligunt.

17 703 375 760 Defensor
397 714 581 761 noster
612 705 818 774 aspice,

17 775 435 848 insidiantes
466 777 724 848 reprime.

17 847 366 904 Guberna
399 847 778 906 tuos’l‘amulos

17 919 215 987 Quos
256 923 543 992 sanguine
575 929 844 976 mercatus
866 934 944 976 es.

17 1011 376 1070 Memento
404 1014 576 1070 nostri
595 1060 609 1084 ,
647 1014 897 1081 Domine,

17 1084 92 1158 l_n
136 1089 346 1155 gravi
381 1087 486 1141 isto
511 1102 765 1158 corpore,

17 1155 156 1223 Qui
200 1173 285 1213 es
325 1157 584 1214 defensor
608 1155 822 1226 animas,

18 1228 306 1286 Adesto
340 1229 517 1301 nobis,
534 1230 783 1286 Domine.

2355 389 2622 462 Prteitque
2651 390 2815 445 solem
2844 391 3077 453 nuntius,

2354 461 2559 517 Cadunt
2588 462 2806 518 tenebra:
2829 463 3078 525 noctium,

2351 534 2472 590 Lua:
2495 546 2674 590 sancta
2700 551 2793 589 nos
2825 533 3102 588 illuminet.

2351 627 2555 684 Pr:.usta
2582 627 2745 684 Pater
2774 627 3035 698 piissime,
3068 637 3175 681 etc.

2813 741 2951 796 VIII.

2604 838 2843 909 Hymnus
2869 835 3176 890 matutinus.

2354 930 2595 986 JEternre
2627 932 2762 986 lucis
2788 931 3059 996 conditor,

2353 1003 2466 1058 Lux
2492 1005 2604 1072 ipse
2635 1017 2778 1058 tatus
2804 1011 2853 1056 et
2878 1002 3017 1066 dies,

2353 1071 2575 1129 Noctent
2610 1091 2712 1130 nec
2742 1074 2904 1129 ullam
2935 1071 3198 1139 sentiens,

2352 1147 2551 1201 Natura
2580 1147 2720 1202 lucis
2749 1145 2980 1216 perpeti.

2354 1237 2472 1295 Jam
2495 1238 2636 1293 cedit
2660 1238 2871 1306 pallens
2903 1237 3149 1308 proximo
3365 1234 3399 1287 ὃ

2206 535 2278 592 9.0

1079 921 1151 978 20

601 1323 688 1379 VI.

283 1415 528 1489 Hymnus
554 1418 623 1472 ad
650 1416 988 1472 Matutinum.

427 1509 522 1575 (Ex
548 1510 682 1561 Libr.
715 1511 840 1574 vet.)

34 1594 85 1652 S
99 1611 351 1652 nminat
384 1597 526 1653 Deus
557 1597 888 1663 clementiae,

37 1669 403 1738 Mundique
447 1668 624 1724 factor
653 1669 937 1738 machinae,

47 1739 97 1796 U
113 1757 245 1795 nus
295 1741 673 1812 potentialiter

43 1812 99 1867 Τ
106 1816 417 1884 rinusque
448 1813 834 1883 personaliter.

42 1907 331 1965 Nostros
356 1909 474 1978 pius
506 1925 628 1964 cum
658 1909 888 1965 canticis
1124 1910 1156 1965 5

50 1981 287 2036 Fletus
313 1980 551 2051 benigne
573 1982 813 2051 suscipe,

49 2052 203 2120 Quo
236 2052 420 2108 corde
445 2055 605 2124 pluro
627 2053 880 2109 sordibus

55 2124 153 2180 Te
199 2125 569 2195 perfruamur
599 2125 828 2196 largius.

59 2218 349 2274 Lumbos
375 2217 644 2290 jecurque
667 2217 974 2274 morbidum

63 2290 287 2346 Adure
314 2291 436 2358 igne
458 2306 702 2359 congruo

64 2363 352 2434 Aecincti
376 2372 434 2417 ut
455 2363 564 2418 sint
596 2363 862 2434 perpetim

67 2433 259 2490 Luxu
296 2443 515 2490 remoto
538 2435 795 2505 pessimo.

71 2527 154 2583 Ut
187 2527 405 2598 quique
428 2527 592 2582 horas
629 2527 866 2583 noctium

72 2598 255 2654 Nunc
287 2600 635 2655 concinendo
662 2603 985 2671 rumpimus,

79 2672 273 2727 Donis
303 2671 477 2726 beata:
502 2673 690 2742 patria:

80 2743 358 2801 Ditemur
388 2759 578 2799 omnes
609 2742 831 2798 affatim.

225 2837 488 2910 Ejusdem
513 2836 691 2909 hymni
711 2839 817 2891 alia
837 2838 1005 2894 lectio.

415 2931 510 2998 (Ex
533 2933 680 2983 Brev.
709 2931 874 2996 Rom.)

87 3019 350 3076 Summae
378 3034 575 3090 parens
606 3018 911 3075 clementiae
929 3063 942 3087 ,

89 3091 292 3147 Mundi
327 3090 466 3162 regis
495 3093 586 3162 qui
619 3092 951 3159 machinam,

94 3162 282 3219 Unius
307 3172 358 3219 et
390 3163 710 3218 substantia:

92 3234 422 3306 Trittusque
453 3237 700 3305 personis
725 3235 884 3291 Deus.

92 3329 343 3385 Nostros
365 3331 486 3400 pius
514 3346 638 3385 cum
668 3331 893 3385 canticis

89 3401 301 3473 Fletus
333 3403 564 3473 benigne
593 3404 829 3472 suscipe,

88 3472 166 3528 Ut
195 3474 377 3529 corde
406 3472 541 3540 puro
563 3475 806 3530 sordium

89 3545 174 3601 Te
197 3547 552 3616 perfruamur
581 3546 799 3617 largius.

95 3638 372 3711 [.urnbos,
395 3639 652 3711 jecurque
681 3640 989 3697 morbidum

96 3709 195 3766 Fla
211 3713 370 3765 tumis
392 3709 861 3782 adure'congt-uis,

98 3782 354 3838 AccinCti
391 3793 451 3837 ut
481 3793 630 3839 artus
652 3786 925 3840 excubent

101 3853 268 3909 Luxu
291 3864 502 3910 remoto
522 3855 780 3926 pessimo.

103 3949 449 4018 Quicumque
487 3959 546 4004 ut
569 3949 731 4004 horas
763 3950 1028 4017 noctium,

106 4021 266 4076 Nunc
284 4021 624 4076 concineudo
655 4024 976 4092 rumpimus,

114 4094 355 4148 Ditemur
379 4108 566 4148 omnes
599 4092 804 4148 affatim

115 4165 286 4224 Donis
318 4164 489 4221 beata:
517 4167 725 4236 patriae.

1088 2292 1154 2345 10

1085 2673 1152 2727 15

1084 3713 1152 3769 10

1093 4094 1158 4148 15

113 4308 206 4364 Da
234 4309 466 4365 dextram
495 4311 843 4384 surgentibus,

1231 1286 1364 1342 Nam
1390 1287 1586 1341 lectulo
1614 1285 2016 1355 consurgimus,
2246 1283 2280 1339 5

1230 1358 1418 1414 Nectis
1447 1359 1628 1429 quieto
1656 1366 1924 1426 tempore,

1233 1430 1305 1487 Ut
1325 1430 1629 1501 ﬂagitamus
1652 1429 1936 1484 vulnerum

1235 1505 1275 1557 A
1309 1514 1364 1559 te
1387 1502 1656 1558 medelam
1690 1501 1953 1556 omnium.

1232 1596 1350 1663 Quo
1375 1595 1560 1652 fraude
1580 1593 1834 1666 quicquid
1857 1593 2166 1647 daemonum

1231 1662 1287 1722 In
1320 1669 1571 1722 noctibus
1598 1662 1949 1736 deliquimus,
2207 1662 2275 1719 10

1231 1741 1522 1811 Abstergat
1550 1739 1692 1811 illud
1711 1737 1925 1793 coalitus

1231 1812 1360 1867 Tua:
1385 1810 1622 1882 petestas
1651 1810 1856 1881 gloriae.

1229 1903 1307 1960 Ne
1337 1920 1535 1975 corpus
1562 1903 1705 1960 adsit
1733 1901 2034 1968 sordidum,

1229 1977 1339 2032 Nec
1370 1989 1554 2047 torpor
1583 1978 1745 2032 instet
1782 1975 2055 2040 cordiuut,

1231 2049 1308 2104 Ne
1346 2045 1591 2104 criminis
1620 2048 1871 2116 contagio
2209 2045 2276 2100 15

1229 2121 1495 2191 Tepeseat
1527 2121 1690 2174 ardor
1719 2120 1962 2191 spiritus.

1229 2213 1313 2269 01)
1345 2215 1466 2280 hoc,
1495 2215 1840 2284 Redemptor,
1859 2227 2170 2285 quaesumus

1228 2286 1397 2355 Reple
1431 2296 1520 2341 ttto
1549 2303 1648 2343 nos
1675 2286 1902 2342 lumine.

1230 2359 1333 2430 ller
1352 2359 1493 2430 quod
1518 2360 1729 2414 dierum
1763 2358 1986 2415 circulis

1228 2429 1400 2486 Nullis
1430 2447 1651 2487 ruamus
1671 2430 1902 2487 actibus.

1375 2524 1625 2599 Ejusdem
1653 2527 1830 2598 hymni
1856 2526 1961 2580 alia
1993 2525 2163 2580 lectio.

1534 2619 1621 2682 (Ex
1642 2620 1789 2670 Brev.
1807 2619 1972 2681 Rom.)

2203 2429 2275 2484 20

1231 2706 1310 2762 Ttt
1341 2706 1626 2761 Trinitatis
1656 2706 1854 2770 unitas,

1230 2778 1431 2834 Orbem
1466 2790 1714 2847 potenter
1735 2793 1855 2848 quze
1884 2778 2046 2849 regis,

1233 2851 1464 2907 Attende
1492 2851 1664 2905 laudis
1695 2850 1987 2917 canticum,

1231 2924 1387 2990 Quod
1413 2923 1747 2978 excubantes
1775 2922 2078 2992 psallimus.

1231 3016 1363 3071 Nam
1393 3017 1590 3072 lcetulo
1611 3016 1990 3085 consurgimus

1230 3089 1412 3144 Noctis
1435 3091 1620 3159 quieto
1648 3097 1912 3157 tempore,

1234 3160 1299 3216 Ut
1330 3163 1633 3231 llagitemus
1664 3160 1904 3214 omnium

1231 3232 1276 3286 A
1300 3245 1348 3286 te
1374 3233 1636 3287 medelam
1669 3233 1974 3287 vulnerum.

1229 3330 1350 3398 Quo
1383 3328 1573 3384 fraude
1601 3328 1854 3400 quicqttid
1883 3328 2190 3385 daemonum

1231 3402 1286 3456 lu
1323 3402 1572 3457 noctibus
1603 3399 1953 3469 deliquimus,

1232 3475 1522 3541 Abstergat
1553 3472 1679 3526 illud
1711 3469 1925 3527 caelitus

1232 3545 1363 3602 Tute
1397 3552 1635 3616 potestas
1676 3543 1882 3613 glorite.

1232 3640 1308 3696 Ne
1329 3654 1528 3710 corpus
1551 3637 1727 3710 adstet
1756 3635 2062 3710 sordidum,

1234 3712 1344 3768 Nec
1368 3708 1554 3780 torpor
1569 3709 1732 3764 instet
1752 3708 2018 3777 cet-dium,

1230 3784 1336 3839 Nec
1358 3781 1604 3837 criminis
1630 3780 1880 3848 contagio

1229 3855 1495 3926 Tepescat
1527 3852 1688 3906 ardor
1715 3851 1956 3921 spiritus.

1227 3949 1308 4002 01)
1333 3949 1454 4015 hoc,
1476 3947 1828 4013 Redemptor,
1859 3961 2168 4016 quaesumus

1231 4019 1399 4090 Reple
1423 4031 1514 4072 tuo
1532 4035 1629 4073 nos
1658 4019 1881 4081 lumine,

1231 4090 1332 4145 Per
1355 4091 1495 4160 quod
1529 4091 1736 4146 dierum
1771 4090 1991 4144 circulis

1231 4163 1400 4218 Nullis
1423 4178 1642 4217 ruamus
1664 4164 1896 4217 actibus.

2247 3016 2274 3044 τυ

2243 3039 2276 3068 ι)

2209 3402 2277 3456 10

2212 3779 2278 3832 1ῖὶ

2208 4161 2277 4215 20

1236 4308 1390 4363 Ortus
1428 4308 1645 4378 refulget
1675 4307 1886 4378 Lucifer

2356 1311 2469 1367 Diei
2500 1325 2606 1365 nox
2635 1310 2916 1375 adventui,

2353 1381 2666 1438 Obtundens
2700 1381 2879 1436 lumen
2908 1380 3148 1436 siderum

2353 1453 2524 1510 Adest
2545 1461 2601 1508 et
2628 1454 2810 1508 clarus
2838 1452 3073 1508 Lucifer.

2352 1549 2470 1604 Jatn
2504 1555 2679 1602 strato
2703 1546 2828 1600 lecti
2851 1545 3151 1616 surgimus,

2353 1620 2549 1676 Grates
2578 1627 2838 1672 canentes
2865 1626 2920 1671 et
2946 1627 3088 1680 tuas,

2348 1691 2502 1760 Quod
2531 1705 2732 1745 caecam
2762 1699 2979 1744 noctem
3002 1687 3214 1760 vicerit,

2349 1759 2652 1818 ltevectans
2673 1776 2867 1816 rursus
2889 1760 2972 1815 sol
2997 1759 3164 1814 diem.

2350 1858 2426 1913 Te
2448 1870 2590 1911 nunc
2613 1871 2712 1910 nec
2737 1853 2920 1909 carnis
2945 1851 3168 1924 gaudio,

2349 1928 2570 1984 Blandis
2602 1931 2902 1997 subrepant
2931 1922 3189 1988 tristibus;

2351 2002 2496 2056 Dolis
2520 2015 2620 2055 nec
2649 1991 2807 2054 cedat
2833 1997 3020 2052 saeculi
3331 1991 3402 2048 15

2349 2073 2500 2129 Mens
2533 2080 2742 2137 nostra,
2766 2079 2976 2136 sancte,
3001 2079 3339 2138 quaesumus.

2351 2167 2436 2221 Ira
2464 2179 2566 2222 nec
2588 2165 2734 2219 rixas
2766 2171 3054 2232 provocet,
3168 2183 3190 2227 ,-

2350 2238 2486 2296 Gula
2520 2252 2622 2294 nec
2647 2243 2898 2291 ventrem
2938 2235 3150 2297 incitet,

2349 2311 2521 2380 Opum
2545 2317 2824 2380 pervertat
2850 2321 2949 2360 nec
2976 2306 3149 2359 iantes
3168 2345 3184 2371 ,

2349 2379 2546 2453 Turpis
2578 2395 2678 2436 nec
2705 2379 2865 2434 luxus
2893 2384 3144 2448 occupet.

2349 2477 2456 2533 Sed
2479 2479 2631 2530 firma
2663 2482 2843 2528 mente
2865 2471 3059 2537 sobrii,

2350 2550 2513 2602 Casm
2555 2556 2838 2600 manentes
2866 2557 3121 2613 corpore,

2355 2621 2489 2676 Toto
2523 2619 2667 2674 lideli
2700 2616 2928 2686 Spiritu,

2351 2692 2591 2760 Christe,
2613 2684 2876 2746 ducamus
2905 2689 3051 2742 hunc
3081 2684 3248 2740 diem.

2837 2805 2929 2862 IX.

2586 2903 2823 2976 Hymnus
2851 2901 2918 2955 ad
2947 2900 3182 2956 Sextum.

2355 3001 2476 3058 Jam
2508 3009 2659 3055 sexta
2686 2997 2892 3053 sensim
2917 2994 3147 3048 solvitur

2351 3074 2458 3129 Ter
2482 3073 2622 3127 binis
2658 3071 2788 3125 liora
2811 3067 3084 3131 cursibus,

2353 3147 2584 3215 Diesque
2609 3150 2812 3212 puncto
2845 3137 3097 3215 :rquabili

2351 3207 2648 3285 Utramque
2673 3220 2888 3267 noctem
2915 3207 3166 3278 respicit.

2353 3310 2566 3375 Venite,
2596 3305 2740 3360 servi
2773 3302 3077 3375 supplices,
3372 3302 3406 3352 5

2353 3382 2531 3437 Mente
2557 3389 2610 3434 et
2641 3393 2737 3432 ore
2765 3374 3015 3430 extollite

2354 3453 2542 3523 Dignis
2576 3454 2791 3523 beatum
2832 3445 3082 3523 laudibus

2352 3516 2559 3580 Nomen
2597 3521 2687 3574 Dei
2718 3532 2839 3572 cmn
2868 3516 3101 3568 cantico.

2353 3617 2467 3672 Hoc
2489 3627 2723 3680 namque
2749 3619 2963 3676 tempus
2994 3606 3124 3660 illttd
3147 3614 3250 3670 est,

2352 3688 2505 3756 Quod
2535 3679 2856 3756 smeulorum
2883 3679 3120 3756 judicent

2354 3751 2571 3827 imusne
2602 3755 2758 3809 morti
2793 3751 3017 3827 tradidit

2352 3825 2660 3886 Merlalium
2687 3825 2979 3880 setttettlia.

2349 3922 2482 3979 Cum
2510 3921 2589 3976 sol
2613 3927 2838 3988 repente
2867 3915 3090 3988 territus
3111 3953 3124 3977 ,

2356 3998 2594 4049 llorrore
2621 3987 2752 4046 tanti
2779 3987 3046 4051 criminis,

2353 4067 2579 4122 Mortem
2606 4064 2843 4116 minatur
2873 4059 3096 4124 szeculo,

2351 4139 2502 4194 Diem
2529 4133 2726 4204 refugit
2754 4131 3002 4201 impium.

2353 4233 2467 4287 lloe
2493 4240 2548 4285 et
2579 4231 2771 4284 beatus
2800 4236 3045 4293 tempore

2355 4302 2698 4361 Abraltatuus
2721 4297 2953 4352 fideliter

3335 1614 3401 1668 10

3330 2370 3406 2429 20

3333 3675 3401 3730 10

3332 4050 3400 4105 iii

189 4405 278 4461 γι.
300 4436 371 4446 —
399 4406 694 4474 Breviaria,
727 4423 847 4477 qua:
875 4405 1194 4462 Matutinum
1247 4403 1590 4477 cautionibus
1621 4418 1709 4457 or-
1739 4407 1792 4466 Α
1886 4400 1979 4477 ΙΧ.
2003 4431 2075 4477 —_—
2122 4399 2342 4477 Reperit
2377 4396 2711 4477 Tlletttasiits
2775 4392 3035 4477 hymnum
3067 4387 3120 4442 in
3153 4401 3414 4477 ms.___t'e:

118 4489 268 4543 nattt,
299 4493 517 4533 carmen
552 4475 874 4548 praecedens
901 4479 1140 4534 Sabbato
1186 4478 1482 4548 assignant.
1545 4475 1704 4548 Brev.

120 4550 273 4605 Rom.
323 4559 582 4618 praeterea
615 4550 750 4604 festo
799 4552 855 4604 S.
896 4550 1175 4604 Trinitatis
1219 4564 1416 4604 cauere
1455 4548 1612 4613 jubet
1641 4547 1706 4599 ad

121 4617 437 4678 Matutinum
461 4622 753 4688 strophas,-
777 4637 909 4691 quas
941 4621 1259 4689 majusculis
1292 4619 1488 4676 litteris
1514 4617 1707 4691 excudi

124 4694 444 4750 curavimus.
468 4692 670 4749 Versus
705 4689 1080 4747 Dadexteram
1112 4703 1196 4746 est
1226 4693 1445 4758 hymni:
1491 4689 1711 4742 .IEtertm

126 4766 233 4838 caeli
263 4766 448 4838 gloria.
485 4795 557 4806 -—
598 4767 650 4820 1.
683 4766 862 4838 Cass.,
895 4780 1182 4838 summa...

126 4834 294 4909 Cassi,
329 4837 597 4909 benignus.
621 4839 792 4892 -11.
825 4835 1013 4909 Fabr.,
1047 4837 1304 4888 accinctus
1328 4842 1380 4886 ut
1410 4834 1529 4909 sint.

200 4908 308 4964 VII.
340 4939 410 4950 -—
435 4903 699 4966 Cantatur
721 4907 1021 4963 secundum
1053 4916 1387 4976 pra-ceptum
1417 4905 1577 4958 Brev.
1605 4903 1711 4956 Ro-

129 4983 265 5036 mani
315 4980 450 5035 feria
476 4990 627 5036 sexta
659 4981 725 5036 ad
755 4981 1125 5044 Nocturnum;
1178 4978 1284 5033 duo
1311 4976 1559 5032 versiculi
1599 4993 1710 5028 nta-

130 5054 326 5123 jnribus
350 5053 548 5108 litteris
577 5052 834 5120 descripti
870 5052 1146 5106 Dominica
1177 5048 1467 5123 Trinitatis
1501 5050 1566 5100 ad
1599 5047 1711 5100 lau-

135 5120 242 5181 des.
265 5125 494 5180 Versus:
532 5124 688 5178 Ortus
715 5124 934 5194 refulget
967 5121 1383 5194 lucifer-etipse
1417 5120 1712 5194 depromp-

137 5205 215 5251 tus
238 5209 315 5253 est
351 5214 418 5253 ex
451 5199 654 5269 hymno
671 5214 715 5269 :__
737 5191 974 5269 xEterna
989 5191 1102 5269 caeli
1120 5191 1317 5269 gloria.
1347 5221 1419 5232 —-
1440 5191 1709 5269 4_.__'(_Iass_;,

139 5271 464 5326 concinentes.
488 5261 560 5309 ἷ-
586 5268 637 5322 5.
672 5265 789 5321 Non
813 5265 1069 5321 oblivioni
1100 5261 1336 5319 dandum
1364 5273 1447 5317 est
1467 5261 1707 5330 Wimpll.

140 5340 420 5412 ingenium,
444 5341 606 5394 lectus
634 5340 827 5393 dicitur
853 5338 921 5390 ab
945 5336 1117 5412 electis
1135 5344 1181 5390 et
1203 5334 1526 5412 mollioribus
1543 5334 1714 5412 [tertiis

139 5406 278 5491 super
303 5430 429 5484 quas
459 5412 669 5491 antiqui
696 5411 1098 5491 requiescebant.
1121 5438 1195 5491 :—
1218 5408 1275 5491 8.
1301 5406 1452 5460 Cass.
1478 5447 1492 5472 ,

141 5479 325 5547 Fabr,
355 5479 601 5539 medelas.
625 5511 698 5525 —-
723 5479 1017 5545 10.'Cass.,
1047 5479 1414 5550 delinquimus.

209 5546 412 5612 Vlll.—
431 5556 792 5610 Thomasius:
821 5554 881 5610 S.
911 5546 1284 5607 Ambrosii'ex
1315 5565 1418 5604 ms.
1448 5547 1548 5614 Rg.
1574 5546 1710 5600 Sue-

143 5628 230 5684 cire
258 5637 309 5684 et
334 5628 493 5682 Brev.
526 5625 868 5681 Mozarabum
909 5623 1008 5679 fer.
1042 5640 1092 5679 vt
1139 5633 1260 5694 post
1291 5619 1559 5677 Dominic.
1594 5619 1618 5672 1
1655 5620 1707 5694 in

143 5699 566 5770 Quadragesima.
595 5697 818 5754 Accedit
843 5697 968 5753 cod.
994 5696 1054 5751 Ο.
1085 5693 1157 5737 -ὲ
1174 5697 1335 5770 2.0.,
1359 5694 1631 5770 solus_._—
1652 5693 1706 5745 4.

146 5763 222 5841 6.,
269 5763 491 5844 per'pete,
521 5800 593 5810 -
616 5772 668 5844 5.
699 5770 789 5836 0.,
819 5770 980 5824 cedet.
1009 5771 1198 5844 —_t_:-;,
1222 5768 1315 5844 te,
1341 5766 1454 5844 ῃ..
1486 5763 1706 5827 Tltom.,

151 5839 218 5900 ne.
239 5839 302 5887 —'—
333 5839 419 5904 l8.
447 5842 539 5914 0.,
566 5843 737 5915 gulam
771 5853 964 5899 venter.
991 5870 1062 5882 —
1090 5839 1182 5897 24.

1194 4806 1207 4818 .
1239 4762 1524 4816 clementia.
1549 4791 1620 4801 —-
1651 4760 1704 4814 6.

1214 5837 1305 5905 0.,
1331 5837 1558 5893 Clu-isto.

1821 4475 2124 4528 iustissimo
2147 4467 2350 4541 regime
2375 4470 2608 4524 Sueciar.
2637 4467 3111 4541 Ctittttttetn_tit'at_ur
3142 4469 3411 4541 praeterea

1820 4545 1870 4599 in
1898 4546 2081 4616 regula
2117 4531 2392 4616 Aureliani
2421 4539 2667 4616 episcopi
2695 4549 2872 4616 neque
2894 4533 3240 4616 (iasideratur
3265 4531 3410 4616 apud

1819 4603 2210 4671 Cassandrum.
2241 4603 2472 4668 Notatur
2499 4603 2661 4666 etiam
2694 4609 2746 4660 in
2771 4604 3028 4673 Ellingeri
3063 4603 3186 4656 libri
3229 4603 3412 4673 tertio,

1818 4687 1940 4741 XXI
1959 4732 1972 4754 ,
2003 4689 2220 4741 nomine
2247 4687 2490 4756 Hymnus
2520 4681 2589 4756 ad
2610 4681 2837 4756 “Sestum
2857 4672 2934 4756 .iu’
2964 4672 3411 4756 Quadragesima.

1819 4788 1889 4798 —
1916 4747 1970 4813 5.
1995 4759 2190 4812 Thom.
2221 4747 2427 4823 a’q'uali.
2471 4784 2539 4793 —
2695 4748 2958 4823 Quoniam
2991 4747 3413 4823 siguutnltovis-

1819 4829 1942 4883 simi
1975 4828 2236 4898 temporis
2265 4813 2370 4882 erit
2395 4813 2970 4898 obscuratio'solis._-—:-
2985 4813 3170 4898 41-29.
3204 4813 3414 4898 Desunt

1823 4902 1873 4953 in
1898 4884 2202 4956 Cassatidro
2222 4909 2277 4952 et
2298 4897 2561 4965 Ellittgeri
2587 4893 2759 4949 libris.
2789 4884 3409 4965 ~18._Tltottt.,_.ti_l_tra-

1821 4972 1961 5026 liam.
1993 5002 2062 5012 —-
2094 4972 2179 5026 19.
2215 4970 2411 5025 Thom.
2443 4957 2846 5042 alureperitus.
2869 4957 3052 5042 -1ηξ1,
3079 4957 3416 5042 2.0..Pell‘tar-

1824 5056 1907 5096 tus
1940 5045 2190 5098 l’omoer.
2231 5043 2412 5097 Serm.
2446 5027 2754 5111 de'Trinit.
2791 5051 2858 5088 tt:
2920 5050 2937 5081 ‹
2977 5027 3275 5111 Τιξι-ιίο-Ιρχ
3301 5027 3418 5111 Mo-

1824 5115 1968 5169 saica
1998 5114 2238 5169 ostendit
2258 5115 2577 5169 Trinitatem
2598 5108 2892 5181 revelatam
2917 5100 3244 5181 patriarc'ltis
3267 5099 3408 5181 mul-

1823 5187 1991 5255 tiplici
2027 5187 2464 5255 praesiguatimie.
2510 5185 2691 5255 Primo
2727 5179 2889 5255 Abra;
2931 5171 3074 5242 qttod
3118 5171 3247 5225 vidit
3290 5177 3406 5255 tres

1821 5242 2047 5328 θδὲθίοέ
2075 5259 2126 5311 ill
2155 5242 2380 5327 pet'sUna
2411 5255 2623 5328 Domini
2651 5247 3082 5328 descendentes:
3139 5242 3412 5328 tres‘vidit

1821 5310 1876 5384 et
1896 5310 2508 5386 iiiititttiaditravitdtem
2531 5327 2681 5381 Isaac
2707 5331 2788 5374 ter
2808 5317 2977 5373 Jacob
3002 5313 3302 5386 benedigit,
3322 5310 3414 5366 Ja-

1534 5383 1708 5468 adtet
1748 5402 1789 5461 Β
1818 5383 1921 5456 colt
1941 5383 2081 5456 vidit
2101 5383 2300 5456 scalam
2327 5383 2485 5455 trium
2506 5395 2793 5472 graduum,
2813 5399 2930 5469 eus.-
2946 5406 2965 5438 ι
3186 5383 3410 5472 Thurii;

1824 5455 1842 5523 ἆ
1884 5455 2150 5529 Eratalia
2172 5455 2332 5528 manu
2360 5473 2412 5527 in
2445 5455 2652 5534 codice,
2679 5463 2831 5539 cujus
2856 5460 3064 5539 priores
3093 5457 3287 5539 litterae
3315 5455 3413 5509 ob-

1817 5547 2112 5614 solverant,
2138 5547 2404 5601 indicatus
2433 5531 2884 5614 Pattlus‘,‘deﬂquo
2917 5531 3004 5582 hic
3034 5538 3118 5582 est
3144 5543 3348 5582 sermo.
3383 5544 3403 5614 ξ

1816 5647 1887 5657 —-
1911 5619 1992 5672 l7.
2025 5606 2149 5685 Tlt'.,
2181 5626 2226 5670 et
2257 5633 2366 5669 nos.
2398 5643 2471 5654 —-
2505 5613 2598 5674 ‘21,
2619 5609 2710 5664 ‘22.
2745 5606 2922 5685 03355.,
2972 5613 3407 5685 unutnmrog‘emus

1817 5671 1932 5745 cum
1953 5671 2149 5756 Patre;
2167 5687 2450 5741 Dominum
2477 5671 2744 5756 regemque
2773 5675 2990 5731 Filium.
3014 5701 3086 5713 -
3115 5671 3197 5728 i6.
3229 5671 3414 5738 0355.,

1819 5773 2045 5831 peracto.
2074 5790 2146 5802 —
2171 5758 2261 5814 9.7.
2287 5758 2391 5826 ld.,
2423 5757 2515 5812 sub
2535 5759 2652 5811 isto.
