3980 6384
232 660 495 847 AD
646 658 1370 953 OPERA
1443 659 2236 953 salvari
2338 661 3374 851 AMBROSII
3524 946 3541 953 _

1316 940 2290 1052 APPENDIX.

2275 1153 2585 1163 —_._..—.—.——._.

1122 1128 2272 1183 *ψ

1392 1292 1702 1383 PARS
1792 1295 2199 1385 PRIOR.

603 1442 1112 1503 COMPLECTENS
1150 1446 1387 1503 OPERA
1423 1448 1473 1502 A
1509 1446 2002 1506 BENEDICTINIS
2039 1450 2111 1507 IN
2149 1448 2284 1507 SUA
2320 1450 2655 1510 EDITIONE
2695 1453 2999 1511 ADMISSA

916 1690 1019 1758 IN
1054 1690 1380 1759 LIBRUM
1428 1691 2116 1772 SUBSEQUENTEM
2157 1694 2661 1765 ADMONITIO.

220 1944 440 2002 Huncce
472 1953 770 2003 tractatum
808 1946 1043 2003 Romani
1071 1945 1312 2003 editores
1340 1944 1506 2019 primi
1551 1945 1867 2019 vulgarunt.
1899 1946 2018 2015 Qua
2047 1963 2178 2004 vero
2226 1948 2282 2003 id
2329 1949 2563 2006 fecerint
2592 1951 2938 2018 auctoritate,
2982 1966 3052 2007 an
3095 1968 3207 2007 uno
3256 1953 3443 2025 pluri-

157 2032 315 2089 busve
342 2031 632 2090 codicibus
663 2031 806 2102 nixi,
838 2041 894 2090 et
938 2050 1128 2090 rursus
1177 2050 1247 2090 an
1277 2035 1457 2106 prisca
1497 2035 1775 2091 recentive
1806 2050 1973 2091 manu
2002 2036 2260 2105 exaratis,
2295 2036 2589 2093 admonere
2631 2037 3078 2110 supersederunt.
3116 2040 3226 2095 Nos
3253 2056 3321 2096 ne
3355 2042 3440 2097 vel

156 2120 372 2177 unicum
427 2121 869 2194 manuscriptum
910 2139 1141 2196 usquam
1186 2122 1532 2179 deteximus:
1574 2121 1943 2179 nihilominus
1988 2132 2171 2181 tamen
2201 2125 2391 2181 eadem
2436 2126 2554 2183 haec
2598 2127 2777 2199 opella
2830 2137 3151 2200 argumenta
3203 2129 3444 2201 suggerit

157 2211 348 2285 quibus
375 2210 624 2283 ejusdem
676 2213 983 2286 suppositio
1010 2212 1467 2286 deprehendatur.
1502 2212 1722 2269 Etenim
1762 2221 1823 2269 ut
1849 2214 2169 2270 omittamus
2201 2213 2498 2272 discrimen
2536 2216 2669 2289 styli
2713 2232 2776 2272 ac
2802 2217 3073 2273 tractandi
3114 2219 3440 2290 argumenti,

154 2298 595 2372 discrepantiam,
627 2302 684 2358 in
717 2318 777 2358 ea
814 2301 1134 2374 Josephum,
1171 2302 1426 2374 ascriptis
1455 2301 1627 2373 ipsius
1656 2303 1863 2373 verbis,
1896 2304 2133 2361 subinde
2181 2306 2407 2362 citatum
2449 2306 2691 2379 reperire
2739 2316 2841 2375 est,
2872 2307 3019 2379 quod
3054 2307 3348 2365 abhorrere
3376 2309 3444 2365 ab

154 2389 427 2446 Ambrosii
471 2390 871 2448 consuetudine
909 2391 1132 2465 negabit
1174 2407 1354 2447 nemo.
1390 2390 1494 2447 Sed
1531 2390 1672 2446 illud
1701 2407 1920 2450 omnem
1961 2393 2253 2449 dubitandi
2284 2394 2432 2450 tollit
2477 2395 2767 2464 rationem,
2811 2396 2954 2468 quod
2988 2395 3154 2468 hujus
3180 2389 3445 2453 tractatus

132 2484 363 2549 _Auctor
393 2500 509 2539 non
548 2485 729 2542 solum
760 2484 1012 2558 Origenis
1042 2492 1094 2541 et
1126 2482 1448 2556 Hieronymi
1484 2484 1978 2539 commentationes
2009 2489 2286 2555 utcunque
2309 2490 2391 2539 est
2424 2483 2693 2549 imitatus,
2722 2500 2914 2540 verum
2957 2484 3127 2541 etiam
3160 2502 3271 2541 non
3318 2501 3442 2541 raro

156 2572 378 2644 ipsamet
421 2574 749 2648 Hieronymi
796 2575 963 2631 verba
1005 2575 1313 2647 usurpavit,
1353 2581 1407 2629 et
1440 2573 1590 2629 locos
1618 2570 1870 2644 Origenis
1898 2587 1928 2626 e
1955 2570 2139 2628 Ruﬁni
2186 2573 2548 2628 translatione
2591 2572 2649 2628 id
2677 2574 2941 2645 temporis
2982 2574 3080 2630 vix
3122 2575 3253 2631 dum
3297 2575 3443 2631 edita

154 2662 348 2732 petitos
376 2663 708 2735 exscripsit:
752 2680 872 2736 qua
902 2662 1087 2719 omnia
1131 2679 1232 2719 nos
1276 2661 1344 2718 ad
1375 2664 1647 2734 margines
1676 2659 2064 2718 indicabimus.
2099 2661 2368 2719 Caeterum
2416 2661 2482 2717 de
2512 2663 2751 2719 Auctore
2796 2662 2965 2735 hujus
3002 2664 3183 2736 operis
3211 2665 3443 2720 certiora

156 2751 379 2809 forsitan
411 2753 773 2822 traderemus,
808 2753 915 2809 nisi
960 2752 1065 2810 hoc
1102 2753 1221 2809 loco
1251 2768 1569 2825 cogeremur
1612 2750 1709 2807 uni
1756 2751 2020 2808 Romanas
2049 2749 2284 2805 editioni
2333 2750 2577 2817 credere,
2608 2750 2765 2822 cujus
2809 2752 2945 2809 ﬁdes
2996 2769 3158 2825 quam
3205 2752 3443 2808 sublesta

153 2840 238 2910 sit,
270 2843 358 2898 vel
408 2842 561 2899 solus
590 2850 852 2899 tractatus
879 2843 942 2897 de
978 2843 1169 2899 Trinit.
1204 2849 1250 2896 et
1280 2844 1574 2898 Resurrect.
1608 2841 1770 2897 Mart.
1802 2840 1994 2895 docere
2022 2838 2242 2910 poterit.
2291 2839 2685 2895 Verumtamen
2727 2840 2831 2896 hoc
2861 2840 3042 2912 ipsum
3092 2858 3251 2912 opus,
3281 2842 3441 2914 quale

149 2928 395 3000 habetur,
441 2947 505 2987 ea
552 2932 866 3004 suppeditat
896 2931 1172 2988 rationum
1204 2938 1480 2986 momenta
1508 2930 1654 2986 unde
1695 2945 1805 2986 non
1838 2926 2044 2999 injuria
2074 2927 2212 2983 illud
2253 2927 2599 2984 sermonibus
2640 2928 2708 2986 ad
2747 2930 3009 3001 populum
3059 2930 3262 2986 habitis
3306 2947 3442 2987 con-

151 3027 302 3087 stare,
334 3027 390 3074 et
445 3020 587 3079 forte
612 3021 777 3075 etiam
808 3024 1103 3076 Auctorem
1142 3018 1261 3090 ejus
1304 3018 1635 3075 monachum
1666 3018 1941 3075 exstitisse
1982 3015 2400 3073 subodoremur.
2452 3017 2638 3089 Neque
2686 3034 2815 3075 vero
2851 3018 3015 3075 inviti
3045 3019 3443 3075 adduceremur

154 3108 207 3164 in
237 3107 382 3164 hanc
412 3107 765 3176 sententiam,
786 3116 848 3163 ut
890 3124 1014 3163 eum
1046 3107 1132 3162 sin
1164 3107 1350 3163 minus
1391 3107 1548 3163 Beda;
1577 3124 1639 3165 ac
1668 3108 1874 3165 Rabani
1902 3108 2108 3164 vixisse
2155 3107 2518 3180 temporibus,
2550 3110 2743 3164 saltem
2788 3109 3013 3165 illorum
3055 3110 3325 3166 rationem
3385 3109 3438 3165 in

150 3212 208 3253 eo
233 3196 475 3253 tenuisse
498 3194 896 3263 existimemus,
928 3196 1075 3269 quod
1104 3195 1187 3251 illi
1222 3195 1279 3251 in
1309 3197 1560 3253 eamdem
1602 3199 1883 3255 materiam
1904 3197 2141 3255 scribere
2188 3198 2447 3271 aggressi,
2486 3198 2907 3270 Hieronymum,
2956 3206 3051 3254 aut
3087 3215 3212 3254 eum
3260 3197 3443 3271 potius

150 3287 299 3361 cujus
325 3303 608 3346 sermones
650 3286 813 3343 initio
843 3285 1180 3359 Appendicis
1206 3285 1276 3342 ad
1306 3285 1561 3359 quintum
1602 3286 1842 3359 Opernm
1874 3285 2403 3360 Augustinianorum
2446 3294 2658 3343 tomum
2691 3286 2966 3359 leguntur,
3017 3302 3289 3360 quemque
3328 3302 3438 3342 non

149 3392 312 3449 pauca
337 3394 407 3435 ex
427 3377 663 3451 Origene
689 3385 1001 3435 mutuatum
1031 3386 1246 3436 constat
1273 3377 1472 3451 saepius
1499 3376 1567 3434 ad
1597 3377 1827 3434 verbum
1855 3375 2274 3449 transcripsere.

588 3659 735 3744 DE
800 3655 1027 3741 XLII
1096 3651 1864 3741 MANSIONIBUS
1934 3650 2479 3738 FILIORUM
2549 3584 2983 3737 ISBAIZL.

224 3820 259 3876 1
282 3822 646 3882 Nummorum
665 3822 824 3893 liber,
856 3823 924 3880 de
953 3837 1061 3895 quo
1089 3837 1240 3878 nunc
1260 3819 1425 3877 nobis
1441 3826 1522 3876 est
1536 3835 1736 3880 sermo,
1772 3815 1818 3873 Α
1851 3826 2164 3900 Egyptios,
2195 3825 2558 3900 barbarosque
2599 3826 2837 3899 gerimus
2879 3842 3076 3895 mores,
3125 3835 3312 3883 sancto
3340 3828 3435 3885 Dei

149 3925 280 3971 unus
315 3922 397 3971 est
438 3930 512 3971 ex
542 3913 789 3988 quinque
814 3912 992 3985 Moysi
1021 3911 1198 3968 libris.
1231 3912 1313 3967 Eo
1342 3927 1474 3967 vero
1503 3909 1727 3966 nomine

148 4000 366 4074 legimus
419 4002 708 4076 appellari,
756 3999 1017 4075 quoniam
1064 3999 1375 4056 Israeliticae
1430 3997 1605 4071 plebis
1658 4013 1728 4051 ex

147 4090 376 4165 Βαγρῑο
403 4106 636 4167 egressa:
666 4091 915 4148 virorum
957 4089 1325 4163 perfectorum
1356 4103 1646 4143 numerum
1666 4094 1729 4167 et

147 4166 608 4255 computationem
664 4178 763 4239 Dei
819 4187 1091 4256 praecepto
1147 4177 1411 4236 continet.
1444 4176 1535 4234 Sic
1580 4166 1728 4232 enim

148 4270 313 4344 Moysi
357 4273 579 4332 locutus
607 4280 689 4329 est
709 4274 896 4329 Deus:
969 4294 988 4319 ι
1022 4268 1225 4341 Accipe
1282 4283 1559 4325 summam
1608 4265 1728 4321 uni-

148 4377 303 4420 versae
330 4364 772 4440 congregationis
800 4363 1043 4421 ﬁliorum
1074 4362 1242 4419 Israel
1272 4377 1304 4417 a
1340 4360 1539 4437 viginti
1570 4359 1730 4416 annis

150 4459 198 4508 et
238 4471 416 4528 supra,
466 4472 569 4530 per
619 4455 814 4512 domos
861 4452 1196 4511 familiarum
1233 4452 1501 4525 ipsorum,
1549 4450 1730 4506 omnis

147 4543 414 4614 egrediens
443 4545 515 4602 ad
558 4543 919 4618 praeliandum
949 4543 1007 4598 in
1038 4542 1224 4599 Israel.
1258 4567 1276 4591 ι
1317 4542 1505 4613 Itaque
1544 4540 1727 4596 Domi-

148 4645 241 4689 nus
278 4650 402 4691 cum
450 4634 709 4692 homines
766 4650 798 4690 a
826 4631 1028 4705 viginti
1059 4631 1220 4688 annis
1264 4638 1321 4687 et
1349 4646 1532 4703 supra,
1562 4638 1617 4687 et
1660 4629 1728 4684 ad

152 4721 501 4791 praeliandum
553 4722 783 4780 idoneos
810 4722 1091 4778 numerari
1123 4719 1463 4792 praeceperit,
1495 4719 1727 4775 manife-

147 4816 279 4867 stum
330 4813 481 4887 quod
540 4813 691 4869 viros
765 4812 1040 4885 perfectos
1100 4809 1459 4868 intellexerit.
1512 4810 1562 4864 A
1622 4825 1730 4880 qua

146 4911 346 4958 summa
393 4902 653 4959 mulieres
717 4901 968 4959 femineae
1028 4901 1369 4959 inﬁrmitatis
1424 4898 1725 4968 obstaculo,

147 4986 299 5055 servi,
328 4995 542 5061 utpote,
574 4992 692 5047 vita
722 4991 1079 5065 moribusque
1114 4992 1425 5062 degeneres,
1455 4987 1725 5061 Egyptii,

146 5082 200 5131 ut
251 5077 570 5151 alienigenae
628 5085 683 5135 et
734 5079 974 5149 barbari,
1029 5080 1402 5137 excluduntur
1430 5079 1724 5151 (Origenes,

1835 3918 2048 3975 calculo
2090 3916 2370 3972 numerari
2419 3931 2533 3973 non
2570 3929 2871 3972 meremur.
2920 3917 2982 3971 In
3023 3916 3212 3973 eodem
3243 3917 3439 3974 deinde

1836 4006 1979 4064 libro
2009 4005 2251 4063 ﬁliorum
2301 4003 2467 4061 Israel
2514 4003 2735 4073 itinera,
2767 4004 3155 4076 profectiones,
3188 4008 3439 4062 mansio-

1837 4111 2087 4169 nesquea
2116 4094 2322 4151 finibus
2348 4092 2576 4166 Egypti
2606 4106 2780 4165 usque
2809 4093 2878 4149 ad
2907 4101 3122 4166 tempus
3147 4101 3202 4149 et
3232 4095 3432 4163 locum,

1839 4202 1949 4260 quo
1973 4185 2189 4257 Moyses
2212 4183 2505 4240 defunctus
2533 4190 2638 4252 est,
2662 4182 2920 4238 mandato
2940 4183 3039 4239 Dei
3064 4192 3432 4241 recensentur.

1836 4274 2023 4347 Inquit
2051 4272 2231 4330 enim:
2278 4296 2296 4320 ι
2326 4273 2399 4328 Et
2433 4272 2654 4344 scripsit
2695 4272 2911 4343 Moyses
2939 4271 3306 4343 profectiones
3334 4291 3435 4329 eo-

1837 4380 1960 4420 rum
1981 4371 2035 4420 et
2065 4362 2376 4419 mansiones
2405 4378 2619 4430 eorum,
2641 4377 2739 4433 per
2752 4361 2984 4417 verbum
3014 4362 3237 4418 Domini
3269 4364 3430 4434 (Ibid.

1837 4452 1951 4524 44).
1985 4478 2004 4502 ι
2046 4453 2157 4509 Nec
2211 4467 2342 4507 vero
2396 4451 2516 4507 sine
2544 4466 2707 4506 causa
2754 4450 2931 4521 Moysi
2990 4449 3095 4507 hoc
3140 4451 3375 4506 scribere
3404 4469 3433 4507 a

1835 4542 2074 4598 Domino
2128 4547 2462 4614 praeceptum
2511 4547 2637 4607 est;
2679 4538 2808 4612 quia
2846 4547 3069 4612 propter
3106 4540 3433 4597 instructio-

1837 4646 1963 4687 nem
1992 4638 2234 4687 nostram
2261 4648 2275 4697 ;
2319 4629 2503 4703 inquit
2530 4628 2679 4684 enim
2710 4628 3010 4702 Apostolus
3037 4647 3048 4685 :
3096 4653 3115 4676 ι
3146 4630 3343 4686 Omnia
3371 4630 3429 4684 in

1836 4719 2011 4792 ﬁgura
2055 4719 2449 4790 contingebant
2476 4718 2590 4775 illis
2619 4737 2640 4784 ;
2669 4719 2871 4791 scripta
2926 4726 3055 4774 sunt
3102 4726 3281 4773 autem
3314 4719 3429 4774 haec

1835 4809 1904 4866 sd
1939 4810 2333 4866 correctionem
2370 4817 2611 4865 nostram
2637 4810 2708 4880 (Ι.
2738 4811 2863 4865 Cor.
2892 4824 2951 4874 x,
2983 4807 3128 4877 In,»
3170 4815 3232 4863 ut
3254 4809 3428 4879 legen-

1835 4906 1917 4955 tes
1944 4908 2015 4955 eto
2051 4898 2345 4971 probantes
2382 4905 2586 4971 quanta
2642 4895 2803 4951 nobis
2859 4894 2919 4949 in
2973 4894 3077 4952 hac
3122 4896 3191 4952 ad
3226 4905 3425 4954 terram

1836 4989 2143 5046 viventium
2159 4988 2496 5062 profectione
2515 4985 2839 5043 immineant
2860 4986 3426 5063 discrimina,quantzn

1834 5078 2078 5135 hostium
2135 5077 2372 5143 insidiae,
2403 5076 2674 5131 bellorum
2706 5075 3143 5134 conﬂictationes
3197 5080 3427 5151 spirita-

112 5159 283 5306 tﬁom.
325 5168 351 5223 I
400 5168 457 5223 in
487 5169 649 5225 Num.
681 5184 751 5225 ex
799 5185 941 5227 vers.
991 5169 1168 5240 Ruﬁ).
1203 5168 1316 5224 Soli
1371 5173 1733 5224 numerantur
1759 5182 1805 5243 Β
1835 5167 1995 5236 lium,
2044 5166 2277 5222 marium
2319 5171 2374 5220 et
2403 5163 2718 5233 ﬂuminum,
2750 5165 2945 5221 mundi
2992 5175 3047 5222 et
3076 5168 3421 5239 voluptatum

112 5273 140 5306 ο
190 5255 407 5306 raelitaa-
443 5273 543 5306 nec
576 5258 616 5306 ii
656 5273 888 5306 amnes:
925 5257 1016 5306 sed
1048 5257 1243 5306 mhnm
1270 5262 1484 5306 tantum
1514 5264 1569 5306 et
1598 5256 1723 5306 vir—
1828 5257 2072 5306 pericula
2094 5254 2555 5306 (0ricenes.hom.
2584 5255 2650 5306 27
2683 5255 2739 5306 in
2768 5256 2927 5306 Num.
2959 5271 3030 5306 ex
3068 5271 3209 5306 vers.
3241 5257 3418 5306 Rufi:

97 5255 408 5348 glsraelitaa,
442 5273 543 5315 nec
576 5258 618 5313 ii
656 5273 849 5315 omnes
875 5275 889 5326 ;
925 5257 1019 5314 sed
1048 5257 1243 5315 robore
1270 5262 1485 5312 tantum
1514 5264 1569 5313 et
1598 5256 1723 5311 vir-

94 5346 249 5421 gtute
273 5353 607 5416 praestantes.
651 5347 742 5405 Sic
787 5346 935 5403 enim
964 5348 1228 5421 scriptum
1258 5354 1366 5403 est:
1417 5369 1435 5393 ι
1462 5346 1720 5402 Numera-

94 5414 215 5506 Etio
244 5431 483 5492 ﬁliorum
534 5436 698 5493 Israel
746 5452 872 5495 cum
917 5414 1163 5494 exercitu
1197 5451 1388 5493 eorum
1440 5451 1472 5491 a
1522 5434 1720 5506 viginti

91 5498 291 5610 faunis
342 5533 395 5581 et
447 5542 632 5599 supra,
662 5526 846 5583 omnis
892 5527 1179 5599 egrediens
1232 5525 1301 5583 ad
1357 5522 1720 5598 praeliandum

100 5604 196 5689 Ein
223 5609 404 5682 Israel,
436 5624 541 5673 etc.
577 5617 765 5686 (Num.
796 5634 837 5682 ι,
866 5615 983 5688 45).
1017 5643 1035 5665 ι
1077 5615 1189 5673 Nec
1227 5616 1283 5672 id
1313 5614 1578 5689 mysterio
1615 5632 1722 5672 va-

91 5675 255 5755 Dcat:
295 5716 422 5759 nam
463 5704 594 5762 dum
626 5706 854 5779 puerilis
896 5675 952 5762 et
981 5704 1226 5762 lubricus
1254 5675 1466 5774 sensus,
1515 5705 1601 5763 vel
1633 5706 1723 5762 fe-

145 5785 313 5847 minea
365 5798 421 5848 et
460 5796 700 5852 resoluta
745 5794 1004 5870 segnities
1053 5793 1213 5853 nobis
1270 5794 1431 5864 inest,
1470 5794 1557 5851 vel
1587 5793 1719 5854 dum

82 5842 129 5956 Ξ
260 5884 271 5892 ’
447 5891 688 5953 Pri-nou.
728 5842 905 5956 IIII”.

84 5990 135 6124 ἑ

1828 5257 2072 5330 pericula
2094 5254 2555 5327 (0rigenes,hom.
2584 5255 2650 5311 27
2683 5255 2739 5309 in
2767 5256 2927 5311 Num.
2959 5271 3030 5311 ex
3068 5271 3209 5311 vers.
3241 5257 3420 5323 Buff);

1829 5346 1934 5402 iter
1959 5351 2206 5401 nostrum
2240 5361 2351 5400 non
2383 5344 2639 5417 segniter,
2663 5361 2839 5416 neque
2869 5344 3094 5401 remisse
3115 5362 3419 5416 carpamus,

1829 5452 1939 5510 quo
1965 5435 2177 5491 labente
2206 5434 2318 5503 die,
2358 5434 2415 5491 in
2465 5434 2646 5490 medio
2688 5433 3010 5490 deﬁciamus
3055 5434 3272 5503 itinere,
3314 5451 3424 5492 no—

1828 5525 1932 5582 ctis
1959 5524 2200 5581 tenebris
2242 5524 2451 5581 obruti.
2496 5525 2665 5580 Nocte
2691 5524 2838 5578 enim
2870 5522 3095 5594 [Egypti
3140 5523 3423 5595 primoge‘

1829 5614 1946 5671 uita
1973 5614 2042 5671 ab
2061 5613 2486 5670 exterminatore
2515 5612 2901 5685 percutiuntur
2923 5612 3125 5681 (Exod.
3160 5630 3261 5680 ιιι,
3288 5615 3381 5681 29)
3406 5634 3419 5681 ;

1829 5712 1992 5762 nocte
2034 5700 2185 5761 avari
2231 5702 2415 5759 anima
2457 5701 2650 5758 divitis
2678 5717 2709 5757 a
2740 5700 3083 5759 daemonibus
3120 5701 3425 5773 reposcitur

1832 5794 1976 5869 (Luc.
2007 5811 2110 5864 xu,
2146 5792 2263 5863 20).
2295 5792 2400 5851 Sed
2433 5789 2734 5865 prudenter
2762 5788 2947 5847 itineri
2993 5806 3093 5848 nos
3120 5790 3422 5862 accingen-
3502 5854 3511 5859 _

3141 5888 3169 5953 1

1652 5984 2095 6088 233266
