3980 6390
541 419 605 475 ﬂ
1519 415 1618 471 AD
1655 412 1888 470 OPERA
1927 414 1985 469 S.
2025 411 2360 488 AMBROSII
2398 407 2778 468 APPENDIX.
3759 412 3822 466 l2

539 550 641 611 tes,
693 540 1019 614 fortiterque
1069 540 1138 596 ad
1167 539 1313 596 bella
1351 539 1676 612 praeparati,-
1709 537 1778 594 de
1825 537 2032 594 virtute
2063 536 2131 594 ad
2159 539 2211 598 A
2239 535 2327 592 bis
2353 535 2695 603 immundus,
2717 549 2831 591 non
2858 532 3158 591 comedetis
3175 548 3246 590 ex
3264 548 3330 590 eo
3353 549 3366 588 :
3397 540 3454 589 at
3472 549 3616 591 anno
3636 543 3826 608 quarto

539 629 802 686 virtutem
825 635 1188 697 transeamus,
1217 636 1272 685 et
1309 628 1581 686 Dominus
1608 629 1752 684 Deus
1781 634 1970 684 noster
1997 643 2132 700 prte-

535 719 694 778 cedat
721 735 822 776 nos
853 727 979 776 ante
1002 717 1199 776 faciem
1251 725 1516 784 nostram,
1549 715 1830 773 debellans
1875 716 2132 773 inimicos

536 817 774 877 nostros,
807 817 1140 882 portansque
1168 824 1286 875 nos,
1319 815 1383 864 ut
1412 813 1584 862 mater
1612 805 1790 862 ﬁlium
1838 821 2020 872 suum,
2069 821 2132 862 ac

535 900 743 956 ducens
772 915 872 955 nos
902 898 960 956 in
999 898 1090 954 die
1136 915 1232 971 per
1260 898 1487 966 nubem,
1519 904 1574 953 et
1600 905 1761 952 nocte
1798 913 1896 969 per
1923 895 2128 968 ignem,

534 1004 599 1054 ut
625 996 849 1054 tandem
877 994 1152 1069 superatis
1197 995 1512 1067 quibusque
1539 992 1585 1048 2
1625 993 1840 1049 itineris
1881 993 2131 1049 difﬁcul-

534 1087 760 1156 tatibus,
802 1087 1351 1159 adversariarumque
1401 1085 1720 1142 incursibus
1777 1091 2128 1156 potestatum,

534 1176 932 1249 profectionem
963 1185 1204 1232 nostram
1241 1174 1473 1248 gloriose
1494 1173 1860 1246 perﬁciamus.
1897 1173 2128 1228 Mansio.

533 1281 631 1322 nes
659 1281 790 1322 vero
817 1265 1059 1322 ﬁliorum
1092 1265 1256 1322 Israel
1285 1264 1648 1338 quadraginta
1677 1269 1730 1318 et
1757 1262 1878 1317 dure
1900 1277 2130 1317 numero

532 1362 942 1428 computantur,
959 1371 1080 1429 quae
1097 1353 1331 1424 denarii,
1350 1353 1710 1428 quaternarii,
1739 1361 1794 1408 et
1821 1351 2024 1408 binarii
2048 1368 2128 1407 ra-

531 1445 682 1500 tione
700 1446 916 1501 numeri
936 1461 1096 1518 quem
1121 1444 1432 1510 continent,
1447 1443 1622 1500 multa
1640 1459 1742 1498 nos
1763 1440 2024 1514 mysteria
2035 1439 2129 1497 do-

532 1541 678 1592 cent.
711 1535 974 1592 Volentes
994 1541 1177 1591 autem
1207 1533 1264 1590 id
1293 1532 1473 1602 vobis,
1497 1526 2025 1603 fratres,explicare,
2047 1530 2129 1585 in-

534 1623 790 1692 tuemini,
819 1624 1068 1692 obsecro,
1097 1631 1153 1678 et
1181 1622 1332 1694 ﬁgite
1363 1622 1662 1690 memoriae,
1705 1637 1774 1677 ne
1820 1618 1973 1675 verbi
2001 1635 2127 1675 con-

533 1721 832 1787 temptores
877 1713 1264 1781 inveniamini,
1305 1729 1406 1768 nec
1447 1712 1545 1768 ﬁat
1587 1711 1771 1768 anima
1805 1719 1986 1767 vestra
2013 1709 2125 1779 via,

533 1801 628 1858 ubi
667 1818 833 1874 grana
873 1800 1077 1874 jactata
1124 1818 1236 1858 non
1267 1801 1575 1874 germinent
1607 1817 1618 1855 :
1660 1809 1715 1856 et
1751 1799 1996 1868 veniant,
2030 1798 2128 1854 in-

2239 625 2345 683 erit
2373 624 2557 681 omnis
2580 625 2794 682 fructus
2820 622 2940 696 ejus
2957 631 3180 680 sanctus
3207 629 3260 678 et
3274 621 3571 680 laudabilis
3593 624 3826 682 Domino

2243 715 2574 788 (Levit.x1v,
2605 715 2694 784 23,
2721 713 2836 785 24).
2866 737 2886 762 ι
2945 711 3058 769 Nec
3101 711 3380 768 immerito
3413 727 3425 766 :
3483 711 3827 786 quaternioni

2240 804 2385 860 enim
2431 804 2623 860 insunt
2650 802 2858 871 omnia,
2896 809 3187 876 punctum,
3215 799 3380 867 linea,
3409 800 3746 872 superﬁcies,
3777 809 3829 858 et

2239 893 2511 961 soliditas,
2553 909 2820 949 mensurae
2866 891 3274 948 universorum.
3321 889 3517 947 Insunt
3545 889 3706 947 etiam
3737 907 3826 964 po-

2238 982 2462 1039 tissimae
2515 981 2860 1056 symphoniae
2908 981 3150 1038 musicae.
3209 979 3419 1036 Deinde
3471 979 3826 1053 quadrangnli

2237 1071 2406 1128 latera
2452 1078 2667 1143 oportet
2713 1087 2827 1126 esse
2879 1069 3130 1142 aequalia.
3162 1069 3474 1142 quualitas
3504 1085 3634 1126 vero
3661 1077 3829 1126 mater

2238 1169 2319 1216 est
2340 1159 2590 1232 iustitiae,
2616 1177 2737 1233 quae
2774 1168 3098 1216 caeterarum
3145 1158 3419 1215 virtutum
3453 1159 3571 1216 dux
3637 1167 3719 1218 est
3777 1167 3827 1215 et

2238 1249 2516 1321 magistra.
2549 1248 2826 1306 Justitiam
2856 1265 2984 1321 ergo
3013 1247 3398 1322 quaternarius
3434 1248 3703 1322 insinuat.
3743 1247 3828 1304 Bi-

2238 1338 2426 1396 narius
2453 1337 2673 1394 demum
2703 1355 2804 1396 nec
2851 1337 2967 1411 ipse
3001 1355 3196 1410 expers
3237 1347 3318 1395 est
3360 1337 3634 1411 mysterii.
3681 1336 3830 1411 Legi.

2239 1445 2362 1484 mus
2411 1427 2559 1484 enim
2617 1427 2841 1484 viduam
2897 1427 3050 1484 illam
3092 1425 3296 1500 insigni
3347 1426 3831 1484 laudeaDomino

2237 1517 2612 1575 commendari
2653 1533 2774 1591 quze
2821 1534 2928 1574 aera
2955 1517 3066 1574 duo
3104 1517 3162 1573 in
3193 1517 3650 1590 gazophylacium
3683 1517 3832 1574 misit

2241 1608 2390 1677 (Luc.
2433 1624 2552 1676 xxx,
2585 1606 2723 1679 2-4).
2756 1607 3130 1664 Samaritanus
3159 1623 3257 1679 pro
3285 1606 3570 1664 curatione
3608 1605 3832 1664 sauciati

2235 1695 2396 1752 binos
2423 1698 2669 1770 erogavit
2697 1714 2954 1754 nummos
2986 1699 3138 1770 (Luc.
3169 1715 3228 1766 x,
3258 1697 3374 1768 35).
3405 1697 3568 1770 Apud
3602 1696 3832 1756 Samari-

2233 1791 2396 1842 tanos
2438 1786 2670 1843 biduum
2723 1787 2988 1860 transegit
3041 1787 3296 1844 Salvator
3352 1786 3607 1844 Christus
3647 1788 3830 1860 (Joan.

531 1891 672 1967 quit,
722 1892 979 1949 volatilia
1024 1891 1168 1961 cceli,
1203 1899 1259 1948 et
1302 1891 1522 1964 rapiant
1553 1906 1634 1947 ea.
1682 1889 1952 1962 Percipite
2001 1905 2118 1960 ergc

2237 1875 2479 1967 ιγ,43);
2546 1876 2864 1967 bipartitam
2897 1893 3132 1967 namque
3175 1875 3448 1949 signiﬁcat
3485 1875 3832 1946 charitatem,

531 1981 671 2050 haec,
701 1989 756 2037 et
773 1981 1056 2038 recondite
1086 1981 1145 2036 in
1165 1981 1429 2038 cordibus
1455 1981 1672 2036 vestris.
1711 1979 1983 2036 Denarius
2012 1993 2126 2036 nn-

532 2085 716 2126 merus
762 2071 1034 2142 mysticus
1076 2077 1176 2140 est,
1225 2078 1280 2127 et
1316 2087 1428 2126 non
1460 2069 1816 2126 mediocriter
1863 2084 1894 2123 a
1940 2068 2126 2140 Moyse

531 2159 985 2218 commendatus:
1025 2159 1094 2217 ad
1135 2176 1261 2216 eum
1308 2176 1546 2234 namque
1573 2157 1867 2232 primitias,
1897 2157 2124 2213 oblatio-

531 2266 734 2324 nesque
755 2258 808 2308 et
838 2258 965 2308 vota
992 2251 1179 2308 refert.
1211 2251 1398 2325 Inquit
1421 2251 1602 2307 enim:
1651 2275 1669 2298 ι
1699 2249 1891 2307 Omnis
1914 2247 2126 2304 decima

529 2349 710 2412 terrae,
761 2350 816 2400 et
857 2360 890 2399 a
933 2343 1121 2402 fructu
1171 2342 1375 2416 ligneo,
1408 2342 1650 2400 Domino
1697 2349 1812 2398 est:
1849 2349 1903 2396 et
1945 2339 2126 2395 omnis

529 2433 744 2492 decima
772 2433 941 2492 boum
999 2441 1053 2492 et
1101 2433 1316 2504 ovium,
1347 2441 1401 2490 et
1426 2449 1589 2490 omne
1619 2431 1769 2506 quod
1813 2430 2028 2487 venerit
2065 2429 2124 2484 in

529 2539 778 2592 numero,
834 2523 937 2581 sub
991 2523 1167 2596 virga,
1221 2523 1435 2580 decima
1485 2521 1591 2578 erit
1645 2527 1835 2578 sancta
1885 2518 2124 2577 Domino

531 2613 721 2686 (Leuit.
754 2630 933 2683 xxvn,
963 2613 1052 2682 30,
1097 2614 1214 2686 32).
1250 2639 1268 2663 ι
1326 2612 1577 2685 Denique
1624 2611 1812 2679 Jacob,
1865 2610 1980 2666 Deo
2017 2607 2122 2664 sibi

526 2701 657 2759 dum
688 2702 756 2759 ad
787 2703 973 2760 Laban
1003 2704 1341 2760 avunculum
1372 2719 1533 2759 suum
1579 2701 1639 2758 in
1673 2697 2122 2773 Mesopotamiam

523 2790 988 2863 proﬁcisceretur,
1039 2791 1100 2848 in
1145 2791 1344 2848 itinere
1376 2789 1661 2864 apparenti
1709 2788 1992 2862 pollicitus
2019 2793 2120 2854 est,

525 2877 712 2936 dicens
743 2899 756 2937 :
805 2903 824 2927 ι
854 2881 1119 2936 Omnium
1150 2895 1270 2952 quae
1299 2879 1438 2935 mihi
1469 2879 1705 2948 dederis,
1736 2876 2004 2934 decimam
2032 2873 2122 2930 de-

524 2969 742 3027 cimabo
769 2970 873 3036 tibi
903 2971 1060 3042 (Gen.
1081 2987 1286 3039 xxvm,
1309 2971 1424 3042 22).
1449 2995 1466 3018 ι
1497 2970 1652 3026 Hanc
1675 2968 1746 3025 ob
1776 2983 1995 3024 causam
2008 2965 2123 3021 Noe

481 3083 487 3090 ο
523 3059 622 3116 ille
651 3060 745 3132 qui
783 3060 996 3133 primus
1039 3059 1099 3116 in
1128 3060 1303 3116 veleri
1346 3060 1626 3132 Scriptura
1652 3057 1837 3131 justus
1865 3069 2124 3128 pronun-

525 3147 696 3205 tiatus
723 3157 825 3219 est,
856 3148 1102 3206 decim‘us
1133 3165 1165 3206 a
1194 3151 1532 3222 protoplasto
1562 3147 1874 3214 inducitur,
1910 3159 2023 3200 non
2053 3140 2122 3198 ad

527 3237 921 3294 ostendendam
953 3239 1262 3295 viventium
1318 3247 1452 3296 tunc
1495 3245 1738 3303 aetatem,
1767 3233 1859 3291 vel
1887 3231 1956 3287 ad
1988 3245 2121 3302 prae-
2148 3257 2198 3320 Ο

523 3326 876 3384 scribendum
923 3345 1214 3385 numerum
1267 3327 1606 3384 hominum:
1669 3323 1766 3380 sed
1822 3331 1884 3378 ut
1938 3325 2121 3392 aperte

524 3414 814 3472 doceretur
867 3418 1014 3491 quod
1071 3419 1218 3476 sicut
1275 3415 1558 3480 denarius,
1607 3425 1968 3469 numerorum
2025 3405 2122 3480 qui

519 3505 788 3562 unitatem
836 3515 1166 3581 sequuntur,
1211 3503 1647 3578 perfectissimus
1690 3493 1796 3568 est,’
1842 3499 1921 3555 ita
1974 3504 2119 3552 tran-

519 3595 766 3668 quillitas
793 3597 852 3654 in
880 3599 1089 3668 anima,
1119 3595 1250 3652 finis
1279 3601 1360 3650 est
1401 3609 1461 3648 re
1489 3608 1622 3648 vera
1656 3589 1936 3646 actionum
1967 3585 2116 3642 vitae.

517 3684 715 3742 Ternio
741 3687 890 3743 enim
919 3704 1018 3761 per
1054 3685 1298 3758 seipsum
1327 3679 1731 3752 multiplicatus
1756 3675 2120 3732 novenarium

515 3775 772 3846 complet,
813 3784 870 3833 et
909 3777 1058 3844 lites,
1090 3770 1346 3836 dissidia,
1378 3768 1631 3840 bellaque
1675 3763 1884 3822 divinis
1913 3762 2122 3820 indicat

514 3865 770 3936 oraculis,
805 3875 868 3922 ut
901 3873 1051 3940 patet
1102 3863 1163 3919 in
1219 3866 1464 3934 quatuor
1515 3864 1571 3913 et
1607 3855 1851 3930 quinque
1898 3852 2120 3926 regibus

513 3953 933 4026 dissidentibus,
957 3967 1187 4026 seseque
1214 3957 1412 4006 mutuo
1432 3945 1906 4021 impugnantibus.
1926 3943 2118 4002 Unitas

511 4059 644 4100 vero
677 4045 980 4102 novenario
1010 4039 1429 4114 superveniens,
1477 4037 1764 4095 denarium
1795 4035 2032 4110 perﬁcit,
2063 4044 2117 4092 et

510 4150 727 4210 pacem,
771 4133 1191 4204 amicitiamque
1247 4129 1520 4202 designat.
1575 4129 1784 4185 Novem
1812 4126 1960 4183 enim
2001 4142 2112 4183 cer-

509 4223 761 4282 tantibus
803 4221 1026 4294 regibus
1079 4218 1297 4292 sapiens
1338 4217 1618 4274 Abraham
1665 4217 1820 4292 quasi
1866 4214 2113 4273 decimus

511 4311 906 4383 superveniens
958 4325 1058 4382 pro
1115 4315 1435 4380 tempestate
1482 4305 1962 4380 tranquillitatem,
2012 4321 2112 4378 pro

509 4399 658 4456 bello
713 4416 924 4472 pacem,
963 4415 1062 4472 pro
1117 4406 1296 4454 morte
1342 4396 1660 4476 victoriam,
1704 4397 1819 4452 Deo
1868 4395 2108 4464 favente,

510 4489 718 4545 attulit.
759 4488 914 4545 Unde
943 4498 996 4545 et
1026 4487 1428 4546 Melchisedech
1459 4485 1662 4543 summi
1712 4485 1812 4542 Dei
1843 4484 2110 4542 sacerdoti

512 4577 755 4634 decimas
783 4577 1046 4634 exsolvit.
1077 4577 1350 4634 Denarius
1383 4593 1512 4650 ergo
1539 4591 1806 4633 numerus
1835 4575 2110 4648 perfectus

511 4680 592 4730 est
620 4680 674 4730 et
731 4673 1004 4730 unitatem
1055 4671 1326 4745 designat.
1386 4670 1782 4740 Quaternarius
1811 4685 2030 4744 quoque
2059 4679 2112 4727 et

510 4761 627 4836 ipse
681 4763 952 4836 mysticus
995 4771 1100 4829 est,
1150 4770 1205 4818 et
1247 4763 1306 4818 in
1346 4762 1632 4835 Scriptura
1660 4759 2107 4818 commendatur:

511 4869 638 4910 nam
681 4855 980 4925 speciosam
1030 4853 1185 4910 illam
1215 4853 1418 4921 lucem,
1470 4868 1590 4924 quae
1647 4850 1878 4923 seipsam
1921 4858 1976 4907 et
2013 4865 2110 4904 cae-

511 4951 628 5000 tera
657 4943 995 5010 manifestat,
1026 4944 1257 5001 luminis
1291 4941 1568 5016 genitor-es
1613 4942 1784 4998 solem
1815 4950 1869 4998 et
1896 4941 2106 5010 lunam,

511 5049 574 5089 ac
612 5032 1004 5105 praefulgidum
1050 5033 1640 5102 stellarumchorum,
1690 5048 1812 5105 quae
1867 5038 2107 5098 noctem,

510 5121 788 5196 diemque,
834 5139 1071 5193 menses,
1117 5140 1396 5196 annosque
1433 5124 1664 5181 oriendo
1721 5131 1777 5180 et
1805 5120 2109 5179 occidendo

509 5212 830 5281 terminant,
889 5212 978 5268 die
1029 5220 1223 5286 quarto
1269 5221 1452 5269 creata
1481 5230 1595 5270 esse
1625 5229 1804 5270 sermo
1832 5211 2108 5286 propheti-

508 5318 608 5360 cus
649 5303 907 5360 declarat.
951 5303 1147 5360 Mundi
1192 5301 1404 5360 radices
1451 5313 1686 5376 quatuor
1722 5311 2105 5370 numerantur,

507 5405 676 5465 terra,
724 5415 885 5471 aqua,
941 5399 1086 5472 ignis
1113 5409 1168 5457 et
1225 5416 1334 5456 aer.
1367 5397 1414 5454 3
1441 5401 1515 5456 Et
1567 5416 1760 5456 annuae
1796 5409 2104 5472 temporum

510 5488 656 5544 vices
703 5497 834 5544 sunt
887 5488 1139 5559 totidem,
1189 5489 1388 5556 hiems,
1432 5497 1612 5556 aestas,
1635 5506 1732 5546 ver
1775 5497 1828 5545 et
1874 5496 2106 5544 autum—-

509 5593 634 5633 nus.
667 5578 918 5652 Denique
971 5578 1038 5635 de
1093 5587 1252 5636 terrae
1303 5580 1578 5638 fructibus
1631 5581 1746 5636 Deo
1798 5577 2105 5634 oblationes

508 5682 716 5724 annum
763 5675 889 5724 ante
943 5676 1198 5742 quartum
1250 5670 1369 5727 ﬁeri
1401 5671 1772 5745 prohibetur:
1834 5667 1926 5724 Sic
1953 5665 2104 5724 enim

507 5755 772 5829 scriptum
807 5765 890 5814 est
922 5775 934 5814 :
981 5783 998 5803 ι
1049 5760 1282 5815 Fructus
1311 5769 1470 5816 terrae
1499 5767 1610 5816 tres
1639 5774 1816 5814 annos
1864 5756 1970 5811 erit
2006 5771 2100 5810 vo-

2235 1965 2336 2021 Dei
2366 1981 2580 2038 nempe,
2611 1972 2668 2021 et
2701 1964 2942 2038 proximi
2976 1983 2988 2022 :
3040 1989 3059 2013 ‹
3089 1967 3150 2022 In
3181 1965 3270 2022 his
3297 1964 3538 2034 duobus,
3567 1963 3705 2022 dicit
3729 1966 3832 2022 Do-

2238 2053 2441 2123 minus,
2490 2055 2750 2112 universa
2776 2057 2891 2112 Lex
2942 2054 3144 2128 pendet
3181 2063 3235 2112 et
3280 2056 3568 2129 Prophetas
3619 2053 3831 2128 (Matth.

2235 2162 2381 2212 xxn,
2413 2145 2529 2218 40).
2583 2173 2602 2197 ι
2667 2145 2980 2204 Mansiones
3029 2147 3200 2220 igitur
3251 2146 3494 2204 ﬁliorum
3553 2147 3718 2205 Israel
3767 2145 3835 2203 ab

2235 2235 2465 2310 Egypti
2519 2235 2748 2305 ﬁnibus,
2788 2252 2964 2310 usque
3015 2236 3084 2292 ad
3131 2235 3578 2310 repromissionis
3632 2244 3832 2293 terram

2236 2327 2598 2402 quadraginta
2628 2326 2749 2384 duae
2796 2343 2826 2382 a
2872 2327 3063 2401 Moyse
3098 2334 3474 2385 recensentur.
3507 2327 3599 2384 Sic
3635 2333 3690 2383 et
3717 2342 3835 2384 san-

2235 2425 2356 2474 ctus
2414 2416 2708 2474 Matthaeus
2755 2415 2964 2474 Christi
3029 2417 3436 2489 generationem
3497 2415 3835 2484 describens,

2235 2506 2598 2580 quadraginta
2651 2506 2786 2564 duas
2845 2513 3149 2563 enumerat.
3205 2505 3398 2578 Inquit
3425 2505 3626 2563 enim:
3673 2529 3693 2554 ι
3751 2505 3836 2562 Ab

2233 2597 2513 2655 Abraham
2543 2614 2715 2670 usque
2746 2596 2816 2653 ad
2845 2595 3044 2664 David,
3074 2595 3452 2667 generationes
3506 2595 3835 2670 quatuorde-

2232 2686 2376 2755 cim;
2411 2703 2443 2743 a
2495 2685 2673 2742 David
2705 2701 2879 2758 usque
2905 2683 2973 2740 ad
3029 2683 3568 2756 transmigrationem
3598 2685 3832 2758 Babylo-

2231 2777 2342 2847 nis,
2365 2777 2742 2850 generationes
2764 2773 3181 2850 quatuordecim
3202 2793 3216 2844 ;
3235 2783 3330 2830 eta
3344 2774 3833 2848 transmigratione

2231 2866 2534 2940 Babylonis
2581 2882 2754 2940 usque
2799 2865 2869 2923 ad
2926 2864 3232 2933 Christum,
3281 2864 3660 2938 generationes
3703 2879 3832 2940 qua-

2232 2956 2538 3012 tuordecim
2573 2957 2787 3026 (Matth.
2821 2972 2860 3023 ι,
2894 2955 2986 3026 17)
3027 2973 3039 3012 :
3072 2980 3092 3004 ι
3134 2963 3198 3012 ut
3225 2953 3537 3012 ostenderet
3564 2953 3716 3027 quod
3743 2970 3832 3012 ve-

2232 3059 2326 3099 rus
2357 3043 2606 3098 Israelita
2633 3042 2728 3114 qui
2759 3042 2826 3097 de
2855 3043 3042 3098 saeculi
3065 3041 3238 3114 (hujus
3257 3043 3586 3116 Egyptoad
3604 3044 3830 3116 calum,

2231 3147 2418 3188 veram
2448 3129 2758 3185 viventium
2791 3136 3012 3200 terram,
3041 3147 3137 3204 per
3181 3138 3265 3187 tot
3293 3147 3475 3188 rerum
3507 3132 3833 3192 discrimina

2231 3227 2285 3277 et
2312 3218 2669 3275 inimicorum
2704 3226 3064 3290 tentamenta,
3105 3211 3394 3294 pervenire
3422 3221 3671 3292 festinat,
3701 3238 3832 3298 pace

2231 3325 2328 3382 per
2355 3309 2666 3379 denarium,
2692 3308 2912 3383 justitia
2944 3327 3040 3384 per
3077 3311 3510 3386 quaternarium,
3563 3313 3830 3372 cbaritate

2230 3413 2327 3470 per
2353 3397 2653 3468 binarium,
2689 3399 2890 3455 armari
2933 3408 3168 3474 oportet.
3207 3401 3366 3471 Pace,
3399 3402 3530 3476 quia
3559 3403 3830 3477 scriptum

2229 3493 2312 3542 est
2344 3505 2356 3543 :
2399 3511 2418 3536 ι
2447 3489 2509 3544 In
2535 3503 2664 3560 pace
2705 3489 2924 3546 vocavit
2952 3505 3055 3546 nos
3079 3492 3225 3547 Deus
3257 3493 3314 3564 (Ι
3351 3491 3475 3550 Cor.
3507 3509 3610 3562 vn,
3648 3493 3762 3565 15).
3800 3518 3819 3543 ι

2229 3575 2474 3647 Iustitia,
2503 3577 2632 3650 quia
2661 3577 2799 3635 dicit
2827 3578 2974 3635 idem
3002 3579 3300 3654 Apostolus
3331 3596 3344 3634 :
3389 3603 3408 3627 ε
3437 3579 3590 3638 State
3645 3580 3830 3638 induti

2231 3663 2456 3722 loricam
2479 3665 2711 3739 justitiaa
2743 3667 2962 3739 (Ephes.
2993 3685 3074 3733 vr,
3105 3667 3217 3739 14).
3251 3693 3270 3717 ι
3302 3667 3604 3732 Charitate.
3654 3694 3674 3718 ι
3701 3671 3832 3745 quia

2229 3753 2468 3812 charitas
2494 3755 2672 3828 operit
2700 3755 3114 3813 multitudinem
3132 3763 3479 3829 peccatorum
3504 3758 3565 3830 (Ι
3590 3758 3830 3829 Petmv,

2227 3843 2310 3914 8).
2335 3843 2586 3902 Christus
2611 3861 2740 3918 ergo
2769 3845 2838 3902 ad
2867 3845 3178 3919 Virginem,
3207 3845 3372 3902 Israel
3410 3845 3481 3903 ad
3505 3846 3829 3919 Iordanem,

2227 3932 2576 3992 Christianus
2627 3933 2696 3991 ad
2749 3935 2950 3992 coelum
3007 3934 3125 4008 pari
3180 3935 3532 3993 mansionum
3593 3953 3830 3995 numero

2224 4022 2560 4090 deveniunt;
2593 4022 2689 4079 sed
2711 4021 2828 4096 jam
2860 4023 3006 4098 ipsas
3031 4023 3248 4082 Israelis
3274 4023 3650 4098 profectiones
3678 4026 3830 4102 sigil-

2223 4114 2377 4170 latim
2397 4113 2832 4171 consideremus.
3361 4125 3366 4130 '

2292 4225 2342 4281 Ι·
2394 4223 2622 4294 mansio,
2693 4224 2996 4282 Ramnssss.
3053 4253 3126 4266 —
3173 4223 3596 4282 Profectionum
3665 4223 3826 4295 ordo,

2221 4313 2680 4387 mansionumque
2707 4312 2990 4370 distinctio
3021 4311 3264 4369 ﬁliorum
3294 4314 3458 4371 Israel
3486 4329 3557 4368 ex
3577 4315 3828 4389 Egypto

2219 4405 2541 4462 exeuntium
2569 4403 2637 4460 ad
2680 4413 2882 4461 terram
2922 4419 3096 4477 usque
3125 4403 3375 4475 patribus
3403 4403 3822 4476 repromissum,

2219 4495 2288 4552 iis
2326 4495 2420 4568 qui
2451 4505 2573 4568 post
2607 4497 2780 4552 Deum
2812 4493 3092 4550 ambulare
3140 4494 3506 4560 contendunt,
3535 4493 3607 4550 ad
3633 4496 3830 4553 virtu-

2217 4592 2444 4656 tumque
2493 4583 2770 4657 profectus
2809 4583 3074 4657 aspirant,
3119 4591 3342 4656 propter
3393 4583 3662 4654 mysteria
3701 4601 3828 4658 quas

2219 4673 2584 4732 includuntur
2639 4673 2696 4730 in
2745 4673 2880 4745 illis,
2940 4673 3084 4731 scitu
3114 4672 3273 4728 valde
3328 4671 3640 4728 necessaria
3691 4683 3830 4732 sunt

2223 4764 2422 4838 (Orig,
2475 4764 2627 4821 hom.
2679 4765 2744 4838 27_
2775 4781 2845 4820 ex
2875 4779 3018 4819 vers.
3077 4759 3258 4833 Ruf).
3299 4761 3378 4816 Ea
3428 4760 3577 4817 enim
3607 4778 3734 4836 quae
3765 4765 3826 4822 in

2219 4834 2422 4926 populo
2452 4862 2669 4928 patrum
2724 4834 3082 4927 corporaliter
3110 4860 3256 4924 gesta
3307 4858 3456 4920 sunt,
3483 4834 3692 4910 nedum
3725 4853 3829 4910 hi-

2219 4943 2469 5012 storiam,
2509 4959 2802 5016 rerumque
2855 4948 3127 5014 gestarum
3163 4939 3360 4996 seriem
3415 4940 3578 4998 nobis
3637 4949 3825 5002 osten-

2217 5031 2357 5089 dunt
2380 5050 2394 5100 ;
2425 5031 2522 5088 sed
2550 5030 2904 5088 instructioni
2949 5037 3150 5086 nostrae
3178 5029 3506 5102 spiritaliter
3533 5029 3826 5090 intellecta

2218 5121 2460 5180 maxime
2498 5120 2814 5194 proﬁciunt.
2859 5119 2979 5176 Huc
3008 5119 3288 5192 spectabat
3324 5121 3654 5194 Apostolus,
3686 5119 3826 5179 dum

2216 5213 2276 5270 in
2319 5211 2551 5284 epistola
2603 5209 2674 5266 ad
2723 5209 3002 5266 Romanos
3058 5207 3312 5266 dicebat:
3376 5233 3396 5258 ε
3455 5209 3819 5285 Quaecunque
3867 5279 3872 5284 _

2215 5301 2419 5375 scripta
2459 5307 2606 5369 sunt,
2663 5297 2732 5356 ad
2764 5305 3009 5354 nostram
3064 5297 3374 5356 doctrinam
3431 5299 3639 5372 scripta
3689 5309 3826 5359 sunt

2217 5395 2393 5464 (Rom.
2423 5407 2522 5456 xv,
2551 5389 2631 5462 4).
2684 5412 2704 5438 ι
2745 5387 2818 5442 Et
2850 5386 2919 5442 ad
2965 5387 3358 5446 Timotheum:
3405 5411 3425 5436 ι
3453 5387 3650 5445 Omnis
3679 5390 3824 5448 Scri-
3853 5403 3878 5458 ξ

2215 5490 2373 5555 ptura
2401 5477 2674 5537 divinitus
2702 5475 2990 5550 inspirata,
3024 5477 3179 5534 utilis
3212 5488 3295 5535 est
3337 5477 3407 5534 ad
3471 5477 3818 5549 docendum,
3862 5541 3868 5548 ,

2213 5571 2284 5628 ad
2307 5565 2672 5642 arguendum,
2703 5566 2772 5623 ad
2798 5565 3211 5638 corripiendum
3235 5573 3290 5622 et
3315 5565 3383 5622 ad
3413 5565 3818 5624 erudiendum:

2214 5657 2534 5733 iniustitia,
2577 5665 2640 5714 ut
2691 5657 2966 5731 perfectus
3021 5656 3094 5713 sit
3146 5656 3318 5713 homo
3363 5655 3488 5726 Dei,
3545 5656 3616 5714 ad
3649 5672 3823 5716 omne
3889 5717 3894 5722 _

2213 5769 2350 5826 opus
2402 5751 2610 5808 bonum
2669 5751 2972 5808 instructus
3022 5749 3111 5821 (II
3169 5749 3305 5806 Tim.
3346 5767 3433 5820 ιιι,
3489 5747 3575 5820 16,
3620 5748 3738 5821 I7).
3793 5778 3812 5799 ι
