3980 6416
164 496 220 552 l3
1040 487 1135 544 DE
1175 486 1319 543 XLII
1354 485 1824 544 MANSIONIBUS
1860 486 2194 544 FILIORUM
2233 484 2504 545 ISRAEL.
3371 489 3437 544 14

155 614 393 688 Legimus
421 628 549 685 ergo
578 610 727 686 quod
757 611 859 667 ﬁlii
902 612 1087 680 Israel,
1119 620 1406 685 postquam
1456 612 1727 685 Egyptus
1761 616 1812 674 A
1839 612 2086 680 affectus,
2119 622 2173 668 et
2200 611 2471 668 desideria
2516 610 2660 667 mala
2702 626 2822 682 quae
2872 611 3115 666 militant
3164 614 3431 671 adversus

152 703 398 762 universa
422 700 592 759 tantis
628 700 802 774 plagis
828 715 1083 773 percussa
1121 708 1223 768 est,
1252 708 1499 773 tempore
1530 700 1737 758 cmlesti

149 792 362 851 oraculo
416 790 721 864 designato,
776 797 840 845 ut
902 788 969 845 ad
1033 788 1431 845 immolandum
1500 788 1737 845 Domino

150 886 255 941 Deo
279 883 334 939 in
367 881 725 940 solitudinem
749 880 1244 954 proﬁciscerentur,
1276 890 1478 939 terram
1508 880 1734 947 Gessen,

147 988 302 1045 quam
356 971 425 1028 ad
482 971 835 1029 incolendum
892 979 1233 1043 acceperant.
1280 969 1611 1038 deserentes,
1676 969 1733 1024 in

148 1061 451 1117 Ramessem
491 1060 683 1117 urbem
723 1060 901 1136 primo
926 1069 1341 1127 convenerunt;
1394 1059 1471 1116 ibi
1522 1058 1737 1116 substi—

145 1159 344 1218 terunt,
386 1148 577 1223 ibique
604 1150 840 1223 primam
870 1148 1113 1205 ﬁxerunt
1150 1147 1735 1205 mansionem.Rames-

143 1252 223 1292 ses
249 1235 479 1308 Egypti
506 1235 704 1291 civitas
737 1244 838 1303 est,
862 1235 930 1291 ab
961 1234 1201 1291 Hebraeis
1230 1236 1465 1303 munita,
1515 1233 1735 1307 quando

141 1324 397 1381 saeviente
424 1324 485 1380 in
511 1340 603 1382 eos
631 1324 935 1393 Pharaone,
976 1325 1113 1394 luto,
1148 1324 1316 1380 latere
1344 1323 1597 1399 etpaleis
1627 1339 1736 1395 op-

143 1413 518 1489 primebantur
549 1432 561 1470 :
592 1414 685 1471 Sic
710 1412 854 1470 enim
894 1412 1162 1486 scriptum
1202 1422 1283 1470 est
1315 1431 1327 1470 :
1388 1437 1409 1461 ι
1436 1415 1507 1469 Et
1548 1412 1738 1469 aediﬁ-

138 1510 397 1562 caverunt
446 1502 701 1561 civitates
743 1503 983 1560 munitas
1020 1502 1339 1571 Pharaonis,
1390 1502 1590 1559 Philon
1618 1505 1736 1560 Ra-

138 1609 343 1652 messen
371 1601 426 1649 et
455 1593 541 1650 On
569 1593 775 1665 (Exod.
810 1609 850 1661 ι,
884 1592 998 1663 11).
1025 1614 1044 1640 ι
1084 1593 1186 1648 Est
1216 1592 1455 1666 denique
1476 1592 1534 1648 in
1551 1602 1732 1649 extre-

138 1683 239 1740 mis
283 1682 440 1738 illius
490 1682 645 1757 regni
689 1681 895 1738 ﬁnibus
935 1681 1063 1748 sita,
1096 1688 1160 1737 ut
1201 1679 1434 1738 habetur
1476 1680 1534 1737 in
1589 1680 1734 1737 libro

135 1780 309 1839 Exodi
335 1781 547 1854 (Exod.
578 1798 683 1850 χιι,
714 1782 830 1854 37).
863 1782 925 1838 In
953 1780 1057 1839 hac
1082 1782 1368 1839 mansione
1388 1780 1623 1852 populus
1643 1793 1732 1850 pa-

134 1882 299 1938 trum,
335 1880 581 1930 mactato
642 1888 803 1945 agno,
856 1870 1082 1944 ejusque
1126 1870 1391 1944 sanguine
1439 1869 1731 1925 domorum

1847 702 2109 759 animam.
2162 703 2609 775 Exstinguuutur
2646 716 2778 755 vero
2823 700 3099 773 Egyptii,
3146 701 3277 757 dum
3326 720 3435 759 non

1847 789 1961 862 agis
1990 806 2154 863 opera
2181 792 2529 847 tenebrarum
2564 809 2577 857 ;
2607 791 3008 862 extinguuntur
3030 791 3278 864 Egyptii
3307 792 3438 849 dum

1847 891 1956 937 non
2010 884 2323 949 carnaliter,
2376 884 2472 941 sed
2528 882 2889 955 spiritualiter
2949 882 3137 949 vivis;
3216 884 3439 939 exstin-

1847 981 2090 1043 guuntur
2172 974 2444 1046 Egyptii,
2540 974 2672 1030 dum
2767 974 3010 1045 impuras
3084 973 3440 1047 sordidusque

1846 1061 2204 1133 cogitationes
2278 1065 2365 1119 vel
2440 1064 2670 1137 depellis
2738 1082 2768 1123 e
2839 1064 3024 1132 corde,
3100 1066 3186 1120 vel
3264 1067 3437 1121 omni-

1846 1166 1919 1207 no
1991 1168 2104 1208 non
2181 1153 2398 1225 recipis.
2477 1155 2606 1211 Ideo
2680 1154 2993 1227 quaerenti:
3085 1178 3102 1199 ι
3141 1154 3276 1222 Quis
3352 1172 3437 1209 me

1845 1241 2102 1298 liberabit
2171 1242 2241 1298 de
2314 1261 2540 1317 corpore
2616 1246 2809 1301 mortis
2887 1245 3172 1317 (hujus)?
3226 1272 3245 1295 ι
3344 1263 3440 1301 re—

1844 1331 2068 1403 spondit
2098 1335 2395 1403 Apostolus
2428 1351 2440 1390 :
2479 1354 2505 1385 «
2538 1333 2727 1390 Gratia
2773 1334 2872 1390 Dei
2905 1352 3001 1407 per
3051 1336 3236 1390 Iesum
3265 1335 3438 1393 Chri-

1844 1432 1991 1479 stum
2036 1424 2333 1480 Dominum
2357 1433 2606 1480 nostrum
2636 1426 2812 1494 (Rom.
2855 1442 2956 1494 vn,
3008 1424 3095 1492 2’1,
3134 1425 3249 1495 25).
3294 1451 3312 1473 ι
3372 1426 3435 1480 In

1844 1511 1947 1569 hac
1976 1513 2258 1569 mansione
2289 1512 2486 1582 farina,
2523 1522 2809 1585 argentum
2840 1522 2893 1569 et
2922 1530 3118 1569 aurum
3140 1514 3441 1570 cumulan—

1846 1611 1955 1659 tur.
2016 1603 2235 1671 Farina,
2293 1620 2363 1659 ex
2421 1618 2528 1675 qua
2578 1603 2734 1675 panis
2798 1602 3112 1671 conﬁcitur,
3188 1603 3441 1659 doctrina

1842 1690 2051 1749 Christi
2080 1700 2196 1760 est;
2231 1692 2359 1765 quia
2379 1691 2534 1764 panis
2561 1691 2812 1748 Christus
2835 1699 2935 1760 est,
2967 1691 3183 1748 dicente
3210 1692 3435 1748 Joanne:

1856 1806 1875 1829 ι
1906 1783 2023 1854 Ego
2049 1798 2172 1838 sum
2202 1781 2358 1854 panis
2386 1781 2551 1837 vivus
2582 1782 2765 1851 (Joan.
2799 1798 2880 1846 v1,
2910 1781 3026 1850 51).
3049 1807 3067 1828 ι
3109 1783 3434 1852 Argentum,

1845 1871 2100 1928 divinum
2144 1870 2393 1942 designat
2431 1869 2713 1941 eloquium
2754 1888 2766 1925 :
2833 1893 2851 1915 ι
2882 1868 3117 1941 Eloquia
3146 1869 3293 1924 enim
3334 1870 3437 1925 D0-

133 1963 441 2031 liminibus,
474 1980 539 2020 ac
566 1963 816 2037 utrisque
844 1964 1095 2035 postibus
1129 1963 1311 2033 illitis,
1343 1960 1731 2019 exterminatoo
1762 1971 1808 2032 Β
1845 1961 2004 2030 mini,
2046 1961 2265 2035 eloquia
2322 1970 2488 2029 casta,
2547 1967 2835 2031 argentum
2876 1960 2999 2031 igne
3040 1959 3435 2028 examinatum,

133 2053 203 2107 ris
228 2061 533 2109 evaserunt
561 2053 774 2125 plagam
802 2068 814 2107 :
849 2051 907 2107 in
939 2051 1042 2109 hac
1068 2052 1343 2125 .IEgyptus
1373 2049 1736 2123 primogenita

130 2156 222 2197 sua
248 2139 399 2197 vidit
433 2139 743 2196 exstincta:
793 2138 850 2195 in
890 2139 993 2195 hac
1024 2139 1255 2195 farinam
1288 2156 1399 2194 non
1444 2139 1734 2195 fermenta-

130 2241 255 2297 tam,
288 2245 539 2304 vasaque
565 2236 817 2301 argentea
846 2237 899 2285 et
932 2245 1095 2285 aurea
1124 2229 1191 2285 ab
1218 2228 1497 2302 Egyptiis
1540 2238 1736 2284 mutuo

128 2328 373 2392 accepta,
441 2317 614 2374 verbo
679 2317 799 2384 Dei,
849 2316 955 2373 sibi
1018 2319 1251 2391 populus
1315 2325 1733 2390 congregarunt.

126 2408 335 2465 Horum
368 2423 495 2481 quae
534 2406 685 2464 dicta
729 2413 877 2474 sunt,
929 2407 1143 2474 fratres,
1199 2408 1417 2478 singula
1459 2406 1735 2478 mysteriis

126 2496 327 2553 referta
394 2503 571 2565 sunt,
654 2503 708 2552 et
771 2504 974 2552 nostra;
1040 2496 1338 2569 proﬁciunt
1402 2494 1732 2567 disciplinae.

125 2587 181 2641 In
218 2585 427 2657 primis
456 2585 588 2658 quia
635 2585 919 2642 Ramesses
965 2584 1268 2642 secundum
1314 2583 1529 2658 aliquos
1572 2583 1737 2639 inter-

122 2684 375 2747 pretatur
412 2674 723 2732 commotio
766 2674 1108 2742 turbulenta,
1149 2690 1269 2747 quae
1312 2671 1584 2745 signiﬁcat
1626 2689 1733 2745 poe-

122 2764 470 2822 nitentiam:
531 2780 627 2837 per
694 2764 867 2836 ipsam
941 2763 1089 2818 enim
1166 2762 1486 2818 turbulenta
1551 2760 1614 2816 ﬁt
1679 2761 1736 2816 in

118 2861 414 2925 peccatore
441 2852 767 2920 commotio,
816 2860 880 2909 ut
925 2852 1209 2907 aboleatur
1241 2858 1484 2906 vetustas
1528 2858 1735 2920 peccati

112 2951 163 2998 et
218 2942 540 3000 inducatur
594 2941 814 2998 novitas
897 2940 1083 3012 gratiae
1128 2959 1139 2996 :
1219 2947 1281 2994 ut
1337 2938 1506 2993 homo
1579 2946 1738 2993 vetus

113 3030 402 3104 aﬂligatur
433 3030 612 3097 cruci,
648 3038 701 3085 et
751 3045 929 3084 novus
983 3028 1148 3083 homo
1194 3035 1474 3097 resurgat:
1522 3034 1583 3081 ut
1631 3042 1735 3081 ve-

112 3131 220 3177 tere
252 3119 501 3177 tandem
533 3117 791 3189 deposita
821 3116 1235 3173 conversatione
1260 3113 1465 3182 carnis,
1519 3114 1735 3171 novitas

111 3209 422 3267 inducatur
455 3205 1232 3279 spiritus.-Pwnitentia-ergo
1273 3220 1525 3277 magnam
1572 3220 1737 3261 com-

113 3301 429 3357 motionem
481 3295 965 3369 turbationemque
1011 3294 1203 3367 gignit.
1251 3294 1379 3350 Ideo
1425 3293 1728 3366 propheta:
1766 3333 1810 3395 C

124 3412 142 3434 ε
182 3389 500 3460 Postquam
535 3386 793 3458 cognovi,
836 3401 966 3456 ergo
1007 3383 1251 3455 ingemui
1303 3383 1520 3453 (Jerem.
1568 3399 1731 3450 χχχι,

110 3478 187 3549 3).
225 3504 244 3526 ι
291 3477 407 3545 Qui
441 3491 577 3547 ergo
607 3474 675 3531 ad
704 3473 1090 3546 repromissam
1129 3482 1347 3529 aeternae
1393 3471 1734 3529 haereditatis

110 3569 350 3641 patriam
386 3566 680 3640 proﬁcisci
722 3564 1018 3633 desiderat,
1048 3580 1112 3620 ac
1154 3564 1393 3620 Domino
1437 3564 1552 3620 Deo
1594 3563 1732 3635 seip-

108 3675 229 3714 sum
261 3667 329 3715 ut
362 3657 618 3714 hostiam
645 3657 950 3723 viventem,
973 3663 1238 3723 sanctam,
1268 3660 1318 3716 4
1344 3654 1495 3711 Patri
1519 3654 1733 3726 placen-

109 3764 217 3811 tem
248 3755 664 3811 immolaturus
692 3752 921 3820 recedit,
944 3752 1107 3809 debet
1136 3752 1315 3825 primo
1344 3750 1496 3808 adire
1518 3752 1735 3810 Rames-

106 3862 224 3915 sen,
261 3846 377 3902 hoc
404 3852 500 3900 est
544 3842 999 3911 commotionem,
1040 3858 1159 3915 quae
1209 3841 1272 3897 ﬁt
1311 3858 1408 3915 per
1452 3843 1735 3915 paeniten-

106 3935 262 4003 tiam,
294 3934 506 4007 ibique
536 3949 694 3989 suam
725 3931 888 4004 ﬁgere
907 3930 1272 3987 mansionem.
1303 3931 1385 3987 Ibi
1407 3947 1563 3987 suam
1582 3948 1733 3987 man-

104 4024 319 4081 sionem
354 4023 500 4080 ﬁxit
531 4021 742 4090 Achab,
776 4020 996 4095 quando
1020 4020 1190 4078 scissa
1222 4029 1373 4076 veste
1392 4036 1510 4087 sua,
1537 4019 1734 4078 induto

105 4113 314 4183 cilicio,
343 4111 662 4185 jejunavit,
686 4109 954 4168 dormivit
982 4109 1040 4166 in
1070 4125 1247 4178 sacco,
1266 4116 1319 4164 et
1352 4107 1590 4165 demisso
1619 4126 1731 4165 am-

106 4201 328 4261 bulavit
360 4202 559 4277 capite
593 4203 715 4275 (III
741 4203 866 4273 Reg.
914 4216 1034 4270 χχι,
1087 4200 1202 4272 26).
1243 4199 1325 4256 Ibi
1367 4200 1569 4257 Ninive
1616 4201 1733 4257 Rex

104 4292 227 4349 ﬁxit
274 4293 671 4359 mansionem,
713 4289 938 4365 quando
986 4304 1214 4363 surgens
1253 4287 1320 4344 de
1358 4288 1563 4346 throno
1609 4306 1728 4358 suo,

103 4383 336 4441 abstulit
366 4384 586 4440 stolam
618 4381 917 4455 propriam,
950 4388 1005 4436 et
1042 4396 1198 4437 sacco
1233 4378 1461 4436 indutus
1505 4379 1646 4436 sedit
1673 4379 1732 4435 in

103 4474 286 4530 cinere
320 4474 518 4546 (1072.,
543 4486 630 4537 ιιι,
648 4468 817 4540 6).Ibi
836 4467 1116 4525 Corinthii
1130 4469 1472 4525 mansionem
1489 4468 1732 4524 ﬁxerunt

104 4562 324 4636 quando
355 4559 692 4621 contristati
721 4567 851 4614 sunt
882 4556 1182 4614 secundum
1213 4561 1388 4615 Deum
1415 4577 1428 4615 :
1470 4574 1590 4632 quae
1621 4559 1733 4614 tri-

1844 2049 2133 2125 probatum
2179 2059 2355 2118 terrae,
2414 2057 2705 2121 purgatum
2759 2049 3074 2128 septuplum
3131 2048 3304 2120 (Psal.
3356 2065 3436 2117 χι,

1847 2143 1925 2213 7).
1958 2167 1977 2189 ι
2018 2142 2254 2209 Aurum,
2287 2156 2440 2196 mens
2481 2140 2627 2196 bona
2674 2148 2755 2195 est
2789 2157 2799 2195 :
2842 2155 2962 2212 quae
3002 2154 3112 2194 non
3160 2138 3437 2194 immerito

1845 2238 2189 2302 comparatur
2228 2245 2399 2296 auro;
2433 2245 2560 2286 nam
2590 2229 2734 2286 sicut
2763 2244 2957 2284 aurum
2980 2228 3189 2285 caeteris
3219 2235 3438 2300 praestat

1846 2322 2108 2390 metallis,
2139 2322 2216 2377 ita
2257 2337 2412 2376 mens
2448 2320 2592 2376 bona
2634 2320 2693 2375 in
2736 2319 2958 2375 homine
3001 2318 3213 2375 caeteris
3256 2318 3437 2391 potior

1845 2421 1926 2467 est
1955 2412 2209 2469 humana:
2238 2411 2558 2468 substantiae.
2599 2411 2965 2483 portionibus.
3016 2410 3145 2466 Tria
3199 2426 3326 2482 ergo
3378 2410 3437 2465 in

1846 2503 2097 2559 Ramesse
2126 2511 2539 2570 coacervantur,
2569 2501 2767 2569 farina,
2803 2509 3088 2573 argentum
3117 2509 3171 2557 et
3199 2517 3393 2557 aurum
3421 2519 3432 2557 :

1845 2589 2119 2660 doctrina,
2149 2591 2453 2665 eloquium,
2485 2600 2539 2647 et
2574 2606 2728 2646 mens
2753 2590 2913 2646 bona:
2936 2590 2995 2645 in
3015 2589 3215 2663 quibus
3242 2606 3438 2647 census

1844 2679 2106 2752 sapientis
2134 2680 2389 2736 consistit
2418 2697 2429 2735 :
2468 2677 2563 2736 sed
2593 2679 2815 2735 interim
2852 2679 3144 2750 pretiosam
3194 2695 3435 2735 commu-

1844 2768 2106 2822 tationem
2137 2766 2546 2822 consideremus
2600 2766 2729 2821 Filii
2757 2766 2918 2821 Israel
2949 2766 3219 2820 dederunt
3257 2767 3436 2836 paleas

1845 2870 1967 2927 quae
1997 2854 2441 2925 inexstinguibili
2473 2853 2878 2910 comburuntur
2910 2853 3057 2924 igne,
3105 2862 3159 2909 et
3207 2871 3436 2927 recepe-

1845 2952 1977 2998 runt
2001 2942 2257 3009 farinam,
2288 2944 2346 2997 in
2376 2959 2482 3015 qua
2509 2942 2726 3013 sapiens
2756 2942 2851 2998 illa
2878 2942 3080 2997 mulier
3104 2942 3433 2998 fermentum

1843 3031 2148 3086 abscondit.
2168 3031 2448 3087 Dederunt
2473 3032 2669 3095 lutum,
2690 3031 2836 3103 quod
2864 3031 3100 3099 deletur,
3119 3031 3247 3104 quia
3268 3031 3434 3103 scrip-

1842 3126 1961 3175 tum
1988 3127 2069 3176 est
2103 3138 2115 3176 :
2178 3144 2199 3168 ι
2230 3122 2300 3177 Ut
2332 3121 2507 3177 lutum
2551 3120 2852 3192 platearum
2887 3119 3078 3175 delebo
3121 3136 3214 3176 eos
3259 3122 3433 3191 (Psal.

1843 3225 1985 3275 xvn,
2014 3208 2106 3280 43)
2138 3226 2150 3265 :
2176 3236 2196 3258 ι
2238 3218 2294 3267 et
2321 3218 2644 3282 receperunt
2679 3217 2986 3282 argentum,
3028 3209 3174 3281 quod
3206 3217 3287 3264 est
3312 3225 3436 3264 ser-

1843 3313 1935 3353 mo
1949 3296 2108 3369 justi.
2132 3297 2409 3369 Scriptum
2436 3307 2516 3354 est
2546 3298 2694 3354 enim
2721 3318 2738 3353 :
2787 3322 2805 3346 ‹
2824 3301 3125 3370 Argentum
3158 3298 3280 3370 igne
3312 3317 3434 3355 exa-

1842 3386 2113 3443 minatum
2146 3387 2332 3460 lingua
2353 3386 2491 3460 justi
2534 3389 2719 3460 (Prov.
2748 3404 2808 3456 x,
2834 3387 2950 3457 20).
2985 3413 3002 3436 ι
3038 3386 3317 3444 Dederunt
3346 3390 3435 3444 la—

1841 3482 2003 3545 teres,
2037 3477 2131 3550 qui
2166 3478 2372 3535 cadunt
2403 3496 2416 3545 ;
2447 3478 2573 3550 quia
2602 3477 2867 3549 scriptum
2896 3485 3012 3533 est:
3059 3499 3078 3524 ι
3107 3478 3324 3534 Lateres
3350 3496 3434 3535 ce-

1842 3566 2118 3635 ciderunt,
2147 3576 2203 3623 et
2232 3577 2552 3640 receperunt
2577 3584 2773 3623 aurum
2808 3568 2941 3639 (Isa.
2976 3584 3057 3633 ιχ,
3090 3567 3201 3638 10),
3233 3592 3253 3617 ι
3286 3568 3432 3641 quod

1842 3673 1924 3722 est
1955 3682 2110 3722 mens
2141 3665 2288 3721 bona
2317 3680 2426 3737 qua
2471 3663 2744 3719 servimus
2790 3661 2899 3733 legi
2938 3660 3057 3716 Dei.
3108 3660 3261 3715 Bona
3305 3674 3432 3730 ergo

1842 3754 2201 3812 commutatio
2237 3771 2250 3820 ;
2288 3753 2435 3809 unde
2463 3751 2601 3808 dicit
2628 3750 2956 3822 Apostolus:
3013 3749 3166 3817 dam
3198 3749 3429 3805 saturati

1841 3845 1993 3914 estis,
2018 3844 2133 3917 jam
2156 3844 2356 3901 divites
2386 3842 2516 3899 facti
2547 3843 2677 3898 estis
2720 3842 2778 3911 (Ι
2822 3843 2947 3897 Cor.
3006 3857 3086 3909 tv,
3130 3840 3209 3911 8).
3245 3866 3263 3888 ι
3325 3840 3434 3894 Has

1842 3951 1955 3991 non
1982 3934 2209 3991 divitias
2236 3929 2808 4006 comparemusnobis,
2827 3930 3029 4002 quibus
3055 3929 3433 4000 intelligibiles

1841 4027 2038 4082 anima:
2064 4033 2263 4081 nostra)
2291 4024 2578 4080 thesauros
2598 4022 2904 4095 repleamus
2930 4037 2941 4074 :
2971 4019 3064 4075 sed
3088 4018 3203 4091 ipse
3232 4018 3433 4075 Domi-

1841 4134 1945 4174 nus
1974 4117 2066 4174 dat
2095 4116 2255 4173 nobis
2285 4116 2539 4189 gratiam,
2565 4122 2627 4170 ut
2655 4112 2724 4169 ab
2752 4111 3032 4184 ngyptiis
3062 4110 3191 4166 illac
3219 4109 3429 4181 eripere

1840 4206 2148 4280 possimus:
2182 4205 2310 4261 Ideo
2353 4203 2630 4260 benedicit
2678 4202 2974 4275 Apostolus
3020 4198 3088 4255 ad
3137 4197 3425 4254 Hebrzeos:

1855 4319 1874 4343 ‹
1909 4296 2193 4369 Optimum
2222 4302 2305 4352 est
2334 4294 2507 4368 gratia
2543 4292 2791 4349 stabilire
2815 4308 2909 4349 cor
2930 4290 3113 4362 (Hebr.
3155 4305 3280 4357 χιιι,
3310 4289 3417 4360 9).-

1841 4385 1991 4442 Bona
2021 4385 2189 4457 igitur
2225 4384 2440 4440 mansio
2470 4385 2745 4440 Ramesse.

1911 4477 2002 4532 lIa
2042 4476 2266 4543 mansio,
2298 4475 2554 4530 SOCOTHI.
2595 4503 2666 4514 —
2703 4469 2950 4528 Secunda
2976 4470 3215 4525 ﬁliorum
3261 4468 3424 4524 Israel

1838 4566 2106 4639 profectio
2125 4565 2233 4620 fuit
2262 4566 2320 4620 in
2351 4563 2554 4620 Socoth
2588 4581 2602 4631 ;
2658 4562 2844 4635 ibique
2888 4560 3145 4625 tentoria,
3189 4559 3431 4629 ngypto

104 4653 271 4721 stitia,
307 4659 379 4707 ut
410 4649 624 4708 scribit
652 4646 976 4720 Apostolus,
1015 4670 1034 4694 ι
1064 4647 1450 4704 Pcenitentiam
1482 4648 1539 4703 in
1568 4648 1727 4704 salu—

1843 4656 2048 4723 relicta,
2078 4655 2326 4728 ﬁgentes,
2364 4653 2661 4711 secundam
2710 4650 3048 4708 mansionem
3097 4647 3424 4704 habuerunt.

105 4749 205 4799 tem
225 4742 511 4800 stabilem
562 4748 819 4813 operatur
854 4738 939 4812 (Il
971 4737 1097 4794 Cor.
1145 4754 1247 4807 vn,
1298 4736 1410 4808 10).
1442 4762 1461 4785 ι
1516 4737 1726 4793 Deinde

102 4836 220 4908 agni
242 4834 535 4893 mactatio
565 4831 701 4905 quid
730 4830 881 4887 aliud
906 4838 990 4887 est
1034 4845 1197 4903 quam
1246 4828 1428 4901 passio
1479 4828 1723 4896 Christi;

104 4928 211 4999 qui,
242 4935 311 4985 ut
334 4925 643 4998 Propheta
665 4923 823 4993 dicit,
886 4946 904 4971 ι
931 4930 1193 4995 tanquam
1241 4938 1413 4993 agnus
1462 4921 1726 4978 innocens

102 5014 375 5075 abductus
422 5023 517 5073 est
577 5022 641 5070 ut
692 5013 1032 5070 sacriﬁcetur
1081 5013 1295 5083 (Jerem.
1351 5026 1430 5078 χι,
1486 5010 1573 5079 19)
1620 5010 1647 5066 ‘1’
1695 5036 1713 5059 ι

103 5103 268 5179 Cujus
332 5103 630 5177 sanguine
687 5117 851 5173 super
920 5099 1210 5155 domorum
1288 5106 1470 5169 postes
1530 5097 1723 5166 effuso,

104 5195 414 5254 liberamur
447 5195 527 5251 ab
575 5190 1036 5256 Exterminatore;
1076 5187 1206 5261 quia
1239 5185 1443 5244 Christi
1477 5187 1728 5259 passione

104 5300 193 5358 per
245 5292 626 5343 sacramenta
669 5282 831 5339 nobis
858 5279 1205 5354 participata,
1238 5277 1539 5333 liberamur
1564 5278 1633 5334 ab
1664 5295 1727 5334 eo

102 5379 189 5449 qui
214 5379 480 5436 habebat
522 5375 725 5431 mortis
770 5373 1085 5446 imperium,
1131 5371 1189 5427 id
1235 5377 1336 5439 est,
1380 5370 1624 5440 diabolo,
1667 5379 1729 5427 ut

100 5466 162 5521 ad
190 5469 473 5525 Hebraeos
508 5464 710 5521 scribit
738 5463 1035 5536 Apostolus
1091 5461 1274 5533 (Hebr.
1325 5477 1386 5528 ιι,
1441 5459 1553 5531 14).
1598 5458 1726 5515 Ideo

99 5558 150 5613 in
179 5559 294 5615 alio
321 5560 460 5616 loco
486 5555 636 5613 dicit
672 5573 684 5611 :
732 5579 751 5603 ε
782 5554 1036 5611 Christus
1062 5561 1123 5608 ut
1148 5568 1243 5624 per
1283 5566 1445 5607 suum
1497 5550 1729 5621 sangui-

99 5663 217 5704 ncm
251 5646 660 5705 sanctiﬁcaret
689 5645 951 5718 populum
982 5651 1140 5711 extra
1159 5648 1373 5713 portam
1415 5657 1605 5714 passus
1647 5648 1730 5696 est

98 5739 279 5810 (Hebr.
321 5755 467 5806 xm,
508 5733 656 5807 (12).
689 5735 752 5790 In
797 5732 900 5790 hac
947 5733 1113 5790 etiam
1161 5731 1445 5788 mansione
1500 5731 1728 5804 Egypti

98 5826 488 5902 primogenita
542 5822 1013 5895 exstinguuntur;
1053 5821 1159 5879 hoc
1191 5828 1295 5889 est,
1338 5820 1495 5895 pravi
1545 5819 1727 5878 carnis

1835 4746 1963 4803 Ideo
1990 4745 2127 4802 dicit
2159 4763 2170 4800 :
2217 4769 2236 4792 ι
2262 4744 2499 4801 Profecti
2530 4750 2709 4799 autem
2728 4742 2831 4797 ﬁlii
2866 4740 3028 4797 Israel
3058 4756 3126 4794 ex
3158 4740 3427 4801 Ramesse,

1833 4834 2199 4893 castrametati
2229 4844 2358 4890 sunt
2378 4834 2434 4889 in
2454 4832 2655 4888 Socoth
2688 4832 2874 4901 (Num.
2898 4826 3223 4895 xxxm,3).-
3248 4825 3427 4880 Inten-

1832 4924 1914 4981 tio
1942 4924 2117 4980 sancti
2149 4923 2433 4995 Prophetee
2462 4922 2658 4992 Moysi,
2704 4918 2798 4989 qui
2826 4915 2923 4971 Dei
2955 4913 3215 4969 mandato
3242 4912 3429 4984 populi

1834 5027 2147 5085 processum
2176 5028 2246 5067 ex
2276 5012 2518 5082 Egypto
2545 5020 2716 5078 usque
2742 5003 2810 5059 ad
2844 5002 3136 5059 Iordanem
3178 5000 3430 5071 descrip-

1836 5100 1930 5170 sit,
1954 5100 2202 5157 non’fuit
2230 5100 2446 5170 singula
2475 5105 2664 5152 notare
2694 5096 2813 5150 loca
2843 5092 2911 5149 ad
2959 5110 3079 5165 quae
3126 5091 3178 5147 ei
3209 5091 3266 5146 in
3299 5091 3430 5146 uni-

1835 5208 1993 5248 verso
2021 5192 2218 5247 itinere
2253 5190 2526 5245 divertere
2567 5185 2890 5258 contigerit;
2940 5184 3035 5240 sed
3077 5183 3173 5239 illa
3212 5190 3426 5238 tantum

1835 5280 1894 5335 in
1921 5278 2123 5352 quibus
2146 5279 2331 5350 aliqua
2360 5276 2624 5349 mysteria
2654 5274 2796 5329 facta
2847 5282 2995 5329 sunt.
3046 5270 3247 5327 Socoth
3296 5268 3428 5324 urbs

1836 5380 1916 5429 est
1945 5371 2003 5426 iu
2033 5369 2329 5437 montanis,
2363 5375 2521 5424 extra
2563 5376 2765 5423 terram
2816 5362 3048 5435 IEgypti
3082 5380 3096 5427 ;
3156 5360 3207 5415 ei
3246 5368 3429 5415 tamen

1836 5459 2074 5516 finitima
2100 5467 2165 5514 ut
2199 5459 2399 5530 legitur
2434 5458 2494 5512 in
2544 5456 2685 5511 libro
2715 5455 2846 5510 Iesu
2877 5454 3026 5508 Nave
3071 5450 3252 5521 (Josue
3302 5465 3426 5516 xm,

1836 5548 1951 5620 27).
2010 5548 2258 5620 Denique
2314 5547 2518 5605 Socoth
2589 5546 2983 5617 interpretatur
3057 5539 3426 5595 tabernacula.

1835 5639 1991 5696 Unde
2018 5638 2183 5696 Iacob
2210 5638 2431 5712 quando
2459 5637 2527 5693 ab
2556 5637 2702 5691 Esau
2745 5633 2840 5706 qui
2871 5633 2921 5687 ei
2966 5647 2998 5686 a
3036 5627 3431 5700 Mesopotamia

1836 5730 2133 5787 revertenti
2162 5731 2423 5796 occurrit,
2451 5743 2507 5783 se
2523 5724 2734 5781 divisit.
2771 5745 2788 5768 ι
2818 5723 3086 5777 Reversus
3115 5728 3218 5787 est,
3249 5716 3430 5789 inquit

1837 5817 2137 5892 Scriptura,
2162 5820 2219 5875 in
2249 5814 2601 5875 tabernacula
2630 5814 2785 5886 (Gen.
2819 5825 3002 5878 xxxu,
3028 5808 3165 5882 £7)»
3196 5804 3300 5866 Ubi
3321 5801 3430 5860 alia
