3980 6432
570 450 637 507 15
1546 450 1643 505 AD
1682 449 1917 508 OPERA
1954 450 2009 505 S.
2050 449 2383 507 AMBROSII
2423 447 2803 507 APPENDIX.

564 572 852 630 translatio
882 571 1049 629 habet
1080 590 1091 627 :
1162 595 1180 618 ι
1212 572 1485 628 Reversus
1536 580 1619 628 est
1669 572 1897 631 Socoth.
1920 574 1992 630 Et
2020 572 2164 630 sub—
2192 576 2242 636 A
2266 572 2311 629 ti
2339 571 2547 629 dicitur
2575 571 2722 646 quod
2751 571 2947 629 debeat
2973 574 3121 630 sicut
3148 571 3393 630 hirundo
3421 574 3685 643 clamare,
3718 581 3774 629 et
3807 573 3877 630 si-
3978 576 3980 581 '

561 661 746 735 jungit
771 660 850 716 ibi
884 677 896 715 :
930 660 1000 716 Et
1021 658 1151 715 fecit
1177 659 1344 716 Jacob
1373 660 1479 717 sibi
1520 661 1734 732 domos,
1778 671 1832 719 et
1877 662 2167 734 pecoribus

565 749 681 807 suis
710 749 839 805 fecit
868 747 1221 805 tabernacula
1252 769 1266 811 :
1324 760 1547 823 propter
1576 750 1682 807 hoc
1708 752 1929 808 vocavit
1962 768 2165 809 nomen

566 838 675 895 loci
724 837 899 899 illius.
946 838 1321 895 Tabernacula
1347 840 1561 911 (Ibid)
1585 839 1657 897 Et
1676 840 1754 896 ibi
1783 840 1892 896 alia
1919 842 2165 898 transla-

566 926 647 983 tio
702 926 839 983 dicit
868 945 878 982 :
916 949 935 973 ι
964 928 1279 999 Appellavit
1312 943 1517 984 nomen
1544 928 1650 985 loci
1690 928 1842 985 illius
1875 929 2100 995 Socoth,
2131 955 2150 979 ι

566 1015 624 1072 id
652 1024 734 1073 est
761 1018 1131 1074 tabernacula.
1186 1019 1247 1074 In
1284 1018 1387 1075 hac
1425 1033 1641 1091 quoque
1690 1018 1976 1075 mansione
2004 1035 2162 1076 coxe-

566 1114 697 1162 runt
735 1105 967 1161 farinam
1004 1124 1015 1162 :
1051 1106 1269 1162 Dicitur
1320 1107 1469 1163 enim
1515 1107 1573 1163 in
1622 1106 1765 1163 libro
1820 1107 2046 1164 Exodi:
2092 1109 2165 1165 Et

566 1196 815 1254 fecerunt
843 1214 914 1253 ex
942 1198 1122 1253 farina
1146 1198 1544 1255 subcinericios
1573 1216 1795 1273 azymos
1819 1201 2024 1272 (Exod.
2056 1217 2160 1270 χιι,

566 1284 699 1357 39);
733 1312 753 1336 ι
795 1287 917 1342 Non
946 1285 1094 1341 enim
1125 1286 1449 1344 fermentata
1477 1287 1623 1344 fuit:
1684 1287 1965 1360 ejecerunt
2011 1305 2163 1345 nam-

565 1390 671 1449 que
699 1390 791 1431 eos
814 1373 1085 1447 Egyptii.
1126 1377 1188 1432 In
1220 1376 1323 1435 hac
1350 1377 1414 1433 ﬁt
1441 1377 1667 1449 insuper
1716 1394 1988 1434 annorum
2017 1394 2165 1435 com-

564 1463 776 1537 putatio
810 1463 1011 1538 quibus
1040 1467 1203 1523 Israel
1234 1467 1342 1523 fuit
1374 1467 1433 1524 in
1463 1468 1725 1541 Egypto.
1757 1468 1945 1542 Inquit
1973 1466 2121 1523 enim
2148 1486 2160 1524 :

581 1576 599 1599 ι
654 1554 733 1610 At
799 1553 1071 1611 habitatio
1133 1556 1376 1612 ﬁliorum
1429 1559 1595 1614 Israel
1652 1574 1813 1632 quam
1888 1556 2164 1613 habitave-

563 1652 695 1701 runt
742 1645 850 1718 ipsi
901 1655 955 1703 et
998 1656 1176 1719 patres
1216 1663 1407 1703 eorum
1456 1648 1512 1704 in
1554 1656 1699 1703 terra
1758 1647 2011 1719 ngypti,
2056 1654 2161 1701 etc.

566 1733 729 1802 (Ibid.
771 1732 887 1805 40).
923 1760 941 1785 ›
984 1736 1047 1791 In
1077 1736 1180 1793 hac
1208 1736 1427 1797 tandem
1458 1735 1778 1809 praecipitur
1796 1744 1859 1791 ut
1895 1732 2067 1806 hujus
2096 1750 2165 1789 ex

562 1824 803 1896 {Egypto
838 1824 1182 1882 liberationis
1210 1836 1537 1899 perpetuum
1569 1833 1750 1882 exstet
1775 1823 1919 1897 apud
1946 1839 2038 1879 eos
2054 1839 2165 1879 me-

3806 450 3874 507 i6

2279 668 2374 718 cut
2398 661 2653 718 columba
2699 661 2955 719 meditari
3001 677 3175 718 annos
3232 661 3350 734 ejus
3382 661 3442 718 in
3506 661 3879 718 amaritudine

2274 749 2472 807 animas
2500 767 2612 808 suae
2643 751 2782 821 (Isa.
2815 767 3058 819 xxxvm,
3094 751 3184 823 15)
3220 768 3232 806 :
3266 766 3367 808 nec
3390 749 3458 806 de
3487 749 3880 824 propitiatione

2275 840 2480 910 peccati
2512 855 2627 896 esse
2653 838 2772 895 sine
2802 839 3003 896 timore
3035 840 3231 911 (Eccli.
3266 857 3326 908 v,
3369 840 3429 911 5)
3465 857 3479 908 ;
3530 839 3626 896 sed
3670 838 3876 907 dolere,

2274 935 2328 982 et
2356 944 2482 984 cum
2504 927 2778 1000 Propheta
2804 927 2989 986 dicere
3013 946 3025 985 :
3071 953 3089 977 ι
3110 929 3492 1001 Εῑ’ρθοεειιιιιιι
3527 943 3706 984 meum
3735 944 3883 986 con-

2272 1023 2357 1072 tra
2387 1033 2474 1073 me
2502 1025 2826 1090 estsemper
2875 1018 3051 1089 (Psal.
3099 1034 3153 1087 ι,
3193 1018 3275 1089 ὅ).
3309 1041 3329 1067 ι
3388 1015 3548 1085 Quod
3575 1032 3687 1073 non
3733 1022 3881 1072 retro

2273 1105 2523 1177 aspiciat,
2594 1107 2856 1179 pristinas
2898 1106 3205 1179 appetendo
3268 1105 3563 1175 vanitates,
3619 1113 3682 1161 ut
3736 1121 3879 1165 uxor
3970 1180 3973 1189 ν

2272 1197 2394 1265 Lot,
2428 1203 2483 1252 et
2514 1203 2576 1251 ut
2603 1197 2756 1252 canis
2786 1207 3068 1255 revertens
3093 1196 3164 1252 ad
3194 1197 3486 1253 vomitum.
3518 1195 3664 1264 Quin
3694 1197 3880 1270 potius

2274 1286 2417 1342 sicut
2445 1287 2802 1359 semetipsum
2834 1286 3205 1344 immunditiaa
3235 1294 3292 1345 et
3337 1286 3621 1362 iniquitati
3666 1286 3881 1360 prosti-

2273 1377 2403 1445 tuit,
2437 1377 2514 1433 ita
2542 1378 2802 1435 exhibeat
2848 1380 3097 1436 membra
3141 1396 3242 1436 sua
3285 1380 3494 1436 servire
3535 1378 3773 1452 justitia
3817 1379 3878 1435 in

2274 1466 2789 1538 sanctiﬁcationem,
2821 1476 2883 1524 ut
2903 1478 3172 1541 quantum
3198 1485 3255 1526 se
3286 1469 3681 1542 gloriﬁcaverit
3725 1476 3781 1526 et
3816 1470 3876 1526 in
3976 1474 3980 1477 ’

2275 1556 2490 1614 deliciis
2538 1557 2744 1625 fuerit;
2805 1565 3023 1615 tantum
3079 1567 3258 1615 errata
3322 1576 3425 1617 sua
3483 1560 3763 1633 corrigens
3820 1566 3878 1616 et

2276 1646 2333 1702 in
2355 1662 2413 1704 se
2439 1646 2756 1717 vindicans,
2785 1647 2987 1704 sentiat
3014 1656 3353 1706 tormentum
3391 1657 3446 1706 et
3496 1650 3728 1707 luctum.
3759 1651 3881 1707 De-

2274 1751 2428 1791 mum
2485 1736 2689 1794 festum
2740 1744 2796 1793 et
2851 1746 3116 1809 perpetua
3179 1753 3500 1811 azymorum
3555 1739 3882 1795 solemnitas

2274 1826 2671 1899 praescribitur,
2703 1825 2811 1885 hoc
2838 1834 2939 1896 est,
2971 1827 3349 1885 meditationis
3377 1838 3433 1886 et
3477 1845 3715 1902 operum
3759 1846 3882 1902 per-

562 1914 811 1970 moriale.
842 1915 1032 1987 Inquit
1066 1916 1213 1971 enim
1249 1934 1260 1972 :
1308 1939 1326 1962 ι
1356 1915 1513 1972 Dixit
1541 1916 1756 1987 Moyses
1784 1910 1853 1970 ad
1874 1913 2157 1985 populum:
2192 1934 2239 1994 Β
2274 1915 2582 1973 severantia
2615 1914 2918 1972 indicitur:
2983 1939 3003 1963 ι
3032 1915 3163 1989 quia
3190 1916 3285 1989 qui
3315 1918 3745 1989 perseveraverit
3772 1934 3885 1975 us-

563 2003 946 2060 Recordamini
976 2003 1088 2059 diei
1137 2003 1326 2075 hujus,
1375 2005 1435 2059 in
1477 2021 1585 2077 qua
1627 2003 1833 2075 egressi
1865 2009 1911 2065 5
1940 2001 2072 2059 estis
2100 2018 2171 2057 ex

564 2102 830 2173 Egypto,
859 2117 928 2157 ex
957 2101 1122 2157 domo
1164 2101 1481 2158 servitutis:
1539 2102 1595 2157 in
1627 2118 1795 2158 manu
1842 2101 1991 2158 enim
2038 2099 2168 2156 forti

563 2191 759 2247 eduxit
814 2208 912 2247 vos
965 2191 1099 2249 hinc
1151 2192 1422 2248 Dominus
1481 2193 1683 2265 (Exod.
1740 2209 1866 2258 xm,
1906 2192 1985 2263 3).
2019 2216 2038 2240 ι
2104 2190 2167 2245 In

564 2283 667 2341 hac
695 2284 917 2341 demum
956 2285 1275 2341 solemnitas
1303 2302 1643 2358 azymorum,
1676 2285 1925 2358 ritusque
1974 2300 2168 2357 azyma

563 2373 887 2433 comedendi
923 2374 1322 2447 prmscribitur.
1367 2377 1502 2432 Nam
1560 2374 1782 2446 inquit:
1846 2397 1864 2421 ι
1893 2373 2001 2429 Sex
2047 2372 2165 2429 dies

563 2464 862 2521 comedetis
917 2480 1155 2537 azyma;
1236 2474 1289 2521 at
1346 2464 1435 2521 die
1509 2464 1741 2537 septima
1784 2463 1985 2519 festum
2041 2464 2163 2520 Do—

564 2553 753 2621 mino;
788 2569 899 2609 non
924 2554 1207 2626 apparebit
1235 2554 1314 2611 ibi
1354 2555 1745 2611 fermentatum
1790 2553 1952 2626 (Ibid.
1997 2552 2078 2624 6).
2129 2579 2147 2601 ι

563 2643 691 2700 Haec
719 2642 901 2717 quoad
930 2644 1191 2700 litteram.
1224 2644 1415 2712 Quoad
1444 2644 1709 2717 mysteria
1746 2659 1901 2711 vero,
1920 2642 2159 2700 dicimus

562 2732 708 2806 quod
739 2735 1018 2805 profectus
1074 2734 1317 2791 ﬁliorum
1374 2737 1537 2792 Israel
1594 2736 1654 2791 in
1710 2733 1936 2804 Socoth,
1983 2734 2157 2791 inter-

560 2829 807 2893 pretatur
861 2822 1254 2892 Tabernacula,
1314 2824 1562 2897 designat
1609 2824 1756 2897 quod
1820 2824 1916 2897 qui
1988 2839 2156 2879 man-

553 2910 766 2965 sionem
798 2910 997 2967 habuit
1024 2912 1081 2966 in
1111 2914 1387 2980 Ramesse,
1418 2912 1523 2969 hoc
1564 2920 1647 2969 est
1694 2912 1751 2967 in
1783 2912 2153 2969 commotione

555 2997 918 3068 pcenitentiaa,
953 2998 1118 3054 debet
1144 3001 1420 3071 proﬁcisci
1451 3002 1510 3056 in
1558 3000 1761 3057 Socoth
1809 2999 1917 3057 hoc
1960 3009 2043 3057 est
2093 3001 2152 3057 in

555 3084 903 3142 tabernacula
951 3088 1105 3160 quasi
1150 3106 1245 3161 per
1291 3089 1789 3146 considerationem
1847 3089 2148 3145 ambulare.

555 3174 714 3242 Quod
744 3175 890 3231 sicut
917 3176 1012 3231 ille
1041 3177 1136 3249 qui
1167 3178 1277 3233 alio
1323 3177 1521 3247 tendit,
1567 3195 1670 3235 nec
1715 3178 1930 3233 ﬁrmam
1986 3177 2151 3234 habet

2283 2022 2387 2078 que
2416 2006 2475 2061 in
2504 2005 2696 2075 ﬁnem,
2727 2005 2821 2063 hic
2849 2006 3037 2063 salvus
3067 2007 3173 2063 erit
3195 2007 3415 2079 (Matth.
3448 2024 3506 2074 χ,
3538 2007 3654 2079 22).
3674 2033 3692 2058 ›
3721 2008 3885 2065 Unde

2280 2098 2612 2169 Apostolus:
2660 2121 2678 2144 ι
2708 2098 2772 2153 Ιιι
2801 2097 3097 2170 disciplina
3132 2105 3495 2170 perseverate,
3534 2097 3640 2155 ﬁlii
3687 2098 3881 2171 (Hebr.

2278 2201 2381 2254 χιι,
2414 2187 2491 2259 7).
2525 2211 2544 2234 ι
2584 2185 2859 2243 Profectio
2886 2187 3058 2260 igitur
3085 2203 3156 2243 ex
3180 2187 3434 2245 Ramesse
3461 2186 3532 2244 ad
3563 2186 3766 2245 Socoth
3795 2195 3885 2245 est

2276 2275 2344 2332 ad
2373 2277 2620 2335 meliora.

2344 2366 2442 2422 ΙΙΙε
2472 2368 2697 2437 mansio,
2726 2368 2944 2426 Erum.
2966 2399 3037 2410 —
3067 2368 3250 2425 Tertia
3288 2367 3503 2425 mansio
3549 2376 3632 2425 est
3663 2368 3879 2427 Ethan.

2271 2455 2405 2511 Nam
2436 2471 2468 2511 a
2495 2455 2697 2513 Socoth
2728 2455 3045 2514 recedentes
3068 2457 3173 2513 ﬁlii
3202 2458 3390 2527 Israel,
3421 2466 3795 2530 pervenerunt
3819 2459 3884 2516 in

2270 2544 2491 2612 Ethan;
2541 2546 2731 2619 ibique
2768 2546 2998 2620 ﬁgentes
3037 2548 3257 2605 tertiam
3291 2548 3586 2605 stationem
3635 2564 3880 2622 perege-

2268 2643 2419 2690 runt.
2448 2635 2635 2708 Inquit
2664 2636 2813 2692 enim
2844 2654 2856 2692 :
2922 2660 2942 2684 ι
2970 2638 3042 2693 Et
3070 2637 3303 2710 profecti
3333 2654 3363 2694 e
3400 2637 3625 2710 Socoth,
3657 2646 3883 2695 castra-

2267 2724 2687 2796 metatisuntin
2707 2726 2891 2783 Ethan
2916 2728 3099 2799 (Num.
3121 2743 3328 2795 XXXIII,
3359 2728 3466 2799 6).»
3506 2727 3691 2783 Ethan
3720 2728 3880 2801 regio

2264 2820 2348 2868 est
2371 2812 2518 2870 inter
2544 2815 2849 2888 JEgyptum
2872 2823 2926 2872 et
2952 2816 3311 2874 solitudinem
3342 2817 3402 2872 in
3430 2833 3539 2891 qua
3579 2825 3661 2874 est
3707 2816 3879 2873 Petra

2264 2902 2551 2974 oppidum,
2580 2905 2640 2961 in
2667 2905 2825 2978 cujus
2855 2908 3118 2979 spelunca
3145 2906 3421 2964 habitavit
3461 2907 3692 2964 Samson
3736 2924 3874 2965 cum

2263 2991 2333 3047 ab
2358 2992 2678 3069 Allophylis
2709 2995 3100 3055 infestaretur:
3161 3021 3181 3044 ι
3226 2998 3297 3054 Et
3341 2996 3504 3065 sedit,
3551 2998 3756 3070 inquit,
3808 2998 3873 3054 in

2262 3082 2525 3153 spelunca
2552 3084 2724 3141 Petrae
2754 3086 2941 3142 Ethan
2990 3088 3191 3158 (ludio.
3223 3103 3320 3155 xv,
3360 3087 3442 3158 8),
3475 3112 3494 3137 ι
3560 3087 3656 3159 qui
3711 3086 3882 3144 locus
3972 3102 3980 3163 ε

2261 3182 2379 3229 erat
2432 3173 2591 3229 valde
2633 3174 2904 3241 minutus,
2952 3182 3015 3230 ut
3052 3182 3283 3231 testatur
3328 3174 3599 3246 Iosephus
3649 3175 3871 3248 (Antig.

555 3262 805 3330 domum,
886 3274 1133 3322 moratur
1204 3268 1262 3323 in
1330 3268 1719 3325 tabernaculis.
1792 3266 1947 3323 Unde
2016 3265 2150 3341 quid
2182 3298 2225 3358 ϐ
2258 3277 2377 3358 cap.
2417 3261 2529 3334 10).
2561 3262 2695 3318 Erat
2722 3270 2901 3319 autem
2934 3262 3055 3319 haec
3081 3262 3232 3335 regio
3262 3262 3322 3318 in
3351 3260 3626 3334 principio
3653 3264 3877 3321 solitu-

554 3350 706 3406 aliud
756 3359 837 3407 est
901 3352 960 3409 in
1014 3355 1383 3413 tabernaculis
1441 3355 1710 3424 habitare,
1770 3371 1933 3428 quam
1991 3371 2149 3428 pere-

555 3439 760 3511 grinari
791 3440 819 3497 ?
866 3442 1010 3499 sicut
1061 3445 1362 3516 Apostolus
1417 3447 1486 3503 ad
1535 3446 1790 3503 Hebraeos
1844 3443 1912 3501 de
1966 3444 2151 3517 patri-

552 3527 655 3585 bus
684 3531 913 3602 loquens
941 3539 1196 3590 testatur.
1246 3536 1435 3609 Inquit
1485 3535 1635 3592 enim
1670 3554 1682 3592 :
1751 3559 1771 3584 ι
1814 3534 2151 3592 Conﬁtentes

553 3619 701 3691 quod
748 3621 1021 3692 peregrini
1078 3632 1133 3679 et
1191 3622 1435 3697 hospites
1489 3633 1669 3682 essent
1724 3641 1887 3697 super
1948 3633 2147 3681 terram

557 3709 740 3780 (Hebr.
772 3726 854 3778 χι,
889 3711 1002 3783 13),
1033 3737 1052 3761 ι
1094 3722 1147 3769 et
1183 3713 1379 3770 videns
1404 3730 1460 3771 se
1485 3716 1838 3787 peregrinum
1895 3714 1954 3769 in
1984 3721 2146 3780 terra,

554 3795 703 3853 dicat
729 3813 854 3860 cum
894 3800 1166 3872 Propheta
1198 3820 1210 3859 :
1267 3827 1285 3849 ι
1321 3803 1553 3860 Advena
1592 3819 1691 3876 ego
1735 3818 1857 3859 sum
1897 3801 1956 3856 in
2004 3808 2151 3856 terra

556 3888 731 3961 (Psal.
764 3904 1009 3956 xxxvm,
1043 3890 1155 3963 13).
1201 3891 1523 3950 Consideret
1562 3892 1692 3948 item
1742 3891 1993 3964 Apostoli
2039 3890 2150 3946 dic-

553 3984 670 4039 tum
708 3994 719 4031 :
766 4000 785 4023 ι
801 3978 924 4033 Νοιι
940 3977 1204 4037 habemus
1219 3980 1313 4039 hic
1327 3989 1639 4038 manentem
1659 3979 1941 4039 civitatem
1963 3980 2146 4054 (Hebr.

554 4087 679 4137 xm,
713 4072 824 4146 14).
869 4099 888 4123 ι
931 4074 1237 4149 Cognoscat
1291 4076 1529 4151 denique
1577 4076 1725 4150 quod
1772 4076 2019 4150 quandiu
2069 4082 2151 4132 est

554 4159 613 4216 in
649 4178 898 4234 corpore,
940 4167 1321 4238 peregrinatur
1347 4183 1380 4222 a
1419 4167 1676 4236 Domino,
1740 4166 1887 4223 unde
1938 4165 2149 4238 rejiciat

554 4266 617 4307 ea
671 4267 790 4324 quae
870 4255 929 4309 in
999 4256 1208 4312 mundo
1268 4267 1429 4325 sunt;
1507 4257 1635 4330 quia
1703 4255 2151 4328 concupiscentia

552 4340 735 4397 carnis
804 4350 926 4410 est;
984 4344 1116 4417 quia
1177 4346 1621 4419 concupiscentia
1682 4349 2013 4403 oculorumf
2093 4353 2148 4401 et

555 4430 684 4502 quia
755 4433 1011 4505 superbia
1083 4436 1229 4492 vitae.
1304 4437 1575 4511 Sequatur
1646 4437 1899 4510 Apostoli
1973 4438 2149 4494 consi-

553 4520 691 4575 lium
741 4539 753 4577 :
827 4546 847 4570 ι
899 4524 977 4579 Ne
1032 4524 1348 4597 tetigeritis,
1405 4543 1475 4583 ne
1540 4527 1914 4600 gustaveritis,
1972 4544 2149 4601 neque

553 4610 1032 4681 attaminaveritis,
1062 4631 1183 4686 quae
1210 4622 1341 4670 sunt
1360 4615 1548 4671 omnia
1572 4616 1630 4671 in
1692 4617 2003 4684 interitum,
2031 4616 2149 4688 ipso
2178 4653 2226 4712 Β

553 4716 656 4757 usu
687 4717 699 4755 :
736 4700 831 4755 sed
876 4701 1201 4774 ingemiscat
1227 4703 1624 4762 habitationem
1653 4722 1773 4779 qum
1795 4706 1862 4763 de
1885 4707 2024 4763 coelo
2044 4717 2145 4775 est,

553 4806 766 4861 semper
790 4792 1126 4848 contendens
1156 4793 1367 4864 placere
1408 4796 1521 4850 Deo
1555 4796 1784 4867 (Cotoss.
1819 4797 1991 4863 11,21,
2029 4797 2096 4853 22
2129 4814 2142 4864 ;

559 4879 684 4933 Cor.
718 4895 774 4946 ν,
804 4880 882 4950 2).
916 4906 935 4929 ι
977 4882 1483 4939 Subcinericiorum
1514 4886 1692 4940 coctio
1713 4901 2032 4957 azymorum
2053 4885 2146 4941 do-

555 4973 662 5034 cet,
690 4969 838 5038 quod
868 4979 1168 5044 expurgato
1198 4972 1245 5029 is
1275 4973 1446 5029 veteri
1479 4974 1935 5046 philosophorum
1959 4974 2147 5046 nequi-

554 5055 646 5119 tiae
702 5064 756 5112 et
803 5057 1116 5115 Iudaeorum
1166 5064 1391 5119 malitiae
1436 5064 1730 5131 fermento,
1784 5064 2036 5135 epuletur
2089 5063 2187 5117 in

554 5143 763 5216 azymis
809 5146 1143 5204 sinceritatis
1188 5159 1242 5204 et
1290 5153 1559 5209 veritatis.
1626 5152 1890 5208 Memoria
1942 5150 2148 5223 jugiter

554 5234 932 5307 unusquisque
970 5244 1220 5292 nostrum
1248 5246 1429 5295 teneat
1458 5241 1598 5297 illud
1644 5241 1870 5298 Domini
1900 5258 2151 5314 praecep-

554 5332 672 5379 tum
703 5324 965 5381 dicentis:
1009 5351 1027 5372 ι
1049 5328 1349 5383 Intuemini
1378 5337 1433 5384 et
1450 5341 1635 5387 cavete
1665 5347 1696 5386 a
1721 5332 1991 5388 fermento
2011 5331 2147 5388 Pha-

554 5415 837 5471 risaeorum
872 5416 1083 5487 (Matth.
1115 5433 1233 5485 χνι,
1257 5418 1338 5491 6),
1357 5443 1376 5466 ι
1421 5428 1474 5474 et
1499 5422 1733 5490 apostoli
1762 5439 1828 5478 ne
1858 5421 2147 5478 oblivisca-

556 5514 647 5559 tur
682 5506 1026 5562 cautionem:
1092 5530 1112 5554 ‹
1142 5507 1338 5564 Videte
1384 5524 1453 5563 ne
1492 5510 1617 5581 quis
1660 5528 1760 5568 vos
1805 5512 2150 5584 depraedetur

554 5610 651 5667 per
684 5595 1089 5669 philosophiam
1136 5606 1191 5653 et
1236 5598 1453 5656 inanem
1493 5600 1769 5658 fallaciam
1811 5603 2040 5675 (Coloss.
2082 5620 2144 5671 ιι,

554 5685 635 5756 8).
668 5710 686 5733 ρ
734 5684 942 5743 Deinde
966 5687 1024 5742 in
1058 5687 1257 5745 Socoth
1282 5688 1549 5745 indicitur
1578 5692 1916 5763 computatio
1963 5708 2148 5748 anno-

553 5793 676 5836 rum
704 5777 904 5851 quibus
934 5781 1167 5852 populus
1200 5780 1306 5838 fuit
1331 5781 1384 5838 in
1416 5782 1657 5853 ngypto
1683 5801 1693 5838 :
1719 5784 1852 5855 quia
1880 5784 2145 5856 pmniten-

2261 3349 2431 3407 dinis.
2464 3351 2592 3407 Ideo
2620 3351 2790 3409 dicit:
2835 3354 2939 3408 cEt
2953 3359 3035 3408 est
3064 3368 3187 3424 pars
3207 3351 3409 3409 deserti
3439 3353 3626 3425 (Nam.
3649 3369 3874 3421 χχχιιι,
3977 3376 3980 3392 ι

2262 3439 2341 3514 6).
2376 3464 2395 3489 ιι
2438 3441 2699 3513 Regionis
2747 3440 2914 3514 hujus
2962 3441 3217 3497 meminit
3259 3440 3437 3498 David
3477 3441 3744 3516 propheta
3776 3442 3870 3499 di-

2261 3546 2424 3587 cens:
2468 3554 2488 3578 ι
2509 3531 2591 3587 Tu
2618 3530 2835 3588 siccasti
2863 3530 3063 3599 fluvios
3088 3531 3271 3589 Ethan
3303 3534 3477 3606 (Psal.
3497 3533 3859 3606 ιχχιιι,15)..

2260 3622 2322 3678 In
2360 3621 2463 3678 hac
2500 3622 2785 3679 mansione
2814 3623 3054 3696 primum
3082 3623 3335 3696 apparuit
3381 3623 3652 3685 Dominus
3694 3633 3905 3681 nocte.

2262 3708 2321 3767 in
2351 3712 2609 3768 columna
2637 3711 2800 3785 ignis,
2818 3721 2871 3768 et
2902 3712 2992 3769 die
3016 3713 3074 3769 in
3090 3714 3349 3770 columna
3364 3711 3878 3781 nubis,ostendens
3972 3734 3980 3755 ·-

2262 3801 2367 3857 iter
2392 3802 2617 3874 populo,
2647 3801 2716 3858 ad
2742 3811 2944 3859 terram
3004 3820 3176 3877 usque
3222 3801 3582 3859 successionis
3619 3817 3815 3859 eorum
3858 3822 3872 3859 :

2275 3892 2385 3948 «Et
2420 3908 2533 3947 non
2561 3892 2782 3962 defecit,
2830 3892 3034 3966 inquit,
3077 3892 3336 3949 columna
3368 3890 3533 3947 nubis
3578 3888 3637 3946 in
3666 3891 3776 3962 die,
3814 3902 3879 3950 et

2261 3982 2521 4039 columna
2548 3980 2693 4055 ignis
2721 3983 2778 4040 in
2809 3993 2989 4053 nocte,
3021 3999 3205 4041 coram
3235 3983 3386 4039 omni
3417 3982 3621 4055 populo
3652 3982 3875 4053 (Exod.
3974 4005 3980 4010 ·

2260 4086 2386 4140 χιιι,
2414 4070 2530 4143 22).
2550 4096 2569 4120 ι
2614 4072 2819 4130 Verum
2849 4072 2979 4145 quia
3001 4071 3185 4128 Ethan
3210 4070 3370 4128 nobis
3390 4081 3549 4128 sonat
3566 4071 3873 4130 fortitudo:

2260 4160 2408 4217 unde
2435 4160 2697 4217 adversus
2725 4160 3013 4217 Jeroboam
3043 4176 3241 4234 parans
3269 4176 3326 4216 se
3378 4159 3621 4217 Roboam
3655 4160 3879 4217 defen—

2260 4249 2421 4306 dere:
2468 4250 2844 4319 «Ediﬁcavit,
2876 4250 3076 4324 inquit,
3100 4249 3354 4306 civitates
3382 4250 3644 4307 munitas.
3676 4248 3877 4308 Ethan

2262 4348 2315 4397 et
2344 4342 2559 4399 Thecue
2583 4343 2671 4411 (II
2696 4344 2887 4400 Paral.
2928 4359 3009 4411 χι,
3042 4342 3121 4415 6),
3144 4367 3163 4391 ι
3210 4341 3315 4398 hoc
3343 4351 3425 4398 est
3453 4341 3704 4398 civitates
3734 4340 3878 4398 for-

2260 4429 2538 4499 titudinis,
2561 4432 2824 4489 docemur
2850 4432 2999 4506 quod
3039 4431 3135 4488 ubi
3177 4431 3237 4488 in
3271 4431 3474 4488 Socoth
3504 4428 3672 4502 hujus
3700 4445 3877 4502 pere-

2262 4519 2606 4592 grinationis,
2668 4521 2726 4578 in
2774 4521 3130 4578 meditatione
3188 4530 3242 4578 et
3280 4520 3547 4579 exercitio
3577 4520 3874 4577 bonorum

2261 4627 2483 4682 operum
2516 4628 2687 4684 usque
2726 4612 2785 4666 in
2827 4610 2993 4667 ﬁnem
3042 4626 3389 4683 perseverare
3428 4609 3553 4683 quis
3580 4608 3878 4693 statuerit,

2256 4700 2500 4757 ascendit
2531 4700 2599 4756 ad
2619 4699 2823 4769 Ethan,
2873 4697 2980 4754 hoc
3020 4705 3122 4765 est,
3162 4697 3233 4753 ad
3269 4696 3656 4753 fortitudinem
3689 4698 3882 4770 ;quia

2257 4790 2370 4862 ipse
2399 4789 2671 4846 Dominus
2699 4788 2792 4844 dat
2842 4787 3127 4855 virtutem,
3172 4793 3225 4842 et
3277 4786 3663 4842 fortitudinem
3709 4788 3878 4859 plebi

2255 4897 2386 4936 suae.
2420 4880 2562 4935 llinc
2590 4877 2808 4934 dicebat
2839 4876 3171 4947 Apostolus:
3237 4899 3255 4923 ι
3290 4876 3490 4932 Omnia
3528 4892 3751 4947 possum
3801 4876 3874 4933 in

2256 4986 2319 5026 eo
2349 4969 2444 5042 qui
2474 4985 2561 5024 me
2582 4968 2855 5024 confortat
2878 4965 3129 5022 Christus
3150 4966 3663 5039 Jesus(Phitipp.1v,
3685 4966 3809 5037 13),
3842 4995 3864 5018 ι

2257 5060 2370 5116 imo
2401 5076 2497 5132 per
2526 5058 2727 5114 nubem
2759 5064 2813 5112 et
2836 5057 3016 5129 ignem
3058 5056 3235 5129 aperit
3270 5056 3321 5112 ei
3348 5057 3517 5126 viam,
3549 5066 3603 5113 et
3632 5057 3695 5115 ﬁt
3738 5057 3881 5118 dux

2258 5151 2475 5208 itineris
2503 5149 2645 5222 ejus,
2679 5148 2855 5205 donec
2885 5147 3071 5204 videat
3096 5148 3241 5203 bona
3264 5149 3490 5204 Domini
3518 5149 3575 5204 in
3604 5158 3750 5206 terra
3776 5152 3878 5207 γι·
3977 5223 3980 5231 ι

2257 5243 2528 5299 ventium.
2561 5241 2937 5298 Ascendamus
2962 5239 3133 5313 igitur
3148 5248 3202 5297 et
3229 5256 3330 5296 nos
3352 5239 3411 5296 in
3431 5240 3639 5310 Ethan,
3660 5248 3722 5297 ut
3740 5239 3881 5298 dia-

2256 5333 2384 5389 bolo
2413 5332 2729 5389 resistamus
2760 5331 2929 5385 fortes
2957 5329 3015 5385 in
3046 5328 3173 5385 ﬁde.

2327 5423 2427 5480 IVll
2456 5421 2681 5488 mansio,
2715 5420 2787 5476 Os
2816 5420 3028 5475 Enorn.
3053 5450 3124 5461 —
3152 5418 3356 5486 Quarta
3380 5418 3595 5475 mansio
3625 5416 3876 5481 dicitur:

2256 5516 2329 5573 Os
2349 5513 2544 5570 Eroth.
2572 5511 2727 5569 Unde
2753 5510 3004 5584 sequitur
3034 5531 3045 5569 :
3094 5535 3113 5558 ι
3145 5512 3217 5567 Et
3242 5511 3475 5584 profecti
3526 5527 3597 5567 ex
3640 5510 3873 5584 Ethan,
3968 5537 3980 5581 η

2255 5602 2621 5663 castrametati
2646 5608 2776 5658 sunt
2804 5600 2871 5656 ad
2899 5600 2972 5657 Os
2992 5599 3190 5668 Eroth,
3225 5616 3347 5674 qua;
3371 5607 3452 5657 est
3480 5608 3675 5658 centra
3701 5600 3875 5659 Beel-

2255 5692 2486 5765 sephon,
2516 5700 2571 5748 et
2596 5698 2789 5747 contra
2813 5690 3101 5763 Magdalon
3139 5690 3324 5763 (Num.
3367 5706 3572 5759 χχχιιι,
3603 5690 3681 5761 7).
3716 5714 3736 5738 ι
3782 5691 3879 5749 Os

2257 5780 2431 5838 Eroth
2489 5781 2596 5837 alia
2622 5781 2982 5841 translatione
3007 5779 3213 5839 dicitur
3242 5778 3559 5848 Phiairoth;
3591 5778 3749 5836 vicus
3773 5793 3883 5843 est
3978 5830 3980 5833 .
