3980 6400
129 456 183 512 17
1000 445 1093 501 nx:
1131 444 1280 501 XLII
1318 442 1787 501 MANSIONIBUS
1822 420 2160 502 FILIORUM
2198 444 2468 502 ISRAEL.
3331 453 3398 509 xs

122 587 169 635 et
192 572 507 632 suburbium
546 571 806 646 Magdali,
838 576 885 635 6
926 586 1117 627 versus
1145 587 1295 628 mare
1331 570 1599 635 Rubrum,
1631 577 1696 625 ut
1728 569 1772 633 A
1804 577 1903 639 est,
1963 570 2216 627 diabolus
2269 587 2395 627 cum
2439 578 2704 643 potestate
2765 582 2874 628 tam
2919 575 3071 643 forti,
3120 586 3202 646 ut,
3255 577 3401 636 sicut

128 673 339 730 habetur
361 668 418 724 in
453 668 597 725 libro
621 667 802 726 Exodi
827 669 1031 741 (Exod.
1064 684 1183 737 xxv,
1215 668 1296 741 2).
1328 669 1390 724 In
1417 666 1523 723 hac
1547 682 1698 721 man-

120 761 259 819 sione
285 756 602 831 indignatus
634 758 843 815 Pharao
881 757 1028 831 quod
1066 758 1227 814 Israel
1262 758 1565 830 [Egyptum
1593 755 1699 812 de-

122 855 324 914 sereret,
363 855 678 919 comparato
713 845 961 903 exercitu
992 845 1206 919 grandi,
1245 862 1339 902 eos
1368 845 1694 919 insequitur,

121 938 291 995 dicens
329 953 342 991 :
415 958 434 982 ι
473 934 617 1002 Quid
663 934 916 1004 fecimus,
972 941 1037 990 ut
1084 933 1489 991 dimitteremus
1554 932 1698 989 ﬁlios

122 1025 290 1091 Israel,
333 1029 395 1078 ut
437 1040 548 1080 non
599 1024 871 1080 servirent
904 1023 1065 1079 nobis
1111 1023 1275 1095 (Ibid.
1315 1023 1368 1090 5,
1406 1023 1462 1093 6)
1492 1023 1520 1079 ?
1549 1046 1567 1071 ι
1626 1021 1699 1075 Ει

116 1113 417 1187 subiungit:
474 1137 493 1161 ι
518 1114 715 1171 Iunxit
745 1130 872 1185 ergo
910 1114 1122 1171 Pharao
1165 1130 1360 1171 currus
1399 1130 1548 1182 suos,
1588 1121 1693 1168 etc.

119 1203 268 1275 (Ibid.
297 1202 372 1273 6).
403 1225 424 1250 ι
467 1202 587 1271 Quo
612 1218 744 1259 vero
764 1202 829 1259 ad
860 1204 1096 1259 morale:
1121 1220 1217 1276 per
1236 1204 1310 1261 Os
1331 1204 1527 1273 Eroth,
1551 1204 1696 1277 quod

117 1309 171 1349 os
196 1290 460 1349 nobilium
495 1290 888 1363 interpretatur
920 1292 1251 1365 (Hieronym.
1293 1311 1374 1366 ep.
1418 1294 1566 1365 127),
1596 1311 1695 1350 os-

114 1380 344 1438 tenditur
407 1381 557 1454 quod
621 1392 901 1453 assumpta
973 1382 1301 1439 fortitudine
1363 1383 1421 1439 in
1485 1385 1691 1453 Ethan,

113 1469 446 1527 ascendimus
489 1470 545 1525 iu
584 1469 657 1527 Os
695 1470 894 1540 Eroth,
924 1472 1055 1544 quia
1097 1472 1460 1529 nobilitamur
1487 1473 1542 1528 in
1574 1475 1695 1528 Do-

110 1559 266 1614 mino.
315 1557 477 1625 Quod
517 1575 650 1616 vero
697 1560 770 1618 Os
821 1560 995 1618 Eroth
1043 1561 1117 1618 sit
1157 1560 1333 1630 vicus,
1382 1578 1495 1618 non
1546 1568 1696 1619 caret

112 1648 360 1722 mysterio
395 1666 408 1704 :
450 1655 514 1705 ut
553 1649 737 1723 primo
784 1667 954 1724 parva
980 1666 1211 1724 quaeque
1240 1651 1572 1723 capiantur;
1614 1660 1696 1707 est

112 1738 244 1795 enim
284 1736 421 1795 ordo
450 1743 514 1793 ut
540 1754 570 1793 a
598 1738 783 1811 parvis
822 1738 890 1795 ad
921 1754 1117 1812 magna
1142 1740 1433 1808 veniatur;
1468 1741 1695 1813 pericu-

111 1829 214 1885 losa
260 1842 498 1903 namque
554 1845 771 1901 semper
823 1829 933 1885 fuit
989 1829 1046 1885 in
1105 1828 1284 1886 initiis
1336 1830 1694 1888 immoderata

112 1918 428 1991 prosperitas
472 1933 628 1991 aeque
675 1934 739 1975 ac
782 1918 1087 1975 adversitas
1126 1919 1302 1991 (Orig.
1340 1919 1492 1977 hom.
1541 1920 1609 1977 27
1637 1921 1694 1976 in
1724 1937 1770 1998 Β

110 2007 253 2064 Num.
285 2021 357 2062 ex
388 2006 518 2063 Ruf.
552 2008 746 2079 vers.).
779 2007 934 2065 Sicut
962 2024 1090 2080 ergo
1134 2024 1233 2081 per
1259 2008 1584 2066 suburbium
1624 2009 1693 2066 ad

110 2095 279 2152 urbem
312 2096 724 2169 progredimur,
754 2097 832 2153 ita
870 2113 967 2169 per
994 2098 1107 2153 ima
1143 2097 1212 2153 ad
1242 2114 1457 2154 summa
1490 2115 1690 2156 ascen-

109 2184 290 2241 dimus.
337 2184 591 2258 Denique
639 2184 999 2257 Beelsephou,
1052 2184 1200 2258 quod
1246 2194 1327 2243 est
1371 2187 1690 2262 interpreta-

110 2282 233 2341 tum,
262 2272 540 2329 Dominus
566 2272 884 2347 Aquilonis,
912 2272 1195 2331 diabolum
1224 2274 1475 2349 designat
1506 2296 1520 2345 ;
1561 2279 1692 2352 quia

108 2360 258 2427 dixit,
313 2368 378 2417 ut
424 2368 657 2419 testatur
701 2360 867 2419 Isaias
920 2362 1187 2435 propheta
1223 2382 1235 2421 :
1303 2386 1322 2411 ε
1369 2364 1580 2422 Sedebo
1630 2367 1690 2423 in

107 2458 279 2507 monte
299 2449 552 2518 sublimi,
574 2466 738 2524 super
754 2458 968 2508 montes
988 2453 1235 2509 excelsos
1264 2452 1331 2510 ad
1356 2452 1689 2527 Aquilonem

110 2538 231 2603 (Isa.
262 2555 382 2608 xxv,
417 2538 535 2612 13).
567 2563 588 2588 ι
627 2540 727 2597 Est
756 2538 925 2613 igitur
954 2541 1027 2598 Os
1057 2541 1232 2598 Eroth
1263 2550 1454 2599 contra
1480 2544 1688 2601 Beelse-

103 2627 259 2699 phou,
305 2627 365 2697 id
395 2638 500 2699 est,
546 2637 739 2687 contra
777 2630 1085 2700 diabolum,
1115 2632 1209 2705 qui
1243 2640 1352 2689 stat
1388 2649 1604 2707 semper
1630 2640 1691 2690 ut

105 2718 411 2777 adversetur
458 2720 719 2779 euntibus
760 2722 820 2779 in
862 2723 1225 2792 Hierusalem,
1271 2740 1393 2797 quae
1435 2723 1495 2779 in
1551 2724 1690 2782 coelo

108 2816 195 2865 est.
221 2809 350 2866 Ideo
385 2810 607 2869 dicebat
635 2812 963 2884 Apostolus:
1010 2836 1029 2859 ι
1058 2812 1279 2869 Induite
1306 2830 1407 2869 vos
1434 2820 1688 2869 armatu-

101 2914 202 2954 ram
234 2900 335 2957 Dei
366 2908 433 2957 ut
470 2902 695 2974 possitis
740 2910 882 2959 stare
918 2901 1181 2958 adversus
1227 2902 1456 2959 insidias
1483 2901 1690 2958 diaboli

104 2986 305 3060 (Ephes.
336 3005 424 3057 vx,
457 2989 572 3061 13).
605 3014 625 3039 ι
662 2989 813 3046 Idem
843 3006 1060 3064 quoque
1088 2990 1404 3064 designatur
1432 3006 1529 3064 per
1553 2989 1690 3047 Pha-

104 3092 307 3135 raonem
330 3079 609 3152 populum
639 3079 1036 3151 insequentem.

159 3184 226 3243 ν·
242 3185 475 3255 mansio,
496 3186 725 3244 Marus.
746 3215 818 3228 —
831 3184 1019 3243 Marah
1041 3186 1234 3260 quinta
1252 3193 1334 3243 est
1353 3186 1584 3243 mansio.
1600 3185 1691 3244 Sic

100 3272 234 3331 enim
266 3274 447 3333 dicit:
498 3298 518 3322 ι
541 3276 614 3333 Ει
639 3276 871 3349 profecti
899 3285 1090 3334 contra
1118 3276 1191 3334 Os
1223 3275 1419 3345 Eroth,
1452 3277 1692 3334 transie-
1724 3299 1767 3361 α

101 3371 216 3419 ιιιιιι
271 3381 372 3438 per
437 3364 687 3422 medium
750 3365 917 3423 maris
981 3366 1041 3421 in
1097 3364 1395 3436 desertum,
1458 3374 1512 3423 et
1565 3383 1695 3423 am-

100 3449 423 3511 bulaverunt
498 3453 648 3510 viam
722 3454 894 3511 trium
967 3454 1181 3511 dierum
1248 3471 1345 3527 per
1415 3455 1690 3513 desertum

104 3540 220 3612 ipsi,
257 3550 312 3599 et
355 3542 735 3601 castrametati
765 3550 895 3601 sunt
940 3544 999 3600 in
1041 3543 1228 3601 Marah
1263 3546 1448 3618 (Num.
1481 3562 1689 3616 xxxxxx,

99 3628 171 3700 8).
201 3655 221 3680 ι
260 3631 454 3688 Marah
501 3631 656 3687 locus
698 3641 781 3689 est
826 3632 884 3687 in
918 3631 1133 3689 deserto
1163 3632 1288 3702 Sur,
1318 3632 1417 3689 tali
1465 3643 1690 3690 vocatus

102 3724 308 3780 nomine
327 3723 400 3781 ob
426 3738 702 3798 aquarum
727 3723 1150 3782 amaritudinem
1179 3742 1192 3793 ;
1213 3725 1293 3783 sic
1319 3726 1468 3782 enim
1500 3724 1689 3783 scribi-

102 3818 182 3867 tur
206 3812 261 3868 in
292 3813 440 3870 libro
464 3811 655 3869 Exodi
685 3831 698 3868 :
740 3834 759 3859 ι
790 3812 1075 3870 Venerunt
1107 3822 1288 3870 autem
1320 3815 1378 3869 in
1406 3812 1614 3882 Marah,
1637 3819 1691 3868 et

100 3916 197 3956 non
217 3910 520 3974 potuerunt
538 3901 728 3958 bibere
744 3917 937 3975 aquam
959 3901 1026 3959 de
1046 3902 1231 3958 Marah
1251 3902 1454 3974 (Exod.
1473 3919 1571 3969 xv,
1593 3902 1686 3974 23)

98 4004 265 4048 amara
304 3993 455 4049 enim
503 3999 645 4059 erat,
682 3998 904 4064 propter
936 3992 1041 4048 hoc
1070 3999 1326 4048 vocatum
1372 3998 1454 4048 est
1487 4008 1688 4049 nomen

98 4079 193 4137 loci
221 4081 396 4151 illius,
447 4080 805 4139 Amaritudo.
838 4080 997 4139 Circa
1043 4081 1185 4139 hanc
1215 4082 1554 4140 mansionem
1584 4083 1689 4141 tria

97 4178 211 4227 sunt
261 4170 687 4241 consideranda,
736 4171 1026 4245 profectio,
1075 4172 1289 4230 mansio
1319 4180 1374 4229 et
1420 4174 1684 4247 operatio.

98 4257 378 4330 Profectio,
411 4263 550 4336 quia
582 4260 641 4317 in
681 4259 847 4333 hujus
876 4260 1075 4317 itinere
1108 4260 1212 4317 ﬁlii
1242 4262 1407 4319 Israel
1439 4262 1685 4320 Rubrum

98 4361 231 4404 mare
274 4349 424 4407 sicco
467 4347 706 4422 vestigio
756 4348 1134 4415 transierunt;
1188 4366 1313 4405 nam
1364 4349 1501 4407 dicit
1546 4350 1686 4407 Scri-

98 4445 277 4509 ptura:
323 4463 342 4487 ι
372 4442 448 4497 Αι
489 4439 627 4497 Filii
666 4440 831 4497 Israel
872 4447 1235 4514 perrexerunt
1266 4457 1362 4513 per
1391 4441 1597 4499 siccum
1627 4442 1687 4499 in

99 4527 263 4586 medio
305 4529 515 4586 maris:
578 4537 633 4586 et
680 4545 820 4604 aqua
861 4537 977 4586 erat
1005 4530 1084 4585 eis
1130 4546 1322 4586 murus
1371 4547 1403 4586 a
1453 4531 1685 4600 dextris,

98 4624 144 4672 et
168 4635 354 4677 murus
380 4636 414 4676 a
438 4619 709 4677 sinistris.
741 4620 953 4676 Pharao
991 4636 1123 4676 vero
1157 4636 1282 4677 cum
1313 4637 1418 4677 suo
1441 4622 1688 4678 exercitu
1716 4659 1765 4718 D

97 4707 395 4767 submersus
424 4718 512 4767 est
562 4711 622 4767 in
651 4710 810 4784 aquis
854 4708 1276 4767 vehementibus
1321 4710 1524 4781 (Exod.
1568 4726 1685 4780 xrv,

97 4795 177 4866 22,
200 4799 291 4870 27)
318 4819 334 4869 ;
365 4826 386 4851 ι
440 4801 527 4859 sic
556 4801 705 4857 enim
743 4800 810 4857 de
849 4816 914 4857 eo
943 4799 1244 4858 scribitur:
1304 4824 1323 4846 ι
1353 4801 1426 4856 Ει
1470 4816 1688 4856 reversa

97 4902 219 4961 aqua
263 4893 557 4966 cooperuit
603 4907 802 4950 currus
856 4898 913 4947 et
962 4906 1298 4960 ascensores,
1354 4900 1409 4948 et
1464 4907 1683 4948 omnem

97 4980 382 5038 exercitum
456 4980 788 5050 Pharaonis,
846 4980 941 5054 qui
998 4981 1229 5053 ingressi
1284 4981 1508 5037 fuerunt
1563 4988 1684 5052 post

98 5077 177 5120 eos
205 5068 261 5123 in
282 5085 458 5136 mare,
490 5078 548 5126 et
569 5084 682 5125 non
712 5068 939 5126 relictus
966 5077 1047 5125 est
1073 5083 1143 5124 ex
1164 5067 1241 5123 eis
1266 5067 1413 5124 ullus
1441 5069 1544 5140 (Ib.
1563 5068 1679 5141 28).

98 5152 323 5227 Mansio;
379 5160 518 5234 quia
573 5158 911 5216 invenerunt
956 5174 1123 5231 aquas
1170 5173 1399 5225 amaras,
1448 5174 1681 5232 quarum

99 5246 511 5305 amaritudinem
557 5247 879 5317 sentientes,
906 5246 1096 5304 bibere
1135 5247 1523 5319 nequiverunt,
1556 5248 1683 5305 licet

100 5344 273 5406 magna
323 5342 672 5393 vexarentur
725 5335 839 5393 siti.
890 5335 1184 5409 Operatio;
1242 5334 1373 5408 quia
1425 5335 1681 5393 mandato

98 5419 301 5481 Domini
344 5424 572 5500 Moyses
621 5426 771 5499 ligno
810 5426 994 5499 tetigit
1027 5441 1231 5499 aquas:
1281 5433 1335 5481 et
1363 5441 1484 5498 qua
1529 5424 1682 5497 prius

98 5518 235 5567 erant
260 5528 482 5584 amarae,
515 5515 578 5571 in
607 5512 956 5571 dulcedinem
986 5530 1155 5571 versa;
1182 5513 1448 5587 potabiles
1475 5514 1680 5571 effecta

100 5608 227 5668 sunt,
269 5602 416 5662 unde
462 5604 625 5661 sitim
668 5602 1017 5676 exstinguere
1060 5611 1376 5677 potuerunt.
1417 5604 1519 5661 Per
1557 5620 1679 5679 quas

103 5687 257 5757 primo
292 5693 647 5766 signiﬁcatur
691 5693 852 5751 nobis
896 5692 1044 5766 quod
1084 5693 1153 5750 ad
1195 5694 1424 5765 gratiam
1471 5710 1678 5768 prope-

106 5780 324 5838 tantibus
374 5782 629 5840 occurrit
673 5781 884 5841 Pharao
929 5798 1053 5842 cum
1102 5782 1346 5841 exercitu
1393 5799 1514 5853 suo,
1574 5782 1680 5840 hoc

1809 659 2075 732 scriptum
2119 669 2200 717 est
2230 661 2319 733 (II
2350 662 2525 716 Thess.
2564 679 2623 729 ιι,
2658 660 2709 728 lt,
2741 661 2823 732 9),
2855 678 2967 717 ιιοιι
2996 661 3068 719 sit
3099 664 3399 738 quidquam

1809 750 1867 805 in
1913 756 2058 804 terra
2087 748 2270 804 simile
2298 749 2503 805 factum
2541 750 2624 806 illi
2660 769 2672 806 :
2717 750 2813 807 sed
2842 751 3061 807 tandem
3092 760 3154 808 ut
3191 754 3400 813 Pharao

1806 854 1932 894 cum
1964 838 2210 894 exercitu
2251 837 2622 910 submergitur
2667 839 2725 894 in
2770 839 2928 912 aquis
2956 840 3398 909 vehementibus,

1808 926 1885 982 ita
1914 934 1968 982 et
1998 927 2252 983 diabolus
2299 928 2542 984 mittitur
2591 930 2647 985 in
2693 938 2945 1002 stagnum
2994 930 3136 1003 ignis
3181 942 3236 988 et
3277 934 3402 989 sul-

1808 1016 2001 1101 phuris
2032 1017 2221 1089 (Apoc.
2253 1035 2353 1087 xx,
2393 1019 2473 1090 9).
2508 1019 2661 1075 Unde
2702 1036 2804 1076 nec
2834 1019 2958 1075 ideo
2986 1029 3307 1091 terreamur,
3340 1031 3402 1078 ut

1806 1107 2171 1165 desertionem
2218 1110 2503 1165 faciamus.
2552 1109 2761 1166 Deinde
2810 1110 2868 1165 in
2918 1111 3200 1169 mansione
3246 1129 3399 1186 aqua:

1807 1205 2096 1267 gustentur
2154 1214 2372 1266 amarae,
2432 1202 2688 1272 quoniam
2752 1198 2933 1255 adhuc
2988 1201 3286 1257 existentes
3343 1201 3397 1257 in

1806 1284 1979 1355 gratia
2010 1286 2348 1358 multiplices
2380 1295 2601 1343 manent
2631 1288 3053 1344 tribulationum
3080 1291 3400 1347 amaritudi-

1804 1388 1920 1429 nes.
1953 1374 2107 1430 Unde
2138 1375 2371 1431 Joannes
2419 1376 2695 1447 apostolus
2738 1376 2989 1435 dicebat:
3038 1402 3056 1424 ι
3082 1380 3199 1449 Ego
3225 1380 3401 1436 Joan-

1804 1480 1903 1519 nes
1937 1472 2116 1520 vester
2143 1473 2198 1521 et
2239 1467 2510 1538 particeps
2550 1468 2605 1521 in
2636 1468 2994 1524 tribulatione
3026 1469 3213 1540 (Apoc.
3244 1487 3283 1537 x,
3315 1469 3397 1541 9).

1805 1554 1922 1609 Imo
1977 1555 2256 1627 apostolus
2300 1556 2504 1611 Paulus
2555 1556 2810 1612 dicebat:
2878 1582 2896 1603 ι
2926 1557 2983 1613 Si
3031 1566 3186 1615 extra
3239 1558 3403 1616 disci-

1804 1642 2012 1712 plinam
2062 1644 2212 1712 estis,
2268 1643 2566 1700 adulterixxi
2614 1654 2668 1701 et
2709 1661 2820 1701 non
2867 1644 2969 1701 ﬁlii
3025 1645 3156 1701 estis
3210 1647 3395 1717 (Hebr.

1804 1747 1907 1800 xxx,
1936 1733 1991 1800 8,
2026 1734 2137 1805 l2).
2172 1759 2190 1782 ι
2223 1736 2469 1809 Denique
2500 1737 2557 1791 in
2579 1737 2917 1809 Operatione,
2946 1736 3091 1794 sicut
3113 1738 3280 1795 verbo
3300 1756 3401 1796 suo

1802 1819 1954 1876 adest
1980 1822 2271 1893 Dominus,
2313 1834 2375 1881 ut
2402 1824 2717 1881 dulcescaut
2756 1841 2930 1897 aquae,
2974 1826 3050 1881 ita
3093 1834 3312 1899 praestat
3340 1827 3399 1883 in

1801 1908 2257 1970 tribulationibus
2314 1930 2469 1970 suam
2527 1914 2687 1969 nobis
2750 1914 3116 1987 praesentiam,
3184 1914 3400 1972 dicente

1805 1998 2113 2070 Propheta:
2156 2023 2175 2047 α
2209 2000 2345 2058 Cum
2378 2002 2496 2073 ipso
2541 2019 2664 2058 sum
2712 2004 2770 2058 in
2814 2003 3172 2077 tribulatione
3222 2004 3397 2075 (Psal.

1805 2102 1895 2156 xc,
1948 2088 2060 2159 15),
2096 2114 2115 2138 ›
2175 2096 2238 2145 ιιι
2291 2090 2616 2147 aﬁlictiones
2663 2090 2970 2147 mitescant.
3022 2092 3164 2148 Hinc
3212 2092 3402 2150 Esaias

1804 2179 2108 2250 proclamat
2160 2180 2470 2253 Propheta:
2541 2203 2560 2228 ‹
2591 2181 2648 2238 Si
2693 2182 2978 2238 transieris
3032 2198 3128 2255 per
3179 2199 3399 2256 aquam,

1802 2273 1984 2324 tecum
2034 2285 2177 2337 sum,
2225 2278 2281 2325 et
2320 2269 2551 2327 ﬁumina
2591 2288 2701 2328 non
2749 2272 3066 2344 cooperient
3110 2279 3202 2329 te:
3258 2280 3313 2328 et
3353 2272 3399 2330 si

1808 2359 2090 2415 transieris
2138 2376 2234 2433 per
2279 2361 2483 2433 ignem,
2517 2379 2626 2418 non
2665 2362 3007 2418 combureris
3052 2362 3187 2433 (Isa.
3241 2379 3398 2431 xLxxx,

1804 2447 1883 2519 2).
1921 2475 1940 2498 ι
1983 2450 2112 2507 Ideo
2147 2450 2423 2523 Stephano
2452 2452 2509 2508 in
2530 2451 2880 2509 dulcedinem
2898 2452 3123 2508 fuerunt
3141 2451 3402 2508 torrentis

1802 2540 2011 2613 lapides
2039 2560 2050 2599 :
2085 2550 2139 2599 et
2164 2543 2460 2601 Laurentio
2498 2544 2556 2599 in
2590 2544 2929 2615 refrigerium
2962 2561 3171 2616 prunas.
3204 2542 3399 2601 Merito

1802 2630 1973 2702 igitur
2001 2631 2138 2689 dicit
2174 2632 2504 2707 Apostolus:
2551 2657 2569 2680 ι
2600 2633 2915 2690 Gloriamur
2945 2633 3004 2689 in
3030 2632 3397 2691 tribulationi-

1800 2719 1904 2775 bus
1934 2722 2108 2792 (Rom.
2142 2739 2196 2791 v,
2229 2722 2309 2795 3).
2343 2747 2361 2771 ι

1875 2825 1975 2882 Ἧι
2000 2827 2224 2895 mansio,
2251 2828 2416 2885 ELIM.
2440 2829 2735 2884 —Mansio
2775 2835 2929 2883 sexta
2956 2833 3185 2883 vocatur
3213 2825 3393 2882 Elim:

1802 2913 1849 2967 A
1878 2913 2066 2969 Marah
2097 2916 2246 2971 enim
2295 2916 2608 2975 recedentes
2647 2914 2753 2972 ﬁlii
2792 2917 2976 2984 Israel,
3026 2923 3298 2971 venerunt
3339 2916 3397 2973 in

1801 3006 1948 3061 Elim
1975 3025 1988 3063 :
2020 3007 2098 3064 ibi
2126 3008 2509 3078 substiterunt,
2540 3016 2595 3065 et
2616 3009 2695 3066 ibi
2714 3009 3064 3066 tabernacula
3083 3017 3395 3066 erexerunt.

1802 3094 1957 3151 Unde
1985 3095 2159 3154 dicit:
2224 3120 2244 3145 ι
2273 3099 2345 3155 Ει
2383 3099 2615 3172 profecti
2662 3115 2731 3155 ex
2778 3099 2986 3167 Marah,
3039 3106 3310 3155 venerunt
3340 3099 3397 3155 in

1805 3184 1973 3241 Elim.
1997 3186 2060 3241 In
2088 3186 2235 3243 Elim
2257 3204 2388 3243 vero
2417 3197 2573 3244 erant
2592 3187 2883 3245 duodecim
2914 3188 3094 3245 fontes
3107 3204 3395 3261 aquarum,

1801 3282 1855 3330 et
1884 3278 2228 3350 septuaginta
2256 3280 2478 3335 arbores
2506 3280 2812 3353 palmarum
2836 3298 2850 3348 ;
2882 3280 3247 3336 castrametati
3268 3288 3398 3337 sunt

1801 3364 1918 3422 illic
1964 3366 2107 3439 apud
2148 3383 2315 3440 aquas
2372 3369 2558 3439 (Num.
2608 3384 2808 3437 χχχιιι,
2867 3369 2949 3439 9).
3003 3368 3153 3424 Idem
3196 3368 3396 3440 legitur

1801 3452 1861 3509 in
1890 3452 2033 3510 libro
2075 3455 2260 3511 Exodi
2303 3456 2504 3529 (Exod.
2539 3472 2636 3524 xv,
2667 3455 2760 3523 27)
2789 3474 2800 3511 :
2833 3455 2937 3511 Sed
2976 3456 3207 3528 pulcher
3234 3456 3391 3524 ordo,

1799 3542 2046 3616 felixque
2077 3530 2299 3601 virtutis
2331 3561 2666 3617 progressus,
2714 3545 2808 3617 qui
2851 3561 3062 3617 semper
3105 3544 3283 3601 tendit
3323 3545 3392 3602 ad

1800 3634 2043 3705 optima:
2105 3651 2174 3691 ex
2221 3634 2461 3691 tenebris
2517 3636 2585 3691 ad
2643 3637 2843 3703 lucem,
2892 3651 2959 3690 ex
3014 3635 3274 3691 aerumnis
3322 3636 3390 3692 ad

1798 3722 2140 3781 felicitatem.
2200 3726 2341 3781 Ecce
2397 3724 2502 3780 ﬁlii
2558 3726 2745 3793 Israel,
2800 3731 2923 3797 post
2983 3724 3281 3780 Pharaonis
3338 3733 3393 3781 et

1798 3813 2192 3886 Egyptiorum
2226 3814 2486 3883 smvitias,
2518 3823 2641 3888 post
2666 3816 2834 3871 maris
2862 3815 3171 3889 desertique
3199 3816 3389 3873 discri-

1798 3900 1969 3969 mina,
2001 3910 2125 3975 post
2156 3903 2420 3960 triduana:
2461 3903 2582 3960 sitis
2610 3904 2883 3972 ardorem,
2928 3912 2988 3960 et
3015 3905 3201 3961 Marah
3231 3921 3390 3962 ama-

1798 3990 2090 4059 ritudines,
2124 4000 2398 4048 venerunt
2426 3991 2645 4049 tandem
2674 3993 2743 4049 ad
2774 3995 3000 4066 palmas,
3031 4003 3302 4051 venerunt
3321 3995 3390 4051 ad

1801 4079 2000 4137 fontes.
2034 4081 2136 4137 Per
2166 4081 2311 4154 quod
2343 4082 2672 4139 instruimur
2702 4082 2850 4156 quod
2878 4083 2972 4156 qni
3005 4083 3390 4156 asperitatibus

1797 4179 2231 4241 praegravantur,
2279 4188 2369 4228 eos
2412 4171 2632 4228 tandem
2675 4172 2799 4229 laeta
2840 4179 2894 4227 et
2921 4188 3136 4230 amoena
3177 4178 3222 4234 '7
3270 4172 3390 4229 loca

1798 4266 2156 4339 suscipiunt:
2213 4268 2473 4340 quoniam
2535 4267 2603 4323 ad
2660 4270 2904 4341 requiem
2964 4284 3077 4325 non
3133 4269 3240 4326 nisi
3292 4285 3389 4341 per

1796 4355 2062 4423 laborem,
2094 4364 2149 4412 et
2194 4356 2263 4413 ad
2304 4357 2503 4430 gaudia
2531 4372 2644 4415 non
2691 4357 2798 4414 nisi
2848 4373 2943 4431 per
2987 4358 3168 4414 tristia
3200 4374 3385 4430 perve-

1796 4443 1969 4502 nitur.
2010 4445 2181 4503 Venit
2223 4447 2458 4519 populus
2498 4447 2565 4503 ad
2600 4447 2850 4519 palmas:
2902 4445 2997 4502 sed
3042 4448 3194 4519 prius
3218 4447 3384 4518 [Egy-

1798 4536 2039 4605 ptiorum
2097 4534 2362 4606 plurimas
2415 4534 2684 4593 sustinuit
2741 4535 3038 4608 angustias.
3097 4535 3263 4593 Venit
3317 4535 3384 4590 ad

1796 4622 2011 4691 fontes;
2062 4623 2159 4679 sed
2200 4626 2353 4696 prius
2381 4623 2549 4681 trium
2591 4625 2808 4681 dierum
2836 4624 3007 4693 sitim,
3039 4632 3093 4680 et
3120 4641 3383 4697 aquarum

1796 4712 2193 4770 amaritudines
2234 4730 2425 4787 passus
2460 4722 2561 4770 est.
2610 4715 2721 4771 Nec
2756 4723 2938 4771 tamen
2986 4713 3043 4770 in
3088 4713 3174 4768 his
3202 4712 3383 4768 adhuc

1793 4800 1924 4856 ﬁnis
1953 4810 2036 4857 est
2065 4802 2302 4871 itineris,
2337 4818 2439 4859 nec
2465 4803 2663 4859 ultima
2690 4802 2938 4857 laborum
2970 4801 3218 4874 requies;
3254 4801 3383 4873 quia

1792 4896 1846 4946 et
1902 4890 2155 4963 graviora
2207 4899 2472 4959 manent;
2521 4890 2617 4947 sed
2670 4898 2992 4947 cunctorum
3039 4888 3381 4960 dispensator

1790 4982 1956 5049 Deus,
1988 4982 2083 5054 qui
2115 4981 2301 5038 omnia
2321 4980 2563 5037 suaviter
2590 4979 2852 5052 disponit,
2886 4979 3163 5035 interserit
3182 4980 3241 5035 in
3262 4980 3382 5053 ipso

1791 5071 1955 5129 etiam
1985 5072 2186 5129 itinere
2213 5072 2497 5143 refrigeria
2512 5070 2783 5144 quaedam,
2813 5079 2876 5128 ut
2898 5070 2966 5127 iis
2994 5071 3189 5139 refota,
3216 5071 3381 5145 vique

1790 5171 2038 5233 reparata
2056 5161 2239 5218 anima
2267 5160 2572 5233 promptior
2600 5160 2668 5215 ad
2697 5160 2939 5234 reliquos
2962 5160 3145 5218 redeat
3167 5159 3381 5216 labores

1791 5251 1967 5324 (Orig.
2018 5251 2168 5307 hom.
2218 5250 2286 5307 27
2332 5251 2388 5305 in
2425 5250 2587 5306 Num.
2619 5265 2688 5305 ex
2731 5266 2874 5307 vers.
2910 5250 3086 5321 Ruﬁ).
3133 5249 3379 5323 L‘enique

1790 5341 2191 5398 observandum
2240 5349 2321 5398 est
2366 5340 2513 5414 quod
2543 5339 2690 5397 Elim
2721 5339 3113 5415 interpretatur
3141 5342 3375 5399 Arietes.

1788 5428 2002 5485 Arietes
2052 5444 2182 5485 vero
2237 5426 2403 5484 duces
2459 5437 2589 5485 sunt
2644 5428 2852 5485 ovium.
2911 5428 3039 5485 Ideo
3086 5426 3376 5497 duodecim

1787 5517 1989 5585 fontes,
2034 5524 2088 5573 et
2116 5516 2463 5590 septuaginta
2510 5515 2703 5589 palmae
2751 5515 3038 5589 designant
3076 5514 3376 5572 Christiani

1788 5605 1965 5679 gregis
2010 5603 2309 5662 ductores:
2360 5620 2557 5677 nempe
2602 5603 2897 5661 duodecim
2948 5604 3260 5676 Apostolos,
3308 5602 3376 5659 de

1787 5693 1989 5766 quibus
2015 5694 2090 5751 ita
2116 5693 2310 5751 scribit
2333 5694 2506 5750 Lucas
2530 5710 2543 5748 :
2581 5716 2599 5738 ε
2615 5692 2797 5765 Elegit
2815 5690 3105 5749 duodecim
3128 5707 3197 5747 ex
3219 5692 3372 5764 ipsis,

1786 5799 1923 5857 quos
1950 5784 2224 5857 apostolos
2253 5781 2564 5839 nominavit
2592 5780 2745 5851 (Luc.
2767 5795 2848 5847 vx,
2872 5776 2989 5848 43),
3020 5804 3039 5828 ι
3080 5785 3135 5835 et
3162 5785 3372 5852 septua-
