3980 6438
529 437 595 497 19
1495 433 1593 488 AD
1631 424 1866 489 OPERA
1903 430 1960 488 S.
1996 427 2330 490 AMBROSII
2368 427 2761 487 APPENDIX.
3771 429 3841 487 20

525 561 677 634 ginta
719 559 1022 633 discipulos
1069 575 1206 631 quos
1251 565 1472 616 sanctus
1513 558 1687 615 Lucas
1734 556 1869 613 alibi
1919 555 2131 612 memi—
2157 558 2210 618 A
2242 571 2367 624 vm,
2423 553 2540 627 23).
2583 579 2603 606 ι
2657 555 2731 612 Et
2775 553 2943 612 alibi:
3005 577 3026 602 ι
3070 553 3408 613 Salvatorem
3454 560 3840 627 exspectamus

525 653 636 720 nit,
667 651 859 708 dicens
890 668 902 706 :
949 673 968 696 ι
997 647 1320 720 Designavit
1359 647 1631 705 Dominus
1660 656 1715 704 et
1743 647 1881 703 alios
1910 654 2140 719 septua-

528 741 702 815 ginta,
733 748 788 799 et
820 738 976 796 misit
1014 739 1140 794 illos
1180 737 1341 794 binos
1390 745 1516 793 ante
1554 736 1752 794 faciem
1795 752 1948 792 suam
1981 735 2134 808 (Luc.

525 849 588 900 χ,
613 832 692 903 1),
717 857 734 880 ι
765 831 1012 898 Quorum
1025 828 1437 886 distinctionem
1458 827 1616 899 ponit
1634 827 1952 900 Apostolus,
1973 842 2138 898 agens

529 921 599 976 de
627 919 854 978 Domini
883 927 1005 992 post
1043 919 1164 992 ejus
1191 918 1645 975 resurrectionem
1677 915 2134 990 apparitionibus.

530 1009 720 1083 lnquit
767 1009 915 1066 enim
963 1007 1034 1064 ad
1077 1008 1441 1066 Corinthios:
1511 1030 1530 1056 ι
1576 1007 1742 1064 Visus
1795 1015 1877 1064 est
1915 1006 2135 1084 Cepha,

529 1109 584 1155 et
629 1105 751 1172 post
781 1097 890 1154 hoc
930 1097 1206 1166 undecim,
1245 1106 1300 1154 et
1337 1097 1535 1154 deinde
1572 1097 1726 1154 visus
1751 1105 1832 1154 est
1859 1096 2138 1169 Apostolis

531 1189 790 1246 omnibus
821 1190 879 1261 (Ι
899 1188 1024 1245 Cor.
1057 1206 1158 1258 xv,
1185 1188 1240 1257 5,
1259 1189 1332 1260 7).
1367 1213 1386 1239 ι
1419 1187 1524 1255 Qui
1547 1195 1729 1244 tamen
1760 1203 1952 1243 omnes
1971 1186 2138 1243 duces

531 1287 586 1368 εἰ
633 1279 884 1353 magistri
941 1285 1071 1336 sunt
1128 1277 1304 1351 gregis
1355 1277 1654 1334 Dominici.
1715 1278 1892 1344 Quare
1947 1275 2015 1332 de
2067 1274 2136 1331 iis

531 1365 798 1442 scriptum
827 1376 946 1426 est:
993 1394 1012 1416 ι
1043 1369 1148 1436 Qui
1177 1385 1275 1424 vos
1303 1367 1480 1436 audit,
1513 1384 1597 1422 me
1619 1365 1801 1432 audit;
1835 1372 1888 1421 et
1913 1365 2007 1438 qui
2038 1379 2136 1420 vos

532 1458 760 1531 spernit,
792 1475 879 1514 me
907 1459 1117 1530 spernit
1147 1458 1298 1528 (Luc.
1329 1474 1390 1526 χ,
1415 1457 1530 1528 16).
1563 1482 1582 1503 ›
1616 1455 1948 1512 Hauriamus
1968 1453 2138 1526 igitur

531 1564 634 1604 nos
663 1547 730 1604 de
765 1546 1062 1605 uberrimis
1090 1545 1410 1619 hujusmodi
1441 1545 1713 1614 fontibus,
1744 1553 1800 1601 et
1834 1544 2090 1601 bibamus
2116 1562 2128 1601 :

533 1653 820 1710 carpamus
860 1653 1078 1710 quoque
1107 1635 1173 1692 de
1202 1635 1394 1692 solidis
1423 1634 1620 1691 harum
1650 1633 1898 1691 victoria
1931 1634 2134 1706 palma-

2245 645 2546 703 Dominum
2573 653 2824 703 nostrum
2854 646 3046 704 Jesum
3071 644 3378 712 Christum,
3405 645 3499 719 qui
3520 646 3844 706 reformabit

2246 751 2445 808 corpus
2501 735 2838 792 humilitatis
2887 743 3090 792 nostra
3153 734 3556 808 conﬁguratum
3623 737 3842 810 corpori

2245 824 2592 883 claritudinis
2611 842 2722 883 sua
2745 825 3006 898 (Philipp.
3031 843 3117 895 III,
3138 825 3230 896 20,
3253 825 3369 897 21).
3388 851 3408 875 ι
3439 826 3514 884 Et
3538 835 3673 884 tunc
3691 827 3842 885 vide-

2243 914 2428 973 bimus
2475 915 2676 974 ruhum
2724 915 2912 974 ardere
2965 925 3018 973 et
3056 932 3168 972 non
3197 915 3485 984 comburi;
3537 917 3668 990 quia
3707 935 3844 975 cor-

2244 1020 2346 1077 pus
2391 1003 2752 1062 humanitatis
2781 1013 2982 1062 nostra
3021 1007 3308 1074 morietur,
3347 1005 3443 1062 sed
3489 1023 3602 1062 non
3631 1024 3845 1066 consu-

2244 1104 2464 1166 metur;
2504 1097 2618 1154 imo
2647 1105 2890 1171 resurget
2930 1097 3001 1154 ad
3041 1097 3305 1170 majorem
3337 1097 3662 1155 claritatem.
3693 1099 3844 1158 Dicit

2243 1187 2578 1260 Apostolus:
2643 1211 2661 1234 ε
2692 1187 3006 1246 Seminatur
3045 1187 3104 1246 in
3147 1187 3514 1260 ignobilitate,
3549 1198 3736 1263 surget
3783 1191 3844 1248 in

2243 1277 2454 1350 gloria:
2503 1276 2809 1334 seminatur
2851 1277 2909 1335 in
2941 1277 3285 1346 inﬁrmitate,
3331 1286 3516 1350 surget
3544 1278 3601 1334 in
3633 1279 3846 1338 virtute

2246 1370 2302 1439 (Ι
2331 1369 2456 1425 Cor.
2488 1385 2586 1437 xv,
2617 1368 2732 1441 43).
2765 1394 2784 1418 ι
2825 1368 3056 1426 Oremus
3086 1367 3256 1440 igitur
3292 1369 3468 1426 Deum
3499 1376 3561 1425 ut
3588 1369 3655 1426 ad
3681 1378 3846 1428 octa-

2243 1475 2367 1514 vam
2413 1457 2752 1514 mansionem
2802 1458 2992 1515 venire
3024 1457 3326 1528 valeamus,
3375 1459 3465 1516 vel
3512 1459 3696 1532 potius
3724 1460 3846 1534 ipsa

2243 1547 2312 1604 ad
2341 1563 2442 1604 nos
2475 1546 2587 1604 cito
2612 1547 2818 1605 veniat.

2311 1635 2416 1692 ΙΧ·
2459 1635 2688 1702 mansio,
2737 1637 3023 1693 Damam.
3069 1665 3141 1680 —
3186 1635 3343 1694 Nona
3385 1637 3600 1695 mansio
3635 1637 3848 1697 dicitur

532 1743 656 1782 rum
686 1725 984 1794 fructibus,
1030 1733 1084 1782 et
1113 1725 1508 1783 manducemus
1537 1725 1810 1794 alacriter,
1841 1731 1904 1782 ut
1929 1725 2134 1782 talibus
2238 1723 2533 1798 Dephcha:
2585 1741 2707 1798 qua
2751 1725 2811 1781 in
2857 1724 3242 1782 mansionibus
3283 1711 3486 1785 deserti
3532 1726 3632 1785 Sin
3680 1728 3850 1785 tertia

531 1815 658 1872 cibo
687 1825 930 1890 potuque
957 1816 1172 1885 refecti,
1196 1816 1496 1874 validiores
1521 1816 1590 1872 ad
1616 1816 1852 1890 reliquas
1880 1817 2133 1874 mansio—
2237 1822 2629 1888 computatur;
2662 1814 2979 1872 recedentes
3008 1814 3157 1872 enim
3178 1815 3283 1872 ﬁlii
3311 1815 3476 1873 Israel
3499 1833 3532 1873 a
3559 1816 3850 1874 mansione

532 1924 632 1964 nes
661 1905 997 1981 peragendas
1027 1907 1378 1964 inveniamur
1407 1907 1756 1980 (Hieronym.
1788 1923 1874 1980 ep.
1909 1908 2057 1980 127).

606 2017 732 2075 VII.
762 2015 988 2084 mansio,
1036 2016 1201 2072 Manu
1241 2016 1501 2073 Humum.
1545 2045 1617 2057 —
1650 2015 1892 2087 Septima
1924 2015 2134 2073 mansio

535 2114 619 2164 est
642 2104 804 2178 juxta
832 2121 982 2161 mare
1008 2105 1255 2162 Rubrum
1284 2123 1296 2160 :
1339 2121 1466 2161 nam
1494 2103 1727 2161 transito
1758 2104 1898 2162 mari
1926 2102 2133 2174 Rubro,

537 2207 592 2256 et
629 2197 816 2255 Marah
861 2207 915 2254 et
963 2197 1111 2253 Elim
1162 2197 1544 2255 mansionibus
1590 2198 1907 2272 peragratis,
1947 2213 2138 2254 occur-

536 2288 613 2344 rit
661 2287 861 2344 iterum
909 2286 1043 2342 ﬁliis
1077 2288 1240 2344 Israel
1283 2287 1438 2345 sinus
1483 2287 1705 2362 quidam
1755 2287 1926 2360 ipsius
1969 2285 2136 2344 maris

540 2375 718 2448 (Hier.
751 2375 912 2448 epist.
947 2375 1094 2447 127).
1127 2377 1200 2432 Et
1241 2376 1367 2450 quia
1407 2376 1482 2433 ibi
1532 2377 1916 2452 applicuerunt
1943 2386 2136 2434 tento-

536 2465 730 2538 riaque
763 2473 1078 2535 erexerunt,
1122 2465 1245 2523 ideo
1291 2483 1440 2525 nunc
1479 2467 1546 2524 ad
1586 2484 1734 2524 mare
1763 2467 2135 2526 castrametati

539 2553 822 2612 dicuntur.
856 2555 1004 2612 Dicit
1032 2555 1216 2613 enim:
1271 2580 1290 2604 ι
1322 2558 1393 2614 Et
1423 2557 1655 2630 profecti
1699 2573 1768 2614 ex
1809 2558 1978 2627 Elim,
2007 2575 2135 2616 cas-

535 2645 816 2700 trametati
863 2652 992 2702 sunt
1035 2661 1196 2718 super
1243 2662 1390 2702 mare
1421 2646 1665 2703 Rubrum
1701 2647 1885 2718 (Num.
1925 2664 2130 2708 χχχιιι,

545 2734 657 2805 10).
692 2758 712 2783 ι
753 2734 859 2791 Sed
908 2735 1137 2791 observa
1167 2735 1314 2808 quod
1357 2736 1548 2793 vident
1591 2753 1762 2806 mare,
1809 2753 1921 2794 non
1950 2745 2134 2794 tamen

536 2822 674 2879 illud
722 2823 949 2892 intrant,
998 2840 1124 2879 nam
1178 2825 1383 2880 suﬂicit
1429 2826 1595 2880 semel
1641 2833 1852 2882 tantum
1902 2827 2134 2884 intrasse

541 2919 596 2966 et
623 2913 1002 2984 pertransisse,
1035 2913 1297 2986 quoniam
1327 2915 1468 2972 illud
1493 2932 1642 2972 mare
1670 2917 1930 2989 baptismi
1957 2919 2134 2976 nostri

535 3001 710 3074 ﬁgura
738 3002 846 3057 fuit
881 3002 1055 3075 (Orig.
1088 3003 1240 3060 hom.
1274 3005 1340 3062 27
1378 3005 1436 3060 in
1464 3007 1626 3062 Num.
1660 3022 1730 3061 ex
1777 3023 1921 3064 \ers.
1953 3009 2134 3080 Ruﬁ),

532 3099 598 3149 ut
625 3093 923 3164 Apostolus
953 3093 1020 3150 ad
1065 3093 1382 3153 Corinthios
1420 3096 1613 3153 scribit
1661 3096 1850 3154 dicens
1879 3115 1891 3152 :
1945 3120 1964 3144 ι
1995 3097 2136 3164 Quia

531 3189 711 3254 patres
757 3191 932 3240 nostri
977 3201 1168 3241 omnes
1203 3185 1464 3258 haptizati
1514 3194 1646 3242 sunt
1695 3186 1753 3242 in
1802 3187 1948 3243 nube
1995 3194 2049 3242 et
2076 3185 2136 3242 in

531 3271 669 3327 mari
702 3273 759 3344 (Ι
787 3274 910 3330 Cor.
939 3273 1094 3342 x,2).
1127 3299 1146 3323 ι
1190 3257 1295 3331 Sed
1317 3274 1628 3346 baptismus
1659 3291 1846 3331 eorum
1878 3275 1934 3331 in
1963 3274 2135 3348 ﬁgura

2251 3273 2454 3314 maror
2499 3267 2554 3314 et
2600 3257 2836 3331 gemitus
2887 3257 3044 3330 (Isai.
3091 3273 3166 3326 LI,
3226 3257 3340 3330 11).
3388 3282 3408 3306 ι

531 3359 656 3430 fuit,
691 3369 941 3420 nostrum
977 3371 1158 3420 autem
1191 3363 1250 3420 in
1280 3364 1532 3422 veritate.
1564 3365 1634 3420 Et
1669 3363 1800 3438 quia
1827 3363 2132 3436 haptismus

529 3451 819 3514 iterandus
849 3469 960 3510 non
991 3461 1092 3522 est,
1121 3470 1247 3511 cum
1280 3453 1547 3526 scriptum
1581 3455 1654 3510 sit
1684 3472 1696 3510 :
1743 3478 1762 3500 ε
1794 3453 1945 3510 Unus
1972 3455 2139 3510 Deus.

529 3555 636 3599 una
667 3541 824 3612 ﬁdes,
849 3561 1022 3601 unum
1052 3543 1326 3616 baptisma
1357 3545 1577 3616 (Ephes.
1600 3561 1674 3612 IV,
1693 3545 1776 3616 5),
1807 3544 1951 3601 sicut
1969 3553 2138 3608 semel

526 3627 798 3701 baptizari
827 3631 1096 3702 oportuit,
1146 3631 1223 3687 ita
1271 3641 1326 3686 et
1360 3634 1527 3690 semel
1557 3649 1706 3689 mare
1750 3633 1981 3689 intrasse
2009 3631 2140 3688 satis

535 3720 662 3775 fuit.
707 3721 869 3776 Nunc
915 3719 1086 3791 igitur
1114 3721 1362 3792 pergenti
1391 3721 1458 3776 ad
1487 3723 1814 3794 promissam
1841 3721 2143 3779 haeredita-

531 3815 641 3862 tem
671 3808 878 3878 populo
927 3807 1126 3864 iterum
1171 3825 1320 3864 mare
1349 3810 1610 3878 occurrit,
1660 3817 1724 3866 ut
1757 3810 1896 3867 illud
1924 3812 2138 3884 videns,

531 3894 797 3969 illiusque
841 3897 1020 3953 undas
1066 3897 1360 3970 aspiciens,
1402 3897 1618 3956 cautius
1661 3900 1902 3970 incedat,
1940 3917 2010 3958 ne
2049 3902 2138 3960 de-

534 3985 708 4041 terius
737 3985 949 4058 aliquid
978 3985 1030 4042 ei
1057 3986 1361 4059 contingat.

609 4092 754 4150 νΙΙΙ⁸
793 4093 1022 4162 mansio,
1075 4095 1336 4150 desertum
1384 4095 1502 4153 SIN.
1551 4126 1622 4138 —
1673 4097 1882 4155 Octava
1927 4098 2140 4156 mansio

536 4191 620 4239 est
647 4183 925 4240 desertum
957 4183 1076 4241 Sin.
1122 4185 1250 4243 Ideo
1279 4185 1450 4243 dicit:
1511 4210 1530 4234 ε
1559 4187 1632 4243 Et
1667 4187 1901 4260 profecti
1941 4205 1973 4245 a
2001 4189 2140 4246 mari

532 4273 745 4343 Rubro,
791 4277 1165 4331 castrametati
1209 4284 1340 4332 sunt
1377 4277 1434 4332 in
1481 4277 1756 4334 desertum
1801 4278 1901 4336 Sin
1950 4281 2136 4352 (Num.

535 4379 741 4433 XXXIII,
775 4363 866 4436 11)
892 4381 905 4420 :
938 4389 958 4414 ι
999 4363 1095 4421 sed
1123 4365 1529 4424 observandum
1551 4367 1699 4441 quod
1733 4375 1849 4426 tota
1867 4369 1986 4428 hac
2012 4371 2140 4428 soli-

534 4451 670 4508 tudo
698 4469 732 4508 a
759 4452 900 4509 mari
941 4453 1148 4522 Rubro,
1182 4471 1355 4528 usque
1383 4455 1451 4512 ad
1481 4463 1724 4513 montem
1758 4456 1911 4514 Sinai
1943 4459 2142 4532 appel-

533 4541 680 4598 latur
707 4541 806 4599 Sin
839 4541 1014 4614 (Hier.
1047 4543 1208 4615 epist.
1245 4545 1395 4616 127).
1429 4546 1491 4602 In
1521 4561 1628 4618 qua
1651 4545 1756 4603 ﬁlii
1785 4548 1947 4604 Israel
1981 4549 2138 4622 quin-

532 4647 638 4705 que
680 4630 998 4689 habuerunt
1041 4632 1376 4702 mansiones,
1425 4649 1624 4707 nempe
1672 4651 1822 4692 mare
1867 4637 2137 4706 Rubrum,
2171 4660 2222 4720 ι)

533 4729 597 4778 ut
637 4737 806 4795 supra
845 4720 992 4778 hanc
1032 4719 1100 4778 de
1149 4737 1258 4794 qua
1303 4721 1538 4795 agimus,
1571 4731 1626 4779 et
1671 4733 1782 4781 tres
1830 4735 2137 4798 sequentes.

533 4811 660 4868 Hac
686 4819 870 4867 autem
901 4809 1157 4884 specialis
1176 4817 1294 4881 est;
1327 4811 1477 4880 licet,
1501 4813 1784 4870 communi
1803 4816 2030 4872 nomine
2047 4833 2139 4891 ap-

537 4899 772 4972 pellatur
787 4899 1065 4957 desertum
1081 4901 1202 4971 Sin,
1215 4917 1284 4957 ex
1305 4901 1531 4959 nomine
1546 4903 1719 4961 totius
1739 4903 1938 4962 deserti
1959 4924 1970 4962 :
1995 4907 2141 4966 sicut

537 4997 590 5044 et
637 4987 797 5044 Moab
843 5005 1048 5046 nomen
1093 4999 1175 5048 est
1201 4990 1447 5050 civitatis
1494 5000 1548 5049 et
1576 4994 1897 5066 provincia.
1929 4997 2137 5054 Verum

537 5077 668 5149 quia
710 5076 807 5132 Sin
849 5077 1240 5150 interpretatur
1266 5082 1450 5152 rebus,
1482 5083 1758 5157 signiﬁcat
1801 5084 1964 5144 nobis
1991 5087 2140 5162 quod

537 5165 682 5220 sicut
711 5173 905 5222 octava
945 5167 1229 5224 mansione
1255 5172 1510 5230 venimus
1553 5173 1621 5230 ad
1660 5173 1777 5244 Sin,
1827 5172 1934 5232 hoc
1961 5185 2043 5234 est
2069 5177 2138 5234 ad

537 5254 789 5324 rubrum,
840 5253 898 5310 in
947 5271 1058 5328 quo
1103 5265 1287 5314 actum
1334 5268 1416 5317 est
1443 5262 1510 5318 de
1541 5263 1866 5321 liberatione
1893 5265 2137 5323 ﬁliorum

537 5343 700 5400 Israel
747 5359 779 5398 a
824 5343 1091 5402 servitute
1145 5347 1410 5420 Egypti:
1467 5351 1544 5406 ita
1597 5352 1658 5408 in
1716 5357 2138 5426 resurrectione,

541 5449 661 5505 qua
691 5449 787 5506 per
823 5441 1075 5490 octavam
1120 5435 1471 5510 intelligitur,
1503 5441 1788 5500 veniemus
1815 5445 1886 5502 ad
1913 5445 2137 5516 rubum,

541 5521 601 5576 in
655 5538 764 5594 quo
820 5530 1012 5596 agetur
1059 5523 1127 5580 de
1175 5525 1502 5584 liberatione
1558 5539 1745 5589 nostra
1793 5550 1826 5590 a
1873 5535 2140 5593 servitute

543 5611 948 5684 corruptionis:
1024 5629 1190 5688 quam
1263 5626 1639 5691 expectamus,
1710 5630 1774 5680 ut
1841 5625 2140 5695 Apostolus

542 5699 680 5757 dicit
703 5719 715 5757 :
764 5726 781 5749 ι
797 5703 870 5758 Et
889 5703 993 5776 ipsi
1021 5704 1168 5762 intra
1189 5721 1289 5764 nos
1309 5708 1598 5782 gemimus,
1624 5710 1977 5786 adoptionem
1999 5714 2138 5772 ﬁlio-

543 5805 662 5846 rum
695 5800 1070 5866 exspectantes
1091 5795 1465 5870 redemptione
1485 5801 1731 5873 corporis
1757 5799 1930 5858 nostri
1961 5804 2135 5874 (Rom.

2161 1929 2208 1990 Β
2239 1921 2360 1979 qua
2416 1921 2449 1960 a
2520 1905 2804 1962 communi
2852 1903 3102 1974 nomine,
3167 1904 3442 1962 desertum
3513 1906 3847 1978 appellatur,

2245 2001 2517 2051 venerunt
2558 1994 2628 2052 ad
2671 1994 2834 2052 hanc.
2867 1995 3047 2064 Quare
3083 1993 3405 2068 subjungit:
3465 2017 3484 2044 ι
3513 1995 3586 2054 Et
3613 1996 3870 2070 profecti.

2245 2083 2312 2142 de
2364 2084 2580 2142 deserto
2636 2085 2754 2154 Sin,
2827 2084 3198 2142 castrametati
3257 2092 3387 2141 sunt
3456 2085 3516 2142 in
3582 2083 3854 2158 Dephcha

2247 2174 2432 2245 (Num.
2482 2190 2690 2243 XXXIII,
2739 2174 2853 2246 12).
2898 2200 2916 2223 ι
2978 2174 3107 2231 Hac
3151 2174 3365 2230 mansio
3411 2173 3471 2230 in
3503 2174 3698 2232 Exodo
3731 2191 3850 2232 non

2244 2261 2509 2320 habetur:
2561 2263 2657 2319 sed
2696 2279 2728 2320 a
2762 2263 2979 2320 deserto
3025 2263 3094 2319 ad
3134 2261 3432 2336 Baphidim
3477 2271 3694 2320 tantum
3723 2279 3851 2336 pro-

2243 2351 2409 2408 fectio
2446 2351 2726 2410 scribitur.
2769 2352 2882 2410 Sub
2930 2351 3154 2410 silentio
3183 2351 3352 2425 igitur
3391 2352 3703 2426 prateritur
3728 2353 3854 2413 hac

2243 2451 2298 2500 et
2325 2459 2558 2516 sequens
2587 2442 2838 2511 mansio;
2886 2441 3016 2515 quia
3044 2457 3156 2497 non
3199 2441 3295 2498 ille
3325 2448 3441 2497 erat
3466 2443 3620 2499 locus
3647 2441 3706 2498 in
3735 2458 3853 2515 quo

2241 2548 2340 2606 per
2387 2533 2619 2590 verbum
2669 2531 2770 2590 Dei
2823 2531 3195 2605 profectiones
3232 2535 3280 2594 8
3333 2530 3574 2588 feriatim
3631 2532 3855 2604 Moyses

2243 2638 2567 2687 recenseret.
2615 2629 2864 2703 Denique
2904 2627 3170 2702 Dephcha
3205 2627 3412 2685 sanitas
3458 2627 3856 2700 interpretatur

2245 2720 2421 2792 (Orig.
2466 2719 2617 2777 hom.
2669 2719 2738 2776 27
2780 2719 2838 2775 in
2882 2720 3046 2777 Num.
3086 2735 3157 2775 ex
3197 2735 3342 2776 vers.
3375 2717 3554 2790 Ruﬁ).
3601 2718 3856 2778 Perfecta

2240 2821 2424 2870 autem
2467 2813 2665 2869 anima
2697 2811 2900 2868 sanitas
2945 2818 3028 2866 est
3075 2824 3184 2882 qua
3230 2825 3343 2866 non
3392 2817 3571 2882 potest
3599 2825 3853 2882 peccare,

2242 2903 2385 2960 sicut
2415 2902 2654 2977 perfecta
2701 2901 2946 2974 corporis
2978 2901 3183 2957 sanitas
3226 2907 3308 2956 est
3336 2916 3446 2973 qua
3473 2917 3584 2956 non
3613 2901 3854 2975 contigit

2244 3000 2545 3063 aegrotare;
2578 2991 2728 3065 quod
2757 3007 2867 3047 non
2895 2989 3006 3048 nisi
3033 2990 3090 3046 in
3121 2989 3523 3047 resurrectione
3550 2989 3806 3068 succedit
3838 3009 3850 3048 :

2242 3087 2376 3136 tunc
2404 3080 2576 3148 enim,
2620 3081 2765 3135 sicut
2804 3079 2942 3135 dicit
2970 3079 3136 3135 Isaias
3176 3079 3480 3152 propheta:
3527 3101 3546 3126 ι
3576 3078 3637 3134 In
3668 3077 3856 3150 capite

2245 3184 2434 3224 eorum
2469 3170 2588 3224 laus
2613 3175 2670 3224 et
2694 3167 2887 3224 latitia
2914 3167 3286 3240 apprehendet
3311 3184 3436 3224 eos:
3463 3167 3638 3240 fugiet
3666 3167 3856 3246 dolor,

3469 3257 3640 3314 Vides
3680 3257 3860 3330 igitur

2251 3347 2500 3406 ordinem
2533 3348 2900 3420 profectuum.
2933 3347 3064 3404 Filii
3093 3349 3259 3404 Israel
3290 3347 3358 3406 de
3387 3355 3583 3406 octava
3611 3349 3858 3406 mansio-

2251 3454 2320 3494 ne
2366 3446 2734 3512 assequuntur
2778 3437 3080 3512 Dephcha:
3133 3445 3187 3496 et
3235 3455 3336 3496 nos
3385 3455 3418 3494 a
3445 3437 3860 3496 resurrectione

2251 3527 2553 3600 perfectam
2585 3529 2784 3585 anima
2811 3537 2865 3584 et
2893 3528 3141 3600 corporis
3162 3527 3521 3600 adipiscimur
3539 3527 3861 3597 sanitatem,

2251 3629 2306 3676 at
2375 3621 2614 3677 Joannes
2694 3620 2976 3693 apostolus
3056 3621 3115 3678 in
3196 3621 3528 3694 Apocalypsi
3595 3627 3856 3690 testatur,

2249 3708 2439 3766 dicens
2469 3729 2480 3767 :
2545 3733 2564 3760 ‹
2593 3711 2666 3767 Et
2709 3709 2982 3782 absterget
3010 3712 3157 3768 Deus
3187 3727 3404 3767 omnem
3451 3709 3751 3784 lacrymam
3783 3709 3860 3766 ab

2250 3799 2431 3856 oculis
2459 3816 2676 3866 eorum,
2707 3807 2763 3856 et
2792 3816 2942 3856 mors
2970 3801 3117 3856 ultra
3145 3815 3256 3856 non
3285 3799 3412 3868 erit,
3443 3815 3620 3872 neque
3643 3799 3856 3869 luctus,

2249 3904 2426 3962 neque
2457 3888 2687 3956 clamor,
2736 3905 2915 3964 neque
2955 3887 3115 3946 dolor
3159 3888 3266 3944 erit
3309 3889 3455 3946 ultra
3496 3887 3683 3960 (Apoc.
3726 3905 3858 3958 XXI,

2249 3976 2329 4049 4,).
2375 3977 2478 4034 Sed
2503 3977 2632 4052 quia
2655 3977 2852 4034 anima
2885 3979 3114 4052 languor
3133 3986 3416 4052 peccatum
3439 3986 3520 4034 est
3541 3977 3684 4035 unde
3704 3976 3860 4035 dixit

2249 4065 2564 4141 Propheta:
2631 4091 2650 4114 ι
2699 4067 2842 4124 Sana
2894 4067 3136 4124 animam
3193 4083 3392 4134 meam,
3447 4065 3578 4142 quia
3626 4066 3859 4140 peccavi

2249 4154 2352 4212 tibi
2413 4157 2587 4229 (Psal.
2645 4172 2740 4223 XL,
2808 4156 2867 4227 5)
2921 4173 2934 4213 :
2995 4181 3014 4207 ι
3100 4156 3331 4230 languor
3399 4155 3596 4213 anima
3648 4164 3860 4214 nostra

2251 4246 2509 4317 superbia
2549 4253 2650 4316 est,
2695 4246 2777 4303 ira
2805 4253 2909 4316 est,
2957 4246 3192 4303 avaritia
3222 4253 3339 4302 est:
3385 4245 3510 4304 ideo
3539 4245 3861 4319 unusquis-

2249 4349 2354 4406 que
2399 4342 2651 4391 nostrum
2695 4332 2880 4390 cordis
2907 4340 2962 4389 et
3001 4333 3247 4407 corporis
3275 4349 3450 4408 genua
3477 4332 3704 4390 ﬂectens
3733 4341 3860 4391 oret

2249 4422 2550 4480 Dominum
2605 4431 2858 4480 nostrum
2911 4423 3098 4479 Jesum
3153 4421 3461 4490 Christum,
3537 4423 3634 4497 qui
3693 4432 3860 4480 sanat

2249 4531 2440 4572 omnes
2465 4514 2817 4572 inﬁrmitates
2844 4523 3059 4571 nostras
3085 4533 3096 4572 :
3129 4523 3183 4572 et
3209 4531 3337 4572 cum
3364 4514 3629 4588 propheta
3656 4514 3810 4572 dicat
3839 4533 3854 4572 :

2265 4628 2282 4651 ι
2315 4604 2456 4661 Sana
2483 4620 2591 4674 me,
2622 4605 2880 4672 Domine,
2911 4612 2966 4662 et
3007 4605 3278 4674 sanabor;
3311 4605 3460 4662 salva
3490 4619 3598 4672 me,
3645 4610 3702 4660 et
3747 4605 3858 4662 sal-

2253 4692 2426 4750 vabor
2474 4693 2690 4766 (le-rem.
2741 4710 2886 4764 xvn,
2940 4694 3054 4766 14).
3089 4720 3108 4745 ι
3171 4693 3318 4751 dicat
3367 4702 3422 4751 et
3461 4710 3589 4752 cum
3623 4693 3853 4752 David:

2262 4808 2282 4832 ι
2313 4785 2457 4841 Sana
2483 4799 2593 4854 me,
2617 4783 2878 4853 Domine,
2911 4783 3174 4859 quoniam
3205 4782 3528 4842 conturbata
3556 4789 3686 4840 sunt
3718 4799 3859 4841 om-

2247 4873 2341 4930 nia
2370 4891 2492 4930 ossa
2520 4889 2643 4930 mea
2675 4874 2849 4946 (Psal.
2883 4890 2961 4942 γι,
2989 4873 3070 4946 3).
3097 4897 3118 4923 ι

2319 4991 2398 5047 Χ·
2427 4990 2655 5060 mansio,
2683 4990 2890 5049 HALUS.
2921 5021 2988 5034 --
3017 4990 3246 5050 Decima
3277 4989 3491 5048 mansio
3520 4989 3692 5048 Halus
3722 4998 3811 5048 est
3839 5010 3852 5049 :

2248 5080 2316 5138 ad
2345 5095 2509 5154 quam
2557 5096 2590 5136 a
2633 5080 2897 5154 Dephcha
2925 5081 3160 5156 profecti
3189 5087 3319 5138 sunt
3346 5079 3453 5138 ﬁlii
3499 5079 3685 5138 Israel.
3717 5079 3858 5138 Ideo

2246 5170 2418 5228 dicit:
2464 5194 2484 5219 ι
2511 5173 2585 5229 Et
2611 5172 2847 5246 profecti
2898 5172 2966 5229 de
3007 5172 3290 5245 Dephcha,
3321 5169 3690 5228 castrametati
3718 5177 3862 5228 sunt

2246 5262 2307 5318 in
2344 5261 2514 5320 Halus
2563 5264 2748 5336 (Num.
2781 5281 2988 5330 χχχιιι,
3039 5263 3151 5334 13).
3184 5287 3204 5313 ι
3261 5263 3327 5318 In
3371 5261 3568 5320 Exodo
3616 5277 3719 5320 nec
3745 5261 3864 5319 ista

2248 5352 2460 5410 mansio
2501 5351 2764 5410 distincte
2808 5350 3168 5418 nominatur;
3217 5350 3312 5407 sed
3356 5347 3860 5423 comprehenditur

2248 5441 2350 5498 sub
2379 5439 2763 5498 mansionibus
2791 5456 2823 5496 a
2851 5438 3068 5496 deserto
3095 5438 3194 5496 Sin
3222 5455 3398 5512 usque
3425 5438 3495 5496 ad
3523 5438 3856 5512 Baphidim.

2246 5536 2390 5592 Dum
2421 5535 2570 5590 enim
2600 5531 2772 5590 dicit:
2821 5557 2839 5580 -
2868 5533 2940 5589 Et
2969 5533 3211 5606 profecta
3237 5541 3321 5590 est
3345 5532 3528 5590 omnis
3556 5549 3859 5607 congrega-

2246 5625 2326 5680 tio
2370 5623 2614 5680 ﬁliorum
2660 5621 2826 5678 Israel
2871 5637 2943 5680 ex
2981 5621 3198 5680 deserto
3239 5622 3338 5681 Sin
3378 5638 3477 5696 per
3520 5633 3700 5682 castra
3725 5639 3859 5694 sua,

2247 5711 2550 5770 secundum
2573 5711 2802 5768 verbum
2832 5710 3056 5770 Domini
3089 5711 3292 5783 (Exod.
3320 5729 3461 5781 vaI,
3489 5713 3542 5784 1)
3569 5731 3618 5781 ;-
3638 5711 3864 5770 'innuit

2248 5802 2395 5877 quod
2444 5803 2629 5876 plures
2675 5802 2884 5861 fuerint
2929 5800 3436 5862 castrametationes
3479 5811 3536 5861 et
3581 5801 3860 5878 hospitia,
