3980 6372
176 375 236 430 ﬁl
1073 371 1166 427 DE
1205 370 1354 428 XLII
1390 370 1860 429 MANSIONIBUS
1901 372 2237 429 FILIORUM
2274 373 2547 432 ISRAEL.

174 497 297 555 Tria
324 497 382 554 in
428 495 531 555 hac
586 497 873 555 mansione
917 504 1200 570 geruntur.
1248 496 1455 566 Primo,
1512 498 1751 571 populus
1778 502 1830 562 Α
1857 514 2009 571 aquae
2036 505 2090 554 et
2118 504 2388 554 torrentes
2408 497 2822 556 inundaverant
2845 502 3018 572 (Psal.
3050 520 3264 575 1.xxvn,
3295 506 3437 579 20).»

171 586 268 645 Dei
297 585 525 661 gloriam
548 586 831 645 intuetur:
859 604 986 644 nam
1025 588 1292 660 scriptum
1322 596 1405 644 est
1431 587 1488 643 in
1518 587 1750 646 Exodo:

184 698 202 720 ι
222 675 293 731 Et
345 674 519 747 gloria
575 675 799 733 Domini
846 677 1098 748 apparuit
1131 677 1188 732 in
1220 676 1365 734 nube
1398 676 1598 745 (Exod.
1633 694 1752 746 xvr,

173 764 259 838 10)
285 781 299 819 :
324 790 343 813 ι
411 763 643 833 Deinde,
697 765 937 838 pascitur
982 765 1277 822 carnibus:
1356 790 1374 812 ε
1405 767 1633 823 Factum
1674 773 1755 822 est

172 870 411 929 vespere,
438 880 457 905 ι
528 863 590 912 ut
625 854 704 912 ibi
758 856 977 929 legitur,
1022 881 1040 904 ι
1069 864 1124 913 et
1175 855 1422 913 ascendit
1470 856 1749 924 coturnix,

169 952 222 1001 et
272 944 557 1017 cooperuit
606 952 786 1001 castra
835 944 1024 1014 (Ibid,
1092 944 1205 1015 13).
1272 946 1476 1014 Tertio,
1540 945 1754 1003 cibatur

169 1049 367 1089 manna
392 1032 459 1089 de
487 1033 645 1090 cmlo.
677 1033 766 1090 Sic
794 1034 941 1089 enim
973 1034 1187 1105 Moyses
1228 1036 1491 1106 populum
1522 1034 1751 1106 alloqui-

171 1129 289 1178 tur:
336 1146 353 1167 ι
383 1122 487 1178 Hic
532 1129 615 1178 est
645 1123 801 1193 panis
828 1137 990 1196 quem
1022 1121 1175 1179 dedit
1203 1123 1363 1178 vobis
1382 1123 1654 1179 Dominus
1682 1124 1750 1180 ad

169 1210 610 1268 manducandum
643 1212 834 1282 (Ibid,
878 1212 1003 1280 15):
1039 1237 1056 1260 ιι
1099 1210 1205 1268 hoc
1234 1220 1315 1268 est
1344 1212 1572 1268 verbum
1604 1212 1750 1285 quod

167 1300 452 1361 constituit
476 1300 764 1359 Dominus.
799 1302 901 1358 Per
928 1317 1049 1375 quas
1073 1319 1362 1358 monemur
1389 1302 1537 1376 quod
1557 1303 1652 1375 qui
1690 1304 1749 1359 in

167 1390 377 1449 decima
425 1390 659 1465 quiescit
695 1390 997 1460 mansione,
1058 1390 1116 1447 id
1159 1400 1241 1447 est
1281 1392 1341 1447 in
1369 1391 1751 1448 observatione

166 1482 315 1556 legis,
360 1498 456 1555 per
505 1481 789 1539 denarium
820 1481 969 1538 enim
1016 1498 1307 1539 numerum
1336 1482 1427 1540 lex
1465 1483 1752 1557 signiﬁca-

167 1580 271 1640 tur,
301 1587 425 1646 qum
453 1572 513 1629 in
538 1571 727 1630 decem
748 1572 934 1628 verbis
960 1572 1235 1639 consistit,
1266 1579 1327 1629 ut
1347 1574 1611 1646 scriptum
1633 1582 1745 1631 est:

177 1661 283 1718 cEt
332 1661 558 1733 scripsit
597 1662 813 1734 Moyses
856 1660 1024 1718 verba
1060 1662 1180 1718 haec
1226 1661 1415 1718 decem
1455 1662 1513 1717 in
1547 1662 1749 1719 tabulis

166 1748 381 1808 fmderis
431 1750 636 1822 (Exod.
660 1767 862 1820 XXXIV,
892 1751 985 1823 28)
1011 1769 1026 1820 ;
1070 1750 1171 1807 Dei
1200 1751 1429 1823 gloriam
1455 1750 1744 1823 conspicit.

1862 587 2137 657 Secundo,
2191 588 2544 644 memoranda
2573 595 2765 644 contra
2794 590 3164 649 Amalechitas
3191 594 3444 654 victoria.

1862 676 1998 733 Nam
2030 679 2234 749 populo
2265 695 2417 734 suam
2442 677 2532 735 hic
2566 679 2858 734 stationem
2890 689 3103 753 agente,
3138 684 3446 742 Amalechi-

1864 775 2041 823 tarum
2066 774 2250 839 gentes
2266 767 2314 824 ei
2335 767 2618 835 obsistere,
2633 784 2758 822 eum
2776 784 2995 835 vexare,
3013 787 3246 844 eumque
3266 776 3450 832 valido

1862 865 2175 929 comparato
2200 856 2448 914 exercitu
2470 874 2783 931 oppugnare
2803 867 3108 931 cmperunt.
3128 864 3200 916 At
3214 863 3449 935 Moyses,

1860 955 2219 1012 consideratis
2269 956 2457 1028 populi
2506 955 2721 1011 viribus
2751 955 2901 1026 longi
2934 956 3147 1012 itineris
3177 958 3451 1032 defatiga-

1864 1045 2010 1101 tione
2042 1043 2224 1117 9jam
2283 1044 2491 1112 fractis,
2554 1052 2607 1100 et
2663 1043 2731 1099 ad
2790 1045 3155 1117 repellendam
3206 1048 3449 1107 hostium

1860 1141 2141 1199 audaciam
2199 1158 2309 1198 non
2340 1142 2471 1198 satis
2528 1144 2689 1215 aptis,
2740 1141 2806 1198 ad
2866 1142 3121 1200 divinum
3153 1147 3450 1218 confugere

1858 1229 2102 1287 decrevit
2129 1232 2593 1289 auxilium.Unde
2623 1240 2675 1287 et
2706 1233 2993 1289 resistendi
3028 1234 3195 1303 hosti,
3228 1242 3281 1291 et
3312 1236 3444 1293 belli

1861 1321 2078 1390 gerendi
2112 1330 2225 1378 toto
2256 1322 2472 1393 negotio
2504 1338 2667 1393 penes
2695 1322 2856 1377 Josue
2882 1322 3091 1391 relicto,
3128 1323 3241 1396 ipse
3273 1327 3447 1381 Deum

1860 1419 2114 1467 oraturus
2157 1410 2213 1466 in
2267 1412 2462 1467 collem
2496 1410 2735 1467 secessit.
2767 1410 2872 1466 Sed
2930 1428 2962 1466 ο
2989 1413 3125 1466 mira
3184 1416 3448 1472 orationis

1859 1501 2133 1572 potentia!
2184 1500 2316 1558 dum
2346 1503 2562 1575 Moyses
2601 1502 2805 1574 palmas
2836 1502 3095 1559 tendebat
3125 1503 3192 1559 ad
3223 1506 3443 1576 coelum,

1858 1590 2187 1662 praevalebat
2214 1592 2377 1648 Israel
2403 1610 2416 1658 ;
2450 1592 2581 1646 dum
2604 1608 2735 1647 vero
2760 1591 3094 1658 remittebat,
3128 1595 3445 1652 succumbe-

1856 1678 1968 1735 bat.
1989 1680 2171 1737 Aaron
2201 1690 2381 1738 autem
2411 1690 2463 1737 et
2497 1682 2613 1737 Hur
2642 1698 2833 1737 manus
2866 1681 2984 1754 ejus
3016 1699 3188 1755 usque
3217 1684 3283 1740 ad
3315 1685 3447 1742 solis

1859 1785 2113 1827 occasum
2162 1770 2620 1838 sustentantibus,
2683 1770 2911 1843 adeptus
2951 1780 3034 1827 est
3064 1772 3228 1829 Josue
3259 1775 3447 1831 victo—

165 1840 335 1910 Quare
386 1840 695 1899 sciscitanti
748 1840 1058 1915 Prophetas,
1106 1842 1230 1916 quis
1288 1840 1635 1897 habitaturus
1688 1838 1741 1895 in

1861 1858 2021 1927 riam,
2081 1866 2145 1915 ut
2200 1860 2483 1923 Scriptura
2530 1859 2701 1916 dicit:
2749 1838 3022 1931 -Pugavit
3075 1861 3340 1917 Amalech
3393 1868 3447 1918 et

164 1930 254 1988 Dei
328 1929 712 1999 tabernaculo,
757 1937 813 1987 et
864 1931 989 2005 quis
1044 1931 1104 1987 in
1162 1937 1349 1987 monte
1398 1938 1586 1987 sancto
1633 1928 1750 2002 ejus

165 2017 511 2092 requieturus
538 2026 700 2090 esset,
740 2019 1103 2092 respondetur
1132 2018 1279 2093 quod
1306 2018 1537 2075 sedulus
1565 2018 1747 2074 obser-

165 2114 315 2165 vator
344 2106 503 2181 legis,
521 2106 655 2164 dum
684 2107 889 2164 dicitur
916 2125 928 2163 :
975 2131 993 2154 ι
1025 2107 1132 2175 Qui
1159 2107 1468 2180 ingreditur
1495 2106 1613 2163 sine
1641 2122 1750 2162 ma-

162 2197 296 2265 cula,
330 2204 387 2253 et
435 2205 693 2271 operatur
714 2195 1027 2270 justitiam:
1059 2198 1155 2272 qui
1194 2198 1437 2271 loquitur
1461 2197 1746 2254 veritatem

162 2286 216 2344 in
244 2286 406 2346 corde
431 2304 559 2356 suo,
615 2297 721 2346 etc.
748 2289 923 2362 (Psal.
946 2305 1067 2358 xxv,
1116 2290 1170 2358 2,
1202 2289 1374 2361 3).Et
1403 2288 1549 2345 idem
1583 2304 1745 2345 carne

161 2385 212 2434 et
243 2395 448 2437 manna
479 2380 690 2438 ccelesti
719 2381 982 2453 pascitur,
1019 2380 1125 2438 hoc
1169 2388 1272 2450 est,
1299 2380 1538 2454 pretioso
1560 2381 1745 2438 Domi-

162 2466 216 2524 ni
267 2468 443 2525 nostri
501 2469 629 2526 Jesu
658 2468 868 2528 Christi
920 2486 1167 2543 corpore.
1220 2469 1390 2543 Cujus
1419 2486 1617 2543 corpus
1665 2477 1747 2526 est

165 2570 287 2613 vera
341 2573 492 2628 caro,
546 2558 763 2617 dicente
817 2559 1025 2617 Joanne
1056 2560 1305 2634 apostolo
1337 2577 1349 2616 :
1409 2583 1427 2605 ι
1459 2558 1597 2617 Caro
1628 2574 1747 2615 mea

164 2661 283 2702 vere
303 2655 386 2703 est
412 2648 571 2705 cibus
602 2650 782 2721 (Joan.
816 2666 897 2719 vr,
928 2649 1042 2721 56);
1063 2674 1081 2698 ι
1115 2656 1197 2705 est
1216 2664 1408 2705 verum
1428 2656 1511 2705 est
1523 2664 1744 2717 manna,

164 2750 268 2792 non
297 2735 358 2792 in
414 2744 570 2809 typo,
603 2737 697 2794 sed
730 2738 789 2793 in
840 2739 1102 2794 veritate:
1162 2762 1181 2785 ι
1211 2739 1328 2809 Ego
1365 2754 1509 2807 sum,
1541 2736 1745 2809 inquit,

164 2823 312 2895 panis
340 2824 508 2881 vivus
550 2825 646 2899 qui
701 2825 769 2883 de
798 2827 936 2884 cmlo
982 2825 1242 2884 descendi
1281 2827 1468 2898 (Ibid,
1500 2826 1616 2896 51).
1649 2825 1747 2880 Est

163 2927 283 2967 vera
300 2927 430 2970 caro
451 2921 675 2986 propter
703 2929 889 2969 veram
910 2914 1313 2970 humanitatem
1338 2932 1349 2969 :
1383 2923 1463 2969 est
1485 2912 1640 2985 panis
1664 2912 1743 2967 vi-

164 3017 254 3059 vus
282 3012 513 3077 propter
536 3003 908 3062 divinitatem.
942 3004 1080 3063 Cum
1111 3005 1281 3077 igitur
1311 3003 1518 3062 Christi
1547 3019 1745 3075 corpus

170 3092 585 3160 manducamus,
637 3091 988 3149 divinitatem
1037 3102 1090 3150 et
1117 3093 1521 3149 humanitatem
1561 3092 1743 3165 parti—

1858 1965 2076 2004 omnem
2132 1951 2397 2021 populum
2440 1948 2557 2021 ejus
2608 1950 2669 2005 in
2722 1949 2996 2006 occisione
3038 1949 3205 2023 gladii
3239 1951 3442 2021 (Exod.

1856 2053 2000 2104 xvn,
2036 2038 2149 2107 13).
2178 2063 2195 2085 ι
2230 2038 2435 2106 Tertio,
2468 2038 2726 2110 prudenti
2754 2038 2988 2094 consilio
3019 2038 3075 2093 in
3099 2038 3447 2096 moderandis

1856 2128 2018 2185 rebus
2043 2128 2280 2201 publicis
2307 2128 2496 2184 Jethro
2524 2147 2535 2185 :
2586 2145 2712 2183 nam
2745 2144 2972 2185 cernens
3001 2128 3189 2184 Jethro
3218 2130 3443 2201 Moysen

1855 2217 1973 2289 ejus
1994 2234 2252 2290 generum
2277 2219 2336 2274 in
2357 2217 2647 2275 audiendis
2671 2217 2824 2290 vulgi
2846 2217 3024 2273 causis
3049 2217 3260 2274 diutius
3281 2234 3443 2290 quam

1855 2323 1952 2380 par
2000 2318 2140 2365 esset
2196 2307 2476 2381 occupari,
2509 2315 2562 2363 et
2606 2324 2638 2363 a
2663 2306 2913 2364 diluculo
2939 2324 3111 2379 usque
3139 2307 3208 2363 ad
3238 2324 3443 2381 vespe-

1855 2414 1978 2454 rum
2008 2400 2066 2456 in
2125 2399 2212 2456 his
2242 2408 2458 2472 tempus
2512 2416 2675 2455 omne
2730 2399 3011 2455 consumi:
3074 2399 3354 2455 consuluit
3383 2406 3445 2454 ut

1848 2487 2085 2560 judices,
2133 2488 2403 2557 tribunos,
2438 2498 2492 2545 et
2533 2489 2670 2545 alios
2700 2489 2834 2545 belli
2870 2488 3127 2561 pacisque
3156 2488 3443 2561 praefectos

1855 2576 2187 2647 institueret,
2210 2578 2304 2651 qui
2328 2577 2589 2651 populum
2605 2576 2937 2649 judicarent,
2961 2593 3151 2635 causas
3166 2575 3440 2642 audirent,

1855 2666 1978 2723 lites
2006 2666 2329 2723 dirimerent
2357 2677 2411 2723 et
2467 2667 2710 2724 breviter
2768 2668 2911 2723 levia
2939 2675 3137 2723 cuncta
3183 2668 3443 2724 absolve—

1856 2763 1995 2823 rent,
2027 2756 2189 2812 rebus
2218 2763 2434 2812 tantum
2452 2756 2711 2829 gravibus
2733 2756 2850 2827 ejus
2874 2755 3089 2826 judicio
3128 2757 3438 2813 reservatis.

1854 2844 1956 2901 Cui
1985 2844 2201 2915 Moyses
2230 2844 2480 2900 assensit.
2542 2844 2670 2899 Ideo
2700 2843 2967 2915 scriptum
2998 2851 3112 2899 est:
3158 2866 3178 2890 ι
3207 2844 3444 2900 Audivit

1853 2939 2033 2988 autem
2050 2933 2266 3004 Moyses
2297 2948 2487 2988 vocem
2510 2933 2684 2988 soceri
2709 2932 2816 3000 sui,
2847 2938 2900 2987 et
2928 2931 3062 2987 fecit
3104 2949 3441 3006 quaecunque

1852 3018 1997 3074 dixit
2024 3020 2075 3076 ei
2108 3020 2311 3091 (Exod.
2335 3036 2499 3089 xvnr,
2532 3019 2646 3091 24).
2679 3044 2699 3068 ι
2739 3021 2811 3075 Et
2831 3020 2959 3092 quia
2990 3020 3287 3094 Raphidim
3318 3020 3437 3079 laus

1846 3106 2045 3179 judicii
2073 3109 2484 3183 interpretatur,
2517 3109 2714 3165 merito
2737 3109 2796 3166 in
2827 3107 2946 3181 ejus
2976 3110 3260 3167 mansione
3290 3119 3442 3185 petra

162 3179 842 3275 οίρδξιῖιξεελαῐ-ᾼρίξδίοίηδ
870 3180 940 3238 ad
956 3181 1494 3275 QOYiDEthSLSCI‘ibi‘
1527 3182 1580 3275 (β
1612 3182 1738 3275 δοῖ-
1772 3210 1821 3275 C
1852 3196 2077 3254 exhibet
2095 3179 2323 3272 aquam:
2358 3197 2488 3271 quia
2508 3206 2659 3270 petra
2688 3179 2939 3255 Christus
2972 3179 3308 3256 custodienti
3355 3200 3443 3274 ju-

161 3286 235 3339 ιιι,
263 3269 471 3344 24-29).
528 3270 724 3327 Merito
748 3278 934 3326 autem
985 3270 1251 3328 beneficia
1279 3270 1396 3328 haec
1442 3269 1656 3345 potiora
1684 3270 1741 3326 in

163 3358 259 3418 hoc
286 3361 405 3418 loco
424 3369 785 3435 praestantur:
808 3362 944 3418 Nam
966 3363 1134 3419 Halus
1152 3362 1540 3435 interpretatur
1563 3362 1736 3430 labor;

164 3448 422 3507 laboranti
457 3458 640 3507 autem
695 3467 996 3525 congruum
1027 3460 1109 3510 est
1147 3460 1210 3509 ut
1236 3452 1458 3509 Domini
1489 3460 1742 3525 appareat

165 3538 345 3611 gloria,
377 3556 488 3614 quo
518 3539 733 3612 praemii
783 3539 999 3597 visione
1026 3541 1261 3598 alacrius
1313 3539 1526 3597 labores
1564 3540 1743 3596 susti-

166 3635 297 3684 neat.
375 3629 694 3703 Congruum
766 3640 848 3687 est
920 3629 1085 3686 etiam
1149 3639 1210 3686 ut
1290 3629 1741 3687 subministretur

167 3714 331 3787 cibus,
362 3734 470 3792 quo
502 3719 741 3776 refectus
796 3717 1116 3777 inchoatum
1150 3719 1349 3776 fortius
1380 3727 1741 3793 prosequatur

168 3802 278 3866 iter.

228 3906 323 3966 ΧΙ·
352 3909 584 3978 mansio,
635 3910 934 3969 Rapmnm.
960 3941 1031 3953 —
1053 3910 1355 3969 Undecima
1382 3909 1594 3967 mansio
1623 3926 1738 3982 per-

167 3996 330 4068 agitur
360 4000 420 4058 in
443 3999 744 4076 Raphidim
768 4018 781 4058 :
828 4002 912 4060 Ibi
942 4001 1090 4058 enim
1122 4003 1356 4075 populus
1383 4001 1522 4059 duro
1550 4000 1738 4074 fatiga-

168 4093 248 4144 tus
288 4089 504 4159 itinere,
560 4092 909 4165 refrigerium
968 4093 1223 4165 sumpsit.
1272 4092 1401 4149 Ideo
1454 4093 1734 4167 sequitur:

181 4200 198 4223 ι
217 4178 283 4235 Ει
308 4182 537 4255 profecti
558 4198 631 4240 ex
659 4184 849 4250 Halus,
880 4184 1248 4241 castrametati
1298 4191 1429 4240 sunt
1456 4183 1513 4240 in
1541 4183 1737 4256 Raphi-

169 4265 307 4326 dim:
358 4279 413 4329 et
439 4288 552 4329 non
607 4281 724 4329 erat
766 4272 885 4330 illic
923 4289 1066 4347 aqua
1105 4274 1173 4331 ad
1212 4272 1515 4330 bibendum
1549 4274 1734 4345 (Num.

170 4372 355 4429 xum,
412 4361 525 4434 14).
558 4386 577 4411 ι
645 4361 851 4419 Eadem
882 4363 1094 4419 mansio
1140 4362 1402 4421 scribitur
1464 4362 1630 4419 etiam
1678 4362 1737 4418 in

170 4445 382 4506 Exodo:
446 4475 467 4499 ι
493 4452 569 4509 Ει
595 4452 969 4510 castrametati
1014 4462 1165 4523 sunt,
1197 4452 1399 4526 inquit,
1432 4451 1491 4508 in
1520 4451 1736 4525 Raphi-

172 4533 293 4608 dim,
336 4556 446 4597 non
474 4550 593 4600 erat
647 4549 830 4614 autem
878 4559 1020 4617 aqua
1068 4544 1271 4616 populo
1324 4544 1392 4599 ad
1434 4541 1735 4599 bibendum

175 4625 357 4694 (Exod.
386 4646 528 4700 xvn,
562 4631 642 4704 1).
667 4656 685 4682 ι
725 4632 853 4689 Haec
881 4632 1093 4689 mansio
1123 4632 1291 4689 trium
1324 4630 1734 4688 admirabilium

173 4730 375 4787 operum
432 4722 794 4794 praerogativa
861 4722 1101 4780 maxime
1157 4722 1464 4779 decoratur.
1527 4721 1732 4789 Primo,

174 4806 394 4868 mirabili
446 4811 776 4870 educatione
830 4829 983 4887 aquae
1013 4828 1042 4869 e
1071 4821 1258 4885 petra:
1316 4827 1445 4868 nam
1500 4811 1735 4885 populus

175 4898 420 4957 montium
488 4902 781 4975 asperitate
835 4912 892 4960 et
968 4902 1312 4977 longitudine
1373 4902 1477 4958 viae
1538 4900 1732 4967 fessus,

175 4997 349 5059 magno
375 4989 495 5047 sitis
522 4991 718 5049 ardore
748 4991 1029 5065 flagrabat.
1049 4993 1289 5049 Veniens
1320 5000 1501 5048 autem
1534 4980 1737 5063 Baphii

176 5068 292 5143 dim,
323 5077 543 5153 visoque
564 5080 687 5137 loco
715 5080 890 5149 arido,
919 5079 1184 5153 aquisque
1213 5088 1451 5149 carente,
1472 5080 1733 5136 adversus

177 5157 376 5235 Moysen
394 5166 566 5226 iratus
584 5169 911 5226 tumultuari
935 5168 1100 5241 cmpit
1122 5168 1345 5239 (Ibid.2,
1362 5169 1442 5240 3).
1476 5169 1630 5226 Unde
1657 5170 1731 5225 lo-

178 5251 424 5327 cnsjurgii
445 5258 502 5313 in
517 5258 803 5331 Scriptura
816 5266 1164 5331 nuncupatus
1186 5267 1285 5315 est.
1309 5260 1382 5315 At
1401 5258 1497 5314 ille
1512 5269 1733 5332 accepta

180 5339 330 5416 Virga,
358 5354 557 5421 petram
590 5349 814 5406 Domini
846 5349 1102 5407 mandato
1133 5348 1433 5420 percussit:
1466 5348 1564 5405 illa
1602 5365 1731 5405 vero

181 5444 406 5500 percussa
418 5446 528 5496 tam
559 5441 762 5513 largam
792 5456 1058 5514 aquarum
1080 5440 1275 5497 effudit
1290 5440 1527 5513 copiam,
1559 5451 1617 5497 ut
1638 5458 1730 5514 p0-

181 5528 320 5596 Pnlns
344 5550 404 5592 ac
424 5536 676 5609 jumenta
694 5555 915 5595 omnem
942 5539 1093 5596 sitim
1112 5538 1462 5611 exstinguere
1485 5548 1725 5612 possent.

181 5612 315 5682 Quod
367 5622 637 5684 admirans
664 5627 841 5685 David
899 5628 1181 5700 propheta,
1239 5628 1297 5684 in
1328 5628 1446 5686 haec
1479 5630 1733 5701 prorupit

186 5705 352 5766 verba:
422 5737 438 5760 ι
467 5715 736 5786 Quoniam
766 5716 1033 5792 percussit
1083 5724 1315 5792 petram,
1345 5725 1402 5775 et
1449 5717 1732 5779 fluxerunt

1850 3286 2060 3343 (licium
2089 3304 2200 3342 suae
2239 3304 2437 3360 aquam
2471 3287 2656 3359 gratiae
2695 3286 2952 3344 exhibet:
2989 3305 3115 3344 nam
3168 3288 3438 3361 scriptum

1850 3383 1962 3433 est:
2009 3377 2199 3433 cBeati
2229 3377 2323 3450 qui
2349 3376 2669 3433 custodiunt
2687 3376 2962 3447 judicium
2986 3378 3162 3448 (Psal.
3194 3395 3283 3446 cv,
3310 3378 3388 3449 3);
3407 3404 3425 3427 ι

1850 3465 2095 3522 vincitur
2122 3465 2407 3533 Amalech,
2440 3465 2569 3538 quia
2591 3463 2807 3534 judicio
2836 3466 3133 3521 damnatur
3157 3466 3431 3524 diabolus:

1849 3555 2077 3610 docetur
2121 3562 2269 3610 recta
2303 3554 2492 3625 populi
2539 3553 2967 3622 administratio,
3012 3554 3141 3626 quia
3168 3556 3436 3627 scriptum

1848 3653 1963 3701 est:
2022 3644 2239 3701 «Iudex
2290 3644 2506 3715 sapiens
2535 3644 2694 3700 docet
2745 3644 3009 3716 populum
3041 3662 3199 3701 suum
3240 3646 3432 3717 (Eccli.

1850 3751 1906 3803 x,
1940 3734 1994 3805 1)
2024 3753 2035 3791 :
2062 3759 2081 3783 ι
2122 3734 2215 3791 hic
2234 3741 2315 3790 est
2344 3734 2437 3807 qui
2452 3732 2690 3805 judiciat
2709 3732 2914 3801 omnia,
2947 3741 3001 3789 et
3022 3735 3137 3807 ipse
3166 3752 3197 3791 a
3216 3736 3435 3793 nemine

1841 3823 2124 3897 judicatur
2156 3823 2213 3895 (Ι
2242 3822 2366 3879 Cor.
2397 3838 2460 3891 ιι,
2486 3823 2598 3895 15).

1917 3931 2046 3987 XIII
2076 3929 2301 3998 mnsio,
2333 3930 2591 3986 desertum
2621 3932 2883 3988 Smar.—
2901 3932 3237 3991 Duodecima
3270 3951 3436 3990 man-

1846 4021 1929 4077 sio
1954 4019 2141 4076 babita
2163 4026 2244 4075 est
2268 4019 2327 4075 in
2355 4019 2573 4075 deserto
2590 4020 2762 4077 Sinai.
2798 4020 2925 4077 Ideo
2960 4022 3243 4096 subjungit
3267 4042 3279 4080 :
3326 4049 3343 4070 ι
3364 4026 3436 4081 Et

1848 4113 2076 4185 profecti
2106 4129 2176 4169 ex
2208 4112 2521 4184 Raphidim,
2575 4116 2941 4171 castrametati
2979 4124 3109 4171 sunt
3138 4117 3194 4172 in
3220 4117 3434 4174 deserto

1846 4204 1996 4261 Sinai
2026 4204 2209 4275 (Num.
2235 4220 2439 4271 χχχιιι,
2460 4204 2615 4285 15).)
2649 4203 3087 4262 Celebratissima
3113 4215 3195 4262 est
3224 4209 3434 4265 mansio

1846 4294 1964 4351 haec
2018 4294 2115 4350 ubi
2143 4296 2289 4351 Deus
2332 4294 2615 4351 descendit
2670 4294 2728 4351 in
2760 4295 2902 4367 igne,
2958 4297 3016 4353 in
3058 4304 3324 4364 montem,
3381 4308 3436 4355 et

1844 4385 2059 4457 Moyses
2090 4383 2380 4457 puriﬁcato
2410 4384 2638 4455 populo,
2664 4384 2764 4440 Dei
2796 4384 3054 4442 mandato
3083 4385 3142 4441 in
3170 4388 3433 4444 vertidem

1846 4474 2053 4531 montis
2102 4471 2370 4539 ascendit,
2401 4481 2455 4529 et
2488 4489 2613 4528 cum
2667 4489 2731 4529 eo
2764 4472 2981 4530 locutus
3010 4482 3111 4541 est,
3144 4482 3196 4530 et
3225 4475 3434 4547 accepit

1765 4579 1813 4638 D
1849 4570 2117 4635 praecepta
2146 4562 2412 4634 decalogi.
2444 4561 2525 4617 Ibi
2565 4560 2875 4617 ostenditur
2902 4562 3183 4635 exemplar
3210 4563 3433 4619 fabricae

1847 4651 2229 4720 Tabernaculi,
2284 4651 2361 4708 ibi
2392 4650 2707 4722 praecipitur
2750 4650 3102 4707 victimarum
3149 4651 3432 4722 multipli-

1844 4741 2002 4809 citas,
2060 4756 2315 4796 vasorum
2378 4738 2686 4807 distinctio,
2748 4738 3067 4811 indumenta
3124 4739 3428 4809 Pontiﬁcis,

1844 4828 2198 4887 Sacerdotum
2228 4836 2282 4885 et
2312 4828 2630 4884 Levitarum
2677 4827 3021 4884 caeremonia.
3055 4825 3134 4881 Ibi
3166 4842 3428 4882 numerus

1842 4920 2169 4991 populorum
2227 4916 2670 4988 Levitarumque,
2712 4922 2766 4970 et
2820 4931 2916 4987 per
2969 4915 3213 4986 singulas
3251 4916 3429 4972 tribus

1844 5008 2029 5078 populi
2060 5006 2378 5064 distributio
2404 5024 2414 5061 :
2449 5004 2752 5060 oblationes
2771 5020 2988 5077 quoque
3021 5004 3337 5077 principum
3367 5004 3425 5060 in

1842 5095 1945 5153 hac
1965 5095 2247 5151 mansione
2275 5092 2561 5164 descriptae
2590 5100 2737 5148 sunt.
2767 5094 2899 5149 Duae
2915 5109 3131 5167 quoque
3160 5099 3424 5163 argenteae

1839 5184 1984 5241 tubas
2013 5184 2081 5241 ad
2114 5181 2484 5254 promovenda
2504 5188 2684 5238 castra
2736 5180 2942 5238 ibidem
2991 5182 3111 5239 ﬁeri
3138 5182 3422 5254 jubentur,

1840 5272 2026 5345 ibique
2070 5271 2386 5344 praecipitur
2414 5270 2717 5327 immundis
2754 5286 2917 5344 super
2944 5272 3128 5328 anima
3158 5268 3423 5337 hominis,

1839 5360 1935 5433 qui
1971 5359 2151 5431 primo
2175 5374 2358 5415 mense
2407 5359 2627 5416 Pascha:
2673 5359 2933 5415 interesse
2962 5376 3073 5414 non
3095 5358 3419 5429 potuissent,

1840 5458 1901 5505 ut
1956 5463 2140 5505 mense
2169 5448 2409 5506 secundo
2437 5448 2828 5505 convenirent:
2862 5454 2916 5503 et
2940 5447 3035 5519 qui
3067 5446 3285 5517 longius
3314 5446 3423 5503 ha-

1838 5537 2104 5606 bitabant,
2160 5537 2542 5594 velimmundi
2573 5538 2809 5604 fuerant,
2850 5536 2909 5591 in
2936 5534 3178 5591 secundo
3235 5550 3420 5591 mense

1838 5629 2042 5687 Pascha
2060 5628 2201 5702 jussi
2254 5637 2383 5686 sunt
2411 5629 2604 5687 facere.
2638 5626 2796 5695 Quod
2837 5623 3104 5682 nimirum
3135 5625 3194 5681 in
3224 5633 3419 5697 typum

1839 5719 2167 5794 intelligitur
2213 5719 2402 5794 populi
2457 5718 2723 5793 gentium,
2776 5731 2898 5790 quae
2952 5730 3079 5774 cum
3132 5714 3420 5772 daemoniis
