3980 6428
435 397 504 455 23
1435 396 1533 451 AD
1572 394 1806 451 OPERA
1844 395 1902 452 S.
1942 393 2302 452 AMBBOISII
2342 395 2725 457 APPENDIX.
3664 401 3737 461 24

429 532 707 589 fornicata
756 529 985 597 fuerint,
1019 526 1320 582 immundae
1354 525 1686 582 videbantur
1714 525 1770 581 in
1801 525 2010 593 anima,
2036 520 2098 602 7A
2127 521 2350 590 debeat,
2386 522 2439 579 in
2496 521 2586 582 his
2613 525 2844 582 omnino
2895 526 3295 602 exstinguitur,
3329 543 3398 585 ne
3443 528 3732 586 subsistat.

433 621 639 678 salubri
660 636 792 676 vero
817 617 944 674 ﬁdei
967 615 1311 673 confessione
1340 613 1399 671 in
1430 615 1675 672 secunda
1701 601 2052 685 nativitate,‘

435 711 590 787 quasi
648 711 705 766 in
763 706 1004 766 secundo
1060 723 1246 762 mense
1272 704 1552 778 puriﬁcari
1605 705 2024 778 pracipiuntur.

432 801 666 857 .lubetur
686 813 904 872 quoque
932 796 991 852 in
1007 795 1110 852 hac
1132 795 1417 853 mansione
1443 796 1711 852 Nazarais
1739 803 1801 851 ut
1829 797 2025 852 vinum

433 898 488 946 et
513 890 739 945 siceram
789 903 902 943 non
940 885 1152 954 bibant,
1199 903 1302 943 nec
1329 893 1545 942 acetum
1575 886 1800 960 quidem
1834 902 1863 942 e
1893 887 2028 944 vino

435 980 521 1035 vel
577 979 841 1034 siceram:
876 993 977 1035 nec
1040 993 1206 1032 uvam
1238 983 1508 1034 recentem
1565 975 1877 1046 comedant,
1926 993 2028 1034 nec

433 1087 571 1128 uvas
600 1069 822 1142 quidem
857 1085 1044 1143 passas
1097 1068 1282 1141 (Num.
1315 1085 1392 1136 v1,
1450 1067 1610 1139 2-4);
1669 1067 1818 1141 quod
1863 1075 1918 1125 et
1967 1070 2026 1127 in

433 1159 746 1218 Proverbiis
775 1159 1112 1232 praecipitur:
1144 1157 1459 1230 «Principes
1486 1157 1578 1230 qui
1609 1157 1857 1214 iracundi
1872 1168 2024 1230 sunt,

433 1249 625 1306 vinum
675 1266 786 1307 non
816 1249 1008 1306 bibant
1040 1268 1054 1317 ;
1086 1265 1154 1306 ne
1183 1265 1308 1305 cum
1338 1247 1603 1316 biberint,
1625 1247 2028 1306 obliviscantur

432 1338 712 1410 sapientiae
733 1339 919 1411 (Prov.
943 1354 1104 1405 χχχι,
1135 1336 1189 1405 Ii,
1211 1337 1293 1408 5).
1326 1337 1471 1405 Quid
1491 1352 1620 1409 ergo
1647 1338 2022 1394 Nazaraorum

433 1429 676 1496 nomine,
731 1428 838 1485 nisi
889 1427 1287 1485 abstinentium
1336 1426 1856 1501 continentiamque
1910 1427 2027 1484 vita

433 1517 802 1590 signiﬁcatur;
847 1516 1049 1591 quibus
1089 1517 1146 1572 in
1175 1515 1308 1572 vino
1337 1516 1563 1572 luxuria
1589 1515 1933 1589 prohibetur,
1966 1516 2024 1572 in

430 1607 604 1664 sicera
632 1606 814 1663 omnis
864 1607 1120 1680 voluptas
1149 1614 1366 1664 terrena
1386 1607 1414 1663 ?
1444 1605 1628 1664 Sicera
1655 1607 1803 1664 enim
1835 1623 1904 1664 ex
1928 1606 2025 1664 di-

429 1713 590 1754 verso
643 1696 938 1754 conﬁcitur
965 1712 1182 1769 genere,
1237 1696 1382 1754 sicut
1411 1697 1668 1770 voluptas
1707 1713 1777 1753 ex
1806 1696 2027 1754 diversa

427 1786 692 1843 vitiorum
725 1786 904 1843 oritur
929 1786 1189 1842 colluvie.
1225 1784 1378 1842 Unde
1399 1785 1483 1842 illi
1507 1787 1704 1843 vinum
1733 1785 1923 1844 bibere
1942 1785 2022 1844 dio

2136 612 2402 686 Pracepit
2467 612 2675 673 dehinc
2723 616 2814 674 lex
2845 617 3067 676 Levitas
3121 633 3314 675 omnes
3345 617 3490 691 pilos
3547 619 3737 677 carnis

2136 700 2325 758 radere
2355 702 2540 773 (Num.
2565 720 2688 772 vni,
2721 706 2776 777 7)
2809 723 2822 762 :
2854 705 2985 780 quia
3012 705 3069 763 hi
3097 706 3192 780 qui
3223 705 3506 780 obsequiis
3524 707 3737 766 divinis

2135 798 2513 862 assumuntur,
2533 792 2734 850 debent
2761 803 2888 852 ante
2919 793 3018 852 Dei
3041 797 3230 853 oculos
3255 811 3288 852 a
3310 796 3528 854 cunctis
3550 797 3737 855 carnis

2136 879 2565 954 cogitationibus
2599 883 2795 941 mundi
2847 901 3126 958 apparere,
3185 903 3254 942 ne
3285 885 3512 944 illicitas
3528 886 3735 960 cogita-

2134 968 2314 1026 tiones
2343 986 2497 1026 mens
2534 971 2804 1043 proferat;
2859 982 2913 1030 et
2937 973 3225 1046 pulchram
3255 973 3454 1031 anima
3495 975 3732 1048 speciem

2137 1057 2290 1130 quasi
2322 1057 2452 1131 pilis
2484 1059 2933 1118 excrescentibus
2975 1061 3280 1120 deformem
3309 1062 3562 1120 reddant.
3593 1064 3727 1122 Post

2135 1145 2254 1205 hac
2271 1146 2540 1221 jubentur
2594 1149 2760 1207 etiam
2789 1140 2909 1208 ﬁeri
2935 1151 3059 1208 dua
3095 1151 3266 1221 tuba,
3309 1168 3540 1226 quarum
3569 1153 3737 1212 clan-

2136 1251 2262 1308 gore
2311 1238 2501 1310 populi
2560 1247 2916 1297 moverentur
2977 1240 3046 1297 ad
3105 1241 3379 1314 pralium.
3440 1241 3532 1299 Sic
3579 1242 3731 1299 enim

2135 1326 2400 1398 scriptum
2450 1336 2532 1384 est
2582 1327 2650 1385 de
2679 1328 2768 1386 his
2817 1329 2889 1386 ad
2940 1329 3206 1403 Moysen:
3254 1354 3273 1378 ι
3303 1332 3412 1388 Fac
3458 1330 3566 1387 tibi
3596 1331 3736 1388 duas

2133 1417 2296 1474 tubas
2348 1424 2630 1490 argenteas
2685 1417 2921 1476 ductiles
2975 1420 3161 1491 (Num.
3189 1435 3252 1488 χ,
3283 1420 3382 1491 2);
3411 1445 3432 1470 ι
3485 1427 3540 1477 et
3568 1421 3736 1493 paulo

2135 1513 2258 1579 post
2289 1523 2301 1562 :
2375 1527 2395 1553 ι
2421 1507 2494 1562 Et
2521 1523 2647 1564 cum
2672 1507 2930 1565 concisus
2956 1509 3184 1580 clangor
3211 1507 3571 1582 increpuerit,
3602 1525 3739 1566 mo-

2134 1595 2414 1652 vebuntur
2463 1603 2640 1652 castra
2680 1596 2866 1668 (Ibid,
2893 1595 2976 1670 5).
3001 1621 3020 1646 ι
3066 1597 3168 1654 Per
3219 1596 3356 1654 duas
3385 1598 3534 1654 enim
3564 1597 3733 1656 tubas

2133 1684 2412 1742 exercitus
2465 1683 2709 1753 ducitur,
2752 1685 2882 1760 quia
2927 1701 3025 1760 per
3051 1686 3163 1744 duo
3191 1685 3560 1754 Testamenta,
3615 1686 3740 1743 sive

2134 1791 2229 1848 per
2255 1773 2369 1833 duo
2405 1782 2672 1849 pracepta
2700 1775 2988 1834 charitatis
3015 1775 3084 1834 ad
3116 1775 3370 1850 pralium
3399 1775 3530 1833 ﬁdei
3559 1791 3740 1850 popu-

425 1883 647 1944 cuntur,
679 1875 775 1949 qui
825 1874 894 1931 ad
924 1874 1279 1948 decipiendos
1308 1873 1563 1932 homines
1593 1875 1816 1934 umbras
1846 1893 2022 1950 quas-

2136 1863 2220 1919 lus
2240 1872 2489 1933 vocatur,
2510 1880 2632 1938 qua
2646 1863 2855 1923 idcirco
2870 1873 3138 1938 argentea
3156 1863 3277 1920 ﬁeri
3306 1863 3734 1938 pracipiuntur,

427 1964 551 2021 dam
574 1973 629 2020 ct
656 1964 923 2036 imagines
951 1980 1008 2020 se
1035 1964 1302 2020 simulant
1343 1963 1542 2020 habere
1573 1966 1872 2022 virtutum.
1904 1966 2027 2022 Uva

427 2068 583 2127 passa
611 2051 696 2108 illi
733 2058 1051 2119 vescuntur,
1084 2052 1178 2125 qui
1235 2059 1458 2125 propter
1503 2051 1780 2108 humanos
1837 2054 2029 2112 oculos

427 2141 776 2198 abstinentia
818 2141 1026 2214 pallore
1057 2140 1406 2208 inﬁciuntur,
1452 2149 1514 2198 ut
1545 2141 1776 2214 gloriam
1807 2142 2029 2216 capiant

428 2231 497 2288 ab
529 2229 868 2288 hominibus.
927 2230 1158 2288 Acetum
1191 2237 1372 2286 autem
1423 2229 1484 2286 hi
1508 2229 1730 2300 bibunt,
1777 2232 1873 2305 qui
1905 2240 2028 2306 post

429 2321 558 2378 vita
611 2319 958 2377 sanctitatem
987 2320 1045 2376 in
1076 2319 1368 2393 praeteritis
1397 2319 1722 2377 relabuntur
1765 2320 1941 2391 vitiis,
1973 2329 2029 2378 et

432 2408 784 2483 corruptione
813 2408 1014 2464 veteris
1041 2407 1306 2482 nequitia
1361 2409 1726 2466 delectantur.
1760 2409 2028 2484 Pracepit

429 2500 614 2574 itaque
639 2501 804 2568 Deus,
855 2505 918 2556 ut
947 2498 1042 2571 qui
1098 2496 1412 2556 sanctitatis
1442 2498 1729 2556 induerint
1771 2499 2022 2569 titulum,

428 2590 645 2648 cunctis
673 2595 891 2646 careant
913 2587 1088 2656 vitiis,
1120 2589 1441 2662 nullamque
1462 2587 1781 2662 hujusmodi
1813 2597 2026 2661 pertur-

427 2681 709 2738 bationem
757 2696 878 2753 qua
909 2687 1109 2736 statum
1157 2680 1360 2735 mentis
1386 2686 1618 2748 evertat,
1649 2687 1926 2751 appetant.
1962 2682 2024 2736 In

427 2769 531 2827 hac
586 2769 872 2826 mansione
902 2775 1245 2841 separantur,
1282 2767 1350 2824 de
1380 2770 1574 2824 castris
1605 2768 1824 2840 leprosi,
1863 2769 2024 2824 semi-

428 2857 611 2921 niflui,
643 2866 696 2913 et
724 2856 1033 2923 immundi;
1066 2857 1268 2928 leprom
1297 2857 1572 2924 doctrina,
1596 2855 1898 2914 seminiﬂui
1933 2873 2022 2914 co-

429 2947 715 3019 gitatione,
745 2944 1019 3002 immundi
1051 2961 1235 3016 opere,
1254 2944 1310 3000 id
1350 2952 1451 3013 est,
1470 2945 1738 3012 haretici,
1760 2945 2022 3003 schisma-

427 3034 526 3091 tici
560 3042 614 3090 et
647 3033 918 3090 luxuriosi
947 3050 959 3088 :
993 3032 1052 3089 hi
1082 3040 1342 3106 tanquam
1373 3033 1674 3104 contagiosi
1692 3042 1746 3089 et
1775 3034 2016 3091 morbidi

427 3139 460 3179 a
487 3121 680 3179 castris
707 3120 1028 3194 ejiciuntur,
1066 3137 1134 3177 ne
1173 3121 1500 3192 contagione
1529 3121 1773 3194 perfidia
1803 3122 1889 3177 vel
1910 3138 2024 3179 mo-

428 3231 551 3271 rum
581 3230 830 3282 suorum,
860 3213 1032 3270 vitam
1067 3213 1318 3287 polluant
1357 3213 1739 3271 innocentum.
1773 3215 2022 3289 Denique
2051 3245 2096 3308 ο

429 3303 497 3360 ab
526 3319 672 3360 anno
703 3301 968 3360 vicesimo
997 3313 1232 3376 etsupra
1257 3311 1695 3359 annumerantur
1713 3302 1902 3376 populi
1925 3303 2022 3377 qui

427 3395 496 3452 ad
526 3396 778 3468 pralium
800 3395 912 3468 apti
941 3395 1341 3463 inveniuntur;
1374 3394 1468 3452 sed
1494 3412 1595 3452 cur
1619 3395 1689 3453 ab
1708 3412 1854 3452 anno
1882 3395 2026 3452 vice-

427 3484 602 3553 sime;
631 3485 735 3540 nisi
754 3485 882 3559 quia
895 3484 998 3542 hac
1019 3493 1176 3541 atate
1197 3493 1387 3542 contra
1400 3501 1852 3558 unumquemque
1864 3485 2025 3542 vitio-

427 3590 550 3630 rum
577 3573 724 3630 bella
742 3581 1066 3630 nascuntur.
1098 3573 1336 3648 Ideoque
1351 3573 1415 3629 ad
1449 3590 1688 3646 pugnam
1719 3575 2024 3648 eliguntur,

427 3670 490 3718 ut
517 3662 755 3718 habeant
785 3670 973 3719 contra
996 3663 1286 3719 libidinem
1317 3663 1658 3732 conflictum,
1682 3680 1784 3720 nec
1805 3663 2028 3722 luxuria

428 3759 773 3823 superentur.
808 3751 912 3807 Hic
951 3752 1116 3808 etiam
1175 3751 1244 3808 ab
1273 3768 1418 3808 anno
1447 3752 1711 3808 vicesimo
1741 3759 1796 3808 et
1825 3752 2025 3826 quinto

428 3839 638 3896 Levitis
669 3840 727 3896 in
758 3839 1136 3897 Tabernaculo
1154 3841 1362 3897 servire
1392 3840 1704 3908 mandatur,
1726 3849 1780 3896 et
1806 3857 1838 3897 a
1866 3842 2024 3915 quin-

429 3930 760 4002 quagenaria
790 3928 1042 3987 custodes
1087 3946 1344 3988 vasorum
1387 3933 1805 3988 constituuntur
1844 3950 1857 3989 :
1889 3933 2025 4006 quid

429 4017 576 4074 enim
637 4035 732 4091 per
785 4035 993 4076 annum
1033 4027 1122 4084 10
1154 4021 1412 4094 quintum
1447 4039 1512 4079 ac
1559 4021 1905 4090 vicesimum,
1964 4023 2024 4080 in

429 4131 540 4188 quo
567 4115 668 4172 ﬂos
686 4115 1001 4188 juventutis
1029 4118 1302 4188 oboritur,
1333 4119 1440 4175 nisi
1473 4119 1590 4192 ipsa
1603 4125 1798 4176 contra
1825 4135 2024 4176 unum-

428 4220 701 4278 quemque
757 4204 1022 4262 vitiorum
1058 4205 1203 4262 bella
1231 4207 1646 4280 signiﬁcantur:
1676 4215 1734 4264 et
1760 4207 1896 4280 quid
1927 4224 2025 4280 per

428 4293 983 4366 quinquagenarium,
1036 4295 1094 4350 in
1149 4310 1258 4368 quo
1313 4295 1532 4352 Jubilai
1573 4297 1806 4365 ratione,
1855 4295 2021 4354 etiam

427 4391 574 4438 terra
627 4381 883 4454 quiescit,
939 4381 1046 4439 nisi
1076 4391 1280 4441 aterna
1344 4384 1560 4457 requies
1607 4384 1850 4442 edomita
1874 4384 2022 4442 bello

429 4471 632 4528 mentis
661 4471 996 4545 exprimitur
1018 4475 1046 4530 ?
1074 4472 1219 4541 Quid
1239 4490 1336 4547 per
1360 4491 1491 4532 vasa
1519 4475 1883 4544 tabernaculi,
1912 4477 2020 4534 nisi

426 4559 676 4616 ﬁdelium
727 4559 927 4616 anima
976 4560 1328 4633 ﬁgurantur?
1372 4561 1579 4619 Levita
1623 4579 1754 4636 ergo
1781 4562 1851 4620 ab
1874 4579 2021 4621 anno

426 4666 450 4704 ι
467 4649 697 4706 icesimo
726 4657 782 4706 et
809 4649 1006 4724 quinto
1035 4651 1390 4709 tabernaculo
1417 4651 1691 4722 serviunt,
1714 4660 1768 4710 et
1795 4670 1826 4710 a
1859 4653 2020 4728 quin-

425 4738 758 4812 quagenario
809 4739 1064 4797 custodes
1083 4756 1340 4796 vasorum
1361 4741 1526 4810 ﬁunt,
1559 4750 1620 4798 ut
1647 4741 1904 4800 videlicet
1924 4742 2020 4816 qui

425 4826 606 4884 adhuc
657 4828 1106 4901 impugnantium
1139 4829 1408 4886 vitiorum
1436 4831 1738 4888 certamina
1765 4848 1861 4904 per
1888 4849 2018 4890 con-

426 4932 642 4972 sensum
714 4917 1096 4977 delectationis
1151 4918 1478 4988 admittunt,
1536 4921 1772 4977 aliorum
1829 4938 2018 4978 curam

427 5003 702 5076 suscipere
748 5021 860 5060 non
889 5017 1241 5078 praesumant.
1303 5009 1442 5066 Cum
1471 5016 1654 5066 autem
1684 5011 2017 5068 tentantium

425 5092 572 5150 bella
600 5093 936 5165 subegerint,
968 5113 1095 5152 cum
1125 5097 1269 5168 apud
1300 5115 1356 5155 se
1379 5098 1496 5171 jam
1527 5099 1594 5157 de
1624 5099 1821 5156 intima
1855 5107 2020 5156 tran-

426 5181 700 5254 quillitate
728 5182 908 5238 securi
936 5183 1294 5256 probabiliter
1335 5189 1700 5256 aestimantur,
1729 5197 1863 5245 tunc
1888 5188 2020 5244 ani-

425 5285 638 5324 marum
686 5268 950 5326 custodia
988 5269 1239 5343 deputari
1299 5284 1586 5345 poterunt:
1633 5278 1728 5334 sed
1758 5279 1882 5352 quis
1902 5279 2018 5336 hac

425 5358 613 5429 pralia
667 5357 775 5416 sibi
827 5359 1065 5432 perfecte
1121 5377 1375 5432 superare
1430 5373 1626 5438 potest,
1659 5384 1784 5424 cum
1814 5369 2016 5426 Paulus

425 5447 608 5502 dicat:
645 5471 663 5494 ι
686 5447 863 5505 Video
917 5448 1081 5504 aliam
1112 5449 1284 5522 legem
1315 5449 1373 5506 in
1433 5453 1692 5512 membris
1747 5460 1884 5515 meis
1920 5476 2017 5516 re-

426 5545 757 5609 pugnantem
807 5538 911 5614 legi
943 5541 1146 5597 mentis
1176 5556 1309 5598 mea
1341 5542 1518 5614 (Rom.
1549 5562 1650 5614 vu,
1685 5547 1810 5620 23)?
1839 5574 1858 5599 ι
1909 5551 2016 5608 Sed

425 5626 573 5682 aliud
595 5634 678 5682 est
705 5627 848 5684 bella
876 5629 1094 5686 fortiter
1122 5630 1352 5704 perpeti,
1383 5632 1535 5690 aliud
1551 5634 1713 5692 bellis
1739 5638 2016 5697 enerviter

381 5791 396 5804 ν
423 5715 745 5790 expugnari.
778 5717 839 5774 ln
863 5716 974 5774 illis
999 5719 1334 5778 exercitatur
1356 5720 1556 5791 virtus,
1590 5738 1657 5780 ne
1674 5723 1798 5798 quis
1818 5729 2015 5786 extolli

2139 1959 2200 2008 ut
2221 1951 2640 2024 pradicatorum
2661 1953 2831 2010 verba
2857 1953 3067 2027 eloquii
3094 1954 3276 2011 nitore
3310 1955 3640 2028 refulgeant,
3675 1963 3737 2012 et

2137 2040 2455 2098 auditorum
2490 2049 2700 2099 mentes
2745 2043 2902 2100 nulla
2927 2043 3014 2100 sui
3067 2043 3458 2101 obscuratione
3484 2043 3740 2102 confun-

2136 2135 2307 2195 dant:
2367 2137 2574 2196 idcirco
2627 2147 2810 2196 autem
2840 2139 3098 2208 ductiles,
3144 2139 3275 2214 quia
3314 2155 3534 2198 necesse
3562 2146 3739 2198 estut

2137 2227 2194 2285 bi
2225 2228 2321 2303 qui
2375 2237 2664 2287 venturam
2722 2229 2893 2286 vitam
2951 2230 3273 2304 pradicant,
3304 2231 3736 2290 tribulationum

2136 2319 2490 2394 praesentium
2519 2319 2778 2376 tunsione
2807 2328 3073 2378 crescant.
3104 2319 3251 2377 Bene
3279 2330 3463 2378 autem
3499 2321 3729 2380 dicitur:

2149 2434 2167 2456 ι
2199 2408 2337 2468 Cum
2390 2408 2646 2466 concisus
2691 2409 2916 2482 clangor
2962 2409 3321 2483 increpuerit,
3352 2410 3732 2468 movebuntur

2134 2505 2314 2556 castra
2342 2515 2357 2567 ;
2391 2523 2410 2546 ι
2450 2497 2580 2572 quia
2608 2497 2877 2555 nimirum
2930 2515 3056 2556 cum
3082 2499 3346 2557 subtilior
3368 2516 3430 2558 ac
3458 2499 3737 2558 minutior

2134 2585 2546 2662 praedicationis
2599 2602 2778 2644 sermo
2824 2593 3112 2658 tractatur,
3142 2587 3465 2646 auditorum
3518 2596 3736 2646 mentes

2135 2687 2330 2736 contra
2357 2679 2723 2736 tentationum
2756 2679 3060 2736 certamina
3079 2679 3366 2738 ardentius
3392 2679 3729 2738 excitantur.

2131 2767 2248 2823 Jam
2275 2766 2481 2824 abhinc
2510 2775 2906 2840 promoventur
2933 2767 3063 2825 Filii
3091 2769 3254 2825 Israel
3275 2769 3343 2827 de
3373 2775 3559 2825 monte
3578 2767 3732 2836 Sina,

2132 2863 2186 2912 et
2213 2863 2500 2912 transeunt
2522 2857 2581 2913 in
2602 2857 2862 2928 Sepulcra
2889 2856 3372 2930 concupiscentia.

2204 2944 2358 3000 ΧΙΠι
2415 2945 2642 3014 mansio,
2677 2945 2964 3004 Sarmens
3009 2963 3502 3004 concepismru.
3533 2975 3595 2986 -
3623 2947 3733 3004 De-

2131 3034 2278 3091 cima
2306 3034 2468 3092 tertia
2522 3037 2737 3093 mansio
2765 3037 2999 3094 habetur
3049 3037 3108 3093 in
3137 3037 3405 3110 sepulcris
3458 3037 3735 3112 concupi-

2129 3123 2376 3180 scentia.
2405 3123 2534 3180 Ideo
2561 3123 2782 3198 inquit:
2826 3125 2930 3180 «Et
2958 3125 3187 3197 profecti
3208 3124 3276 3180 de
3306 3125 3523 3182 deserto
3546 3125 3723 3195 Sinai,

2129 3213 2498 3270 castrametati
2514 3219 2641 3270 sunt
2663 3213 2721 3269 in
2742 3212 3018 3286 Sepulcris
3045 3212 3505 3286 concupiscentia
3531 3215 3729 3284 (Num.

2134 3319 2340 3372 χχχιιι,
2376 3303 2488 3375 16).
2522 3328 2541 3353 ι
2609 3304 2738 3362 Hac
2784 3303 2997 3360 mansio
3063 3303 3132 3360 ab
3159 3311 3363 3359 eventu
3393 3319 3594 3360 nomen
3625 3321 3732 3363 ac-

2133 3393 2315 3466 cepit;
2368 3410 2492 3449 nam
2530 3393 2764 3468 populus
2809 3408 3008 3450 manna
3053 3400 3334 3466 pertaesus,
3387 3408 3603 3462 carnes,
3634 3395 3734 3468 pi-

2135 3500 2272 3552 sces,
2322 3499 2582 3556 pepones,
2631 3490 2687 3540 et
2722 3483 2832 3539 alia
2869 3494 2992 3556 qua
3037 3481 3182 3556 apud
3231 3482 3526 3555 Egyptios
3575 3491 3734 3542 erant

2135 3575 2274 3646 gula
2329 3573 2691 3630 incitamenta
2744 3569 3084 3644 concupivit,
3131 3581 3186 3629 et
3214 3571 3478 3630 adversus
3501 3573 3731 3646 Moysen

2135 3663 2434 3720 tumultum
2485 3661 2770 3720 excitavit.
2801 3661 2979 3730 Quare
3010 3662 3182 3719 iratus
3224 3663 3520 3732 Dominus,
3567 3662 3733 3720 misit

2133 3751 2482 3810 coturnicum
2511 3767 2678 3824 prope
2700 3758 2902 3808 terram
2927 3751 3234 3809 volantium
3265 3751 3731 3810 innumerabilem

2134 3841 2372 3914 copiam,
2403 3840 2608 3914 quibus
2651 3855 2839 3896 eorum
2872 3841 3055 3913 gulam
3087 3848 3308 3914 possent
3336 3842 3558 3916 explere
3587 3860 3598 3899 :
3630 3843 3732 3901 sed

2133 3929 2270 3987 dicit
2311 3929 2633 4002 Scriptura:
2692 3952 2713 3977 ι
2741 3929 2944 3986 Carnes
2979 3929 3162 3988 adhuc
3201 3938 3358 3988 erant
3383 3933 3441 3988 in
3469 3931 3733 3990 dentibus

2133 4036 2323 4077 eorum
2373 4020 2560 4093 (Num.
2593 4035 2676 4088 χι,
2716 4019 2842 4093 33);
2887 4019 2995 4078 hoc
3033 4028 3135 4090 est,
3165 4030 3460 4095 antequam
3505 4021 3733 4095 digere-

2133 4120 2348 4180 rentur,
2405 4109 2676 4185 percussit
2720 4110 2992 4168 Dominus
3032 4111 3300 4185 populum
3345 4112 3500 4186 plaga
3531 4129 3731 4187 magna

2133 4201 2330 4258 valde:
2393 4224 2413 4248 ε
2441 4203 2514 4258 Et
2540 4201 2694 4271 hinc,
2725 4225 2746 4250 ι
2810 4200 3016 4275 inquit,
3050 4225 3070 4249 ι
3102 4210 3360 4260 vocatum
3410 4211 3493 4260 est
3520 4221 3729 4264 nomen

2132 4291 2238 4348 loci
2272 4291 2446 4362 illius,
2503 4292 2764 4365 Sepulcra
2807 4293 3304 4366 concupiscentia:
3353 4295 3481 4370 quia
3530 4294 3609 4354 ibi
3645 4311 3728 4355 se-

2132 4381 2405 4454 pelierunt
2431 4381 2856 4439 desideratorem
2889 4383 3053 4455 (Ibid.
3082 4381 3170 4452 33,
3195 4383 3312 4456 34).
3345 4409 3365 4433 ι
3406 4385 3494 4442 Εχ
3523 4385 3729 4460 quibus

2129 4470 2412 4539 docemur,
2439 4470 2621 4544 utqui
2653 4471 3128 4529 conversationem
3160 4472 3488 4548 reliquimus
3513 4475 3724 4546 saculi,

2129 4566 2184 4614 et
2225 4559 2516 4633 Egyptias
2543 4559 2700 4628 ollas,
2751 4559 2810 4616 id
2855 4569 2936 4618 est
2963 4561 3268 4619 carnalium
3322 4561 3726 4624 desideriorum

2131 4651 2376 4710 fervores
2433 4653 2888 4727 contempsimus,
2951 4671 3064 4712 non
3121 4652 3348 4714 debere'
3376 4673 3727 4719 murmurare

2129 4749 2323 4800 contra
2347 4743 2626 4800 caelestem
2657 4759 2879 4817 panem,
2909 4761 3011 4803 nec
3031 4745 3312 4804 virulenta
3331 4747 3725 4823 Egyptiorum

2129 4840 2404 4904 appetere,
2460 4847 2583 4905 qua
2610 4840 2742 4889 sunt
2784 4849 3107 4906 magnarum
3146 4834 3440 4908 carnium;
3470 4837 3566 4895 sed
3595 4837 3726 4898 sim-

2128 4921 2327 4994 plicem
2364 4937 2580 4978 manna
2621 4922 2831 4994 cibum,
2874 4923 2936 4982 id
2975 4933 3078 4995 est,
3121 4941 3315 5000 puram
3357 4936 3412 4985 et
3441 4929 3721 4988 calestem

2129 5011 2301 5068 vitam
2334 5028 2598 5086 quaerere.
2631 5011 2898 5088 Alioquin
2926 5015 2973 5072 si
3007 5023 3126 5088 post
3164 5025 3456 5091 pracepta,
3485 5020 3728 5094 Angeli-

2126 5117 2246 5159 cam
2277 5117 2480 5173 escam,
2511 5118 2823 5178 mannaque
2851 5105 3088 5164 caelestis
3125 5107 3276 5176 vita,
3309 5107 3427 5165 sive
3453 5108 3724 5167 doctrina

2126 5206 2318 5248 rursus
2347 5207 2536 5250 carnes
2587 5192 2900 5268 Egyptias,
2932 5210 3053 5268 qua
3098 5205 3228 5254 sunt
3281 5197 3528 5256 carnales
3556 5197 3724 5271 hujus

2126 5281 2313 5338 saculi
2371 5283 2701 5358 voluptates,
2749 5291 2804 5342 et
2845 5294 3189 5344 vetustorum
3247 5289 3725 5362 concupiscentiae

2127 5373 2396 5431 vitiorum
2450 5383 2703 5450 appetere
2749 5377 3112 5448 voluerimus,
3151 5379 3340 5436 statim
3375 5380 3457 5438 ira
3496 5381 3723 5439 Domini

2124 5464 2367 5536 percussi
2427 5463 2828 5539 torquebimur,
2879 5466 3154 5524 desideria
3204 5476 3394 5526 nostra
3430 5477 3724 5528 vertentur

2123 5550 2182 5608 in
2211 5553 2478 5622 tumulos,
2512 5561 2576 5610 ut
2619 5555 2795 5614 simus
2822 5557 3074 5630 sepulcra
3099 5556 3376 5628 dealbata,
3429 5575 3553 5634 qua
3579 5559 3720 5618 foris

2121 5649 2386 5714 apparent
2413 5641 2734 5701 hominibus
2761 5645 3028 5718 speciosa,
3055 5645 3208 5705 intus
3238 5663 3372 5706 vero
3399 5649 3563 5722 plena
3587 5658 3720 5708 sunt

2121 5730 2274 5788 omni
2304 5731 2588 5804 spurcitia.
2621 5734 2683 5791 ln
2743 5733 2848 5796 hac
2878 5734 3162 5798 mansione
3205 5737 3423 5815 Moyses
3454 5737 3720 5802 mandato
