3980 6372
1120 396 1213 451 DE
1254 395 1400 450 XLII
1441 395 1913 452 MANSIONIBUS
1954 399 2286 455 FILIUIIL'M
2327 401 2596 455 ISBAEL.
3435 396 3504 454 26

225 527 318 581 Dei
366 525 706 596 septuaginta
753 524 903 579 viros
945 522 1186 580 seniores
1231 539 1297 577 ex
1335 523 1537 594 populo
1584 522 1804 594 delegit,
1839 527 1886 585 A
1917 524 2041 581 dam
2093 527 2350 582 mandato
2395 527 2492 582 Dei
2542 528 2754 599 Moyses
2798 511 3114 594 destinavit,
3146 529 3236 600 qui
3289 528 3508 583 botrum

223 614 314 687 qui
343 614 410 669 ad
458 613 748 685 regendam
797 613 1007 685 plebem
1039 612 1086 667 ei
1109 611 1385 683 adjutores
1424 611 1639 667 forent:
1687 635 1704 657 ε
1741 612 1811 667 Et

221 703 588 770 sustinebunt,
621 729 641 751 ι
692 703 890 775 inquit,
931 726 950 749 ε
978 710 1159 758 tecum
1200 702 1466 773 impetum
1500 699 1713 772 populi,
1758 709 1808 756 et

220 810 328 849 non
361 793 499 848 feres
531 792 653 848 illos
682 800 740 846 tu
768 791 917 847 solus
941 793 1127 861 (Num.
1161 808 1240 857 χι,
1276 790 1388 858 16).
1420 815 1438 837 ι
1477 789 1650 860 Super
1674 806 1812 861 quos

221 890 404 955 postea
437 880 672 953 Spiritus
702 879 1004 948 descendit,
1037 889 1091 935 et
1136 880 1620 952 prophetaverunt.
1654 877 1810 946 Quod

221 971 274 1027 in
323 979 458 1043 typo
501 970 701 1025 factum
743 977 859 1024 est:
911 969 1171 1041 quoniam
1219 969 1458 1040 Spiritus
1492 977 1714 1024 sanctus
1755 969 1809 1022 in

219 1059 306 1115 die
332 1059 675 1114 Pentecostes
705 1057 966 1130 apostolis
1011 1074 1068 1113 se
1097 1057 1322 1124 infudit,
1383 1066 1443 1113 ut
1473 1066 1525 1113 et
1555 1057 1626 1112 ad
1675 1057 1812 1112 fun-

219 1148 456 1204 dandam
487 1149 786 1205 Ecclesiam
819 1148 1090 1221 sapientes
1119 1157 1318 1214 essent,
1350 1155 1404 1203 et
1433 1147 1499 1203 ad
1521 1147 1809 1220 regendam

220 1237 384 1292 fortes
413 1254 424 1291 :
477 1258 495 1282 ι
527 1236 833 1302 Attendite,
867 1262 884 1283 -
928 1237 1130 1309 inquit,
1158 1244 1219 1291 ut
1250 1236 1306 1290 in
1341 1235 1556 1291 actibus
1583 1238 1812 1307 Aposto-

222 1327 398 1381 lorum
452 1325 672 1398 legitur,
719 1349 737 1372 ε
785 1325 943 1381 vobis
988 1334 1042 1382 et
1089 1325 1350 1381 universo
1396 1325 1561 1397 gregi,
1617 1324 1673 1378 in
1705 1341 1812 1396 quo

218 1415 399 1487 posuit
429 1433 528 1470 vos
556 1415 792 1487 Spiritus
833 1425 1052 1471 sanctus
1091 1415 1373 1488 episcopos
1403 1430 1584 1486 regere
1613 1414 1815 1468 Eccle—

218 1503 350 1560 siam
384 1504 483 1560 Dei
515 1506 728 1574 (Actor.
767 1521 867 1573 xx,
899 1505 1013 1575 28).
1047 1530 1066 1553 ι
1109 1506 1324 1560 Donum
1357 1505 1539 1576 itaque
1587 1502 1813 1558 virtutis

215 1593 455 1649 calestis
486 1593 632 1666 quod
663 1593 796 1648 olim
830 1593 886 1648 in
901 1594 1085 1666 Moyse
1114 1602 1168 1650 et
1190 1595 1244 1648 in
1275 1592 1556 1666 prophetis
1573 1591 1808 1658 exstitit,

216 1698 378 1756 super
406 1684 684 1756 apostolos
711 1683 1014 1740 visibiliter
1047 1682 1320 1756 apparuit.

283 1833 440 1892 XIV'
471 1835 698 1904 mansio,
730 1835 1009 1891 Asanorn.
1032 1863 1103 1874 —
1122 1835 1344 1889 Decima
1379 1837 1573 1905 quarta
1601 1844 1814 1884 mansro

216 1926 271 1982 in
298 1926 541 1984 Aseroth
573 1934 1022 1984 consummatur:
1057 1941 1184 1981 nam
1215 1931 1299 1985 11
1335 1922 1654 1996 subjungit:
1694 1945 1711 1968 ε
1745 1923 1813 1976 Et

217 2023 451 2095 profecti
491 2040 560 2080 ex
591 2023 867 2096 Sepulcris
913 2022 1397 2094 concupiscentia,
1441 2017 1811 2077 castrametati

214 2121 340 2168 sunt
380 2112 440 2167 in
475 2111 709 2168 Aseroth
761 2113 948 2183 (Num.
1003 2129 1210 2178 χχχιιι,
1264 2111 1371 2181 17).
1424 2135 1444 2158 ι
1499 2111 1576 2166 De
1624 2108 1809 2163 eadem

216 2200 503 2257 mansione
541 2201 674 2257 alibi
718 2201 800 2256 sic
848 2216 1064 2273 quoque
1115 2200 1351 2270 legitur:
1399 2223 1416 2245 ε
1447 2201 1496 2254 A
1536 2199 1814 2270 Sepulcris

215 2290 677 2363 concupiscentia
723 2289 1000 2362 profectus
1045 2296 1128 2344 est
1189 2289 1424 2360 populus
1473 2287 1530 2342 in
1579 2285 1812 2341 Aseroth

213 2382 405 2450 (Num.
439 2397 522 2448 x1,
549 2378 662 2448 34).
699 2405 717 2426 ι
762 2379 863 2434 llic
894 2380 1078 2434 Aaron
1102 2387 1155 2434 et
1179 2377 1350 2434 Maria
1369 2393 1544 2443 soror,
1577 2392 1641 2430 eo
1668 2373 1815 2448 quod

216 2474 432 2547 Moyses
463 2471 859 2543 Ethiopissam
900 2470 1262 2541 alienigenam
1293 2469 1529 2525 duxerat
1555 2483 1812 2534 uxorem,

214 2563 345 2620 satis
364 2562 432 2619 ei'
450 2561 754 2634 procaciter
783 2561 1180 2616 obtrectarunt.
1203 2558 1355 2614 Unde
1377 2558 1472 2612 illa
1492 2556 1816 2627 contagione

218 2653 378 2722 lepra
414 2651 570 2707 illico
601 2649 824 2722 perfusa
863 2649 931 2704 ab
969 2649 1204 2704 aliorum
1243 2647 1541 2712 consortio,
1573 2644 1642 2700 ad
1674 2643 1815 2698 sani-

217 2741 342 2796 tatis
376 2756 553 2813 usque
587 2748 801 2811 tempus
847 2737 1018 2809 ejecta
1048 2737 1174 2793 fuit.
1226 2736 1387 2805 Quod
1417 2735 1546 2790 novi
1586 2734 1815 2806 ﬁguram

218 2830 467 2902 mysterii
519 2830 764 2902 pratulit
807 2829 1157 2884 evidentem:
1193 2842 1388 2897 nempe
1436 2823 1583 2897 quod
1631 2839 1818 2878 sacer-

218 2920 418 2976 dotalis
466 2919 563 2974 illa
611 2917 765 2988 plebs
821 2925 1062 2988 patrum,
1111 2916 1227 2972 zelo
1265 2914 1470 2971 Christi
1514 2911 1819 2967 Salvatoris

219 3008 392 3065 nostri
422 3007 688 3064 adversus
719 3006 1022 3062 Ecclesiam
1054 3022 1122 3062 ex
1153 3004 1408 3076 gentibus
1435 3009 1816 3074 congregatam

221 3100 594 3155 insurrectura
645 3097 800 3152 foret.
848 3097 968 3162 Quo
999 3095 1242 3166 perﬁdia
1285 3094 1500 3164 impura
1548 3092 1722 3147 livore
1760 3091 1818 3145 in

223 3187 319 3244 Dei
349 3186 704 3244 tabernacula
727 3201 838 3240 non
855 3183 1197 3240 admittenda
1223 3181 1456 3249 veniret,
1487 3181 1660 3236 donec
1686 3197 1816 3252 pra-

224 3277 437 3332 ﬁnitum
485 3274 748 3331 claruerit
796 3281 1032 3346 tempus,
1083 3289 1192 3344 quo
1238 3269 1523 3344 plenitudo
1570 3270 1814 3340 gentium
1849 3259 1893 3320 C

223 3374 716 3431 consummaretur,
765 3372 827 3419 ut
854 3363 923 3420 ad
956 3366 1226 3420 Romanos
1255 3360 1474 3432 scripsit
1520 3360 1817 3431 Apostolus

223 3457 402 3525 (Rom.
436 3472 518 3523 χι,
551 3455 669 3525 25).
699 3455 835 3511 Nam
867 3463 1003 3510 tunc
1049 3463 1264 3510 tantum
1299 3452 1584 3526 pristinam
1620 3452 1818 3524 poterit

225 3559 540 3616 recuperare
587 3544 903 3612 sanitatem,
952 3561 1078 3600 cum
1123 3543 1458 3615 septiformis
1491 3543 1538 3597 ei
1582 3540 1818 3613 Spiritus

227 3633 390 3704 gratia
437 3633 506 3688 ad
566 3633 784 3689 veniam
842 3633 1009 3688 fuerit
1063 3633 1372 3704 sulfragata.
1422 3632 1628 3687 Verum
1689 3630 1820 3702 quia

227 3722 453 3778 Aseroth
484 3721 771 3778 beatitudo
814 3721 1224 3794 interpretatur,
1257 3721 1452 3776 merito
1493 3736 1523 3774 a
1554 3719 1820 3791 sepulcris

229 3811 683 3885 concupiscentia
718 3811 774 3866 in
794 3811 937 3868 hanc
955 3811 1246 3867 stationem
1277 3810 1500 3865 venitur
1523 3827 1534 3863 :
1557 3809 1816 3881 quoniam

230 3897 329 3955 nisi
370 3901 552 3957 carnis
581 3898 1058 3971 concupiscentias
1085 3899 1206 3971 quis
1245 3897 1541 3970 sepelierit,
1572 3896 1640 3952 ad
1668 3905 1818 3952 ater-

216 4005 347 4045 nam
389 3987 790 4046 beatitudinem
839 3989 1126 4060 pervenire
1176 4004 1286 4043 non
1336 3988 1558 4059 poterit.
1610 3985 1820 4043 Idcirco

232 4076 402 4151 inquit
445 4078 778 4151 Apostolus:
821 4102 838 4123 ι
889 4078 1028 4135 Caro
1073 4085 1127 4132 et
1168 4077 1390 4148 sanguis
1444 4092 1674 4146 regnum
1721 4075 1820 4131 Dei

234 4167 498 4239 possidere
532 4184 646 4222 non
682 4174 910 4239 possunt
934 4167 997 4237 (Ι
1027 4167 1152 4223 Cor.
1188 4183 1282 4233 xv,
1311 4166 1426 4234 50).
1460 4191 1478 4211 ι

299 4313 420 4370 ΧΨ
456 4332 682 4382 mansio,
732 4316 986 4372 Βειιτω.
1020 4345 1089 4354 -
1121 4313 1343 4369 Decima
1374 4312 1566 4384 quinta
1611 4312 1822 4367 mansio

235 4401 427 4460 dicitur
454 4404 706 4462 Rethma.
740 4404 866 4460 Ideo
894 4403 1144 4474 sequitur
1170 4420 1180 4456 :
1216 4427 1232 4448 ι
1255 4403 1323 4458 Et
1346 4403 1576 4474 profecti
1599 4419 1666 4456 ex
1693 4403 1820 4457 Ase-

237 4493 349 4549 roth
371 4493 734 4550 castrametati
758 4503 886 4550 sunt
911 4494 965 4548 in
988 4493 1217 4552 Rethma
1231 4495 1421 4564 (Num.
1444 4509 1647 4558 xxxm,
1673 4492 1809 4562 18).»

238 4582 427 4638 Verum
459 4583 588 4677 quia
635 4583 766 4677 alibi
788 4584 1038 4677 legitur:
1088 4607 1106 4629 ι
1137 4584 1208 4638 Ει
1248 4591 1369 4654 post
1400 4582 1515 4637 hac
1544 4582 1822 4653 profectus
1855 4619 1903 4677 ι)

239 4680 309 4727 est
355 4675 587 4746 populus
640 4674 706 4730 de
765 4673 1000 4730 Aseroth
1028 4717 1043 4743 ,
1089 4681 1141 4728 et
1183 4679 1597 4728 castrametatus
1640 4679 1721 4727 est
1767 4672 1822 4727 in

239 4758 436 4818 deserto
483 4764 696 4819 Pharan
742 4765 932 4835 (Nam.
987 4779 1109 4830 xm,
1169 4763 1224 4833 1)
1269 4779 1280 4816 :
1334 4787 1351 4808 ι
1411 4777 1480 4816 ne
1527 4761 1820 4833 Scriptura

242 4849 348 4906 loca
395 4853 719 4909 contrariari
768 4853 1082 4920 vidcantur,
1126 4850 1518 4908 attendendum
1565 4859 1646 4906 est
1674 4849 1821 4923 quod

242 4937 360 4996 hinc
389 4959 556 5016 usque
585 4941 651 4998 ad
700 4942 1058 5014 Asiongaber,
1109 4942 1418 4997 mansiones
1449 4957 1658 5007 omnes,
1701 4957 1821 5013 qua

243 5024 412 5085 decem
459 5041 511 5088 et
559 5040 684 5087 octo
730 5039 1141 5099 enumerantur,
1185 5047 1393 5096 omnes,
1445 5030 1694 5102 inquam,
1727 5045 1822 5083 se-

243 5127 452 5186 quentes
473 5119 535 5175 ad
568 5120 899 5176 tricesimam
929 5135 1100 5192 usque
1129 5118 1444 5186 secundam,
1491 5117 1592 5173 sub
1622 5116 1821 5172 deserti

249 5201 446 5262 Pharan
477 5211 700 5265 nomine
743 5209 1117 5265 continentur.
1153 5208 1474 5279 Appellatur
1500 5223 1628 5278 ergo
1659 5223 1822 5262 man-

245 5292 319 5349 sio
363 5293 475 5353 hac
517 5298 670 5368 alibi,
721 5299 955 5366 Pharan,
1002 5297 1278 5353 communi
1348 5297 1573 5351 nomine
1617 5296 1822 5351 solitu-

248 5379 381 5438 dinis
423 5403 544 5442 cum
580 5388 792 5444 caeteris
836 5388 1058 5453 multis;
1110 5386 1204 5442 sed
1250 5384 1484 5442 llethma
1522 5400 1656 5440 voce
1687 5401 1823 5455 pro-

251 5470 370 5538 pria.
415 5475 691 5550 Scriptura
740 5479 796 5534 in
849 5477 959 5534 alio
1010 5477 1130 5536 loco
1174 5476 1390 5532 Pharan
1446 5475 1819 5541 commendat,

250 5555 448 5620 dicens:
497 5590 514 5612 ε
563 5567 706 5623 Deus
756 5567 825 5622 ab
873 5570 1075 5623 Austro
1122 5566 1336 5633 veniet,
1386 5572 1438 5620 et
1489 5570 1708 5621 sanctus
1755 5562 1822 5619 de

251 5657 418 5706 monte
462 5654 718 5711 umbroso
772 5654 986 5711 Pharan
1041 5655 1270 5725 (Habac.
1329 5671 1441 5723 ιιι,
1489 5654 1568 5725 3).
1629 5678 1646 5700 ι
1708 5651 1820 5708 Sub

204 5814 211 5824 ι
253 5731 343 5793 hoc
386 5738 592 5800 deserto
643 5743 790 5802 viros
838 5743 1128 5802 duodecim
1170 5743 1237 5802 ad
1273 5752 1472 5801 terram
1515 5743 1818 5819 exploran-

1921 631 2060 681 uva,
2095 615 2236 670 mala
2277 617 2494 687 punica,
2537 625 2591 672 et
2621 616 2757 671 ﬁcus
2784 623 2939 669 terra
2983 616 3286 670 retulerunt
3313 617 3504 682 (Nam.

1922 721 2043 771 xm,
2076 705 2128 771 lt,
2161 705 2248 770 24,
2283 705 2422 775 (27).
2456 705 2569 761 Sub
2601 706 2704 760 hoc
2732 705 2944 759 deserto
2967 703 3203 769 Dathan,
3227 703 3430 758 Abiron
3453 710 3508 758 et

1920 793 2056 850 Core
2072 794 2193 860 filii,
2214 812 2336 850 cum
2355 811 2541 850 eorum
2564 795 2969 860 familiis,hiatu
2989 801 3168 858 terra,
3187 793 3256 846 ob
3287 792 3508 847 seditio-

1920 899 2045 937 nem
2067 884 2376 939 sorbentur.
2396 884 2508 939 Sub
2531 883 2634 939 hoc
2646 883 2858 938 deserto
2879 883 3060 938 Aaron
3077 880 3328 936 sacerdos
3371 880 3512 934 inter

1921 974 2170 1030 viventes
2192 983 2544 1046 mortuosque
2569 972 2780 1028 medius
2799 972 3164 1035 constitutus;
3192 968 3401 1024 incensi
3419 965 3512 1022 ob-

1922 1065 2124 1118 latione
2143 1065 2314 1118 Deum
2332 1063 2709 1134 indignantem
2735 1060 2989 1134 placavit,
3006 1058 3216 1130 plagam
3239 1055 3509 1112 cohibuit.

1921 1155 2032 1211 Sub
2080 1156 2183 1210 hoc
2212 1154 2426 1210 deserto
2458 1156 2637 1210 Aaron
2687 1153 2837 1223 virga
2867 1151 2924 1206 in
2974 1149 3326 1206 tabernaculo
3356 1162 3514 1202 arens

1923 1245 2119 1333 posita,
2151 1245 2417 1299 miraculo
2445 1251 2498 1298 et
2523 1243 2851 1313 germinavit
2872 1247 2924 1295 et
2942 1239 3228 1294 ﬂoruit:et
3258 1236 3364 1292 alia
3395 1235 3514 1306 plu-

1922 1328 2080 1400 rima,
2115 1342 2275 1405 prout
2310 1333 2365 1388 in
2395 1332 2538 1388 libro
2559 1332 2922 1386 Numerorum
2950 1328 3165 1398 legitur,
3197 1336 3342 1398 gesta
3363 1335 3510 1393 sunt,

1923 1441 2032 1479 non
2079 1432 2261 1478 tamen
2306 1439 2400 1494 per
2441 1422 2685 1492 singulas
2725 1418 3021 1476 distributa
3052 1417 3378 1472 mansiones.
3415 1417 3516 1471 Per

1922 1531 2041 1587 qua
2060 1514 2289 1585 mystice
2306 1512 2568 1567 docemur
2590 1510 2735 1582 quod
2751 1511 2856 1564 viri
2883 1509 2948 1564 ad
2971 1507 3361 1580 explorandam
3386 1506 3514 1561 ube-

1924 1622 2034 1660 rem
2081 1613 2281 1660 terram
2315 1604 2488 1671 missi,
2527 1613 2580 1659 et
2609 1603 2702 1675 qui
2741 1602 3002 1674 populum
3037 1617 3067 1655 a
3097 1599 3362 1672 promissa
3397 1600 3516 1653 Do-

1924 1695 2058 1750 mini
2079 1693 2395 1750 hareditate
2413 1693 2790 1763 desperarunt,
2813 1690 3127 1747 Scribarum
3149 1696 3204 1743 et
3222 1687 3514 1743 Pharisaeo-

1924 1802 2043 1840 rum
2067 1784 2425 1857 pratulerunt
2461 1783 2753 1854 imaginem
2781 1798 2793 1836 :
2823 1781 2966 1836 sicut
2999 1778 3145 1835 enim
3180 1777 3262 1832 illi
3285 1779 3515 1848 aMoyse

1846 1904 1890 1962 Β
1929 1883 2078 1938 missi
2110 1889 2240 1938 sunt
2270 1890 2332 1937 ut
2361 1881 2750 1937 fecunditatem
2773 1879 2875 1935 soli
2903 1876 3341 1935 consideratione
3366 1875 3514 1931 solli-

1920 1971 2027 2025 cita
2057 1979 2373 2037 tractantes,
2405 1971 2665 2042 populum
2698 1968 2762 2024 ad
2793 1967 2912 2038 ejus
2940 1966 3284 2038 adeptionem
3310 1964 3515 2019 anima-

1921 2067 2070 2114 rent:
2107 2059 2180 2113 ita
2209 2067 2262 2113 et
2293 2059 2380 2114 isti
2404 2075 2499 2130 per
2529 2059 2723 2129 Legem
2755 2065 2809 2112 et
2833 2055 3152 2128 Prophetas,
3184 2061 3244 2108 ut
3273 2052 3516 2122 Scriptu-

1923 2166 2103 2205 rarum
2137 2148 2559 2221 investigatione
2589 2146 2939 2202 Dominicum
2971 2143 3382 2216 specularentur
3411 2139 3518 2194 ad-

1922 2245 2172 2305 ventum,
2223 2239 2280 2292 in
2311 2253 2418 2310 quo
2460 2237 2629 2291 vitam
2662 2243 2920 2291 aternam
2969 2229 3230 2304 consequi
3273 2235 3514 2302 possent,

1923 2325 2210 2383 constituti
2255 2333 2384 2381 sunt
2427 2344 2438 2380 :
2485 2324 2578 2379 sed
2625 2325 2768 2380 sicut
2812 2321 2895 2376 illi
2951 2338 2982 2376 a
3028 2336 3120 2393 spe
3177 2317 3517 2392 possidenda

1925 2415 2264 2471 hareditatis
2306 2421 2704 2480 retraxerunt,
2753 2413 2837 2466 vel
2889 2411 3002 2482 ipse
3050 2409 3282 2482 populus
3327 2423 3516 2462 eorum

1926 2505 2261 2561 revelatione
2309 2521 2338 2558 a
2368 2505 2465 2559 Dei
2514 2501 2876 2576 promissione
2922 2516 2977 2555 se
3015 2497 3309 2554 alienavit:
3364 2496 3439 2550 ita
3465 2502 3520 2550 et

1925 2595 2017 2651 isti
2061 2611 2130 2650 ne
2170 2595 2226 2649 in
2257 2593 2537 2650 Christum
2581 2591 2878 2647 Dominum
2910 2589 3212 2655 crederent,
3247 2586 3391 2658 plebi
3420 2585 3518 2640 fal-

1924 2685 2080 2740 laciis
2109 2684 2506 2739 dissuaserunt.
2538 2681 2667 2738 Ideo
2697 2680 2752 2734 in
2783 2696 2874 2735 eos
2903 2678 3140 2734 dicitur:
3189 2701 3205 2722 ι
3231 2677 3326 2732 Va
3360 2674 3519 2729 vobis

1925 2773 2019 2846 qui
2049 2771 2255 2827 tulistis
2300 2771 2509 2826 clavem
2552 2769 2826 2825 scientia:
2866 2767 2970 2838 ipsi
2999 2783 3108 2821 non
3141 2763 3430 2830 introistis,
3465 2771 3520 2818 et

1925 2879 2018 2916 eos
2069 2860 2163 2933 qui
2210 2857 2535 2924 introibant,
2570 2855 2932 2928 prohibuistis
2988 2855 3137 2924 (Luc.
3190 2869 3270 2919 xr,
3320 2851 3437 2921 52).
3488 2878 3506 2897 ι

1928 2951 2155 3006 Botrum
2189 2965 2318 3004 vero
2344 2963 2504 3019 quem
2537 2947 2863 3011 retulerunt,
2893 2943 3145 3000 Christus
3175 2949 3274 2997 est.
3308 2941 3436 2996 Ideo
3463 2939 3520 2995 in

1928 3037 2173 3095 Canticis
2225 3037 2569 3092 canticorum
2620 3033 2758 3090 dicit
2809 3030 3057 3088 Ecclesia
3115 3030 3183 3085 de
3243 3029 3462 3086 Christo
3505 3046 3516 3084 :

1940 3151 1957 3172 ι
1994 3128 2191 3182 Botrus
2216 3125 2385 3197 Cypri
2425 3124 2698 3180 fraternus
2729 3138 2882 3178 meus
2921 3120 3060 3176 mihi
3101 3119 3157 3175 in
3191 3118 3369 3174 vineis
3399 3118 3521 3172 En—

1928 3215 2087 3288 gaddi
2117 3215 2304 3287 (Cant.
2338 3233 2378 3283 ι,
2427 3214 2538 3282 13).
2573 3239 2592 3261 ι
2636 3213 2838 3269 Malum
2880 3209 3141 3283 punicum
3174 3208 3245 3264 ob
3274 3208 3391 3280 ejus
3418 3224 3522 3262 ru-

1924 3306 2112 3362 borem
2160 3304 2380 3375 sanguis
2428 3301 2635 3358 Christi
2695 3309 2795 3357 est.
2850 3299 3001 3355 Unde
3041 3297 3242 3354 Isaias:
3307 3321 3324 3342 ·
3370 3296 3524 3353 Unde

1926 3396 2111 3450 fulvor
2139 3395 2375 3448 vestium
2403 3393 2470 3448 de
2498 3393 2664 3447 Bosra
2689 3393 2829 3459 (Isa.
2869 3406 3026 3456 Lxm,
3064 3389 3116 3457 1)
3142 3389 3203 3443 ‘i-
3237 3387 3421 3454 Ficus,
3452 3385 3522 3441 ob

1925 3483 2044 3554 ejus
2063 3483 2413 3547 suavitatem,
2446 3481 2534 3535 lex
2555 3477 2867 3547 evangelica
2893 3495 2903 3530 :
2933 3475 3056 3530 ideo
3081 3498 3097 3519 ι
3119 3473 3313 3545 jugum
3340 3489 3522 3528 meum

1925 3587 2093 3627 suave
2122 3578 2202 3625 est
2235 3570 2448 3639 (Matth.
2483 3585 2560 3634 xI,
2598 3567 2714 3636 30).
2748 3590 2766 3613 ι
2806 3566 2906 3620 Per
2951 3563 3165 3620 Dathan
3195 3569 3247 3617 et
3288 3561 3520 3628 Abiron,

1928 3663 2060 3736 quid
2091 3662 2239 3718 aliud
2270 3677 2432 3735 quam
2459 3660 2555 3733 qui
2585 3659 2819 3714 hareses
2848 3664 2901 3711 et
2929 3655 3229 3712 schismata
3260 3653 3316 3708 in
3339 3651 3525 3708 Eccle-

1928 3753 2063 3808 siam
2097 3751 2477 3817 introducunt,
2521 3747 2952 3820 significantur?
2984 3746 3021 3800 li
3062 3741 3361 3800 sacerdotis
3401 3756 3523 3796 auc-

1927 3843 2147 3897 toritate
2176 3847 2508 3911 contempta,
2547 3839 2615 3894 ab
2645 3855 2709 3895 eo
2737 3845 2790 3892 et
2821 3837 2914 3892 Dei
2964 3833 3214 3891 Ecclesia
3251 3847 3308 3887 se
3351 3846 3527 3903 segre-

1930 3939 2136 4003 gantes,
2165 3930 2300 3986 alias
2343 3928 2618 3994 ecclesias,
2652 3926 2804 3982 aliud
2834 3926 3024 3991 altare,
3067 3922 3205 3978 alios
3236 3935 3433 3987 mores,
3464 3926 3528 3974 ut

1928 4019 2288 4092 Apollinaris,
2306 4018 2663 4082 Novatianus,
2687 4021 2740 4071 et
2760 4013 2993 4080 similes,
3015 4009 3321 4067 somniant:
3346 4017 3402 4065 et
3428 4006 3527 4064 Dei

1930 4109 2279 4166 ordinatione
2347 4106 2544 4178 rejecta
2577 4149 2591 4174 ,
2668 4103 2915 4176 proprias
2965 4109 3236 4158 conantur
3288 4105 3528 4154 statuere

1929 4199 2236 4255 vanitates:
2272 4194 2544 4252 hareticis
2593 4193 2813 4250 tandem
2845 4187 3338 4260 Schismaticisque
3368 4195 3530 4242 terra

1930 4287 2214 4359 deglutitis
2245 4285 2524 4359 voragine,
2557 4286 2740 4339 Aaron
2769 4281 3040 4346 sacerdos,
3067 4278 3123 4334 id
3152 4286 3254 4346 est,
3273 4276 3528 4335 Christus

1931 4377 2200 4434 Dominus
2251 4373 2502 4431 sacerdos
2533 4372 2588 4426 in
2623 4381 2887 4427 aternum
2928 4367 3229 4426 secundum
3275 4365 3526 4421 ordinem

1929 4463 2329 4522 Melchisedech
2378 4461 2737 4520 constituitur
2808 4459 3024 4515 medius
3071 4455 3138 4513 ad
3195 4454 3521 4529 placandum

1933 4558 2104 4612 Deum
2134 4575 2144 4612 :
2176 4578 2193 4600 ε
2227 4554 2355 4626 quia
2381 4555 2493 4624 ipse
2514 4551 2912 4623 sempiternum
2941 4548 3104 4603 habet
3135 4543 3525 4608 sacerdotium,

1935 4657 2148 4712 semper
2178 4641 2370 4695 vivens
2398 4639 2465 4693 ad
2496 4635 2957 4708 interpellandum
2999 4649 3096 4705 pro
3130 4628 3290 4686 nobis
3333 4627 3528 4696 (Hebr.

1931 4749 2034 4799 vn,
2066 4731 2154 4797 24,
2184 4731 2300 4798 25).
2337 4755 2354 4776 ι
2397 4727 2568 4783 Arida
2598 4727 2752 4796 virga
2776 4727 2958 4780 Aaron
3002 4737 3120 4792 qua
3153 4724 3336 4789 postea
3367 4713 3531 4768 mira-

1931 4821 2056 4877 culo
2091 4817 2440 4890 germinavit,
2475 4814 2680 4872 Christi
2711 4829 2837 4868 caro
2866 4817 2969 4875 est,
3000 4823 3118 4880 qua
3142 4805 3295 4875 virga
3322 4802 3528 4859 dicitur

1929 4926 1960 4966 a
2011 4909 2274 4982 propheta
2319 4925 2329 4962 2
2393 4929 2411 4950 ι
2459 4902 2784 4974 Egredietur
2833 4897 2987 4968 virga
3033 4895 3100 4951 de
3155 4892 3336 4950 radice
3383 4891 3530 4948 Iesse

1936 5002 2070 5073 (Isa.
2105 5018 2184 5068 xr,
2237 5001 2312 5064 1).
2346 5022 2364 5045 ι
2409 4997 2536 5051 Hac
2581 4991 2731 5048 arida
2761 4989 2970 5058 ﬂoruit,
3013 4988 3142 5061 quia
3191 4995 3406 5043 mortua
3450 5000 3529 5040 re-

1934 5092 2197 5148 surrexit.

2003 5198 2156 5253 ΧἫ⁸
2175 5193 2402 5259 mansio,
2421 5186 3191 5263 Hauon—ruanas.—Decima
3207 5192 3361 5240 sexta
3383 5198 3534 5263 man-

1934 5286 2015 5342 sio
2046 5283 2491 5354 Remon-phares
2526 5260 2851 5353 appellatur.
2888 5276 3148 5349 Sequitur
3177 5273 3358 5329 enim:
3405 5296 3424 5318 ι
3463 5259 3535 5327 Εί

1934 5375 2164 5448 profecti
2222 5390 2290 5429 ex
2323 5372 2576 5438 Rethma,
2617 5366 2986 5426 castrametati
3035 5374 3160 5420 sunt
3191 5364 3248 5418 in
3289 5364 3536 5419 Reman-

1934 5467 2130 5538 phares
2156 5465 2350 5533 (Num.
2386 5478 2592 5528 χχχιιι,
2646 5460 2759 5530 19).
2807 5462 2898 5519 12
2929 5457 3056 5512 Hac
3083 5461 3165 5511 est
3196 5453 3410 5510 mansio
3441 5469 3538 5508 se-

1929 5561 2110 5621 cunda
2140 5561 2196 5617 in
2227 5560 2440 5617 deserto
2461 5558 2696 5624 Pharan,
2717 5572 2840 5629 qua
2872 5553 2927 5609 in
2959 5559 3147 5609 nostra
3174 5551 3361 5625 lingua
3388 5550 3536 5607 divi-

1929 5651 2010 5708 sio
2027 5649 2281 5707 sublimis
2305 5649 2697 5718 interpretatur
2721 5663 2732 5699 :
2766 5642 2897 5716 quia
2925 5641 3164 5714 ubiquis
3190 5641 3247 5698 in
3276 5638 3533 5705 Rethma,

1929 5741 2075 5820 quod
2120 5748 2202 5798 est
2255 5755 2316 5796 os
2363 5735 2638 5803 videntis,
2693 5739 3063 5790 commoratus
3117 5737 3237 5798 est,
3301 5727 3406 5784 hoc
3454 5736 3533 5783 est
