3980 6368
407 355 476 412 27
1418 355 1516 409 AD
1555 353 1790 410 UPERA
1831 353 1887 408 S.
1929 349 2263 410 AMBROSII
2301 350 2684 408 APPENDIX.
3639 359 3712 415 28

405 480 698 552 perfectam
745 494 932 536 rerum
971 479 1202 552 adeptus
1232 487 1314 536 est
1355 477 1802 552 intelligentiam,
1841 477 1997 536 venit
2028 481 2080 540 A
2107 476 2402 549 signiﬁcat.
2445 477 2616 534 Juxta
2659 477 2839 535 illud:
2908 500 2928 529 ‹
2974 478 3144 553 Virga
3182 480 3496 554 aequitatis:
3549 485 3713 558 virga

404 567 471 624 ad
493 567 946 640 Remon-phares,
965 567 1071 624 hoc
1100 577 1202 636 est,
1225 567 1294 625 ad
1312 568 1606 624 sublimem
1637 568 1994 637 divisionem,

402 673 510 731 qua
536 673 567 712 a
597 656 832 712 terrenis
867 658 1127 726 cmlestia,
1159 665 1215 714 et
1263 658 1331 714 ab
1359 657 1566 714 inﬁmis
1595 658 1855 715 sublimia
1901 675 1998 714 se-

403 762 594 820 parare
636 754 834 819 potest.
877 747 990 804 Nec
1031 747 1345 805 immerito:
1378 765 1505 805 nam
1538 749 1786 821 vigorato
1824 750 1999 806 intel-

401 839 571 905 lectu,
601 846 988 911 crescenteque
1029 856 1215 896 rerum
1246 839 1466 908 notitia,
1498 839 1814 897 infunditur
1834 841 1999 914 judi-

400 925 572 994 cium,
596 942 706 998 quo
735 943 767 982 a
794 928 1188 1000 temporalibus
1226 936 1450 998 aeterna,
1481 937 1534 986 et
1562 945 1594 985 a
1630 929 1850 986 caducis
1880 945 1998 1002 per-

401 1029 566 1094 petua
613 1021 1022 1080 discernuntur.
1072 1023 1201 1080 Ideo
1250 1041 1346 1096 per
1385 1025 1712 1096 Prophetam
1751 1024 1994 1082 dicitur:

415 1137 434 1159 α
463 1111 521 1168 Si
549 1111 808 1170 eduxeris
836 1114 1138 1186 pretiosum
1167 1129 1200 1169 a
1245 1113 1368 1184 vili,
1401 1115 1557 1188 quasi
1587 1131 1647 1171 os
1676 1131 1860 1172 meum
1890 1114 1998 1172 eris

404 1202 620 1272 (Jerem.
653 1219 752 1272 xv,
787 1204 900 1276 19).
928 1229 947 1253 ι

472 1293 654 1350 ΧἮΙ·
685 1295 910 1364 mansio,
943 1296 1150 1352 LEBNA.
1181 1327 1252 1339 —
1278 1295 1489 1354 Mansio
1517 1295 1730 1354 decima
1767 1298 2000 1369 septima

401 1380 460 1438 in
489 1382 674 1439 Lebna
702 1385 900 1456 agitur,
941 1402 1108 1459 quare
1145 1385 1464 1459 subjungit:
1513 1411 1531 1434 ι
1561 1387 1632 1442 Et
1667 1386 1895 1458 profecti
1927 1403 1997 1442 ex

401 1473 868 1547 Remon-phares,
911 1477 1279 1532 castrametati
1319 1486 1449 1533 sunt
1477 1477 1534 1534 in
1583 1477 1767 1534 Lebna
1802 1478 1992 1549 (Num.

398 1579 607 1632 χχχιιι,
639 1563 754 1636 20).
796 1566 910 1624 Hac
933 1565 1218 1623 mansione
1259 1567 1492 1638 mystice
1535 1567 1818 1636 docemur,
1847 1567 1996 1641 quod

399 1651 458 1708 in
491 1653 687 1710 itinere
717 1653 883 1726 hujus
912 1655 1042 1712 vita:
1065 1655 1240 1713 abluti
1270 1673 1496 1728 corpore
1533 1663 1588 1713 et
1608 1656 1801 1713 mundi
1833 1657 1996 1712 corde

395 1757 512 1798 esse
541 1741 825 1812 debemus,
859 1751 922 1800 ut
958 1745 1258 1818 Apostolus
1289 1745 1355 1802 ad
1389 1745 1646 1803 Hebraeos
1674 1745 1869 1803 scribit
1895 1745 1996 1802 di-

2106 567 2257 638 regni
2294 567 2374 623 tui
2405 567 2578 638 (Psal.
2611 585 2768 637 xuv,
2801 569 2878 639 7).
2927 568 3124 625 Merito
3153 578 3335 626 autem
3368 579 3496 643 post
3542 574 3712 632 Ressa

2107 655 2356 729 sequitur
2402 657 2678 714 Calatha:
2727 657 2990 731 quoniam
3038 658 3135 715 ubi
3187 659 3375 716 anima
3428 659 3488 717 in
3545 663 3714 720 Bessa

2107 745 2439 802 tentationes
2481 747 2781 820 superavit,
2815 747 2892 802 ita
2939 747 3098 804 fortis
3127 748 3314 806 evadit
3358 756 3420 806 ut
3449 753 3713 811 ascendat

2108 832 2332 891 Calatha
2358 879 2374 904 ,
2424 835 2532 893 hoc
2574 844 2678 905 est,
2733 844 2796 892 ut
2840 836 3152 894 dominium
3208 839 3458 912 acquirat
3502 843 3708 901 nedum

2108 923 2434 982 inferiorum
2465 943 2690 983 suarum
2722 924 3014 995 virtutum,
3047 925 3144 982 sed
3174 935 3228 984 et
3275 929 3449 986 totius
3487 932 3704 990 mundi.

2108 1015 2228 1072 IIuc
2275 1015 2592 1070 ascenderat
2639 1015 2958 1088 Apostolus,
2999 1015 3219 1088 quando
3265 1017 3448 1077 dixit:
3513 1046 3531 1070 ε
3570 1022 3710 1080 Mihi

2108 1103 2348 1162 mundus
2385 1103 2687 1160 cruciﬁxus
2743 1112 2847 1169 est,
2895 1113 2948 1161 et
2977 1120 3076 1176 ego
3117 1107 3328 1164 mundo
3379 1109 3584 1180 (Galat.
3627 1130 3708 1182 vr,

2111 1194 2223 1265 14).
2251 1220 2270 1242 ι
2333 1195 2796 1253 Castrametemur
2837 1196 3006 1269 igitur
3035 1205 3088 1253 et
3129 1215 3230 1254 nos
3266 1199 3326 1255 in
3372 1199 3515 1259 hanc
3542 1220 3712 1260 man-

2105 1283 2336 1353 sionem,
2393 1293 2448 1341 ut
2496 1302 2716 1342 carnem
2755 1303 2882 1342 cum
2931 1286 3084 1343 vitiis
3132 1295 3188 1344 et
3236 1289 3708 1362 concupiscentiis

2106 1373 2509 1447 crucifigentes,
2555 1383 2609 1431 et
2653 1375 2796 1432 facta
2836 1374 2955 1447 ejus
2986 1376 3405 1444 mortiﬁcantes,
3455 1379 3709 1436 dicamus

2105 1478 2231 1518 cum
2262 1463 2562 1534 Apostolo:
2603 1487 2621 1510 ι
2645 1463 2804 1532 Quod
2834 1474 3016 1521 autem
3049 1465 3180 1522 vivo
3211 1465 3270 1523 in
3297 1483 3483 1538 carne,
3513 1469 3571 1526 in
3598 1468 3708 1526 ﬁde

2105 1551 2238 1608 vivo
2267 1552 2398 1608 Filii
2425 1552 2525 1608 Dei
2556 1553 2759 1624 (Galat.
2794 1571 2854 1621 ιι,
2890 1554 3006 1625 20).
3040 1578 3058 1601 ι

2177 1641 2311 1697 ΧΧ·
2354 1641 2582 1710 mansio,
2615 1644 2936 1698 Ansaruan.
2968 1673 3040 1685 —
3065 1642 3278 1700 Mansio
3321 1645 3585 1702 vicesima
3625 1657 3710 1706 est

2104 1733 2162 1788 in
2195 1734 2490 1806 Arsaphar.
2523 1733 2652 1790 Ideo
2688 1734 2853 1792 dicit:
2902 1759 2922 1784 ι
2962 1735 3034 1791 Et
3078 1735 3309 1808 profecti
3350 1735 3419 1793 de
3453 1736 3706 1808 Calatha,

394 1849 523 1890 cens
547 1851 560 1890 :
595 1855 614 1882 ι
643 1832 987 1891 Accedamus
1015 1851 1141 1894 cum
1190 1851 1322 1892 vero
1350 1835 1514 1893 corde
1558 1836 1618 1892 in
1647 1835 1987 1909 plenitudine

2103 1824 2470 1880 castrametati
2502 1829 2632 1880 sunt
2661 1822 2720 1878 in
2749 1822 3028 1896 Arsaphar
3053 1826 3248 1896 (Num.
3279 1841 3488 1897 χχχιιι,
3525 1826 3643 1898 23).
3673 1851 3692 1875 ι

394 1920 546 1990 ﬁdei,
593 1922 802 1994 aspersi
839 1922 1007 1980 corda
1048 1940 1081 1980 a
1127 1924 1468 1980 conscientia
1514 1925 1676 1992 mala,
1721 1933 1777 1980 et
1816 1923 1993 1981 abluti

396 2023 595 2080 corpus
621 2023 762 2080 aqua
789 2009 998 2065 munda
1020 2011 1214 2079 (Hebr.
1254 2027 1313 2079 χ,
1343 2011 1458 2081 22).
1491 2033 1509 2058 ι
1549 2010 1611 2066 Id
1633 2010 1814 2082 ipsum
1842 2025 1994 2065 nam-

397 2112 502 2170 que
541 2095 729 2154 Lebna
757 2097 910 2153 vocis
940 2097 1322 2171 interpretatio
1365 2098 1610 2155 indicat:
1658 2107 1816 2155 sonat
1844 2098 1993 2155 enim

396 2187 591 2245 Latine
618 2187 805 2244 Lebna
832 2187 982 2244 idem
1028 2188 1177 2262 quod
1218 2189 1515 2247 dealbatio.
1545 2187 1668 2246 Non
1699 2196 1781 2244 est
1810 2195 1995 2245 autem

396 2275 694 2345 dealbatio,
724 2293 834 2352 qua
859 2277 1213 2349 culpabiliter
1239 2279 1448 2336 dicitur
1475 2287 1528 2336 et
1556 2279 1734 2352 paries
1762 2277 1996 2336 dealba-

397 2373 506 2436 tus,
555 2376 606 2424 et
636 2367 887 2440 sepulcra
933 2367 1188 2425 dealbata
1219 2369 1394 2441 (Orig.
1431 2367 1582 2426 hom.
1615 2369 1681 2426 27
1728 2369 1787 2425 in
1828 2369 1991 2427 Num.

397 2473 468 2515 ex
505 2473 649 2515 vers.
689 2458 886 2531 Ruﬁ);
934 2458 1030 2516 sed
1059 2476 1223 2534 quam
1269 2459 1544 2533 Propheta
1583 2467 1856 2533 precatur,
1897 2460 1996 2517 di—

394 2561 562 2603 cens:
628 2571 647 2596 ·
692 2547 929 2606 Lavabis
973 2565 1060 2606 me
1084 2593 1100 2618 ,
1147 2557 1202 2606 et
1248 2565 1412 2622 super
1466 2549 1653 2606 nivem
1699 2549 1996 2606 dealbabor

393 2636 578 2706 (Psal.
605 2654 658 2706 1.,
689 2638 772 2709 9),
800 2662 819 2684 ι
864 2654 1030 2711 quam
1059 2638 1328 2695 Dominus
1354 2654 1450 2710 per
1472 2637 1794 2712 prophetam
1821 2638 1996 2711 polli-

392 2732 549 2782 cetur
573 2724 795 2783 dicens:
833 2751 851 2774 ι
872 2726 930 2783 Si
961 2727 1173 2784 fuerint
1204 2735 1422 2800 peccata
1449 2735 1631 2784 vestra
1657 2727 1802 2784 sicut
1843 2728 1994 2800 phoe-

393 2813 624 2884 nicium,
654 2815 810 2889 quasi
859 2815 1050 2872 nivem
1091 2815 1394 2873 dealbabo:
1425 2825 1480 2874 et
1523 2815 1570 2873 si
1612 2815 1820 2872 fuerint
1849 2817 1995 2873 sicut

391 2903 700 2973 coccinum,
748 2905 906 2961 velut
948 2904 1131 2960 lanam
1194 2904 1428 2961 candida
1472 2905 1704 2962 efﬁciam
1751 2907 1892 2976 (Isa.
1950 2923 1992 2975 ι,

395 2991 508 3060 18).
553 2991 682 3050 Haec
708 2991 988 3050 dealbatio
1029 3009 1100 3048 ex
1129 2993 1365 3050 candore
1403 2992 1602 3065 judicii
1633 2993 1700 3050 de
1746 2995 1995 3052 Hemon-

391 3079 609 3154 phares,
642 3088 697 3137 et
738 3081 989 3140 claritate
1017 3081 1297 3139 visionum
1344 3082 1412 3140 de
1446 3082 1700 3152 Rethma,
1744 3083 1839 3140 ubi
1887 3099 1994 3141 ve-

2103 1911 2371 1968 Animosa
2415 1912 2582 1969 statio
2617 1912 2724 1969 ista
2756 1919 2870 1982 est;
2906 1913 2976 1970 ad
3023 1913 3196 1970 ardua
3239 1914 3441 1989 quippe
3471 1932 3573 1972 nos
3609 1915 3712 1973 in-
3771 1977 3779 1985 _

2103 2001 2265 2069 vitat,
2292 2017 2488 2074 nempe
2515 2001 2586 2058 ad
2609 2001 2775 2070 bella,
2813 2010 2868 2060 et
2895 2002 3042 2059 bella
3078 2005 3400 2078 asperrima,
3431 2014 3487 2062 et
3516 2013 3710 2062 contra

2105 2089 2434 2146 fortissimos
2461 2097 2516 2146 et
2545 2091 2878 2148 saevissimos
2905 2091 3112 2148 hostes.
3143 2093 3221 2148 De
3252 2093 3456 2165 quibus
3481 2094 3703 2152 dicebat

2102 2179 2436 2251 Apostolus:
2485 2203 2503 2226 ι
2530 2180 2650 2236 Non
2680 2187 2761 2236 est
2799 2179 2959 2238 nobis
2986 2181 3136 2238 lucta
3163 2180 3426 2239 adversus
3481 2199 3704 2242 carnem

2103 2277 2157 2326 et
2186 2271 2528 2344 sanguinem,
2559 2271 2654 2328 sed
2697 2271 2959 2330 adversus
3000 2273 3344 2348 principatus
3377 2284 3430 2333 et
3458 2284 3711 2350 potesta-

2103 2367 2185 2416 tes
2214 2359 2381 2433 hujus
2409 2361 2625 2432 mundi,
2673 2361 2938 2420 adversus
2974 2363 3325 2421 tenebrarum
3365 2365 3562 2423 harum
3592 2385 3706 2426 rec-

2104 2457 2273 2519 tores,
2301 2458 2408 2508 etc.
2443 2452 2662 2524 (Ephes.
2694 2470 2774 2521 vr,
2806 2453 2922 2525 12).
2955 2477 2974 2502 ι
3015 2455 3065 2510 Α
3094 2454 3296 2526 quibus
3325 2455 3531 2529 urgeri,
3565 2457 3707 2515 vim-

2104 2556 2208 2612 que
2243 2539 2352 2596 sibi
2395 2540 2612 2610 inferri,
2659 2540 2806 2598 idem
2853 2541 3152 2614 Apostolus
3195 2543 3506 2612 sentiebat;
3557 2545 3706 2604 unde

2103 2629 2287 2686 dixit:
2351 2655 2370 2679 -
2397 2631 2603 2688 Infelix
2646 2647 2746 2703 ego
2792 2631 2980 2701 homo,
3031 2632 3154 2706 quis
3197 2650 3287 2691 me
3332 2634 3590 2695 liberabit
3635 2635 3704 2694 de

2103 2733 2330 2790 corpore
2363 2719 2558 2777 mortis
2586 2718 2754 2792 hujus
2779 2719 2956 2792 (Rom.
2989 2737 3092 2792 vn,
3124 2721 3217 2794 24)
3251 2723 3278 2780 ‘i
3306 2747 3324 2771 ι
3368 2723 3700 2794 Hocautem,

2103 2807 2233 2881 quia
2277 2809 2557 2882 Arsaphar
2592 2810 2740 2867 tuba
2783 2811 3026 2884 clangor,
3068 2813 3186 2871 sive
3220 2814 3552 2873 tubicinatio
3597 2824 3702 2886 est,

2104 2896 2252 2971 quod
2299 2906 2383 2954 est
2430 2898 2562 2954 belli
2610 2899 2852 2973 signum.
2895 2903 3008 2958 Nec
3059 2902 3376 2972 immerito;
3439 2905 3702 2978 quoniam

2101 2986 2289 3044 anima
2315 2988 2694 3060 superioribus
2723 2991 3128 3060 mansionibus,
3159 3001 3242 3050 tot
3273 2995 3550 3068 tantisque
3585 2995 3699 3053 vir-

2101 3077 2316 3135 tutibus
2355 3094 2413 3134 se
2442 3094 2672 3136 cernens
2717 3088 3004 3150 armatam,
3033 3081 3307 3139 contineri
3356 3099 3468 3140 non
3497 3093 3699 3157 potest,

392 3189 484 3230 rus
513 3173 760 3231 Israelita
804 3190 936 3232 suas
977 3175 1190 3249 peragit
1236 3175 1570 3247 mansiones,
1601 3185 1854 3252 potenter
1883 3193 1992 3234 ex-
2019 3201 2070 3266 ρ
2101 3168 2238 3241 quin
2267 3167 2524 3241 procedat
2540 3169 2598 3226 ill
2627 3169 2892 3238 medium,
2911 3179 2966 3228 et
2986 3187 3044 3228 se
3071 3171 3141 3229 ad
3159 3173 3462 3231 certamina
3492 3173 3701 3232 nedum

391 3262 586 3335 surgit.

459 3352 668 3414 XVIII.
688 3353 918 3422 mansio,
934 3355 1128 3413 Bassa.
1149 3384 1221 3396 —
1239 3354 1451 3412 Mansio
1479 3355 1694 3412 decima
1710 3364 1904 3414 octava
1927 3357 1987 3414 in

391 3444 556 3502 Ressa
602 3445 900 3519 peragitur.
948 3445 1104 3503 Unde
1136 3444 1456 3518 subjungit:
1499 3470 1518 3494 ι
1547 3447 1620 3503 Et
1655 3447 1885 3520 profecti
1915 3465 1988 3505 ex

385 3533 604 3604 Lebna,
643 3535 1013 3592 castrametati
1059 3543 1190 3592 sunt
1244 3535 1303 3592 in
1351 3537 1517 3592 Bessa
1561 3537 1982 3605 (Num.xxxm,

385 3622 502 3695 21).
534 3647 553 3670 ι
597 3623 829 3695 Mystice
859 3623 964 3680 hac
993 3623 1277 3680 mansione
1303 3623 1566 3681 docemur
1607 3625 1754 3700 quod
1783 3642 1987 3698 quam-

386 3709 472 3768 vis
500 3709 794 3783 profecisse
843 3711 967 3785 quis
998 3711 1300 3784 plurimum
1343 3712 1614 3782 videatur,
1647 3713 1986 3788 grandesque

385 3801 667 3876 profectus
695 3802 866 3860 fuerit
903 3812 1250 3873 consecutus,
1282 3820 1406 3860 eum
1438 3813 1622 3861 tamen
1652 3804 1986 3863 tentationes

387 3908 498 3948 non
530 3891 790 3950 deserunt
816 3911 830 3950 :
862 3901 1080 3950 tantum
1113 3893 1262 3950 enim
1303 3891 1418 3965 jam
1449 3894 1754 3966 profecerat
1781 3894 1983 3952 Paulus

385 3981 686 4055 apostolus,
735 3991 797 4041 ut
841 3991 897 4040 et
936 3999 1112 4056 usque
1159 3982 1229 4040 ad
1281 3984 1504 4040 tertium
1549 3984 1748 4041 omium
1795 3993 1984 4057 raptus

383 4072 574 4142 fuerit,
605 4073 953 4148 audieritque
981 4091 1182 4132 arcana
1235 4075 1558 4145 ineffabilia,
1614 4075 1983 4134 nihilominus

383 4163 714 4238 prodigiosis
739 4164 923 4224 adhuc
950 4164 1350 4223 tentationibus
1383 4166 1567 4239 urgeri
1603 4182 1660 4222 se
1688 4167 1979 4225 sentiebat.

385 4253 542 4312 Unde
569 4255 898 4328 querebatur
921 4275 934 4316 :
981 4281 1000 4306 ι
1027 4259 1200 4314 Datus
1223 4264 1304 4313 est
1340 4256 1480 4314 mihi
1512 4256 1774 4313 stimulus
1801 4257 1982 4314 carnis

383 4345 611 4419 angelus
639 4346 872 4416 Satanae,
903 4356 966 4405 ut
994 4364 1082 4404 me
1109 4347 1417 4420 colaphizet
1444 4347 1534 4418 (ΙΙ
1562 4347 1687 4404 Cor.
1711 4364 1813 4417 xu,
1848 4349 1926 4420 7).
1947 4373 1967 4397 ι

385 4433 738 4493 Tentationes
765 4446 943 4495 tamen
972 4436 1292 4510 hujusmodi
1322 4435 1625 4494 laudabiles
1666 4454 1781 4495 esse
1831 4437 1996 4496 Jaco-‘

2099 3259 2313 3326 offerat,
2356 3259 2451 3316 sed
2481 3269 2724 3332 paratam
2755 3277 2812 3318 se
2841 3263 3125 3334 praeferat:
3168 3263 3304 3337 quin
3347 3272 3403 3321 et
3433 3264 3698 3323 tubarum

2095 3347 2321 3420 clangor
2365 3348 2606 3422 reliquos
2655 3350 2823 3406 etiam
2885 3367 3012 3408 cum
3077 3352 3342 3424 propheta
3387 3361 3686 3426 provocet,

2095 3435 2323 3494 dicens:
2370 3462 2389 3485 ι
2416 3437 2697 3494 Assumite
2746 3454 2918 3507 arma,
2949 3448 3105 3496 scuta
3149 3440 3404 3498 adducite
3432 3441 3492 3498 in
3535 3458 3688 3515 prai-

2095 3525 2257 3595 lium,
2302 3528 2530 3584 sternite
2559 3543 2748 3601 equos,
2790 3527 3069 3586 ascendite
3106 3529 3338 3602 equites,
3381 3530 3551 3602 polite
3579 3531 3697 3589 lan-

2095 3634 2216 3674 ceas
2249 3618 2462 3691 (Jerem.
2494 3636 2647 3688 var,
2691 3621 2745 3688 3,
2777 3619 2858 3690 4).
2891 3644 2909 3666 ι
2968 3620 3086 3676 Imo
3114 3637 3241 3676 cum
3272 3620 3384 3677 alio
3426 3621 3700 3694 propheta

2095 3707 2279 3766 dicat:
2340 3734 2359 3757 ι
2405 3709 2703 3767 Ριωάἰωῐθ
2750 3709 2856 3766 hoc
2898 3709 2957 3765 in
3012 3709 3307 3782 gentibus,
3357 3711 3697 3771 sanctiﬁcata

2093 3797 2325 3868 bellum,
2355 3801 2615 3858 suscitate
2647 3807 3012 3874 pugnatores;
3046 3799 3308 3869 accedite,
3330 3801 3441 3858 viri
3468 3801 3697 3860 bellato-

2093 3905 2178 3945 res
2209 3889 2347 3961 (Joel
2393 3908 2478 3959 ιιι,
2525 3892 2608 3961 9).
2652 3914 2672 3940 ι
2737 3891 2852 3946 Hoc
2895 3889 3103 3947 bellum
3157 3898 3464 3950 tractarunt
3517 3898 3609 3957 13
3641 3899 3698 3951 et

2092 3989 2346 4046 vicerunt
2393 3999 2594 4063 patres,
2643 3997 2708 4046 ut
2753 3989 2919 4046 refert
2955 3990 3255 4063 Apostolus
3281 3991 3351 4048 ad
3398 3991 3690 4050 Hebraaos:

2105 4102 2126 4128 ι
2157 4079 2570 4136 Obturaverunt
2607 4095 2704 4136 ora
2731 4079 2974 4147 leonum,
3007 4078 3398 4136 exstinxerunt
3426 4080 3691 4153 impetum

2091 4167 2256 4240 ignis,
2303 4169 2684 4242 eﬁ‘ugaverunt
2727 4169 2904 4225 aciem
2954 4167 3144 4240 gladii,
3179 4168 3350 4225 fortes
3394 4167 3525 4225 facti
3563 4175 3695 4227 sunt

2093 4257 2150 4314 in
2182 4257 2328 4314 bello
2361 4259 2544 4330 (Hebr.
2568 4275 2649 4326 χι,
2679 4258 2768 4326 33,
2803 4256 2918 4328 34).
2945 4281 2964 4306 ι
3006 4257 3173 4314 Plena
3202 4257 3374 4331 igitur
3394 4257 3694 4316 rohorisac

2091 4346 2319 4420 spiritus
2358 4346 2476 4404 haec
2505 4347 2719 4404 mansio
2749 4355 2850 4403 est.

2161 4455 2320 4512 ΧΧΙ·
2351 4454 2577 4523 mansio,
2608 4458 2827 4510 ARADA.
2857 4484 2930 4496 —
2957 4453 3235 4513 Vicesima
3273 4453 3453 4528 prima
3477 4455 3692 4516 mansio

382 4526 488 4584 bus
537 4528 821 4600 apostolus
859 4535 1114 4598 testatur,
1162 4526 1389 4584 dicens:
1438 4552 1456 4575 ι
1500 4527 1676 4585 Omne
1718 4525 1979 4600 gaudium

2099 4543 2272 4601 Arada
2298 4551 2417 4611 est;
2446 4541 2571 4600 ideo
2601 4541 2782 4600 dixit:
2835 4566 2854 4590 ι
2881 4542 2954 4599 Et
2997 4542 3231 4616 profecti
3273 4525 3345 4600 ex
3388 4542 3688 4618 Arsaphar,

381 4616 716 4684 existimate,
748 4616 966 4682 fratres,
995 4633 1122 4674 cum
1153 4615 1212 4672 in
1243 4615 1423 4671 varias
1467 4615 1797 4674 tentationes
1829 4616 1982 4673 inci-

381 4704 573 4762 deritis
589 4705 790 4777 (Iacob.
818 4705 871 4774 1,
893 4705 976 4774 2),
999 4703 1084 4762 ha:
1112 4719 1352 4778 namque
1373 4705 1524 4762 velut
1543 4704 1794 4762 custodia
1821 4721 1982 4778 quee-

382 4791 507 4848 dam
557 4793 772 4850 homini
815 4793 1172 4851 adhibentur.
1208 4794 1361 4850 Sicut
1388 4793 1536 4850 enim
1569 4809 1694 4850 caro
1727 4795 1980 4866 quamvis

381 4880 658 4954 praecipua
683 4883 775 4951 sit,
807 4884 912 4941 nisi
943 4885 1054 4942 sale
1081 4890 1418 4958 aspergatur,
1458 4883 1866 4956 corrumpitur:
1902 4885 1980 4942 ita

381 4977 437 5026 et
463 4971 668 5038 anima,
695 4974 1054 5044 quantumvis
1077 4975 1336 5047 perfecta,
1360 4973 1468 5030 nisi
1490 4972 1726 5029 assiduis
1751 4974 1979 5032 saliatur

381 5059 800 5128 tentationihus,
831 5063 1110 5120 relaxatur
1135 5064 1309 5137 (Orig.
1345 5063 1497 5121 hom.
1531 5065 1598 5122 27
1627 5064 1684 5119 in
1712 5066 1873 5123 Num.
1906 5083 1976 5123 ex

381 5164 525 5206 vers.
584 5149 764 5222 Ruﬁ).
825 5151 940 5207 Hoc
989 5158 1171 5208 autem
1195 5195 1212 5222 ,
1260 5153 1390 5226 quia
1434 5154 1630 5225 Ressa,
1679 5154 1976 5213 laudabilis

379 5237 610 5296 tentatio
639 5237 1050 5312 interpretatur.

449 5346 607 5404 ΧΙΧ·
635 5346 864 5416 mansio,
895 5347 1178 5406 Caurus.
1205 5379 1277 5391 —
1304 5349 1530 5408 Decima
1573 5368 1720 5408 nona
1760 5353 1972 5411 mansio

379 5435 607 5496 Calatha
646 5435 888 5494 dicitur:
922 5435 991 5494 ad
1021 5452 1187 5510 quam
1228 5437 1332 5495 ﬁlii
1378 5440 1542 5496 Israel
1578 5442 1742 5498 Ressa
1771 5443 1970 5500 abeun-

377 5533 459 5584 tes
503 5534 890 5600 pervenerunt.
937 5527 1092 5585 Unde
1138 5528 1422 5603 sequitur:
1485 5555 1503 5579 ι
1529 5530 1602 5587 Et
1634 5531 1863 5604 profecti
1901 5531 1970 5589 de

377 5616 563 5685 Bessa,
607 5615 975 5674 castrametati
1019 5625 1152 5675 sunt
1183 5616 1242 5674 in
1273 5617 1502 5676 Calatha
1537 5620 1728 5690 (Num.
1761 5638 1966 5690 χχχιιι,

377 5704 492 5777 22).
541 5705 768 5770 Calatha
809 5715 967 5766 sonat
1012 5707 1208 5765 Latine
1258 5705 1466 5784 virgam
1493 5750 1510 5778 ,
1561 5716 1616 5766 et
1655 5709 1964 5768 dominium

2088 4632 2457 4691 castrametati
2487 4641 2617 4690 sunt
2641 4631 2700 4688 in
2717 4631 2901 4690 Arada
2914 4633 3107 4705 (Nam.
3152 4649 3362 4703 χχχιιι,
3384 4631 3533 4705 211).-
3564 4633 3693 4692 Haec

2089 4740 2305 4798 quoque
2327 4723 2539 4780 mansio
2558 4723 2736 4796 longis
2755 4729 2836 4778 est
2863 4721 3156 4794 praeconiis
3177 4722 3486 4780 recolenda.
3508 4722 3691 4780 Arada

2088 4829 2323 4888 namque
2369 4813 2631 4871 idoneum
2665 4813 2920 4869 effectqu
2963 4810 3194 4869 indicat.
3240 4811 3414 4870 Adest
3457 4813 3692 4886 pulcher

2087 4901 2223 4958 ordo
2247 4921 2261 4970 ;
2289 4901 2381 4958 sed
2413 4899 2742 4958 observandi
2773 4910 2902 4957 sunt
2940 4900 3350 4974 proﬁcientium
3381 4901 3601 4974 gradus,
3635 4911 3690 4959 et

2084 4991 2253 5047 series
2282 4991 2629 5064 profectuum
2677 4989 3026 5063 inspicienda
3053 4998 3155 5046 est.
3186 4991 3322 5048 Nam
3359 4991 3457 5049 ubi
3499 4991 3689 5048 anima

2085 5080 2414 5138 tentationes
2444 5079 2747 5153 superavit,
2779 5081 2928 5137 vires
2977 5079 3270 5136 inferiores
3296 5096 3544 5152 premere
3574 5097 3684 5137 au-

2083 5171 2212 5228 det:
2238 5181 2292 5229 et
2321 5170 2416 5228 ubi
2446 5187 2612 5244 super
2637 5170 2715 5228 eis
2739 5170 3036 5244 imperium
3063 5169 3265 5228 habere
3305 5187 3361 5228 se
3390 5170 3683 5244 conspicit,

2082 5259 2411 5318 adversariis
2461 5261 2825 5334 potestatibus
2864 5259 3119 5328 insultat,
3151 5276 3453 5335 earumque
3482 5267 3688 5334 poten—

2080 5351 2186 5407 tias
2224 5349 2426 5407 nedum
2471 5367 2583 5407 non
2628 5349 2808 5418 timet,
2841 5348 2955 5425 sed_
2989 5347 3059 5404 ad
3087 5358 3367 5407 certamen
3397 5357 3682 5422 provocat.

2077 5443 2239 5500 Nunc
2274 5450 2455 5500 autem
2499 5441 2568 5498 de
2612 5440 2848 5498 victoria
2889 5457 3083 5498 secura
3109 5439 3360 5498 ascendit
3387 5441 3448 5496 in
3476 5440 3681 5509 Arada,

2078 5531 2138 5590 id
2165 5540 2267 5602 est,
2308 5531 2574 5606 gloriatur
2598 5529 2656 5586 in
2682 5529 2921 5587 Domino
2946 5546 3003 5588 se
3034 5529 3294 5588 idoneam
3326 5528 3597 5599 eﬂ‘ectam,
3629 5537 3683 5587 et

2078 5620 2216 5680 dicit
2242 5638 2371 5679 cum
2392 5619 2660 5692 Apostolo
2685 5637 2698 5676 :
2731 5644 2750 5668 ι
2765 5618 3122 5678 Suﬂicientia
3142 5627 3334 5676 nostra
3357 5635 3428 5676 ex
3446 5620 3562 5678 Deo
3581 5625 3682 5687 est,

2075 5710 2170 5784 qui
2201 5717 2256 5766 et
2285 5708 2511 5767 idoneos
2541 5725 2640 5768 nos
2672 5708 2804 5768 fecit
2845 5707 3132 5768 ministros
3173 5707 3308 5766 novi
3339 5705 3678 5766 Testamenti
