3980 6382
267 394 338 456 29
1192 396 1288 453 DE
1328 394 1477 451 XLII
1514 394 1982 453 MANSlONIBUS
2020 394 2358 455 FILIORUM
2397 399 2666 456 ISRAEL.
3502 407 3573 465 30

272 521 364 599 (II
417 519 543 576 Cor.
591 536 679 589 ιιι,
708 521 766 589 5,
820 521 903 592 6).
936 545 954 569 ι
997 522 1228 577 Oremus
1257 519 1427 591 igitur
1480 521 1678 589 Deum,
1717 528 1779 576 ut
1830 533 1888 581 et
1913 523 1962 582 A
1993 522 2122 579 Ideo
2151 522 2288 582 dicit
2334 531 2556 582 sanctus
2582 525 2791 582 Lucas:

270 628 371 669 nos
421 609 491 668 ad
542 609 724 668 Arada
771 609 1058 684 pervenire
1104 616 1158 664 et
1200 608 1278 664 ibi
1318 608 1609 666 stationem
1667 608 1867 667 habere

269 705 570 760 valeamus.

341 792 525 850 ΧΧΙΙ·
574 789 802 858 mansio,
858 789 1183 847 Macsnorn.
1232 819 1304 832 —
1348 788 1561 847 Mansio
1603 788 1869 846 vicesima

267 882 512 949 secunda
555 881 763 938 dicitur
789 879 1092 947 Maceloth;
1131 879 1339 936 idcirco
1366 879 1650 952 subjungit
1680 898 1691 936 :
1752 904 1771 927 ε
1800 881 1872 936 Et

268 971 501 1047 profecti
539 970 608 1027 de
658 968 860 1037 Arada,
914 969 1280 1026 castrametati
1318 976 1449 1026 sunt
1504 969 1562 1024 in
1599 968 1871 1026 Maceloth

272 1065 460 1137 (Num.
491 1078 699 1131 χχχιιι,
721 1062 836 1133 25).
868 1060 1139 1119 Maceloth
1168 1061 1560 1134 interpretatur
1592 1062 1660 1118 ab
1687 1061 1870 1130 initio,

270 1171 366 1227 per
392 1153 541 1226 quod
568 1151 823 1209 innuitur
850 1151 999 1223 quod
1028 1151 1123 1224 qui
1154 1150 1333 1208 tendit
1360 1151 1429 1207 ad
1454 1151 1871 1231 perfectionem,

269 1244 358 1300 vel
378 1259 497 1299 eam
526 1242 713 1314 aliquo
744 1240 907 1297 modo
935 1249 1243 1297 assecutum
1274 1257 1331 1297 se
1359 1241 1555 1308 sentit,
1586 1239 1655 1296 ad
1684 1256 1867 1295 rerum

271 1332 521 1400 initium,
574 1347 607 1386 a
648 1347 756 1403 quo
802 1330 1061 1386 universa
1098 1329 1428 1401 dependent,
1476 1328 1764 1401 respicere,
1803 1327 1873 1383 ad

270 1423 565 1497 ipsumque
593 1428 795 1479 cuncta
832 1421 1035 1477 referre
1062 1420 1244 1489 debet,
1291 1436 1392 1477 nec
1429 1419 1498 1475 ab
1528 1436 1592 1476 eo
1630 1434 1873 1491 unquam

270 1513 521 1570 recedere
563 1511 738 1585 (Orig.
786 1512 892 1566 loco
921 1527 1038 1583 sup.
1069 1511 1208 1583 cit.).
1248 1512 1394 1567 Deus
1422 1517 1505 1565 est
1538 1508 1872 1582 principium

267 1611 322 1660 et
345 1601 495 1670 ﬁnis,
525 1601 659 1659 utin
679 1600 1010 1674 Apocalypsi
1040 1600 1333 1657 scribitur:
1372 1623 1392 1647 ι
1420 1601 1537 1673 Ego
1565 1616 1687 1656 sum
1722 1598 1875 1671 prin-

266 1694 475 1768 cipium
504 1701 560 1750 et
594 1692 745 1759 ﬁnis,
775 1692 913 1750 dicit
941 1693 1212 1749 Dominus
1240 1694 1387 1750 Deus
1416 1692 1510 1765 qui
1548 1701 1651 1760 est,
1680 1699 1735 1749 et
1779 1689 1873 1763 qui
1931 1688 1938 1694 ’

267 1792 404 1854 erat,
434 1794 489 1843 et
516 1785 611 1858 qui
650 1792 916 1840 venturus
936 1791 1018 1839 est
1043 1784 1394 1856 omnipotens
1423 1782 1611 1853 (Apoc.
1645 1798 1685 1850 ι,
1716 1781 1800 1851 8).
1840 1805 1860 1829 ι

2841 552 2857 573 ε
2897 530 2967 584 Et
2995 538 3185 602 stupor
3211 530 3576 604 apprehendit

1976 629 2166 669 omnes
2214 614 2380 681 (Luc.
2434 631 2491 682 v,
2541 614 2657 685 26).
2692 638 2710 661 ι
2761 616 2840 672 De
2891 615 2997 672 hoc
3051 635 3213 688 agens
3270 622 3576 681 Hieremias

1977 701 2263 774 propheta,
2297 703 2408 760 ait:
2472 728 2490 750 ι
2521 703 2723 775 Stupor
2755 712 2810 759 et
2857 703 3148 762 horribilia
3176 709 3317 765 facta
3355 722 3485 768 sunt
3514 712 3572 769 in

1978 798 2122 847 terra
2166 792 2381 862 (Jerem.
2414 807 2471 859 v,
2501 790 2617 863 30).
2648 815 2666 837 ι
2728 792 2800 848 Et
2835 792 2965 864 quia
2992 792 3052 849 in
3096 793 3164 849 iis
3192 796 3575 855 mansionibus

1980 881 2155 937 multa
2173 881 2435 954 praeclara
2465 888 2520 936 et
2535 880 2884 937 admirabilia
2905 881 3051 938 edita
3071 891 3199 939 sunt
3228 900 3410 956 opera,
3441 903 3573 960 quo-

1980 987 2102 1027 rum
2133 987 2322 1027 causas
2351 987 2461 1026 non
2488 978 2664 1042 potest
2693 969 2939 1027 humana
2968 989 3125 1030 mens
3168 974 3382 1030 ratione
3413 992 3576 1032 com-

1982 1060 2335 1133 prehendere,
2362 1060 2484 1116 ideo
2519 1060 2737 1118 tandem
2770 1060 2991 1117 venitur
3017 1062 3075 1118 in
3105 1062 3300 1133 Thare,
3333 1064 3440 1123 hoc
3470 1072 3572 1134 est,

1982 1148 2039 1205 in
2066 1158 2325 1222 stupore:
2374 1149 2453 1205 sic
2482 1148 2629 1204 enim
2678 1148 3089 1221 interpretatur.
3125 1151 3275 1208 Unde
3304 1153 3569 1225 scriptum

1981 1248 2095 1297 est:
2143 1265 2161 1288 ι
2191 1239 2497 1311 Stupebant
2524 1245 2707 1294 autem
2752 1255 2945 1295 omnes
2973 1257 3140 1314 super
3165 1246 3436 1317 magnalia
3471 1246 3573 1304 Dei

1985 1330 2137 1400 (Luc.
2164 1347 2243 1398 ιχ,
2274 1330 2389 1401 44).
2423 1356 2441 1378 ι

2053 1421 2236 1478 XXV“
2258 1422 2482 1490 mansio,
2500 1423 2753 1480 Merena.
2774 1424 3068 1482 —Mansio
3098 1426 3358 1483 vicesima
3379 1429 3575 1501 quinta

1984 1511 2162 1583 agitur
2217 1512 2275 1568 in
2325 1512 2579 1581 Metcha;
2645 1514 2767 1571 ideo
2820 1515 2988 1573 dicit:
3063 1542 3080 1563 ι
3110 1518 3179 1572 Et
3222 1516 3453 1589 profecti
3500 1517 3571 1573 de

1982 1601 2177 1670 Thare,
2208 1604 2572 1659 castrametati
2624 1613 2753 1661 sunt
2783 1604 2842 1660 in
2868 1604 3083 1661 Metcha
3126 1606 3309 1677 (Num.
3367 1622 3571 1674 χχχιιι,

1983 1690 2097 1761 28).
2131 1692 2351 1749 Metcha
2398 1692 2593 1749 Latine
2639 1693 2845 1751 dicitur
2884 1710 3028 1771 npva
3058 1711 3225 1753 mors.
3270 1696 3341 1753 Ut
3392 1702 3569 1751 autem

1982 1777 2322 1851 intelligatur
2377 1795 2496 1851 quae
2546 1781 2620 1836 sit
2646 1797 2790 1837 nova
2841 1798 3007 1849 mors,
3041 1792 3122 1839 est
3165 1782 3569 1839 observandum

267 1874 397 1931 Ideo
425 1873 683 1930 adDeum
708 1871 1019 1928 reducenda
1042 1879 1172 1928 sunt
1200 1873 1406 1929 omnia.
1439 1872 1598 1928 Hunc
1626 1877 1686 1926 ut
1713 1868 1869 1943 prin-
1901 1885 1948 1946 Β
1983 1868 2130 1941 quod
2159 1869 2433 1941 triplicem
2473 1878 2707 1927 mortem
2736 1870 2969 1943 legimus
2996 1872 3057 1927 in
3095 1871 3413 1944 Scripturis.
3456 1872 3574 1929 Una

266 1961 479 2034 cipium
507 1959 928 2033 recognoscebat
948 1959 1232 2032 propheta,
1255 1959 1386 2016 dum
1404 1958 1584 2015 dixit:
1618 1982 1651 2015 .‹
1675 1959 1867 2015 Nonne

269 2060 364 2109 tua
413 2051 708 2125 principio,
737 2050 971 2108 Domine
1026 2052 1173 2108 Deus
1218 2066 1375 2107 meus
1425 2056 1610 2107 sancte
1642 2049 1864 2121 (Habac.

268 2158 310 2209 ι,
364 2140 480 2213 12).
514 2164 534 2190 ι
588 2141 748 2197 Ηιιιιο
802 2139 1224 2212 recognoscebat
1280 2139 1580 2211 Apostolus
1641 2138 1866 2194 dicens:

279 2253 299 2277 ι
323 2230 511 2288 Flecto
540 2245 716 2302 genua
753 2246 872 2285 mea
900 2228 968 2285 ad
1016 2230 1233 2285 Patrem
1258 2227 1482 2284 Domini
1529 2228 1705 2284 nostri
1744 2227 1870 2283 Jesu

269 2318 500 2388 Christi,
548 2334 619 2375 ex
648 2335 757 2392 quo
804 2317 986 2375 omnis
1016 2318 1230 2374 familia
1258 2316 1316 2373 in
1345 2316 1499 2374 cmlis
1525 2323 1579 2373 et
1624 2317 1684 2373 in
1723 2324 1871 2372 terra

268 2408 599 2467 nominatur
633 2409 851 2481 (Ephes.
879 2425 964 2477 ιιι,
1000 2408 1113 2481 14).

338 2499 550 2557 ΧΧΙΙΙ·
575 2501 802 2569 mansio,
832 2500 1081 2555 THAATH.
1110 2528 1182 2540 —
1198 2496 1409 2555 Mansio
1424 2493 1688 2552 vicesima
1707 2491 1871 2549 tertia

279 2598 364 2648 est
391 2588 641 2657 Thaath;
695 2589 819 2647 ideo
866 2590 1145 2661 sequitur:
1184 2612 1202 2634 ι
1231 2589 1303 2645 Εῐ
1330 2587 1561 2661 profecti
1589 2586 1657 2643 de
1685 2587 1871 2643 Mace-

270 2681 418 2750 loth,
466 2680 834 2738 castrametati
880 2688 1011 2736 sunt
1060 2679 1117 2736 in
1171 2678 1382 2735 Thaath
1434 2679 1619 2747 (Num.
1664 2693 1869 2746 χχχιιι,

267 2771 391 2843 26).
420 2770 626 2827 Verum
668 2769 797 2843 quia
824 2768 1036 2825 Thaatb
1067 2768 1536 2840 longanimitatem
1574 2782 1671 2823 seu
1721 2767 1871 2822 tole-

271 2859 512 2917 rantiam
536 2858 727 2914 Latine
756 2858 1052 2931 signiﬁcat,
1084 2873 1179 2929 per
1199 2857 1370 2929 ipsam
1401 2855 1677 2912 indicatur
1692 2854 1870 2922 nobis,

266 2948 421 3022 quod
468 2948 560 3021 qui
614 2948 673 3003 in
716 2948 806 3003 via
872 2948 970 3003 Dei
999 2947 1281 3020 proﬁcere,
1330 2946 1562 3019 aliisque
1614 2945 1869 3017 prodesse

266 3036 581 3104 contendit,
629 3037 804 3093 multa
848 3036 981 3107 pati,
1014 3036 1187 3091 multa
1216 3035 1597 3108 aequanimiter
1633 3034 1873 3107 perferre

269 3142 495 3184 necesse
524 3134 624 3182 est.
651 3125 862 3181 Idcirco
891 3124 1154 3197 apostolis
1186 3124 1428 3181 dicitur:
1476 3147 1493 3171 ι
1525 3124 1586 3180 In
1610 3123 1875 3196 patientia

274 3223 455 3273 vestra
485 3214 835 3289 possidebitis
863 3216 1074 3270 animas
1102 3222 1310 3270 vestras
1341 3214 1493 3285 (Luc.
1526 3230 1648 3282 χχι,
1689 3216 1801 3285 19).
1839 3239 1857 3261 ι

274 3310 361 3368 Ad
389 3310 738 3367 tolerantiam
760 3325 858 3363 nos
888 3307 1418 3379 invitatApostolus,
1443 3306 1869 3378 praicedentium

275 3406 519 3473 patrum,
564 3396 882 3471 Christique
948 3397 1261 3468 exemplum
1312 3411 1640 3468 proponens.
1686 3396 1876 3469 Inquit

274 3494 463 3551 enim:
513 3517 531 3541 ι
567 3492 801 3564 Ideoque
821 3499 875 3548 et
904 3507 1004 3546 nos
1028 3497 1237 3545 tantam
1271 3489 1532 3545 habentes
1563 3489 1876 3561 impositam

276 3583 480 3641 nubem
524 3581 777 3650 testium,
825 3580 1160 3653 deponentes
1206 3595 1369 3636 omne
1399 3577 1616 3651 pondus
1656 3564 1711 3635 e‘t
1756 3579 1877 3635 cir-

275 3680 555 3730 cumstans
594 3676 898 3743 peccatum,
956 3686 1051 3742 per
1091 3668 1410 3741 patientiam
1472 3685 1757 3726 curramus
1809 3666 1877 3725 ad

277 3761 622 3836 propositum
651 3759 811 3816 nobis
838 3766 1137 3828 certamen,
1154 3759 1480 3831 aspicientes
1508 3757 1567 3814 in
1594 3765 1876 3816 auctorem

279 3854 408 3913 ﬁdei
454 3862 510 3911 et
566 3860 1064 3910 consummatorem
1119 3852 1304 3908 Iesum
1346 3849 1632 3910 Christum
1683 3848 1871 3920 (Hebr.

278 3960 382 4010 χιι,
410 3944 463 4012 1,
504 3942 600 4014 2).
633 3966 651 3990 ι
708 3940 977 3998 Dominus
1020 3940 1169 3995 enim
1198 3947 1382 3996 noster
1432 3941 1587 3997 Jesus
1625 3938 1877 3997 Christus

282 4034 458 4091 multa
494 4048 619 4106 erga
647 4030 903 4088 homines
930 4028 1390 4097 mansuetudinis,
1424 4029 1728 4084 tolerantiae
1754 4043 1879 4083 ma-

280 4122 481 4191 lorum,
526 4128 691 4195 prout
736 4119 981 4177 dilucide
1010 4126 1367 4176 recensentur
1424 4118 1483 4174 in
1536 4116 1873 4191 Evangeliis,

281 4211 554 4284 exempla,
609 4226 719 4284 quo
747 4208 866 4282 ejus
892 4224 1247 4283 sequeremur
1275 4206 1528 4281 vestigia,
1569 4216 1631 4265 ut
1683 4207 1879 4264 Petrus

281 4302 561 4376 apostolus
584 4300 739 4369 dicit,
777 4299 938 4356 nobis
966 4298 1225 4356 exhibuit
1247 4300 1305 4371 (Ι
1328 4300 1474 4356 Petr.
1507 4315 1570 4366 ιι,
1600 4298 1716 4371 21).

350 4393 563 4451 ΧΧΝ·
592 4392 1045 4461 ωαηεὶο,ΤιιΑιιε.
1069 4421 1139 4433 -
1159 4390 1369 4448 Mansio
1392 4390 1658 4446 vicesima
1681 4395 1881 4462 quarta

282 4480 488 4540 dicitur
516 4482 729 4550 Thare;
778 4480 1026 4554 sequitur
1062 4496 1325 4553 namque:
1383 4503 1403 4528 ι
1439 4480 1511 4535 Et
1540 4478 1769 4551 profecti
1814 4477 1881 4534 de

1977 1966 2060 2014 est
2109 1975 2257 2014 mors
2299 1961 2568 2031 corporis,
2627 1978 2735 2033 qua
2792 1962 3068 2018 terrestris
3115 1963 3314 2019 domus
3387 1971 3574 2019 nostra

1977 2048 2144 2121 hujus
2172 2048 2552 2117 habitationis,
2578 2058 2641 2105 ut
2663 2050 2910 2121 Apostoli
2940 2058 3063 2106 utar
3082 2050 3289 2119 verbis,
3320 2051 3572 2108 dissolvi-

1977 2147 2088 2208 tur,
2137 2147 2191 2195 et
2237 2155 2269 2195 a
2322 2139 2570 2211 corporis
2620 2138 2973 2195 tabernaculo
3021 2139 3205 2196 anima
3237 2139 3445 2197 recedit
3494 2140 3581 2210 (II

1982 2229 2108 2285 Cur.
2140 2244 2196 2296 v,
2231 2228 2282 2295 1,
2317 2226 2396 2298 li).
2426 2228 2503 2283 De
2538 2233 2633 2295 14
2660 2226 2764 2284 hac
2791 2226 2985 2283 scribit
3017 2228 3344 2300 Apostolus:
3392 2253 3410 2277 ι
3443 2229 3576 2286 Sta-

1978 2332 2164 2380 tutum
2194 2331 2277 2380 est
2334 2324 2657 2381 hominibus
2686 2324 2853 2380 semel
2881 2324 3021 2381 mori
3050 2325 3233 2397 (Hebr.
3265 2341 3347 2394 ιχ,
3386 2324 3502 2396 27).
3542 2349 3560 2371 ι

1979 2414 2092 2470 Hac
2120 2413 2398 2470 Abraham
2431 2422 2486 2470 et
2512 2414 2793 2486 prophetae
2826 2413 3029 2470 mortui
3073 2421 3220 2481 sunt,
3252 2412 3355 2471 hac
3400 2422 3575 2472 morte

1979 2521 2169 2562 omnes
2190 2523 2244 2562 ιιι
2260 2505 2526 2576 oriemur,
2559 2516 2612 2564 et
2631 2506 2774 2563 sicut
2802 2523 2943 2580 aqua
2968 2506 3135 2563 eﬁ‘usa
3161 2522 3323 2577 super
3346 2514 3573 2577 terram,

1979 2616 2091 2655 non
2146 2600 2619 2671 congregabimur.
2662 2600 2815 2656 Alias
2863 2616 3011 2657 mors
3064 2606 3145 2655 est
3196 2600 3414 2668 animas,
3469 2616 3576 2673 qua

1980 2690 2187 2763 peccati
2219 2690 2476 2762 contagio
2520 2690 2703 2746 anima
2732 2690 2980 2747 confecta
3012 2689 3271 2757 moritur,
3305 2706 3415 2746 non
3440 2689 3576 2762 qui—

1980 2785 2103 2841 dem
2152 2786 2212 2842 in
2259 2786 2345 2842 sui
2396 2786 2724 2855 substantia,
2780 2804 2899 2859 quae
2944 2786 3084 2841 mori
3126 2786 3321 2854 nescit,
3376 2784 3472 2841 sed
3511 2784 3571 2841 in

1979 2874 2079 2930 Dei
2149 2874 2510 2931 viviﬁcatrice
2566 2876 2757 2947 gratia.
2830 2876 2966 2932 Nam
3020 2874 3287 2931 demerito
3342 2873 3571 2948 peccati,

1980 2969 2093 3022 Deo
2147 2964 2451 3033 recedente,
2521 2965 2822 3036 spiritalem
2885 2966 3068 3020 anima
3118 2965 3288 3019 vitam
3346 2963 3571 3020 amittit.

1982 3054 2136 3112 Unde
2181 3054 2320 3111 dicit
2364 3055 2687 3126 Apostolus:
2760 3080 2779 3103 ι
2816 3054 2948 3122 Quae
2996 3054 3191 3111 vivens
3235 3061 3450 3110 mortua
3493 3060 3575 3109 est

1985 3144 2044 3215 (Ι
2074 3145 2209 3200 Tim.
2270 3161 2329 3210 v,
2389 3142 2468 3215 6).
2510 3168 2528 3192 ›
2570 3142 2710 3199 Mori
2764 3151 2945 3200 autem
2976 3152 3109 3200 tunc
3147 3159 3242 3215 per
3291 3152 3572 3216 peccatum

1900 3246 1944 3307 C
1978 3243 2220 3299 dicitur:
2249 3244 2379 3317 quia
2414 3268 2430 3292 ι
2451 3244 2635 3299 anima
2664 3260 2785 3316 quae
2814 3243 3276 3316 peccaverit,ipsa
3307 3244 3573 3301 morietur

1989 3336 2205 3407 (Ezech.
2252 3350 2413 3401 xvm,
2462 3332 2541 3406 4).
2573 3358 2593 3381 ιι
2651 3334 2916 3389 Morietur
2957 3340 3138 3389 autem
3178 3334 3419 3391 Domino
3462 3351 3574 3391 non

1984 3432 2195 3480 natura)
2224 3424 2565 3491 inﬁrmitate,
2622 3423 2716 3477 sed
2764 3422 3030 3477 demerito
3058 3424 3253 3494 culpae,
3306 3440 3427 3495 qua:
3463 3440 3575 3479 non

1985 3522 2067 3570 est
2096 3514 2164 3569 ab
2193 3513 2294 3569 hac
2346 3512 2458 3567 vita
2490 3528 2751 3578 recessus,
2805 3510 2898 3566 sed
2929 3511 3111 3582 lapsus
3139 3511 3358 3567 erroris.
3391 3511 3577 3569 Tertio

1985 3611 2067 3659 est
2119 3603 2315 3674 culpas,
2364 3617 2471 3674 qua
2511 3600 2691 3657 carnis
2733 3600 3176 3671 concupiscentia
3217 3599 3471 3668 moritur,
3515 3609 3578 3658 ut

1986 3707 2141 3748 mens
2168 3693 2280 3747 Deo
2309 3691 2499 3757 vivat;
2533 3690 2600 3746 de
2621 3705 2727 3762 qua
2757 3689 3086 3761 Apostolus:
3136 3714 3155 3737 ι
3193 3690 3365 3745 Vetus
3410 3688 3577 3746 homo

1986 3792 2172 3839 noster
2220 3782 2382 3838 simul
2435 3781 2735 3838 cruciﬁxus
2777 3788 2879 3849 est,
2934 3787 2995 3835 ut
3032 3779 3348 3835 destruatur
3376 3796 3578 3852 corpus

1987 3874 2213 3946 peccati,
2241 3880 2305 3929 ut
2338 3874 2483 3929 ultra
2510 3888 2621 3928 non
2667 3872 2970 3927 serviamus
3006 3879 3227 3943 peccato
3288 3872 3465 3943 (Rom.
3495 3888 3576 3940 vi,

1986 3964 2065 4036 6).
2100 3986 2119 4012 ι
2168 3965 2276 4021 Nec
2301 3963 2358 4020 id
2389 3963 2694 4029 immerito;
2732 3978 2857 4017 nam
2888 3961 3033 4019 sicut
3056 3969 3304 4018 mortuus
3325 3960 3439 4018 vita
3467 3978 3577 4018 non

1986 4062 2069 4110 est
2113 4052 2350 4125 amplius
2402 4051 2680 4107 obnoxius
2716 4050 2920 4122 culpae,
2962 4050 3044 4106 sic
3073 4061 3297 4107 renatus
3329 4067 3425 4122 per
3450 4067 3581 4123 gra-

1987 4141 2120 4197 tiam
2169 4157 2281 4197 non
2337 4139 2501 4196 debet
2555 4138 2788 4195 ulterius
2835 4137 3042 4193 servire
3091 4145 3333 4210 peccato.
3366 4139 3443 4194 De
3473 4153 3580 4210 qua

1989 4238 2165 4287 morte
2206 4230 2452 4305 loquitur
2495 4229 2809 4301 Apostolus,
2855 4227 3072 4284 dicens:
3142 4252 3160 4274 ι
3188 4225 3389 4284 Mortui
3431 4226 3576 4282 enim

1988 4321 2141 4388 estis,
2188 4328 2243 4376 et
2271 4320 2386 4376 vita
2412 4326 2594 4375 vestra
2641 4316 2963 4374 abscondita
2994 4323 3076 4373 est
3114 4333 3240 4373 cum
3271 4314 3492 4373 Christo
3521 4315 3580 4371 in

1988 4413 2102 4469 Deo
2148 4411 2384 4483 (Coloss.
2416 4427 2501 4478 ιιι,
2551 4408 2631 4481 3).
2664 4405 3053 4478 Hujuscemodi
3106 4413 3350 4462 mortuos
3387 4404 3581 4461 redar-

1988 4515 2159 4574 guens
2187 4498 2331 4557 idem
2360 4498 2677 4570 Apostolus,
2708 4496 2879 4553 dicit:
2925 4519 2944 4545 ι
2976 4494 3031 4552 Si
3067 4494 3274 4551 mortui
3303 4494 3433 4551 estis
3452 4510 3581 4550 cum

283 4571 519 4641 Thaath,
550 4570 921 4629 castrametati
951 4577 1081 4626 sunt
1132 4570 1191 4626 in
1223 4568 1399 4626 Thare
1431 4569 1616 4641 (Num.
1672 4584 1873 4636 χχχιιι,

1990 4568 2211 4647 Christo
2227 4588 2295 4643 ab
2315 4568 2602 4643 elementis
2630 4585 2845 4653 mundi,
2878 4584 3013 4658 quid
3039 4590 3301 4657 tanquam
3332 4582 3580 4637 viventes

283 4662 398 4735 27).
431 4662 609 4719 Thare
640 4661 834 4718 Latine
856 4660 1248 4733 interpretatur
1282 4669 1494 4731 stupor,
1525 4659 1710 4715 Graece
1737 4661 1883 4720 ἴκτα-

283 4789 389 4842 σις,
422 4780 544 4837 quas
565 4771 647 4821 est
672 4761 1015 4820 vehementis
1043 4760 1327 4833 cujusdam
1356 4761 1739 4818 admirationis
1764 4777 1881 4835 spe-

283 4861 412 4930 cies,
443 4877 515 4917 ex
544 4860 839 4917 arduarum
858 4866 912 4915 et
926 4858 1278 4915 insolitarum
1299 4874 1482 4915 rerum
1502 4859 1715 4916 visione
1744 4876 1881 4932 pro-

285 4951 530 5007 veniens.
554 4951 690 5008 Nam
722 4965 848 5006 cum
875 4948 1060 5021 aliqua
1083 4948 1326 5015 insolita,
1363 4956 1572 5005 natura:
1602 4965 1734 5006 vero
1762 4948 1880 5005 im-

283 5040 587 5114 possibilia,
612 5038 857 5097 humano
872 5054 929 5094 se
954 5038 1192 5095 oﬁ'erunt
1211 5037 1439 5104 obtutu;
1490 5040 1618 5112 quia
1641 5039 1698 5095 in
1727 5039 1877 5095 inve-

286 5130 578 5204 stigatione
597 5127 920 5201 bujusmodi
940 5143 1114 5185 causae
1135 5143 1326 5184 sensus
1352 5127 1639 5196 deﬁciunt,
1660 5135 1715 5184 et
1739 5129 1881 5185 ratio

292 5220 625 5289 succumbit,
648 5236 805 5277 mens
826 5227 1027 5291 stupet.
1051 5218 1210 5287 Quod
1229 5218 1423 5274 Daniel
1439 5218 1641 5274 clarius
1661 5234 1879 5291 expres-

288 5312 378 5382 sit,
430 5312 654 5369 dicens:
704 5335 722 5358 -
758 5309 1054 5381 Stupebam
1099 5308 1503 5376 adversionem,
1540 5314 1593 5363 et
1622 5324 1733 5364 non
1765 5318 1882 5379 erat

292 5400 607 5475 intelligens
637 5402 804 5473 (Dan.
848 5416 975 5469 vin,
1003 5399 1117 5472 27).
1152 5424 1171 5447 ι
1232 5397 1386 5455 Unde
1435 5413 1564 5453 cum
1605 5396 1881 5470 paralyti-

289 5506 410 5548 cum
457 5491 553 5566 qui
600 5489 924 5563 portabatur
964 5505 996 5544 a
1023 5495 1280 5561 quatuor,
1322 5485 1390 5543 ad
1433 5486 1607 5541 solam
1653 5484 1879 5542 Domini

289 5597 476 5640 vocem
505 5580 833 5649 surrexisse,
884 5581 1088 5637 lectum
1118 5579 1179 5634 in
1234 5594 1344 5652 quo
1365 5575 1603 5650 jacebat,
1660 5576 1876 5644 tulisse,

290 5676 343 5725 et
370 5671 425 5727 in
456 5671 685 5728 domum
734 5685 890 5727 suam
923 5667 1121 5724 abiisse
1168 5665 1405 5723 intuitus
1431 5675 1572 5723 esset
1609 5666 1876 5739 populus;

289 5756 416 5832 quia
460 5758 565 5818 hoc
592 5772 756 5836 supra
774 5757 1087 5818 facultatem
1119 5762 1237 5813 erat
1263 5754 1527 5825 hominis,
1571 5753 1875 5831 obstupuit.

1989 4679 2048 4735 in
2076 4676 2284 4733 mundo
2299 4675 2661 4734 decernimini
2681 4676 2910 4746 (Coloss.
2942 4691 3006 4741 ιι,
3040 4673 3129 4743 20)
3151 4673 3179 4729 ?
3209 4695 3227 4720 ι
3276 4671 3391 4727 Una
3410 4670 3581 4740 igitur

1988 4784 2135 4824 mors
2164 4774 2246 4823 est
2298 4765 2587 4832 naturalis,
2635 4764 2743 4820 alia
2797 4762 3049 4836 poenalis,
3082 4758 3243 4815 tertia
3291 4757 3576 4830 spiritalis.

1988 4859 2140 4915 Hanc
2168 4865 2498 4931 postremam
2528 4854 2777 4926 designat
2818 4850 3049 4916 Metcha,
3084 4865 3204 4921 quas
3250 4864 3396 4904 nova
3433 4864 3581 4905 mors

1988 4947 2193 5004 dicitur
2221 4965 2232 5003 :
2274 4946 2403 5019 quia
2431 4955 2670 5001 veterem
2699 4941 2928 4997 innovat
2958 4938 3264 5006 hominem,
3295 4944 3349 4994 et
3378 4954 3579 4994 novam

1987 5038 2119 5094 facit
2145 5045 2469 5102 creaturam,
2512 5033 2727 5089 dicente
2751 5030 3040 5102 Apostolo:
3122 5054 3140 5077 ι
3170 5029 3368 5085 Vetera
3393 5036 3584 5084 trans-

1989 5127 2192 5193 ierunt,
2247 5139 2369 5180 ecce
2415 5123 2559 5178 facta
2599 5128 2730 5178 sunt
2792 5120 2984 5177 omnia
3028 5136 3172 5176 nova
3212 5118 3300 5190 (II
3338 5119 3462 5175 Cor.
3522 5134 3579 5186 v,

1992 5217 2105 5287 17).
2158 5216 2345 5286 Itaque
2392 5219 2446 5268 et
2495 5228 2596 5268 nos
2642 5211 2734 5268 hic
2780 5208 3122 5267 mansionem
3175 5206 3462 5276 faciamus,
3519 5212 3583 5262 ut

1987 5304 2224 5378 peccatis
2254 5303 2481 5372 mortui,
2508 5302 2742 5375 justitize
2772 5308 3034 5373 perpetuo
3060 5299 3336 5355 vivamus.

2060 5394 2270 5451 XXVI.
2322 5394 2550 5459 mansio,
2606 5394 2852 5448 Esmona.
2919 5420 2989 5431 —
3058 5386 3269 5445 Mansio
3320 5385 3584 5443 vicesima

1988 5491 2143 5540 sexta
2172 5484 2412 5539 Esmona
2440 5488 2789 5555 nuncupatur
2815 5497 2829 5547 ;
2874 5495 3001 5537 nam
3029 5477 3202 5536 dicit:
3275 5501 3293 5524 ι
3325 5477 3397 5533 Et
3445 5491 3582 5548 pro—

1987 5571 2117 5630 fecti
2184 5588 2255 5629 ex
2325 5570 2563 5641 Metcha,
2619 5568 2986 5629 castrametati
3041 5574 3173 5624 sunt
3227 5566 3286 5624 in
3342 5566 3583 5622 Esmona

1990 5663 2175 5735 (Num.
2225 5680 2432 5732 χχχιιι,
2480 5662 2596 5733 29).
2629 5663 2872 5718 Esmona
2898 5657 3090 5715 Latine
3119 5657 3324 5715 dicitur
3364 5652 3583 5712 accele-

1987 5754 2149 5823 ratio,
2206 5752 2355 5831 quod
2403 5766 2640 5829 congrue
2687 5748 2817 5809 huic
2867 5746 3139 5807 mansioni
3173 5751 3408 5822 aptatur.
3439 5741 3575 5799 Nam
