3980 6372
283 395 345 450 31

1314 386 1410 438 ΑΙ)
1451 383 1685 438 ()I’EBA
1724 383 1779 437 Β.
1822 381 2153 436 AMllllUSll
2196 379 2579 436 APPENDIX.

3537 380 3606 434 32

288 515 382 572 ubi
414 515 600 571 anima
634 519 809 567 morte
838 510 1045 582 peccati
1092 523 1187 580 per
1221 506 1559 578 superiorem
1593 505 1882 561 stationem
1917 514 1966 574 Α
1997 505 2251 559 timorem
2280 502 2515 559 habeant
2541 504 2598 573 (Ι
2633 501 2766 559 Tim.
2806 519 2862 568 v,
2898 503 3016 572 20).
3053 526 3068 548 -
3107 503 3416 558 Habeamus
3439 505 3608 574 igitur

288 609 368 663 in‘
395 621 594 662 novam
649 602 818 658 evasit
876 607 1206 665 creaturam,
1262 598 1451 653 sistere
1525 597 1712 652 animo
1768 614 1879 652 non

287 704 484 771 potest,
516 710 628 750 non
659 693 773 747 otio
803 700 1050 763 torpere:
1110 687 1205 745 sed
1235 689 1472 744 ulterius
1502 686 1778 759 progredi,
1828 693 1881 741 et

287 787 590 844 accelerare
622 783 727 838 iter
767 779 1071 837 contendit.
1105 777 1425 834 Viatoribus
1453 785 1634 833 autem
1678 776 1882 832 celeri-

287 885 368 932 tas
394 873 677 947 aptissima
715 879 825 928 est:
851 887 913 926 ea
957 876 1178 943 propter
1209 867 1412 939 populo
1459 875 1675 937 patrum
1718 880 1883 919 man-

289 965 491 1022 ducare
519 961 720 1036 pascha
747 959 1083 1033 praecipitur,
1107 965 1161 1012 et
1192 956 1536 1012 festinanter.
1571 953 1711 1010 Hinc
1739 970 1883 1024 apo-

287 1053 443 1110 stolis
481 1050 802 1125 mandatum
849 1056 968 1104 est:
1033 1073 1051 1094 ε
1081 1045 1369 1103 Neminem
1421 1061 1518 1116 per
1547 1044 1693 1098 viam
1723 1044 1884 1098 salu-

293 1142 543 1202 taveritis
592 1143 744 1213 (Luc.
777 1155 836 1206 χ,
887 1137 968 1209 4).
1021 1138 1110 1194 Sic
1157 1136 1416 1192 Elismum
1465 1137 1522 1190 in
1569 1135 1881 1205 Regnorum

289 1236 434 1293 libro
483 1232 635 1291 Giezi
691 1230 1002 1303 injunxisse
1045 1228 1279 1300 legitur:
1339 1251 1356 1274 ε
1387 1225 1645 1297 Accinge,
1681 1225 1881 1296 inquit,

288 1324 504 1381 lumbos
535 1331 679 1388 tuos,
733 1329 787 1376 et
816 1321 944 1375 tolle
976 1317 1232 1374 baculum
1263 1333 1445 1371 meum
1483 1315 1537 1370 in
1573 1333 1739 1370 manu
1771 1323 1882 1382 tua,

287 1422 342 1471 et
365 1413 538 1470 vade:
570 1419 625 1467 et
649 1412 695 1467 si
728 1409 1008 1466 inveneris
1038 1407 1300 1479 aliquem,
1331 1422 1443 1461 non
1472 1405 1767 1461 benedicas
1811 1405 1883 1473 ei,

288 1512 343 1561 et
389 1505 435 1560 si
466 1500 813 1560 benedixerit
859 1497 961 1554 tibi
994 1497 1287 1571 quispiam,
1319 1512 1428 1551 non
1479 1495 1807 1567 respondeas
1837 1495 1885 1551 ei

292 1595 398 1665 (IV
446 1595 570 1664 Reg.
613 1609 692 1660 tv,
724 1591 858 1659 29):
891 1613 910 1636 ι
988 1604 1113 1643 nam
1147 1603 1284 1658 opus
1331 1586 1428 1641 Dei
1486 1601 1884 1656 praeproperam

289 1683 453 1738 etiam
535 1679 945 1736 festinationem
992 1675 1186 1747 exigit.
1256 1699 1275 1722 ι
1312 1673 1657 1741 Maledictus,
1706 1673 1886 1745 inquit

289 1771 574 1844 propheta,
633 1769 727 1842 qui
788 1767 921 1823 facit
967 1782 1105 1837 opus
1155 1763 1251 1820 Dei
1285 1763 1622 1835 negligenter
1668 1762 1882 1832 (Jerem.

288 1877 484 1927 xavm,
518 1859 630 1930 10).
663 1882 682 1904 ι
745 1855 873 1912 Ideo
901 1854 1208 1926 discipulus
1237 1853 1350 1921 ille,
1383 1853 1478 1925 qui
1522 1853 1690 1910 citius
1725 1853 1887 1907 Petro

287 1951 354 2006 ad
383 1953 804 2004 monumentum
851 1945 1142 2017 praecurrit
1172 1943 1354 2013 (Joan.
1397 1959 1495 2009 xx,
1550 1941 1633 2011 4),
1679 1941 1889 1996 immo-

289 2042 410 2098 dice
438 2038 879 2098 commendatur.
913 2039 976 2093 In
1004 2036 1094 2091 via
1117 2035 1216 2091 Dei
1247 2035 1334 2089 vel
1366 2033 1624 2088 festinam
1674 2041 1890 2105 Oportet

290 2130 725 2204 progressionem
779 2143 916 2193 esse,
945 2133 1007 2182 ut
1035 2123 1278 2192 diabolo,
1310 2123 1405 2196 qui
1447 2131 1552 2178 stat
1595 2138 1808 2194 semper
1859 2141 1891 2180 a

295 2221 526 2289 dextris,
559 2236 668 2294 quo
709 2218 914 2276 sanctis
959 2216 1299 2282 adversetur,
1347 2222 1586 2286 coeptum
1635 2214 1740 2269 iter
1774 2215 1889 2270 im-

292 2308 546 2383 pediendi
594 2307 833 2382 spatium
877 2323 989 2362 non
1020 2305 1384 2378 relinquatur.
1429 2304 1538 2360 Nos
1583 2303 1753 2375 igitur
1793 2305 1887 2378 qui

292 2399 527 2473 peccatis
573 2399 800 2468 mortui,
827 2398 1060 2471 justitiae
1090 2413 1186 2470 per
1232 2396 1446 2452 Metcha
1475 2397 1745 2462 vivimus,
1777 2412 1884 2452 non

291 2505 586 2562 sequamur
634 2489 798 2546 modo
845 2488 914 2545 ad
953 2489 1194 2560 palmam
1243 2502 1491 2558 supernae
1538 2486 1883 2550 vocationis;

293 2579 387 2635 sed
417 2579 476 2635 in
526 2581 768 2636 Esmona
797 2593 1102 2636 curramus.
1157 2577 1478 2632 festinantes
1507 2574 1576 2631 ad
1627 2575 1892 2648 proposi-

290 2675 407 2724 tum
458 2667 620 2725 nobis
662 2677 958 2724 certamen.
995 2666 1340 2723 Festinantes
1371 2681 1606 2738 namque
1651 2673 1892 2737 pastores

292 2765 582 2824 venerunt,
639 2765 695 2815 et
762 2758 1100 2814 invenerunt
1167 2771 1399 2828 puerum
1476 2755 1660 2812 Iesum
1735 2757 1887 2826 (Luc.

298 2863 358 2914 ιι,
394 2846 510 2918 16).

361 2951 598 3008 XXVII‘
634 2949 859 3018 mansio,
908 2951 1226 3007 Mossnoru.
1268 2981 1339 2993 —
1366 2949 1576 3007 Mansio
1628 2948 1889 3005 vicesima

291 3040 524 3113 septima
577 3039 882 3112 appellatur
934 3039 1248 3106 Moseroth;
1323 3040 1460 3095 dicit
1505 3038 1692 3094 enim:
1761 3062 1780 3085 ι
1820 3038 1892 3094 Et

294 3128 526 3205 profecti
555 3145 624 3184 ex
653 3130 913 3196 Esmona,
947 3129 1318 3186 castrametati
1360 3136 1489 3184 sunt
1518 3128 1574 3183 in
1614 3127 1890 3184 Moseroth

1923 1879 1968 1938 Β

296 3219 483 3290 (Num.
543 3233 748 3284 χχχιιι,
775 3215 892 3286 30).
948 3216 1200 3286 Congrue
1230 3230 1378 3272 nunc
1403 3214 1678 3272 Moseroth
1710 3231 1891 3272 succe-
1921 3242 1965 3302 ρ

295 3307 414 3375 dit;
441 3306 717 3378 signiﬁcat
741 3305 887 3362 enim
915 3304 1257 3378 disciplinas,
1281 3313 1342 3361 ut
1371 3305 1463 3378 qui
1483 3305 1889 3362 festinationem

296 3397 354 3456 in
391 3399 632 3455 Esmona
672 3397 777 3454 sibi
807 3397 1025 3466 ascivit,
1057 3413 1174 3453 eam
1207 3397 1372 3453 modo
1411 3397 1476 3453 ad
1503 3397 1896 3470 comparandas

294 3487 613 3562 disciplinas
649 3486 925 3560 sapienter
973 3495 1250 3545 accersat:
1313 3512 1331 3534 ι
1369 3488 1440 3543 Et
1480 3487 1573 3556 sit,
1619 3487 1767 3560 quod
1796 3488 1898 3543 Ja-

293 3577 462 3635 cobus
501 3578 778 3649 apostolus
824 3576 1004 3644 docet,
1035 3577 1219 3633 omnis
1254 3576 1422 3633 homo
1467 3578 1628 3633 velox
1671 3577 1893 3651 quidem

295 3665 364 3722 ad
387 3665 724 3722 audiendum
757 3664 896 3736 (Jac.
932 3683 969 3732 ι,
1006 3665 1117 3735 19).
1147 3689 1165 3711 ι
1209 3669 1356 3720 Deus
1383 3665 1694 3738 disciplinae
1726 3667 1897 3740 hujus

297 3763 489 3812 auctor
528 3761 641 3812 est:
693 3753 903 3811 dicitur
947 3753 1096 3810 enim
1147 3770 1243 3826 per
1293 3754 1652 3827 prophetam:
1702 3781 1720 3804 ε
1762 3757 1896 3824 Quis

297 3843 544 3902 ascendit
572 3842 628 3898 in
673 3843 898 3911 ccelum,
937 3849 990 3900 et
1035 3844 1246 3915 accepit
1274 3859 1414 3912 eam,
1445 3853 1498 3900 et
1541 3844 1735 3901 eduxit
1776 3861 1894 3900 eam

297 3951 328 3991 e
383 3933 674 3990 nubibus?
708 3933 844 4002 Quis
891 3932 1150 3989 transivit
1200 3942 1348 3990 trans
1377 3951 1547 4002 mare,
1577 3941 1628 3989 et
1678 3935 1897 3990 invenit

299 4039 439 4092 eam,
465 4031 518 4080 et
533 4023 721 4080 afferet
749 4039 864 4079 eam
895 4039 1030 4079 auro
1055 4023 1270 4079 electo?
1298 4025 1418 4080 Non
1449 4033 1528 4079 est
1559 4041 1893 4095 cognoscens

300 4115 444 4172 viam
490 4115 629 4188 ejus,
661 4131 836 4188 neque
874 4115 967 4188 qui
998 4115 1307 4172 consideret
1337 4115 1558 4170 semitas
1587 4114 1743 4186 ejus:
1799 4115 1894 4172 sed

300 4204 477 4262 sciens
534 4203 722 4260 omnia
774 4205 1060 4277 cognoscit
1117 4220 1261 4272 eam,
1320 4213 1373 4260 et
1428 4204 1716 4260 adinvenit
1771 4221 1890 4260 eam

301 4292 594 4366 prudentia
647 4310 747 4350 sua
777 4295 1037 4366 (Baruch.
1100 4311 1180 4363 ιιι,
1214 4292 1424 4364 29-32).
1475 4293 1604 4351 Ideo
1650 4294 1718 4349 ab
1775 4294 1894 4366 ipso

299 4383 605 4455 expetenda
657 4391 756 4452 est,
807 4383 1021 4440 dicente
1049 4383 1250 4440 Jacobo
1279 4385 1527 4456 apostolo
1558 4403 1569 4440 :
1637 4408 1655 4432 ‹
1685 4383 1740 4441 Si
1772 4385 1896 4457 quis

300 4480 544 4529 vestrum
591 4472 802 4545 indiget
847 4472 1136 4544 sapientia,
1168 4473 1410 4545 postulet
1437 4489 1468 4528 a
1515 4473 1627 4528 Deo
1660 4473 1755 4546 qui
1803 4473 1896 4530 dat

299 4561 558 4619 omnibus
586 4563 876 4619 aﬁluenter
894 4565 1032 4635 (Jac.
1056 4580 1096 4630 ι,
1127 4563 1208 4632 5).
1238 4587 1256 4609 ι
1302 4563 1430 4620 Haec
1443 4564 1642 4631 Deum,
1668 4562 1894 4636 ejusque

301 4669 465 4725 opera
505 4653 730 4709 revelat.
785 4653 1038 4722 Doctrix,
1084 4653 1268 4726 inquit
1323 4654 1601 4721 Salomon,
1660 4661 1742 4709 est
1796 4653 1894 4710 Dei

301 4741 615 4814 disciplina,
654 4750 706 4798 et
748 4743 980 4799 electrix
1013 4759 1239 4815 operum
1275 4743 1448 4811 illius,
1499 4741 1618 4814 ejus
1646 4743 1896 4800 custodia

301 4830 455 4901 virga
534 4833 892 4890 correctionis
973 4839 1102 4888 est.
1189 4833 1467 4905 Scriptum
1551 4842 1633 4890 est
1691 4833 1890 4891 enim:

319 4943 337 4965 ι
374 4919 551 4991 Plagae
589 4928 642 4975 et
695 4922 1067 4994 correptiones
1127 4921 1261 4978 dant
1313 4921 1638 4994 sapientiam
1705 4925 1894 4994 (Prov.

1927 4607 1972 4664 D

1990 595 2284 651 stationem
2341 593 2398 648 in
2447 592 2742 661 Moseroth,
2788 597 2880 654 15
2927 591 2984 648 id
3043 599 3143 660 est,
3195 594 3604 666 correptionum

1993 689 2418 745 mortificatione
2451 689 2508 744 in
2534 689 2830 760 disciplina
2860 690 2959 745 Dei
3008 689 3410 745 contineamur.

2065 779 2325 834 XXVIII“
2347 779 2574 843 mansio,
2598 779 2986 833 BANEJACHAM.
3021 809 3091 819 —
3108 778 3388 835 Vicesima
3415 786 3608 835 octava

1993 867 2204 922 mansio
2232 867 2289 921 in
2316 866 2676 937 Banejacham
2703 867 3003 938 peragitur;
3029 865 3212 940 inquit
3240 867 3387 922 enim
3415 884 3427 922 :
3474 890 3493 914 ε
3530 868 3606 923 Et

1992 956 2220 1028 profecti
2265 955 2331 1010 de
2362 955 2661 1022 Moseroth,
2695 964 2932 1010 castram
2949 955 3081 1010 etati
3114 963 3243 1011 sunt
3272 955 3328 1010 in
3368 954 3608 1028 Baneja-

1993 1045 2152 1100 cham
2197 1045 2381 1114 (Num.
2442 1061 2649 1110 xxxm,
2682 1045 2796 1115 3l).
2840 1070 2857 1092 »
2907 1045 3013 1113 Qui
3048 1045 3106 1100 in
3156 1045 3253 1100 Dei
3313 1045 3609 1118 disciplina

1995 1135 2288 1190 stationem
2318 1134 2501 1201 habet,
2525 1134 2774 1190 studium
2794 1151 2978 1202 omne,
3002 1151 3088 1190 om
3105 1151 3345 1208 nemque
3361 1152 3606 1206 operam,

1994 1233 2055 1280 ut
2084 1241 2152 1280 ne
2204 1225 2494 1279 minimum
2539 1225 2761 1296 quidem
2795 1242 2864 1280 ex
2916 1225 3031 1296 ipsa
3061 1224 3157 1280 Dei
3192 1225 3306 1294 lege
3338 1225 3606 1282 violatum

1997 1315 2313 1378 intercidat,
2343 1315 2534 1370 sedulo
2566 1315 2891 1386 impendere
2925 1315 3122 1381 debet,
3165 1324 3218 1371 et
3267 1324 3329 1372 ut
3359 1315 3609 1374 Salvator
3663 1340 3669 1347 -

1995 1404 2095 1470 ait,
2144 1429 2160 1450 σ
2190 1420 2256 1458 ne
2290 1404 2399 1458 iota
2428 1419 2620 1469 unum,
2653 1411 2744 1458 aut
2774 1421 2921 1459 unus
2949 1420 3086 1476 apex
3124 1428 3141 1449 ι
3177 1405 3360 1476 aLege
3389 1412 3606 1476 printer-

1995 1501 2082 1548 eat
2139 1493 2363 1562 (Matth.
2432 1509 2485 1560 ν,
2543 1492 2655 1560 18).
2714 1491 2885 1547 Debet
2943 1493 3092 1547 enim
3149 1492 3287 1548 illud
3337 1493 3607 1565 evangelii

1998 1592 2178 1638 mente
2225 1590 2488 1654 perpetuo
2519 1582 2777 1649 retinere,
2811 1598 2921 1654 quo
2947 1581 3160 1637 dicitur
3188 1600 3199 1637 :
3267 1608 3284 1628 ι
3314 1583 3450 1638 Dico
3481 1581 3607 1650 tibi,

2000 1689 2108 1728 non
2141 1671 2294 1727 exies
2327 1671 2474 1736 inde,
2502 1671 2679 1727 donec
2723 1674 2890 1727 etiam
2925 1671 3225 1726 minimum
3249 1671 3609 1744 quadrantem

1995 1761 2190 1818 reddas
2220 1762 2434 1830 (Matth.
2466 1778 2523 1828 v,
2555 1760 2648 1830 26)
2685 1761 2714 1816 ἢ
2750 1761 2884 1816 Nam
2920 1760 3064 1817 sicut
3087 1776 3196 1816 non
3221 1760 3373 1831 prius
3402 1760 3609 1816 fenoris

1997 1851 2243 1907 debitum
2268 1859 2588 1914 evacuatur,
2620 1868 2782 1925 quam
2823 1851 3005 1906 totius
3034 1851 3199 1907 sortis
3217 1850 3285 1907 ad
3314 1852 3608 1908 minimum

1998 1957 2170 2013 usque
2228 1943 2578 1998 nummulum
2665 1957 3006 2014 quocunque
3057 1941 3351 1996 solutionis
3415 1957 3609 2012 genere

1999 2030 2277 2102 quantitas
2315 2030 2572 2085 universa
2618 2030 2896 2096 solvatur;
2952 2029 3031 2085 sic
3060 2045 3162 2085 nec
3193 2029 3396 2101 peccati
3429 2047 3604 2100 poena,

1999 2119 2104 2175 nisi
2151 2119 2439 2176 charitatis
2485 2119 2940 2192 reliquarumque
2985 2120 3434 2191 compensatione
3484 2120 3608 2175 vir-

2000 2219 2203 2278 tutum,
2262 2211 2348 2265 vel
2409 2209 2599 2265 stricta
2655 2209 3034 2264 satisfactione
3083 2208 3429 2267 dissolvitur.
3487 2211 3604 2266 Non

1999 2299 2204 2355 eluitur
2229 2306 2540 2372 peccatum,
2582 2299 2796 2366 fratres,
2832 2299 2942 2354 nisi
2977 2300 3153 2371 pcenis
3183 2300 3375 2356 tandiu
3405 2301 3608 2357 noxius

2000 2397 2338 2456 exerceatur,
2397 2395 2458 2444 ut
2486 2387 2768 2444 commissi
2825 2405 2926 2460 sup
2949 2389 3116 2461 plicia
3144 2389 3347 2445 erroris
3391 2405 3608 2462 expen—

2001 2478 2111 2534 dat.
2140 2479 2367 2534 Dicebat
2395 2478 2630 2534 Jacobus
2658 2478 2938 2549 apostolus
2965 2497 2976 2534 :
3041 2502 3060 2525 α
3099 2478 3203 2545 Qui
3234 2485 3403 2534 totam
3435 2479 3605 2552 legem

1999 2567 2320 2634 servaverit,
2345 2566 2586 2622 offendat
2600 2575 2782 2623 autem
2805 2566 2862 2622 in
2893 2583 3027 2636 uno,
3049 2567 3224 2623 factus
3251 2577 3332 2624 est
3356 2569 3606 2624 omnium

2001 2675 2124 2714 reus
2158 2656 2361 2729 (Iacob.
2395 2674 2457 2724 ιι,
2493 2658 2604 2728 10).
2641 2680 2658 2703 ι
2715 2655 3077 2712 Ponderanda
3122 2663 3205 2712 est
3253 2674 3470 2730 quoque
3513 2657 3608 2713 illa

2000 2749 2099 2805 Dei
2131 2745 2423 2814 sententia,
2458 2761 2578 2818 quae
2615 2745 2669 2800 in
2700 2746 2840 2818 Lege
2871 2746 3082 2817 scripta
3110 2753 3228 2801 est:
3278 2771 3296 2792 ε
3325 2747 3441 2818 Ego
3486 2763 3608 2803 sum

2000 2840 2272 2898 Dominus
2302 2841 2447 2895 Deus
2473 2845 2623 2904 tuus,
2654 2839 2799 2893 Deus
2828 2838 3028 2893 zelotes
3075 2837 3282 2907 (Exod.
3328 2854 3426 2904 xx,
3460 2838 3542 2908 5).
3575 2862 3592 2884 ι

2002 2932 2114 2986 Lex
2150 2930 2318 3001 igitur
2344 2927 2441 2984 Dei
2468 2927 2818 2984 exactissima
2847 2943 3065 3000 quaque
3096 2921 3333 2983 censura
3364 2933 3446 2982 est
3467 2942 3609 2982 exa-

2001 3019 2280 3085 minanda,
2315 3025 2369 3073 et
2400 3018 2549 3071 omni
2579 3033 2686 3088 qua
2715 3023 2893 3086 potest
2915 3015 3112 3087 majori
3145 3015 3454 3071 sedulitate
3483 3032 3609 3071 ser-

2001 3107 2200 3175 vanda,
2234 3121 2301 3161 ne
2341 3104 2408 3159 ab
2436 3120 2497 3160 ea
2527 3104 2667 3158 forte
2693 3103 3045 3158 excidamus.
3082 3104 3197 3159 Hoc
3238 3120 3338 3160 nos
3370 3121 3608 3176 praesens

2003 3198 2216 3255 mansio
2277 3195 2478 3252 docet:
2553 3192 2919 3264 Banejacham
2997 3193 3146 3249 enim
3205 3195 3605 3252 excolationem

2006 3289 2273 3360 designat.
2305 3285 2411 3353 Qui
2441 3291 2624 3339 autem
2657 3283 2828 3355 legem
2861 3281 2961 3339 Dei
2997 3283 3257 3354 percolat,
3289 3299 3357 3338 ne
3378 3283 3610 3340 minima

2005 3379 2227 3454 quidem
2272 3376 2358 3432 vel
2413 3373 2623 3446 syllaba
2652 3374 2740 3428 vel
2786 3388 2925 3445 apex
2973 3373 3308 3447 negligenter
3359 3374 3594 3443 labatur,

2003 3469 2301 3540 diligenter
2329 3464 2601 3521 observat.

2077 3577 2288 3634 ΧΧΙΧ·
2318 3574 2547 3642 mansio,
2579 3573 2832 3630 Ganoxn.
2856 3571 3216 3629 —Vicesima
3235 3589 3380 3629 nona
3397 3574 3609 3632 mansio

2005 3667 2239 3725 habetur
2260 3665 2317 3719 in
2358 3670 2544 3719 monte
2574 3661 2829 3734 Gadgad;
2862 3661 2998 3717 dicit
3030 3677 3304 3734 namque:
3354 3688 3370 3708 -
3403 3663 3473 3718 Et
3487 3679 3606 3735 pro-

2005 3759 2132 3814 fecti
2180 3756 2246 3812 de
2276 3753 2661 3826 Banejacham,
2719 3752 3088 3811 castrametati
3145 3760 3274 3808 sunt
3329 3753 3387 3808 in
3421 3761 3606 3810 monte

2005 3848 2226 3920 Gadgad
2269 3849 2454 3920 (Num.
2499 3863 2705 3914 χχχιιι,
2753 3844 2868 3912 32).
2920 3844 3171 3900 Tentatio
3217 3845 3414 3900 anima
3455 3844 3607 3901 ﬁdeli

2003 3939 2273 4007 custodia,
2305 3937 2572 3993 fortitudo
2605 3945 2658 3993 et
2688 3935 2912 3992 virtutis
2940 3943 3296 4006 augmentum
3335 3943 3447 4005 est;
3480 3952 3607 3994 nam

2003 4030 2188 4085 anima
2224 4027 2380 4100 justi,
2423 4026 2528 4081 nisi
2558 4024 2961 4083 tentationibus
2995 4025 3276 4082 interdum
3325 4042 3383 4082 se
3425 4027 3607 4098 urgeri

2003 4118 2248 4185 sentiret,
2280 4115 2482 4172 nedum
2513 4115 2570 4171 in
2622 4114 2872 4172 custodia
2903 4131 3015 4171 non
3048 4123 3312 4184 maneret,
3347 4115 3483 4188 quin
3515 4131 3607 4188 po-

2004 4211 2114 4267 tius
2142 4218 2404 4282 tanquam
2439 4205 2739 4278 gratiarum
2772 4205 2930 4277 copia
2957 4204 3214 4261 difﬂuens
3244 4205 3604 4263 relaxaretur.

2005 4300 2261 4371 AMoyse
2309 4303 2496 4352 sancto
2551 4295 2945 4351 documentum
2989 4293 3097 4350 hoc
3149 4295 3292 4351 clare
3350 4295 3600 4351 habetur.

2004 4390 2148 4444 Dum
2207 4385 2444 4459 populus
2509 4383 2788 4457 lampades
2843 4393 2898 4441 et
2953 4392 3196 4440 montem
3243 4384 3605 4457 fumigantem

2004 4486 2270 4546 cerneret,
2317 4492 2586 4549 vocesque
2632 4474 2870 4540 audiret,
2919 4481 2974 4529 et
3019 4474 3246 4530 territus
3293 4492 3324 4530 a
3368 4475 3608 4532 Domino

2006 4571 2236 4641 fugeret,
2267 4568 2413 4624 dixit
2443 4569 2686 4640 Moyses:
2737 4593 2754 4614 ι
2785 4565 3088 4633 Confidite,
3119 4582 3283 4622 causa
3313 4566 3460 4623 enim
3489 4575 3606 4622 ten-

2005 4661 2158 4716 tandi
2215 4677 2313 4715 vos
2343 4659 2496 4713 venit
2542 4659 2690 4713 Deus
2720 4655 2787 4712 ad
2819 4673 2954 4712 vos:
3013 4662 3078 4710 ut
3112 4656 3185 4712 sit
3213 4655 3381 4711 timor
3407 4655 3523 4729 ejus
3549 4657 3607 4712 in

2008 4747 2184 4815 vobis,
2209 4755 2263 4803 et
2291 4763 2402 4802 non
2433 4746 2669 4819 peccetis
2701 4746 2882 4812 (Deut.
2914 4759 3041 4812 χιιι,
3082 4743 3161 4815 3).
3196 4767 3214 4788 ι
3241 4743 3459 4800 Dicitur
3477 4760 3608 4818 quo-

2007 4854 2112 4911 que
2143 4835 2438 4893 fortitudo:
2472 4851 2598 4890 nam
2631 4833 2815 4889 anima
2844 4849 2874 4888 a
2905 4833 3317 4905 multiplicibus
3350 4849 3405 4888 se
3433 4840 3608 4890 tenta-

2010 4925 2210 4982 mentis
2238 4932 2445 4996 septam
2486 4939 2811 4994 agnoscens,
2860 4922 3077 4980 cautius
3120 4921 3351 4990 incedit,
3399 4929 3452 4978 et
3482 4937 3608 4978 ma-

304 5023 464 5076 χχιχ,
492 5007 603 5078 15).
635 5031 654 5055 ι
725 5009 947 5080 Legitur
993 5011 1050 5065 in
1080 5011 1334 5068 Numeris
1383 5010 1666 5067 hominem
1699 5028 1899 5084 quem-
2002 5017 2179 5091 jorem
2227 5035 2260 5073 a
2311 5015 2548 5073 Domino
2601 5015 2867 5070 virtutem
2925 5013 3186 5086 postulat,
3236 5013 3425 5070 dicens
3480 5028 3607 5069 cum

306 5097 431 5154 dam
476 5097 536 5154 in
588 5099 678 5154 die
707 5098 917 5154 sabbati
971 5101 1120 5171 ligna
1148 5102 1495 5175 colligentem
1528 5101 1900 5175 comprehen-

307 5205 428 5245 sum
489 5187 681 5258 fuisse,
745 5205 931 5245 coram
1004 5190 1192 5262 Moyse
1265 5199 1319 5245 et
1387 5192 1700 5249 senioribus
1777 5191 1899 5248 sisti

306 5277 646 5346 mandatum,
701 5287 754 5334 et
788 5278 1004 5334 tandem
1049 5284 1208 5351 jussu
1237 5279 1335 5336 Dei
1390 5289 1562 5336 morte
1621 5281 1898 5354 punitum,

310 5367 586 5439 lapidibus
606 5369 865 5425 obrutum
893 5384 904 5422 :
945 5395 962 5415 -
978 5369 1174 5434 Morte,
1195 5369 1396 5442 inquit,
1418 5370 1684 5426 moriatur
1699 5370 1898 5437 homo;

315 5457 630 5530 lapidabitis
667 5475 791 5515 eum
839 5457 1115 5531 lapidibus
1163 5461 1344 5518 omnis
1368 5461 1718 5532 congregatio
1747 5470 1904 5516 extra

310 5553 486 5602 castra
515 5548 699 5616 (Num.
733 5564 832 5616 xv,
863 5549 978 5620 35).
1014 5548 1172 5616 Quod
1199 5547 1257 5604 in
1289 5548 1392 5606 hac
1420 5551 1706 5606 mansione
1729 5549 1902 5622 aliqui

312 5635 513 5692 factum
575 5642 789 5709 putant.
833 5638 975 5694 Hinc
1027 5638 1326 5710 Apostolus
1382 5654 1598 5710 quoque
1647 5638 1898 5695 dicebat:

325 5760 342 5778 -
379 5733 697 5792 Peccantem
773 5748 957 5790 coram
1032 5733 1290 5791 omnibus
1362 5749 1548 5806 argue,
1612 5743 1674 5791 ut
1720 5733 1902 5796 caateri

2012 5107 2319 5179 Propheta:
2387 5130 2406 5154 ι
2438 5107 2694 5162 Miserere
2752 5105 2885 5174 mei,
2923 5107 3090 5174 Deus,
3151 5102 3412 5177 quoniam
3445 5101 3606 5160 multi

2010 5200 2280 5255 bellantes
2306 5196 2598 5252 adversum
2643 5211 2730 5252 me
2776 5196 2952 5267 (Psal.
2982 5212 3070 5263 LV,
3102 5195 3158 5263 2,
3187 5194 3268 5265 3).
3301 5217 3320 5239 ι
3368 5191 3608 5249 Virtutis

2010 5305 2141 5345 vero
2195 5293 2573 5360 augmentum,
2633 5292 2903 5359 quatenus
2973 5283 3156 5340 anima
3209 5281 3608 5340 tentationibus

2011 5377 2250 5434 exercita
2280 5377 2468 5450 purior
2491 5375 2788 5448 egreditur.
2822 5373 2948 5431 Ideo
2979 5373 3237 5431 Salomon
3277 5373 3334 5429 in
3364 5372 3609 5429 Prover-

2010 5466 2119 5524 biis
2147 5465 2283 5523 dicit
2310 5483 2322 5522 :
2370 5491 2388 5514 ι
2417 5466 2570 5522 Sicut
2599 5463 2862 5536 probatur
2891 5463 2949 5519 in
2980 5462 3203 5521 camino
3238 5470 3530 5535 argentum
3553 5468 3608 5517 et

2011 5573 2227 5625 aurum,
2258 5557 2340 5614 sic
2365 5557 2538 5612 electa
2561 5553 2726 5611 corda
2753 5553 2897 5626 apud
2916 5553 3217 5611 Dominum
3243 5553 3429 5626 (Prov.
3461 5566 3606 5620 xvu,

2012 5648 2092 5719 3).
2123 5671 2143 5695 ι
2192 5645 2612 5702 Tentationibus
2641 5645 2882 5702 animam
2910 5645 3177 5717 proﬁcere
3205 5648 3433 5699 sanctus
3460 5641 3607 5714 qud-

2012 5754 2116 5810 que
2158 5733 2389 5794 Jacobus
2434 5735 2710 5807 apostolus
2755 5741 2985 5792 testatur
3037 5732 3262 5790 dicens:
3341 5755 3358 5777 -
3399 5729 3602 5785 Beatus
