3980 6376
312 411 378 469 33
1225 406 1320 464 DE
1360 408 1507 465 XLII
1546 407 2015 466 MANSIONIBUS
2053 409 2389 467 FlLlORUM
2428 410 2700 467 ISBAEL.
3535 411 3604 467 34

309 538 397 595 vir
413 537 506 611 qui
532 538 724 596 suffert
755 537 1112 596 tentationem
1131 579 1147 605 ,
1176 537 1437 609 quoniam
1466 553 1593 593 cum
1635 536 1895 609 probatus
1921 544 1972 601 Α
2011 534 2114 591 tiat
2143 533 2501 603 desiderium,
2523 544 2580 591 et
2607 536 2665 589 in
2694 552 2802 607 quo
2843 544 3104 608 perpetuo
3164 553 3481 611 permanere
3511 537 3605 595 de-

308 636 493 705 fuerit,
525 636 758 709 accipiet
803 651 1062 693 coronam
1112 635 1243 691 vitae
1286 635 1424 707 (Jac.
1458 651 1500 703 1,
1536 634 1652 704 12).
1689 659 1708 683 ι
1762 636 1900 692 Sunt

307 725 476 799 igitur
520 743 633 783 non
674 725 948 799 fugienda
972 769 987 794 ,
1026 723 1122 781 sed
1162 722 1482 796 expetendae
1530 724 1894 794 tentationes;

308 817 453 874 unde
480 817 657 875 David
706 816 975 891 propheta
1013 816 1153 874 dicit
1183 833 1195 871 :
1244 840 1262 863 ι
1293 816 1470 872 Proba
1499 833 1606 886 me,
1643 817 1896 899 Domine,

308 914 363 964 et
391 915 540 964 tenta
568 923 654 962 me
679 907 860 976 (Psal.
891 923 1029 975 xxv,
1050 907 1132 979 2).
1170 932 1190 955 ι
1247 905 1732 977 Progredientibus
1772 924 1899 979 ergo

308 998 366 1054 in
396 998 487 1053 via
513 996 735 1053 Domini
780 1004 1119 1053 tentamenta
1166 995 1511 1069 frequentius
1550 995 1893 1069 ingeruntur,

309 1094 369 1144 ut
392 1086 607 1143 cautius
636 1086 1085 1158 fructuosiusque
1115 1084 1394 1141 incedant.
1417 1085 1534 1140 Hoc
1561 1085 1722 1141 nobis
1748 1102 1895 1141 man-

306 1174 388 1231 sio
416 1174 534 1232 haec
576 1175 821 1233 insinuat
853 1193 865 1231 :
920 1191 1048 1232 nam
1095 1173 1317 1246 Gadgad
1355 1182 1755 1231 tentamentum
1798 1176 1896 1231 in—

305 1272 650 1336 terpretatur.
681 1266 760 1322 Ne
782 1265 954 1337 igitur
998 1272 1276 1321 tantarum
1304 1264 1463 1336 copia
1492 1264 1763 1320 virtutum
1792 1281 1898 1321 su-

305 1354 582 1429 periorum
608 1354 958 1411 mansionum
988 1354 1166 1411 viator
1185 1353 1459 1409 diﬂlueret
1486 1354 1573 1409 vel
1600 1353 1893 1424 laberetur,

303 1443 573 1517 superiori
604 1444 710 1502 ista
738 1444 951 1501 mansio
981 1444 1244 1501 succedit.

372 1533 563 1591 ΧΧΧι
601 1535 831 1605 mansio,
860 1536 1238 1592 Insanum.
1271 1565 1342 1577 —
1378 1533 1589 1592 Mansio
1619 1533 1895 1591 tricesima

300 1623 610 1681 celebratur
651 1624 709 1681 in
766 1625 1126 1694 Jethebatha;
1176 1624 1323 1682 unde
1378 1623 1674 1698 sequitur:
1748 1647 1769 1672 ι
1824 1624 1895 1679 Et

301 1713 535 1786 profecti
586 1713 654 1770 de
710 1723 896 1772 monte
945 1715 1187 1787 Gadgad,
1222 1714 1592 1771 castrametati
1649 1722 1781 1770 sunt
1832 1714 1893 1769 in

298 1802 624 1860 Jethebatha
655 1805 839 1876 (Num.
872 1821 1078 1872 χχχιιι,
1122 1804 1237 1876 33).
1276 1803 1665 1861 Tentationum
1719 1818 1893 1875 expe-

2008 622 2136 678 beas
2164 621 2338 694 (Orig.
2374 624 2482 677 loco
2510 622 2649 695 cit.).

2080 713 2317 769 ΧΧΧΙΙι
2348 714 2574 783 mansio,
2606 715 2979 770 Asronaanan.
2997 713 3297 771 —Mansio
3324 714 3605 774 tricesima

2008 801 2249 857 secunda
2276 801 2481 858 dicitur
2507 802 2865 875 Asiongaber,
2896 818 3005 876 quo
3051 800 3159 857 ﬁlii
3207 803 3373 859 Israel
3417 804 3601 877 appli-

2006 899 2276 959 cuerunt;
2308 892 2455 947 unde
2485 893 2737 965 sequitur
2774 909 2786 947 :
2830 914 2849 938 ι
2892 893 2966 948 Et
2995 891 3230 964 profecti
3266 891 3334 947 de
3361 892 3601 961 Ebrona,

2006 980 2377 1036 castrametati
2408 990 2538 1037 sunt
2567 981 2625 1036 in
2639 979 3181 1053 Asiongaber(Nu'm.
3215 996 3421 1052 χχχιιι,
3449 983 3590 1056 35).-

2006 1067 2288 1124 Postrerna
2312 1068 2557 1124 ﬁliorum
2605 1069 2770 1125 Israel
2818 1071 2876 1124 in
2920 1069 3134 1125 deserto
3177 1069 3393 1125 Pharan
3442 1070 3605 1127 statio

2006 1156 2125 1214 hanc
2145 1169 2253 1226 est;
2291 1174 2419 1214 nam
2447 1167 2508 1215 ut
2537 1160 2594 1214 in
2624 1159 3002 1231 superioribus
3030 1158 3299 1229 diximus,
3340 1161 3605 1234 plurimas

2003 1247 2255 1304 ambiens
2284 1249 2599 1305 mansiones
2646 1249 2742 1305 illa
2782 1249 3024 1305 solitudo
3062 1249 3346 1323 hucusque
3373 1259 3606 1323 proten-

2004 1335 2158 1392 ditur
2191 1355 2203 1393 :
2238 1337 2633 1412 interpretatur
2654 1355 2786 1394 vero
2813 1337 3049 1395 consilia
3078 1337 3206 1394 viri.
3240 1339 3311 1393 Et
3342 1347 3488 1395 recte
3506 1338 3605 1395 in-

2004 1426 2244 1481 tentioni
2273 1426 2505 1499 quadrat
2538 1445 2549 1483 :
2586 1427 2848 1501 quoniam
2869 1427 2965 1500 qui
3002 1434 3184 1483 tantas
3211 1426 3420 1499 peregit
3450 1442 3606 1484 man-

2002 1514 2203 1584 siones,
2234 1523 2319 1572 tot
2345 1517 2615 1573 virtutum
2645 1517 2956 1590 penetravit
2972 1515 3150 1585 sinus,
3180 1522 3262 1572 tot
3291 1515 3601 1573 charisma-

2003 1610 2121 1659 tum
2172 1604 2475 1676 spiramina
2519 1605 2711 1674 sensit,
2744 1613 2824 1662 tot
2854 1622 2912 1663 se
2955 1606 3155 1662 studiis
3200 1606 3601 1679 perfectionum

2003 1695 2253 1749 exercuit
2338 1692 2453 1769 jam
2511 1694 2677 1751 desiit
2731 1710 2848 1751 esse
2902 1711 3039 1767 puer
3093 1695 3369 1763 sensibus,
3393 1694 3509 1767 jam
3533 1694 3602 1750 ad

2002 1796 2322 1838 mensuram
2352 1784 2528 1839 aetatis
2558 1784 2922 1856 plenitudinis
2952 1784 3158 1842 Christi
3187 1784 3462 1858 pervenit,
3486 1783 3601 1856 jam

297 1892 539 1950 rimento
583 1871 762 1950 virtus
818 1892 980 1965 justi,
1026 1871 1089 1950 ut
1133 1871 1203 1949 in.
1284 1892 1555 1965 superiori
1611 1871 1893 1949 mansione
1926 1904 1972 1963 Β
2000 1871 2176 1965 “PV”
2220 1872 2281 1926 in
2325 1873 2511 1928 Virum
2552 1873 2885 1965 Perfectum:
3045 1872 3173 1929 ideo
3213 1872 3323 1965 νίξι
3371 1871 3604 1929 οοηδίιίει

297 1980 513 2039 dictum
543 1990 644 2051 est,
685 1982 857 2055 magis
897 1983 1215 2055 conspicua,
1256 1982 1564 2054 clariorque
1609 1982 1887 2040 elucescit.

297 2070 445 2128 Hinc
470 2072 635 2128 etiam
672 2073 867 2129 Petrus
908 2073 1186 2144 apostolus
1220 2090 1232 2127 :
1280 2096 1298 2118 ι
1326 2068 1693 2128 Exsultabitis
1721 2089 1888 2141 nunc,

297 2160 506 2235 inquit,
537 2161 584 2217 si
623 2168 839 2233 oportet
877 2160 1194 2217 contristari
1253 2159 1423 2216 variis
1471 2160 1888 2229 tentationibus,

298 2255 361 2305 ut
392 2248 645 2321 probatio
676 2256 869 2305 vestrae
898 2248 1029 2305 ﬁdei
1057 2250 1232 2305 multo
1259 2247 1551 2321 pretiosior
1579 2250 1892 2323 auro,quod

296 2353 393 2411 per
421 2339 605 2412 ignem
634 2340 914 2412 probatur,
948 2339 1265 2396 inveniatur
1305 2340 1370 2411 (Ι
1394 2340 1540 2395 Patr.
1586 2356 1625 2408 ι,
1656 2340 1712 2409 6,
1747 2340 1825 2413 7).
1859 2364 1878 2389 ι

296 2430 559 2504 Majorem
588 2433 752 2488 etiam
780 2448 877 2505 per
921 2430 1063 2487 illud
1104 2429 1343 2503 acquirit
1386 2429 1641 2501 gratiam,
1674 2430 1798 2485 ideo
1832 2429 1891 2485 in

298 2519 444 2577 libro
501 2520 795 2592 Sapientia:
848 2520 1112 2592 scriptum
1160 2526 1285 2575 est:
1348 2542 1368 2566 ι
1416 2518 1653 2575 Probata
1707 2526 1889 2574 autem

299 2608 483 2665 virtus
510 2610 741 2683 corripit
767 2609 1089 2681 insipientes
1123 2608 1277 2682 (Sap.
1311 2625 1351 2676 ι,
1382 2607 1462 2680 3).
1495 2632 1515 2656 ι
1545 2608 1647 2663 Per
1675 2606 1816 2663 illud
1832 2610 1892 2662 in

296 2700 481 2759 medio
508 2702 675 2759 etiam
705 2702 946 2759 nationis
973 2718 1153 2774 pravae
1202 2702 1377 2756 latens
1412 2700 1591 2756 exerit
1628 2715 1685 2754 se
1714 2699 1893 2755 virtus

297 2799 351 2848 et
381 2792 564 2861 lucet;
597 2793 721 2849 ideo
767 2793 1047 2865 apostolus
1075 2793 1277 2847 Paulus
1325 2790 1395 2846 ad
1426 2789 1748 2847 Corinthios
1794 2806 1893 2845 1n—

295 2883 419 2956 quit
452 2900 464 2939 :
514 2907 533 2930 ε
562 2883 790 2955 Oportet
819 2884 1049 2939 haereses
1075 2898 1213 2950 esse,
1245 2890 1307 2938 ut
1352 2880 1449 2951 qui
1495 2879 1709 2952 probati
1740 2887 1891 2945 sunt,

290 2971 576 3027 manifesti
605 2971 742 3028 ﬁant
770 2972 828 3027 in
858 2972 1015 3027 vobis
1048 2973 1100 3044 (1
1132 2972 1258 3027 Cor.
1291 2986 1373 3038 χι,
1410 2969 1521 3040 19).
1553 2992 1573 3016 ι
1615 2968 1893 3024 Sincerior

291 3058 517 3118 bonitas
547 3078 577 3117 θ
609 3062 1006 3118 tentationibus
1044 3061 1250 3133 prodit,
1276 3060 1422 3117 sicut
1461 3059 1655 3131 purius
1699 3074 1889 3130 argen-

290 3152 411 3202 tum
470 3161 500 3201 e
568 3146 785 3203 camino
848 3146 1027 3219 ignis;
1090 3146 1272 3220 inquit
1346 3147 1493 3201 enim
1554 3146 1887 3217 Scriptura:

307 3258 326 3282 ι
353 3233 629 3302 Quoniam
670 3234 727 3289 in
755 3234 880 3307 igne
909 3234 1169 3307 probatur
1196 3242 1503 3307 argentum,
1538 3242 1594 3289 et
1635 3233 1888 3290 homines
1922 3266 1943 3321 (

293 3324 640 3397 receptibiles
669 3324 726 3380 in
741 3324 959 3382 camino
979 3325 1311 3407 humilitatis
1334 3326 1505 3397 (Eccl.
1529 3340 1589 3392 ιι,
1608 3324 1715 3397 ὕ).ι
1746 3323 1883 3380 Cum

294 3411 465 3485 igitur
491 3414 683 3487 purior
701 3430 731 3470 e
767 3422 1108 3471 tentamento
1157 3414 1376 3471 bonitas
1404 3413 1578 3470 veluti
1607 3428 1637 3468 θ
1667 3413 1886 3470 camino

294 3509 489 3571 exeat;
524 3502 721 3559 merito
746 3519 896 3562 nunc
930 3503 1278 3575 Jethebatha,
1309 3520 1429 3578 quae
1457 3502 1676 3559 bonitas
1703 3502 1881 3558 inter-

296 3600 561 3665 pretatur,
591 3592 857 3651 succedit.
1566 3606 1575 3611 ‘

366 3681 583 3739 XXXII
610 3699 838 3751 mansio,
866 3683 1115 3739 Ennoru.
1145 3712 1216 3725 —
1240 3682 1450 3741 Mansio
1469 3681 1745 3739 tricesima
1775 3680 1889 3754 pri-

299 3784 387 3825 ma
413 3770 595 3842 agitur
624 3770 684 3827 in
710 3771 962 3839 Ebrona;
1001 3770 1126 3828 ideo
1156 3770 1296 3829 dicit
1331 3789 1344 3828 :
1392 3794 1411 3820 α
1440 3774 1513 3828 Et
1558 3771 1791 3843 profecti
1821 3771 1889 3829 de

298 3857 656 3930 Jethebatha,
700 3862 1069 3918 castrametati
1112 3868 1242 3918 sunt
1305 3863 1366 3918 in
1420 3863 1645 3918 Ebrona
1689 3862 1882 3933 (Num.

299 3963 501 4019 χχχιιι,
535 3949 651 4024 34).
681 3976 700 4001 ι
740 3952 929 4008 Justus
982 3954 1236 4024 quamvis
1262 3952 1322 4009 in
1349 3952 1452 4009 hac
1480 3951 1597 4009 vita
1621 3951 1690 4007 ad
1715 3950 1888 4007 boni-

299 4045 463 4097 tatem
493 4041 659 4097 etiam
683 4041 977 4114 perfectam
1007 4042 1310 4111 devenerit,
1331 4041 1480 4099 haud
1498 4050 1682 4098 tamen
1700 4056 1886 4097 animo

299 4128 462 4201 sistit,
492 4146 596 4188 nec
640 4133 894 4204 praesenti
939 4140 1290 4190 contentatur
1328 4141 1505 4199 statu;
1538 4133 1674 4205 quin
1703 4134 1886 4204 potius

300 4228 498 4276 cuncta
530 4221 919 4295 pertransiens,
971 4221 1222 4295 ﬂagranti
1274 4223 1440 4277 etiam
1470 4220 1743 4277 desiderio
1795 4227 1887 4284 16

301 4317 369 4373 ad
393 4320 623 4376 meliora
645 4319 949 4377 contendit.
983 4319 1126 4375 Hinc
1169 4318 1349 4375 David
1394 4318 1664 4391 propheta
1692 4318 1837 4375 dixit
1870 4336 1882 4375 :

316 4430 334 4453 ι
362 4408 490 4466 Haec
540 4409 856 4465 recordatus
910 4425 1054 4478 sum,
1101 4417 1156 4465 et
1207 4408 1375 4464 effudi
1421 4409 1479 4463 in
1521 4424 1607 4463 me
1648 4407 1888 4463 animam

304 4510 476 4553 meam
502 4516 517 4566 ;
546 4499 805 4571 quoniam
836 4498 1082 4555 transibo
1126 4498 1183 4553 in
1215 4499 1395 4554 locum
1429 4497 1769 4554 tabernaculi
1797 4495 1886 4552 ad-

305 4586 594 4677 mirabilis,
621 4603 793 4661 usque
837 4587 909 4677 ad
949 4586 1203 4677 domum,
1225 4588 1325 4643 Dei
1362 4588 1536 4658 (Psat.
1563 4603 1702 4677 xu,
1741 4587 1822 4677 5).
1855 4612 1874 4636 ι

305 4674 385 4731 Ibi
414 4693 546 4733 vero
576 4678 842 4751 quiescet,
872 4676 954 4732 ibi
982 4674 1303 4748 implebitur
1336 4691 1498 4731 omne
1528 4675 1645 4748 ejus
1673 4674 1889 4732 deside-

306 4764 468 4823 rium.
498 4766 626 4823 Ideo
654 4767 765 4823 alio
790 4767 851 4823 in
872 4766 994 4823 loco
1022 4766 1169 4822 idem
1200 4766 1462 4838 propheta
1490 4765 1638 4820 dixit
1667 4766 1892 4821 :cSatia-

308 4852 437 4923 bor,
494 4857 768 4926 Domine,
824 4873 949 4914 cum
1006 4857 1322 4928 apparuerit
1377 4855 1517 4911 mihi
1572 4856 1745 4927 gloria
1800 4862 1894 4911 tua

310 4943 481 5015 (Psat.
512 4963 630 5015 xvr,
662 4947 772 5019 15).
805 4972 824 4996 ι
864 4947 928 5002 In
955 4946 1060 5003 hac
1088 4947 1203 5001 vita
1230 4962 1341 5001 non
1371 4945 1547 5017 quies,
1580 4945 1675 5001 sed
1704 4960 1891 5016 peren-

307 5031 393 5087 nis
418 5042 503 5090 est
528 5034 813 5091 transitus.
845 5035 1022 5102 Quare
1062 5050 1298 5107 sponsus
1339 5035 1400 5089 in
1443 5033 1688 5091 Canticis
1724 5032 1893 5089 canti-

308 5139 494 5181 corum
542 5126 613 5182 ob
653 5142 850 5183 cursus
893 5126 1273 5199 pernicitatem
1319 5141 1496 5196 caprae
1552 5124 1894 5195 hinnuloque

309 5227 594 5271 cervorum
639 5214 977 5270 assimilatur
1023 5215 1206 5286 (Cant.
1250 5231 1312 5282 ιι,
1343 5215 1401 5287 9)
1435 5232 1447 5269 ;
1497 5213 1642 5269 unde
1683 5220 1737 5269 et
1770 5211 1896 5267 salit

310 5317 469 5375 super
496 5314 732 5376 montes,
784 5314 839 5361 et
891 5304 1143 5361 transilit
1192 5320 1355 5375 super
1402 5304 1589 5359 colles.
1633 5303 1749 5359 Hoc
1796 5318 1896 5358 nos

312 5390 467 5450 docet
493 5394 706 5452 mansio
747 5396 874 5464 ista,
903 5395 1166 5469 quoniam
1204 5393 1428 5451 Ebrona
1474 5394 1740 5449 transitus
1791 5400 1892 5462 est,

313 5502 373 5551 ut
398 5498 651 5568 quamvis
678 5496 747 5553 ad
791 5495 1094 5553 bonitatem
1124 5513 1220 5569 per
1259 5493 1595 5568 superiorem
1646 5491 1898 5548 mansio-

314 5597 435 5641 nem
466 5588 801 5659 perveneris,
848 5586 1036 5644 omnia
1078 5595 1259 5643 tamen
1308 5592 1438 5641 sunt
1466 5581 1842 5657 praetereunda
1880 5599 1891 5637 :

316 5684 524 5748 oportet
551 5686 605 5736 te
633 5678 702 5736 ad
740 5677 969 5735 meliora
1009 5678 1264 5747 transire,
1296 5691 1580 5751 quousque
1609 5673 1799 5730 venias
1828 5673 1898 5730 ad

316 5763 453 5822 illud
478 5767 706 5838 bonum,
737 5769 882 5843 quod
910 5777 993 5828 est
1014 5784 1315 5838 summum,
1347 5776 1403 5827 et
1430 5765 1581 5843 quod
1608 5779 1773 5825 omne
1801 5778 1899 5823 sa-

2005 1960 2237 2032 adeptus
2273 1970 2376 2031 est,
2406 1969 2471 2018 ut
2499 1980 2627 2019 cum
2663 1963 2931 2035 Apostolo
2959 1961 3114 2019 dicat
3146 1979 3158 2017 :
3204 1985 3223 2010 -
3254 1962 3392 2020 Cum
3420 1970 3602 2019 autem

2000 2048 2181 2105 factus
2211 2066 2331 2106 sum
2362 2051 2472 2119 vir,
2515 2068 2637 2125 quae
2671 2051 2890 2124 parvuli
2916 2058 3095 2120 erant,
3126 2050 3354 2123 deposui
3386 2053 3444 2123 (Ι
3472 2052 3597 2108 Cor.

2000 2155 2121 2207 χιιι,
2155 2139 2266 2213 11).
2300 2165 2318 2188 ι
2336 2138 2481 2207 Quin
2502 2139 2687 2213 potius
2713 2141 2887 2196 altum
2907 2140 3136 2213 adeptus
3160 2150 3248 2197 est
3274 2140 3591 2209 consilium,

1999 2228 2129 2302 quia
2156 2230 2415 2285 Salomon
2444 2229 2503 2284 in
2531 2228 2845 2285 Proverbiis
2864 2229 3002 2286 dicit
3034 2246 3047 2285 :
3091 2251 3112 2276 ι
3140 2230 3303 2302 Aqua
3330 2230 3604 2302 profunda

2000 2317 2297 2373 consilium
2326 2318 2387 2373 in
2416 2318 2581 2375 corde
2622 2319 2731 2374 viri
2759 2320 2946 2392 (Prov.
2978 2334 3076 2386 xx,
3101 2318 3160 2390 5)
3194 2343 3212 2367 ι
3260 2319 3333 2374 De
3363 2318 3597 2375 consilio

1998 2405 2106 2463 isto
2134 2407 2362 2480 Sapiens
2389 2407 2606 2465 dicebat
2632 2426 2645 2465 :
2696 2432 2717 2456 ι
2745 2408 2874 2464 Sine
2903 2407 3138 2464 consilio
3166 2405 3310 2463 nihil
3339 2407 3528 2476 facias,
3548 2417 3605 2466 et

2000 2495 2059 2552 in
2112 2497 2367 2555 faciendo
2417 2514 2487 2554 ne
2537 2506 2592 2554 te
2648 2499 2915 2571 poeniteat
2946 2498 3145 2571 (Eccti.
3198 2513 3383 2566 χχχιι,
3412 2496 3528 2571 24).
3572 2523 3590 2547 ι

2000 2586 2159 2654 Quod
2186 2605 2299 2644 non
2328 2598 2410 2645 est
2437 2589 2599 2657 illud,
2629 2588 2698 2645 de
2745 2606 2858 2662 quo
2909 2588 3162 2662 queritur
3188 2588 3479 2656 Dominus,
3509 2602 3605 2659 per

2000 2676 2326 2748 prophetam
2380 2678 2569 2734 dicens
2603 2696 2615 2734 :
2662 2702 2682 2726 ι
2714 2679 2809 2735 Vae
2840 2678 2945 2733 ﬁlii
2973 2678 3264 2750 apostatael
3296 2677 3416 2739 haec
3461 2676 3600 2734 dicit

2000 2766 2273 2823 Dominus
2304 2785 2317 2823 :
2352 2768 2584 2823 Fecistis
2611 2768 2911 2824 consilimn
2938 2782 3050 2821 non
3102 2782 3198 2838 per
3242 2781 3349 2834 me,
3380 2772 3435 2822 et
3461 2780 3599 2836 pac-

2000 2860 2119 2909 tum
2149 2870 2260 2909 non
2290 2870 2385 2926 per
2430 2856 2697 2927 Spiritum
2747 2871 2932 2911 meum
2970 2856 3104 2926 (Isa.
3138 2870 3274 2923 xxx,
3309 2856 3387 2927 1).
3430 2879 3449 2902 ι
3495 2854 3603 2911 Sed

2001 2941 2141 2997 illud
2169 2943 2236 2997 de
2257 2960 2364 3016 quo
2393 2946 2620 3016 Sapiens
2648 2962 2660 3000 :
2702 2970 2721 2991 ι
2743 2944 3001 3016 COgnitio
3048 2944 3315 3015 sapientis
3338 2950 3601 3015 tanquam

1999 3030 2293 3088 inundatio
2330 3034 2654 3102 abundabit,
2686 3041 2740 3089 et
2769 3034 3072 3090 consilium
3114 3033 3270 3089 illius
3306 3034 3452 3089 sicut
3478 3036 3602 3089 fons

1999 3136 2170 3194 purus
2199 3123 2348 3193 vitae,
2379 3125 2527 3197 quod
2565 3124 2821 3187 custodit
2847 3140 2879 3179 a
2900 3125 3046 3179 malo
3077 3123 3269 3196 (Eccti.
3300 3139 3419 3191 χχι,
3459 3124 3548 3196 16)

2001 3213 2130 3284 quia
2154 3215 2448 3269 consilium
2476 3215 2685 3270 bonum
2713 3214 2989 3271 custodiet
3018 3220 3090 3281 te,
3122 3213 3381 3285 cogitatio
3406 3220 3589 3269 autem

1948 3299 1969 3323 ’
2006 3311 2194 3359 sancta
2211 3303 2451 3359 servabit
2475 3311 2549 3360 te.
2577 3305 2697 3360 Huc
2723 3320 2851 3377 ergo
2880 3303 3269 3361 incunctanter
3282 3317 3595 3376 pergamus,

2007 3398 2060 3447 et
2089 3401 2277 3448 nostra
2303 3392 2398 3449 hic
2442 3394 2645 3450 alacres
2687 3396 2926 3449 tentoria
2953 3393 3227 3465 erigamus
3259 3410 3271 3447 :
3305 3400 3367 3448 ut
3389 3395 3503 3448 Deo
3537 3391 3597 3447 in

2005 3488 2121 3537 toto
2148 3482 2311 3538 corde
2339 3492 2551 3549 nostro,
2581 3483 2726 3539 sicut
2752 3482 2933 3539 David
2961 3482 3021 3538 in
3050 3480 3289 3538 concilio
3313 3479 3597 3551 justorum

2006 3577 2060 3625 et
2110 3570 2527 3644 congregatione
2585 3571 2759 3643 (Psat.
2817 3587 2888 3628 cx
2911 3614 2929 3641 ,
2980 3570 3060 3644 1),
3115 3569 3371 3628 conﬁteri
3419 3568 3598 3628 valea-

2008 3675 2152 3717 mus.

2078 3768 2345 3825 ΧΧΧΙΙΙ·
2370 3769 2600 3839 mansio,
2630 3769 2746 3826 Sm.
2785 3798 2857 3811 —
2891 3767 3107 3827 Mansio
3126 3767 3409 3825 tricesima
3435 3766 3597 3824 tertia

2011 3865 2092 3913 est
2120 3860 2179 3913 in
2208 3857 2423 3914 deserto
2469 3858 2599 3926 Sin;
2631 3840 2803 3931 quare
2827 3857 3113 3930 subjungit
3146 3875 3158 3912 :
3204 3880 3225 3903 ι
3253 3858 3326 3913 Et
3365 3855 3596 3928 profecti

2009 3946 2077 4003 de
2130 3948 2489 4020 Asiongaber,
2546 3947 2913 4005 castrametati
2961 3956 3094 4004 sunt
3146 3946 3206 4003 in
3260 3946 3476 4003 deserto
3500 3945 3597 4002 Sin

2010 4038 2194 4110 (Nam.
2224 4055 2432 4109 χχχιιι,
2463 4038 2579 4111 36).
2628 4063 2648 4087 ›
2690 4038 2909 4094 Octava
2942 4036 3156 4092 mansio
3200 4051 3366 4109 supra
3406 4035 3597 4092 eodem

2009 4145 2227 4203 quoque
2252 4128 2477 4185 nomine
2504 4135 2871 4200 nuncupatur;
2903 4125 3086 4199 inquit
3109 4124 3258 4181 enim
3287 4143 3301 4182 ;
3345 4148 3365 4172 ιι
3394 4125 3597 4197 Etpro-

2012 4220 2143 4276 fecti
2187 4236 2219 4275 a
2263 4218 2402 4275 mari
2445 4218 2654 4286 Rubro,
2699 4216 3069 4275 castrametati
3096 4222 3227 4271 sunt
3277 4216 3337 4270 in
3373 4214 3589 4271 deserto

2010 4310 2127 4365 Sin.
2161 4335 2180 4359 ι
2210 4309 2315 4365 Sed
2343 4307 2736 4365 attendendum
2761 4307 2909 4380 quod
2936 4305 3029 4362 hic
3049 4305 3201 4362 locus
3228 4303 3372 4359 alius
3401 4304 3470 4360 ab
3498 4304 3597 4361 illo

2006 4409 2119 4467 est;
2152 4398 2276 4454 ideo
2305 4398 2450 4454 infra
2478 4396 2834 4469 subjungitur
2866 4414 2878 4452 :
2926 4418 2945 4444 ι
2975 4398 3054 4451 De
3081 4394 3298 4450 deserto
3332 4393 3450 4463 Sin,
3481 4393 3598 4450 hac

2010 4504 2092 4552 est
2117 4495 2290 4554 Gades
2319 4497 2503 4568 (Num.
2535 4509 2634 4563 xx,
2667 4495 2745 4561 1).
2778 4517 2797 4541 ι
2837 4492 2911 4547 Et
2936 4489 3091 4558 alibi,
3121 4489 3256 4545 dum
3285 4489 3520 4562 populus
3538 4486 3598 4542 in

2011 4587 2115 4644 hac
2154 4594 2460 4642 moraretur
2499 4582 2816 4651 mansione,
2861 4582 3086 4637 mittens
3126 4580 3354 4636 nuntios
3384 4579 3599 4649 Moyses
3660 4574 3661 4577 “

2001 4678 2069 4735 ad
2103 4695 2282 4750 regem
2324 4677 2501 4733 Edom
2534 4692 2546 4730 :
2590 4697 2609 4721 ι
2647 4675 2719 4729 Et
2753 4688 2903 4729 nunc
2939 4687 3153 4738 sumus,
3184 4694 3204 4718 ι
3249 4668 3453 4740 inquit,
3492 4692 3509 4714 ι
3538 4668 3598 4724 in

2000 4767 2172 4825 Cades
2200 4766 2442 4827 civitate.
2465 4780 2535 4819 ex
2565 4770 2715 4835 parte
2744 4762 2940 4815 ﬁnium
2970 4769 3190 4814 tuorum
3215 4758 3404 4829 (llud,
3431 4758 3546 4830 16).
3567 4783 3584 4805 .

2001 4857 2156 4913 Hanc
2186 4855 2441 4912 meminit
2467 4852 2648 4910 David
2680 4849 2963 4921 propheta,
2998 4846 3191 4902 dicens
3223 4863 3236 4902 :
3287 4870 3307 4894 ι
3335 4848 3408 4904 Et
3437 4862 3599 4903 com-

2002 4947 2249 5003 movebit
2297 4943 2566 5001 Dominus
2610 4941 2886 4995 desertum
2933 4935 3105 4993 Cades
3157 4936 3332 5008 (Psal.
3390 4952 3596 5005 xxvm,

2002 5036 2083 5108 8).
2116 5060 2135 5084 ι
2175 5036 2278 5091 Hic
2304 5032 2473 5088 Maria
2501 5028 2677 5102 Moysi
2693 5043 2850 5083 soror
2878 5024 3024 5082 diem
3040 5041 3201 5081 suum
3231 5023 3434 5090 obivit,
3456 5040 3595 5081 mor-

2002 5132 2097 5180 tua
2125 5133 2178 5180 et
2206 5122 2418 5195 sepulta
2446 5126 2550 5189 est,
2583 5125 2645 5175 ut
2690 5132 2854 5189 supra
2885 5116 3106 5188 legitur.
3140 5114 3301 5183 Quod
3326 5112 3599 5187 Iosephus

2003 5226 2219 5287 quoque
2273 5209 2536 5267 describit
2585 5208 2822 5265 dicens:
2871 5230 2890 5253 ι
2920 5206 3075 5262 Tunc
3114 5206 3299 5278 itaque
3352 5220 3598 5261 sororem

2003 5303 2123 5375 ejus
2151 5300 2377 5359 Mariam
2406 5298 2535 5355 ﬁnis
2553 5298 2681 5354 vitae
2701 5295 2932 5368 accepit,
2961 5312 3091 5352 cum
3118 5293 3597 5367 quadragesimum

2004 5392 2329 5464 complesset
2355 5406 2587 5458 annum,
2609 5406 2679 5445 ex
2694 5405 2805 5462 quo
2823 5388 3129 5459 ngyptum
3156 5383 3460 5457 dereliquit
3481 5402 3493 5440 :
3517 5398 3597 5439 se-

2004 5484 2386 5557 pelieruntque
2414 5496 2531 5537 eam
2563 5479 2781 5553 publice
2823 5476 2992 5533 nimis
3035 5472 3325 5547 splendide
3371 5472 3495 5546 (lib.
3541 5490 3598 5531 iv

2004 5576 2226 5647 Antiqq.
2258 5591 2381 5648 cap.
2411 5573 2492 5646 4).
2526 5597 2546 5622 ι
2586 5572 2689 5627 Hic
2728 5568 2967 5640 denique
3010 5565 3241 5639 penuria
3270 5580 3426 5638 aqua
3451 5563 3599 5621 labo-

2005 5673 2091 5724 rat
2121 5666 2386 5739 populus;
2421 5677 2587 5737 quare
2616 5660 2790 5717 iratus
2818 5656 3192 5714 tumultuatur
3218 5655 3277 5712 in
3318 5654 3548 5726 Moysen
3581 5671 3594 5709 :

2005 5777 2036 5820 a
2064 5777 2174 5835 quo
2200 5768 2352 5835 petra
2373 5757 2531 5829 jussu
2558 5753 2658 5813 Dei
2688 5749 2930 5810 mirabili
2961 5749 3116 5823 virga
3144 5760 3419 5823 percussa,
3456 5758 3599 5818 aqua
