3980 6362
385 403 457 461 35
1402 403 1498 458 AD
1539 402 1776 458 OPERA
1815 402 1870 460 S.
1912 399 2252 459 AMBROSII
2291 401 2672 459 APPENDIX.
3623 403 3694 459 36

386 530 629 588 manavit
655 531 899 602 copiosa,
930 527 1077 585 unde
1103 527 1424 585 bibentibus
1465 527 1678 586 cunctis
1708 527 1982 601 cupiditas
2009 531 2059 592 Α
2089 543 2190 600 pro
2220 527 2413 584 mundi
2443 528 2620 585 salute
2648 527 2708 584 in
2735 541 2900 586 cruce
2925 526 3285 601 pendentum,
3316 526 3579 602 quoniam
3604 543 3694 584 sa-

384 615 508 672 sitis
535 615 716 673 ablata
746 623 850 673 est.

455 743 722 802 XXXIV“
746 745 972 816 mansio,
1005 746 1138 802 Hor.
1167 777 1238 788 —
1265 745 1476 802 Mansio
1505 741 1784 800 tricesima
1810 759 1984 816 quar-

383 839 540 888 taest
570 832 628 887 in
673 842 860 890 monte
894 835 1043 902 Hor;
1076 834 1213 890 dicit
1246 835 1396 890 enim
1429 852 1440 890 :
1487 857 1505 880 -
1537 833 1609 889 Et
1637 829 1868 904 profecti
1915 829 1982 886 de

381 921 596 977 deserto
642 922 762 990 Sin,
794 922 910 979 haec
957 932 1040 980 est
1083 923 1276 992 Cades,
1323 920 1694 980 castrametati
1739 927 1870 976 sunt
1917 919 1976 975 in

384 1009 499 1066 Hor
557 1017 746 1067 monte
801 1028 968 1084 prope
1017 1019 1220 1068 terram
1276 1011 1454 1068 Edom
1515 1011 1700 1084 (Num.
1755 1025 1977 1077 χχχιιι,

385 1097 500 1172 37).
535 1125 554 1148 ι
596 1099 897 1158 Stationem
931 1097 1276 1174 apud'Cades
1291 1103 1350 1158 in
1379 1103 1592 1158 deserto
1620 1101 1717 1156 Sin
1749 1100 1879 1156 ﬁliis
1908 1101 1980 1155 Is-

385 1187 496 1242 rael
543 1189 856 1259 agentibus,
903 1191 1120 1264 Moyses
1161 1189 1230 1247 ad
1275 1191 1647 1248 Idumaeorum
1678 1205 1879 1262 regem,
1920 1195 1982 1243 ut

385 1293 481 1349 per
507 1278 659 1335 illius
689 1279 830 1338 ﬁnes
850 1281 998 1338 viam
1029 1282 1137 1340 sibi
1161 1300 1278 1340 una
1304 1299 1430 1340 cum
1459 1299 1559 1338 suo
1595 1281 1799 1354 populo
1839 1297 1982 1337 con-

383 1365 619 1438 cederet,
653 1370 860 1442 legatos
891 1371 1075 1440 misit;
1106 1373 1397 1428 certiorem
1428 1380 1609 1428 tamen
1639 1386 1764 1427 eum
1793 1370 1981 1427 factu-

383 1471 494 1526 ros,
515 1464 578 1513 ut
598 1473 698 1514 nec
737 1475 936 1532 aquam
964 1461 1083 1517 sine
1113 1463 1289 1534 pretio
1305 1461 1412 1517 sibi
1429 1459 1685 1518 exhiberi
1713 1465 1976 1532 posceret.

383 1545 482 1601 Ille
513 1561 644 1602 vero
675 1548 930 1619 petitioni
977 1567 1090 1606 non
1137 1551 1507 1619 consentiens,
1540 1566 1642 1605 nec
1685 1548 1980 1604 transitum

389 1631 900 1708 cedens,respondit
933 1655 944 1694 :
993 1662 1010 1684 ι
1039 1640 1161 1696 Νοιι
1192 1639 1455 1696 transibis
1485 1655 1578 1710 per
1598 1653 1708 1706 me,
1732 1637 1979 1710 alioquin

381 1721 528 1778 bello
560 1723 619 1778 in
648 1741 937 1782 occursum
973 1727 1072 1783 tibi
1094 1727 1260 1784 exibo
1285 1729 1470 1800 (Num.
1498 1743 1597 1795 xx,
1629 1726 1768 1798 18).»
1801 1726 1980 1793 Quare

379 1809 616 1883 populus
645 1810 906 1868 mandato
943 1813 1064 1883 Dei,
1099 1815 1233 1872 utin
1262 1812 1694 1872 Deuteronomio
1723 1813 1976 1882 habetur,

2093 617 2288 674 lutaris
2315 624 2416 674 est.

2161 723 2426 781 XXXVI!
2448 724 2675 792 mansio,
2694 723 3220 782 Pnnvou.—Mansio
3233 721 3515 804 tricesima
3535 733 3695 783 sexta

2089 812 2306 869 Phinon
2355 823 2735 887 nuncupatur;
2777 813 2916 870 dicit
2966 829 3206 890 namque
3239 831 3252 871 :
3301 837 3320 862 σ
3361 815 3434 871 Et
3460 814 3692 887 profecti

2090 901 2158 959 de
2186 903 2465 974 Salmona,
2513 905 2881 961 castrametati
2933 911 3062 962 sunt
3119 905 3178 960 in
3229 903 3451 961 Phinon
3500 905 3688 978 (Num.

2089 1009 2296 1060 χχχιιι,
2333 993 2450 1064 42).
2485 1019 2503 1042 ι
2543 994 2770 1066 Linguae
2818 993 3255 1051 moderationem
3303 995 3448 1051 inter
3477 1011 3544 1051 ea
3570 1011 3691 1069 quae

2089 1079 2303 1136 homini
2333 1098 2445 1137 non
2492 1082 2676 1140 minus
2721 1083 3024 1140 necessaria
3053 1100 3218 1158 quam
3247 1083 3502 1142 diﬁicilia
3538 1092 3688 1152 sunt,

2088 1177 2309 1226 sanctus
2337 1170 2570 1228 Iacobus
2617 1173 2899 1244 apostolus
2927 1173 3053 1229 fuso
3099 1183 3388 1230 enumerat
3415 1187 3690 1240 sermone,

2089 1257 2278 1314 dicens
2305 1277 2316 1314 :
2359 1283 2377 1304 ι
2409 1259 2465 1316 Si
2489 1260 2612 1333 quis
2640 1261 2697 1316 in
2728 1261 2896 1317 verbo
2919 1276 3032 1318 non
3075 1260 3327 1332 oﬂ'endit,
3361 1260 3454 1319 hic
3498 1261 3690 1336 perfe-

2088 1356 2210 1405 ctus
2241 1357 2324 1405 est
2343 1348 2449 1419 vir,
2473 1357 2667 1424 potens
2687 1351 2844 1408 freno
2871 1351 3288 1409 circumducere
3318 1351 3484 1409 etiam
3508 1359 3689 1408 totum

2089 1455 2288 1510 corpus
2317 1439 2526 1510 (Iacob.
2558 1457 2642 1508 ιιι,
2663 1441 2744 1512 2).
2779 1466 2798 1490 ι
2840 1441 2984 1498 Ecce
3009 1442 3166 1513 equis
3183 1441 3338 1497 frena
3359 1441 3417 1496 in
3438 1456 3536 1496 ora
3568 1441 3688 1496 mit-

2087 1526 2282 1598 timus,
2308 1528 2377 1584 ad
2405 1529 2862 1586 consentiendum
2891 1530 3070 1600 nobis,
3107 1538 3160 1588 et
3197 1548 3364 1588 omne
3397 1547 3598 1604 corpus
3625 1530 3689 1586 il-

2089 1614 2268 1671 lorum
2298 1616 2762 1676 circumferimus.
2797 1621 2939 1676 Ecce
2971 1627 3026 1676 et
3056 1636 3245 1690 naves,
3277 1637 3404 1678 cum
3435 1627 3550 1678 tam
3579 1633 3689 1676 ma-

2089 1725 2206 1782 gnae
2229 1709 2420 1779 sint,et
2441 1727 2472 1767 a
2488 1713 2670 1768 ventis
2691 1713 2892 1770 validis
2914 1712 3692 1782 minentur,circumferuntur

2087 1814 2120 1854 a
2141 1799 2356 1856 modico
2379 1800 2770 1872 gubernaculo,
2789 1818 3119 1876 quocunque
3139 1801 3378 1874 impetus
3399 1800 3690 1874 dirigentis

379 1897 448 1954 ab
478 1915 542 1954 eo
571 1899 904 1969 declinavit;
941 1911 995 1958 et
1023 1903 1092 1959 de
1122 1903 1296 1961 Cades
1324 1920 1569 1976 egressus
1597 1902 1665 1959 ad
1695 1904 1810 1959 Hor
1824 1919 1973 1958 mon-

2089 1888 2352 1945 voluerit.
2386 1891 2468 1946 Ita
2495 1897 2549 1947 et
2583 1891 2772 1964 lingua
2809 1891 3091 1948 modicum
3140 1891 3450 1949 membrum
3497 1897 3599 1960 est,
3635 1899 3691 1947 et

377 1995 490 2044 tem
520 1989 772 2060 pervenit
796 1989 978 2061 (lbid.,
1009 1993 1129 2064 27),
1159 2000 1213 2048 et
1239 1993 1386 2049 hanc
1414 2009 1579 2066 quam
1615 1993 1867 2065 legimus,
1886 1993 1977 2048 ha-

380 2074 505 2132 buit
529 2075 896 2133 mansionem.
931 2077 1035 2135 Ubi
1066 2077 1228 2152 juxta
1257 2080 1480 2137 Domini
1511 2088 1842 2153 praeceptum
1875 2082 1977 2137 Aa-

382 2181 486 2222 ron
516 2180 642 2221 cum
670 2165 860 2239 Moyse
899 2167 1067 2224 fratre
1096 2176 1150 2224 et
1176 2169 1402 2225 Eleazar
1427 2169 1547 2225 ﬁlio
1579 2169 1638 2225 in
1668 2170 1782 2226 Hor
1809 2186 1976 2226 mon-

382 2262 496 2312 tem
525 2254 775 2312 ascendit
807 2273 820 2312 :
866 2256 962 2313 ubi
992 2258 1208 2331 Moyses
1237 2259 1406 2316 verbo
1434 2259 1534 2316 Dei
1564 2259 1977 2333 pontiﬁcalibus

381 2344 566 2400 Aaron
598 2343 938 2402 indumentis
967 2347 1174 2403 nudato
1196 2348 1420 2404 Eleazar
1440 2347 1648 2418 ﬁlium,
1678 2349 1770 2405 cui
1799 2365 1977 2422 prop-

383 2437 468 2487 ter
494 2438 710 2488 aetatem
731 2434 1084 2505 pontiﬁcatus
1102 2435 1450 2506 obveniebat,
1475 2437 1738 2493 universo
1766 2439 1851 2494 vel
1877 2439 1976 2495 mi-

383 2529 538 2576 rante
565 2522 792 2595 populo,
823 2523 918 2597 qui
948 2540 1019 2580 ex
1065 2524 1294 2582 adverso
1340 2527 1538 2597 stabat,
1588 2527 1842 2600 protinus
1870 2543 1978 2583 ve-

381 2609 556 2667 stivit.
587 2610 780 2685 Ibique
823 2614 1008 2674 Aaron
1055 2614 1171 2671 vita
1219 2615 1432 2686 functo,
1480 2615 1550 2672 ad
1586 2623 1676 2680 1'7
1705 2633 1976 2690 suumque

381 2709 646 2782 populum
675 2713 946 2784 apposito,
969 2713 1195 2770 Eleazar
1222 2713 1372 2770 ﬁlius
1396 2715 1650 2773 sacerdos
1670 2733 1770 2789 pro
1789 2718 1976 2772 Aaron

382 2808 534 2874 patre
562 2818 662 2858 suo
693 2802 997 2860 declaratus
1027 2811 1126 2860 est.
1149 2804 1528 2867 Memorabilis
1557 2816 1640 2866 est
1667 2807 1839 2882 igitur
1867 2807 1976 2864 ista

383 2905 614 2948 mansio.

452 3036 695 3096 XXXV'
739 3037 966 3106 mansio,
1010 3038 1292 3097 Samon.
1336 3068 1408 3081 —-
1441 3040 1654 3097 Mansio
1697 3039 1977 3096 tricesima

393 3126 588 3200 quinta
628 3125 862 3183 habetur
901 3126 960 3182 in
1007 3127 1295 3194 Salmona;
1340 3144 1468 3183 nam
1509 3128 1799 3202 sequitur:
1855 3152 1874 3175 α
1905 3129 1976 3184 Et

385 3214 618 3288 profecti
651 3231 720 3270 ex
755 3216 868 3271 Hor
894 3225 1098 3284 monte,
1129 3217 1500 3274 castrametati
1525 3227 1655 3274 sunt
1684 3217 1742 3272 in
1768 3217 1974 3274 Salmo-

386 3321 457 3360 na
477 3306 661 3378 (Nam.
692 3323 897 3376 χχχιιι,
929 3306 1044 3380 38).
1074 3333 1093 3357 ι
1129 3309 1394 3380 Egressus
1419 3324 1489 3364 ex
1519 3309 1634 3364 Hor
1657 3315 1842 3364 monte
1871 3324 1979 3381 po-

383 3397 564 3471 pulus,
597 3413 710 3454 non
762 3407 968 3456 rectam
1016 3415 1180 3474 quam
1229 3408 1488 3476 coeperat,
1537 3410 1862 3475 prosecutus
1897 3410 1979 3460 est

383 3485 532 3540 viam
560 3503 574 3554 ;
609 3487 704 3543 sed
733 3487 909 3544 Edom
930 3498 1134 3546 terram
1165 3490 1516 3562 circumiens,
1549 3509 1698 3548 mare
1727 3492 1972 3550 Rubrum

382 3591 574 3632 versus
603 3575 709 3632 iter
734 3577 992 3649 arripuit,
1023 3587 1086 3636 ut
1122 3579 1286 3652 juxta
1329 3581 1560 3638 verbum
1589 3582 1840 3653 Domini,
1869 3583 1975 3639 fra-

383 3673 495 3722 tres
523 3682 650 3722 suos
678 3667 823 3722 bello
852 3684 966 3724 non
996 3669 1310 3741 incesseret,
1332 3688 1434 3730 nec
1464 3690 1687 3746 prorsus
1713 3675 1934 3731 laederet
1958 3693 1971 3732 :

382 3755 565 3828 inquit
594 3753 742 3811 enim
781 3774 794 3813 :
857 3781 876 3802 ι
902 3757 980 3814 Ne
1029 3759 1299 3816 moveatis
1351 3770 1542 3818 contra
1570 3763 1720 3836 ipsos
1762 3763 1973 3821 bellum

387 3847 566 3919 (Deut.
599 3863 663 3916 ιι,
692 3847 775 3920 5).
809 3873 828 3897 ι
865 3849 968 3904 Tot
996 3850 1168 3924 igitur
1185 3853 1401 3910 viarum
1429 3855 1690 3929 fatigatus
1719 3858 1973 3916 anfracti-

377 3938 503 4006 bus,
563 3955 765 3996 manna
801 3949 1081 4014 pertaesus,
1130 3945 1350 4004 locutus
1393 3957 1494 4019 est,
1542 3949 1746 4024 inquit,
1776 3959 1972 4010 contra

379 4032 553 4089 Deum
585 4041 639 4090 et
662 4034 910 4108 Moysen.
951 4037 1128 4106 Quare
1157 4037 1330 4097 iratus
1357 4040 1630 4098 Dominus
1663 4042 1973 4101 virulentos

379 4120 772 4198 lethiferosque
826 4137 1124 4200 serpentes,
1171 4131 1266 4205 qui
1309 4149 1496 4190 morsu
1535 4135 1968 4208 internecabant,

379 4211 439 4267 in
463 4212 728 4284 populum
767 4213 1019 4286 immisit,
1070 4217 1218 4274 unde
1267 4219 1430 4292 periit
1485 4223 1721 4295 populus
1766 4223 1972 4282 multus

378 4298 564 4356 nimis.
595 4303 675 4358 De
703 4304 905 4376 quibus
933 4307 1188 4364 meminit
1211 4309 1376 4365 etiam
1406 4309 1727 4382 Apostolus,
1759 4311 1968 4368 dicens:

390 4412 410 4435 ι
439 4389 625 4462 Neque
652 4399 930 4451 tentemus
980 4395 1286 4467 Christum,
1317 4399 1461 4456 sicut
1504 4399 1729 4473 quidam
1779 4415 1970 4458 eorum

375 4486 752 4553 tentaverunt,
801 4491 856 4540 et
898 4501 932 4542 a
976 4489 1320 4560 serpentibus
1347 4489 1628 4562 perierunt
1679 4491 1735 4564 (Ι
1756 4492 1881 4548 Cor.
1912 4509 1967 4561 χ,

375 4569 455 4644 9).
486 4597 504 4620 ι
547 4571 702 4630 Tunc
729 4574 910 4631 oranti
939 4577 1118 4650 Moysi
1150 4595 1250 4651 pro
1279 4590 1594 4652 serpentum
1635 4581 1972 4638 exstinctio—

374 4684 466 4740 ne,
497 4671 783 4745 respondit
808 4675 956 4732 Deus
988 4693 1001 4732 :
1048 4699 1068 4724 α
1098 4677 1206 4734 Fac
1251 4677 1356 4735 tibi
1402 4689 1709 4753 serpentem
1754 4697 1966 4738 aeneum

375 4767 429 4814 et
453 4775 593 4830 pone
622 4761 782 4820 illum
815 4780 915 4836 pro
935 4764 1094 4837 signo
1118 4783 1131 4822 :
1160 4774 1216 4823 et
1243 4769 1426 4826 omnis
1454 4786 1671 4828 morsus
1696 4771 1970 4828 vidensil-

375 4845 515 4916 lum,
542 4849 694 4905 vivet
725 4853 910 4922 (Num.
940 4871 1061 4925 χχι,
1075 4855 1157 4929 8).
1179 4882 1199 4908 ι
1232 4857 1383 4916 Fecit
1408 4859 1622 4932 Moyses
1635 4859 1798 4932 juxta
1820 4877 1968 4917 man-

375 4935 568 4993 datum
598 4941 845 5012 Domini,
866 4953 920 5001 et
947 4948 1184 5019 populus
1207 4965 1239 5004 a
1265 4950 1424 5022 plaga
1454 4951 1716 5008 liberatus
1744 4959 1842 5008 est.
1864 4952 1965 5010 Ve-

375 5042 498 5083 rum
571 5029 701 5102 quia
735 5031 993 5090 Salmona
1041 5037 1432 5112 interpretatur
1477 5041 1700 5112 umbra,
1760 5041 1965 5098 factum

375 5115 523 5172 istud
553 5119 826 5176 mansioni
857 5131 1002 5179 recte
1030 5133 1267 5196 aptatur.
1295 5129 1527 5202 Serpens
1553 5147 1788 5205 namque
1817 5131 1966 5204 ligno

373 5221 688 5279 suspensus,
720 5217 887 5282 typus
927 5219 982 5268 et
1031 5215 1228 5272 umbra
1257 5216 1464 5276 Christi
1509 5221 1617 5276 fuit
1662 5237 1763 5294 pro
1791 5223 1966 5279 salute

375 5303 565 5352 nostra
611 5298 671 5354 in
713 5315 877 5356 cruce
909 5301 1234 5374 pendentis,
1287 5307 1430 5364 sicut
1469 5309 1585 5381 ipse
1631 5311 1863 5383 exponit
1903 5311 1963 5368 in

371 5383 695 5458 Evangelia,
727 5389 948 5447 dicens:
985 5415 1004 5438 α
1027 5391 1180 5449 Sicut
1209 5395 1424 5469 Moyses
1452 5400 1718 5455 exaltavit
1745 5415 1964 5472 serpen-

372 5483 483 5533 tem
527 5476 586 5532 in
617 5477 852 5550 deserto,
874 5482 952 5538 ita
979 5484 1209 5540 exaltari
1231 5495 1446 5559 oportet
1475 5487 1652 5544 ﬁlium
1683 5488 1959 5559 hominis;

369 5571 434 5620 ut
461 5566 643 5622 omnis
671 5568 767 5640 qui
796 5571 971 5628 credit
999 5571 1058 5629 in
1080 5589 1228 5643 eum,
1256 5591 1368 5632 non
1399 5583 1618 5648 pereat;
1650 5577 1745 5634 sed
1768 5579 1964 5636 habeat

369 5654 541 5712 vitam
581 5663 840 5714 astemam
875 5660 1054 5733 (Joan.
1090 5679 1175 5732 ιιι,
1209 5663 1296 5732 14,
1336 5664 1448 5735 15).
1473 5687 1493 5712 ι
1535 5665 1963 5740 Frequentemus

369 5741 540 5819 igitur
563 5762 664 5804 nos
693 5748 983 5808 stationem
1015 5752 1199 5822 istam,
1228 5761 1292 5810 ut
1321 5753 1650 5827 aspiciamus
1678 5757 1961 5817 Christum

2090 1993 2286 2048 magna
2303 1977 2494 2050 jactat.
2528 2003 2546 2027 ι
2569 1981 2710 2036 Ecce
2729 1997 2931 2052 parvus
2950 1980 3094 2053 ignis
3122 1995 3288 2052 quam
3321 1993 3576 2052 magnam
3597 1978 3688 2036 sil-

2089 2079 2214 2120 vam
2245 2066 2512 2124 incendit.
2535 2069 2607 2124 Et
2629 2069 2817 2141 lingua
2837 2069 2980 2140 ignis
2997 2076 3099 2134 est,
3121 2068 3456 2124 universitas
3483 2068 3689 2141 iniqui-

2087 2157 2216 2212 tatis
2249 2157 2410 2229 (Ibid.
2425 2158 2502 2225 ,5,
2531 2157 2612 2229 6);
2637 2165 2691 2214 et
2705 2165 2899 2214 caetera
2915 2172 3036 2230 quae
3055 2157 3155 2214 tibi
3177 2164 3396 2214 sanctus
3411 2159 3692 2230 apostolus

2087 2245 2308 2302 disserit
2339 2246 2408 2302 ad
2428 2248 2771 2320 propositum
2802 2245 3087 2304 facientia.
3118 2245 3176 2302 Si
3195 2252 3279 2302 tot
3308 2246 3453 2302 mala
3471 2245 3687 2302 homini

2087 2357 2117 2398 e
2155 2341 2344 2414 lingua
2373 2341 2721 2412 immineant,
2752 2343 2877 2416 quis
2924 2343 3078 2399 illam
3135 2341 3519 2400 moderatione
3572 2357 3684 2400 non

2088 2431 2358 2504 indigere,
2389 2431 2572 2489 dicere
2601 2431 2872 2488 audebit?
2904 2432 3034 2490 Ideo
3073 2431 3302 2506 Sapiens
3330 2433 3385 2489 id
3417 2431 3685 2506 praecipit,

2087 2520 2219 2577 dum
2249 2520 2388 2578 dicit
2417 2539 2429 2578 :
2477 2546 2496 2568 ι
2523 2521 2898 2579 Circumvalla
2954 2523 3354 2596 possessionem
3384 2531 3534 2580 tuam
3564 2523 3690 2597 spi—

2087 2612 2196 2681 nis,
2227 2621 2280 2668 et
2309 2613 2392 2669 ori
2423 2622 2520 2670 tuo
2553 2613 2638 2670 fac
2657 2613 2856 2686 januas
2883 2623 2938 2672 et
2973 2631 3156 2672 seras:
3207 2623 3495 2688 argentum
3525 2613 3685 2671 tuum

2087 2710 2140 2758 et
2171 2717 2366 2756 aurum
2391 2709 2548 2757 tuum
2579 2703 2776 2770 contla,
2805 2710 2860 2758 et
2889 2703 3158 2759 sermonis
3176 2705 3258 2759 tui
3290 2704 3377 2760 fac
3403 2711 3686 2774 stateram,

2087 2799 2142 2847 et
2169 2790 2252 2846 ori
2281 2799 2379 2847 tuo
2411 2791 2498 2849 fac
2543 2801 2756 2864 portam
2807 2801 2862 2848 et
2906 2807 3083 2848 seram
3130 2793 3324 2864 (Eccli.
3359 2809 3564 2857 xxvnr,
3595 2790 3686 2860 28,

2087 2881 2204 2956 29).
2237 2907 2256 2932 ι
2295 2881 2500 2939 Verum
2531 2899 2656 2940 cum
2684 2890 2907 2952 statera,
2937 2890 3098 2954 porta
3123 2890 3178 2939 et
3205 2898 3326 2938 sera
3367 2897 3467 2954 pro
3499 2883 3691 2954 lingua

2087 2991 2199 3031 non
2260 2976 2420 3034 facile
2483 2979 2534 3034 ei
2589 2987 2922 3045 occurreret,
2977 2978 3192 3035 dicebat
3238 2977 3384 3034 idem
3415 2977 3685 3050 Sapiens:

2101 3087 2120 3111 ι
2155 3065 2290 3132 Quis
2316 3065 2470 3121 dabit
2498 3067 2638 3122 mihi
2667 3084 2834 3138 super
2859 3084 2926 3123 os
2955 3083 3139 3122 meum
3167 3066 3498 3132 custodiam,
3526 3071 3581 3122 et
3599 3079 3688 3121 su-

2087 3169 2183 3228 per
2212 3153 2357 3210 labia
2385 3171 2502 3210 mea
2538 3155 2885 3228 signaculum
2919 3157 3111 3229 (Eccli.
3145 3172 3288 3226 χχιι,
3318 3155 3410 3228 33)
3432 3154 3460 3211 7
3497 3180 3516 3204 ι
3567 3155 3687 3210 Da-

2008 3259 2052 3320 C
2086 3242 2184 3298 vid
2230 3257 2361 3298 vero
2389 3243 2656 3316 propheta
2695 3261 2728 3300 a
2770 3244 3010 3302 Domino
3071 3244 3190 3301 haec
3244 3245 3388 3301 dona
3439 3243 3687 3318 praestari

2085 3347 2402 3404 agnoscens,
2435 3333 2736 3390 Dominum
2773 3333 2862 3390 his
2891 3333 3214 3407 precabatur
3244 3333 3428 3390 verbis
3455 3351 3467 3390 :
3516 3357 3535 3380 ι
3571 3333 3689 3389 Ρο-

2086 3438 2176 3490 ne,
2207 3423 2464 3492 Domine,
2495 3423 2801 3480 custodiam
2831 3425 2916 3481 ori
2949 3441 3070 3480 meo
3098 3432 3154 3480 et
3201 3423 3404 3480 ostium
3435 3423 3688 3480 circum-

2085 3510 2300 3568 stantia
2328 3511 2538 3570 circum
2587 3512 2733 3570 labia
2759 3529 2880 3570 mea
2907 3512 3088 3586 (Psal.
3125 3529 3250 3583 ch,
3279 3511 3358 3586 3).
3391 3537 3410 3563 ι
3456 3511 3684 3584 Linguae

2084 3603 2388 3660 moderatio
2415 3605 2474 3661 in
2504 3604 2606 3662 hac
2627 3605 2912 3663 mansione
2943 3623 3096 3663 suam
3129 3605 3294 3664 habet
3327 3603 3682 3663 sedem.Nam

2083 3691 2301 3748 Phinon
2356 3691 2471 3748 oris
2541 3694 2885 3766 parcimonia
2938 3695 3349 3768 interpretatur.
3415 3695 3685 3754 Curemus

2083 3780 2254 3854 igitur
2291 3789 2346 3838 et
2385 3799 2490 3839 nos
2529 3791 2780 3840 nostram
2827 3784 2922 3842 hic
2975 3785 3271 3843 stationem
3328 3785 3566 3854 habere;
3619 3792 3683 3841 ut

2082 3888 2224 3946 quae,
2255 3872 2498 3946 quando,
2535 3873 2812 3948 quomodo
2831 3883 2888 3932 et
2915 3875 3118 3950 quibus
3137 3875 3290 3950 loqui
3319 3875 3682 3945 deceat,scire

2081 3964 2362 4020 valeamus
2399 3981 2410 4020 :
2443 3971 2499 4020 et
2526 3981 2586 4020 os
2619 3974 2873 4023 nostrum
2921 3965 3221 4024 meditetur
3251 3965 3596 4040 sapientiam,
3629 3974 3684 4024 et

2081 4051 2270 4125 lingua
2299 4061 2486 4110 nostra
2509 4053 2788 4126 judicium
2819 4055 3080 4130 loquatur
3111 4057 3286 4128 (Psal.
3330 4073 3529 4125 xxxvr,
3561 4055 3678 4130 30).

2153 4139 2448 4199 ΧΧΧἮΙ·
2476 4143 2706 4213 mansio,
2735 4143 3236 4202 anrn.—Mansio
3262 4142 3545 4200 tricesima
3562 4157 3679 4215 sep-

2081 4229 2218 4286 tima
2243 4229 2452 4287 dicitur
2480 4231 2687 4300 Oboth,
2718 4249 2828 4307 quo
2843 4232 3065 4290 demum
3088 4231 3192 4289 ﬁlii
3221 4231 3387 4289 Israel
3403 4231 3680 4305 applicue-

2079 4327 2232 4389 runt,
2261 4320 2511 4394 sequitur
2539 4335 2668 4394 ergo
2701 4339 2712 4378 :
2759 4347 2778 4370 ι
2808 4324 2881 4379 Et
2908 4322 3141 4396 profecti
3187 4321 3254 4379 de
3282 4320 3522 4390 Phinon,
3552 4337 3682 4378 cas-

2079 4409 2354 4466 trametati
2381 4417 2512 4466 sunt
2542 4411 2599 4467 in
2622 4411 2805 4468 Oboth
2840 4413 3024 4485 (Num.
3049 4429 3256 4481 χχχιιι,
3280 4411 3396 4484 li3).
3429 4437 3448 4461 ι
3477 4413 3555 4468 De
3575 4409 3680 4468 hac

2079 4497 2364 4555 mansione
2394 4500 2526 4556 alibi
2558 4502 2788 4572 legitur:
2835 4525 2854 4549 ε
2875 4502 2948 4557 Et
2965 4501 3198 4575 profecti
3222 4501 3325 4558 ﬁlii
3356 4501 3544 4569 Israel,
3566 4515 3680 4557 cas-

2077 4587 2353 4666 trametati
2383 4597 2512 4646 sunt
2541 4587 2600 4645 in
2637 4589 2821 4646 Oboth
2871 4591 3057 4664 (Num.
3100 4605 3222 4660 χχι,
3266 4589 3380 4663 10).
3409 4615 3427 4638 ι
3471 4589 3677 4647 Verum

2076 4675 2471 4734 attendendum
2504 4677 2654 4752 quod
2701 4678 2911 4752 majora
2958 4679 3464 4753 perniciosioraque
3503 4687 3677 4737 tenta-

2078 4775 2282 4837 menta,
2305 4769 2510 4842 quibus
2545 4768 2734 4827 anima
2757 4769 2817 4826 in
2858 4769 2964 4827 hac
3004 4769 3123 4826 vita
3164 4770 3542 4843 impugnatur,
3571 4769 3679 4826 dae-

2077 4872 2304 4912 monum
2345 4857 2652 4926 illusiones,
2687 4874 3082 4933 magorumque
3117 4876 3186 4918 ac
3202 4860 3518 4932 pythonum
3541 4874 3676 4932 prae-

2075 4946 2238 5018 stigia
2267 4947 2517 5004 omnium
2547 4963 2821 5005 consensu
2851 4949 3216 5006 mstimantur.
3234 4949 3278 5006 Ii
3309 4962 3546 5022 namque
3565 4964 3676 5005 ma-

2075 5035 2270 5092 leﬁciis
2299 5036 2634 5111 magicisque
2662 5038 2896 5108 artibus,
2945 5045 3010 5095 ut
3051 5037 3362 5096 divinitatis
3401 5039 3674 5096 culturam

2073 5125 2144 5184 ab
2171 5125 2460 5182 hominum
2491 5127 2751 5186 cordibus
2793 5128 3106 5198 eliminent,
3137 5144 3202 5185 ea
3241 5127 3456 5186 eﬁ'icere
3481 5135 3675 5200 prote-

2074 5226 2311 5290 stantur,
2349 5236 2472 5294 quas
2499 5220 2706 5278 divinae
2725 5229 2944 5278 tantum
2976 5231 3187 5278 naturae
3205 5230 3338 5278 sunt
3363 5219 3671 5294 possibilia.

2074 5309 2230 5368 Unde
2257 5309 2376 5382 ejus
2405 5312 2661 5384 potestati
2692 5322 2958 5385 perpetuo
3007 5311 3267 5368 resistere
3313 5311 3537 5368 audent.
3569 5308 3674 5366 Sed

2072 5401 2292 5457 tandem
2325 5402 2664 5458 vanitatibus
2693 5417 2886 5458 eorum
2916 5401 3166 5470 detectis,
3198 5399 3522 5473 artibusque
3553 5415 3673 5474 pro-

2071 5491 2294 5566 ﬂigatis,
2325 5493 2506 5549 virtus
2540 5508 2759 5564 semper
2789 5491 2984 5548 divina
3009 5490 3406 5564 supereminet.
3427 5489 3569 5562 Magi
3585 5505 3672 5546 co-

2070 5599 2187 5638 ram
2235 5582 2518 5640 Pharaone
2560 5582 2736 5654 Moysi
2782 5583 3038 5640 resistere
3079 5581 3356 5639 audebant
3377 5625 3394 5650 ,
3440 5594 3673 5653 suasque

2069 5671 2254 5744 virgas
2307 5671 2430 5728 ﬁeri
2485 5671 2752 5730 dracones
2793 5671 3224 5730 contendebant.
3282 5671 3391 5728 Sed
3446 5669 3670 5728 tandem

2068 5761 2240 5836 Msysi
2267 5760 2424 5836 virga
2443 5763 2545 5821 Dei
2592 5761 2942 5836 providentia
2969 5770 3024 5820 et
3051 5761 3260 5820 virtute
3288 5759 3350 5818 in
3375 5759 3670 5820 colubrum
