3980 6390
233 427 294 484 37
1109 426 1205 483 DE
1259 424 1406 481 XLII
1464 422 1933 482 MANSIONIBUS
1967 422 2302 480 FILIORUM
2339 422 2610 480 ISRAEL.
3457 426 3525 483 38

226 566 396 619 versa,
417 548 476 605 in
512 566 801 622 magorum
839 548 1106 605 dracones
1125 548 1399 617 insiliens,
1423 564 1518 605 eos
1542 548 1695 605 illico
1717 547 1817 604 de-
1838 548 1891 610 Α
1923 545 2245 603 excidamus
2281 563 2313 602 a
2353 546 2575 619 propria
2626 544 2887 600 ﬁrmitate
2919 546 3003 617 (II
3032 548 3178 604 Patr.
3212 566 3295 618 ιιι,
3331 551 3449 623 17).
3492 577 3509 598 .

231 638 446 697 voravit
474 638 681 710 (Exod.
714 656 814 707 vn,
850 637 1072 709 10-12).
1096 639 1231 695 Nam
1262 655 1292 694 a
1319 640 1507 711 Moyse
1535 654 1646 695 non
1674 654 1818 695 erro-

230 744 307 797 re,
336 743 449 783 non
479 727 792 799 praestigiis,
847 725 942 783 sed
989 727 1219 783 veritate
1261 728 1367 783 ista
1407 728 1648 795 ﬁebant;
1696 727 1819 783 ideo

230 815 472 873 mirabili
505 816 749 889 potentia
775 814 1164 872 subsistebant.
1184 817 1408 889 Legitur
1427 818 1593 875 etiam
1629 817 1685 872 in
1714 818 1822 873 Ac-

236 904 381 962 tibus
396 905 789 977 apostolorum,
817 910 908 968 18
928 905 1075 978 quod
1104 905 1237 961 dum
1270 907 1591 978 praedicaret
1618 906 1821 962 Paulus

226 1002 504 1075 apostolus
531 1017 715 1057 coram
745 1002 934 1074 Sergio
963 1003 1312 1075 proconsule,
1336 1003 1431 1076 qui
1461 1004 1691 1059 verbum
1718 1002 1818 1058 Dei

227 1090 413 1147 audire
457 1090 732 1161 cupiebat,
786 1114 805 1137 ι
853 1091 1158 1159 resistebat,
1201 1117 1219 1139 ι
1275 1092 1476 1166 inquit,
1534 1117 1552 1139 ι
1592 1094 1818 1164 Elymas

225 1193 433 1249 magus,
462 1192 713 1250 quaerens
742 1187 985 1234 avertere
1017 1179 1400 1251 proconsulem
1434 1196 1466 1235 a
1514 1180 1622 1235 ﬁde
1672 1179 1814 1249 (Act.

224 1282 344 1334 xm,
363 1265 446 1339 8).
486 1291 504 1314 ι
532 1267 782 1338 Denique
810 1266 942 1323 dum
972 1267 1039 1323 ab
1068 1269 1334 1340 Apostolo
1354 1277 1691 1341 argueretur,
1714 1283 1815 1323 cae-

224 1372 318 1412 cus
341 1354 566 1411 eﬁ‘ectus
593 1362 694 1423 est,
728 1355 805 1411 ita
835 1364 898 1413 ut
928 1358 1281 1426 circumiens,
1316 1358 1517 1431 inquit,
1551 1372 1821 1433 quaereret

223 1443 316 1518 qui
349 1444 401 1499 ei
430 1443 585 1501 daret
624 1460 819 1501 manus
849 1446 1038 1518 (Ibid.,
1070 1447 1184 1519 11).
1217 1446 1347 1504 Ideo
1380 1447 1439 1503 in
1486 1450 1603 1521 lege
1626 1467 1817 1509 eorum

220 1537 614 1595 commercium
643 1539 827 1594 caveri
856 1538 1130 1611 praecipue
1139 1538 1398 1611 jubetur;
1432 1540 1614 1614 inquit
1630 1542 1777 1598 enim
1803 1561 1813 1597 :

231 1648 251 1674 ε
287 1625 493 1682 Anima
525 1643 646 1701 quae
671 1634 858 1684 secuta
887 1628 1058 1684 fuerit
1086 1630 1488 1702 ventriloquos,
1512 1633 1599 1687 vel
1630 1633 1815 1691 incan-

214 1722 448 1784 tatores,
476 1724 540 1772 ut
578 1716 883 1774 fornicetur
929 1726 1052 1791 post
1096 1734 1221 1787 eos;
1271 1718 1575 1776 obﬁrmabo
1622 1722 1816 1779 faciem

216 1819 394 1861 meam
424 1813 618 1862 contra
649 1806 891 1863 animam
913 1807 1089 1877 illam,
1111 1816 1166 1864 et
1195 1808 1418 1880 perdam
1447 1809 1600 1866 iilam
1631 1810 1697 1867 de
1724 1828 1814 1884 po-

1997 652 2267 709 ΧΧΧΙΧ·
2288 653 2512 720 mansio,
2535 654 2844 709 Dmoncan.
2897 683 2967 695 —
3003 653 3216 710 Mansio
3243 655 3522 713 tricesima

1926 757 2072 797 nona
2099 742 2332 798 habetur
2353 742 2409 797 in
2436 740 2758 814 Dibongad;
2793 742 2873 799 sic
2907 742 3055 798 enim
3099 741 3302 814 legitur
3336 759 3347 797 :
3394 768 3414 791 ι
3453 745 3525 802 Et

1927 830 2162 903 profecti
2191 847 2261 888 ex
2288 830 2583 898 Jeabarim,
2607 831 2975 886 castrametati
2999 828 3205 885 suntin
3236 831 3525 904 Dibongad

1929 919 2118 992 (Num.
2150 937 2354 988 χχχιιι,
2385 920 2502 991 45).
2535 945 2554 967 ι
2600 919 2803 976 Verum
2838 918 2905 975 de
2938 918 3042 975 hac
3068 920 3350 977 mansione
3365 921 3524 995 longe

1926 1009 2208 1066 diversum
2241 1011 2299 1067 in
2332 1011 2442 1066 alio
2472 1011 2592 1067 loco
2620 1009 2726 1082 legi
2771 1009 2996 1066 videtur
3029 1028 3040 1066 :
3076 1026 3201 1067 nam
3255 1010 3524 1084 scriptum

1926 1106 2007 1153 est
2039 1117 2050 1155 :
2097 1123 2114 1144 -
2162 1100 2235 1154 Et
2275 1099 2616 1155 discedentes
2657 1114 2727 1154 ex
2756 1098 2963 1167 Oboth,
2996 1100 3367 1155 castrametati
3398 1110 3527 1156 sunt

1927 1187 1986 1241 in
2003 1186 2295 1256 Jeabarim,
2316 1187 2371 1242 in
2402 1188 2618 1244 deserto
2646 1187 2795 1262 quod
2823 1195 2905 1243 est
2939 1187 2995 1243 in
3027 1196 3323 1260 conspectu
3343 1188 3524 1257 Moab,

1926 1275 1994 1331 ad
2024 1277 2292 1333 orientem
2322 1277 2472 1333 solis.
2506 1277 2637 1333 Inde
2666 1276 3065 1344 discesserunt,
3097 1284 3151 1332 et
3180 1285 3526 1334 castrameta-

1926 1365 1969 1421 ti
2001 1373 2131 1421 sunt
2160 1366 2217 1422 in
2247 1366 2388 1422 valle
2415 1392 2432 1414 ι
2464 1366 2656 1434 Zared,
2686 1365 2806 1422 haec
2836 1365 2914 1421 ibi
2946 1368 3130 1438 (Num.
3153 1383 3274 1435 χχι,
3300 1369 3389 1436 11,
3408 1366 3522 1440 12).

1926 1454 1982 1510 Si
2005 1470 2132 1526 ergo
2166 1454 2411 1526 (Origen.
2446 1455 2565 1510 loco
2596 1453 2720 1526 cit.)
2755 1454 2813 1508 in
2844 1454 2992 1509 valle
3021 1454 3193 1511 Zared
3219 1466 3524 1512 castrame-

1927 1543 2025 1599 tati
2056 1552 2205 1612 sunt,
2238 1544 2388 1601 dices
2420 1560 2432 1599 :
2491 1543 2781 1612 Quomodo
2835 1544 2893 1600 in
2953 1544 3286 1619 Dibongad?
3316 1545 3524 1603 Verum

1926 1632 2004 1687 ibi
2037 1634 2190 1689 locus
2217 1634 2548 1703 communis,
2580 1634 2672 1691 hic
2702 1651 2834 1690 vero
2865 1635 3123 1707 proprius
3163 1636 3519 1708 exprimitur.

1925 1722 2024 1778 Est
2050 1723 2198 1778 enim
2228 1724 2516 1796 Dibongad
2547 1724 2694 1779 circa
2722 1724 2925 1780 vallem
2954 1725 3145 1793 Zared,
3178 1741 3300 1798 quae
3330 1733 3414 1781 est
3443 1725 3523 1782 in-

1923 1817 2009 1865 ter
2062 1808 2199 1864 ﬁnes
2261 1809 2713 1865 Amorrhazorum
2767 1817 2821 1864 et
2876 1810 3265 1867 Moabitarum.
3293 1813 3524 1885 Mystice

216 1895 347 1968 pulo
376 1911 481 1953 suo
513 1897 705 1967 (Leuit.
739 1913 836 1966 xx,
869 1897 949 1969 6).
989 1924 1008 1947 ι»
1048 1900 1175 1954 Haec
1203 1900 1367 1955 statio
1395 1898 1464 1956 ad
1489 1917 1675 1973 magos
1703 1918 1819 1974 per-
1848 1904 1894 1964 Β
1924 1910 2055 1950 vero
2078 1895 2366 1967 Dibongad
2395 1896 2662 1967 apiarium
2697 1896 3067 1953 tentationum
3090 1898 3379 1971 signiﬁcat.
3404 1898 3524 1967 Quo

214 1983 430 2040 dandos
454 1985 657 2042 colitur
681 2003 693 2042 :
717 2001 844 2042 nam
878 1985 1062 2042 Oboth
1095 1986 1152 2042 in
1186 2003 1371 2059 magos
1399 1988 1814 2061 interpretatur.

212 2071 498 2131 Adeamus
525 2074 695 2147 igitur
724 2081 778 2131 et
802 2091 903 2131 nos
934 2074 1002 2131 ad
1034 2075 1238 2143 Oboth,
1294 2076 1567 2149 erigamus
1609 2080 1688 2137 ibi
1723 2089 1818 2136 ta—

212 2160 513 2219 bernacula
541 2170 760 2230 nostra;
809 2170 871 2218 ut
914 2164 975 2219 in
1013 2166 1353 2235 protectione
1381 2167 1481 2223 Dei
1509 2167 1635 2223 coeli
1664 2183 1815 2225 com-

154 2245 163 2255 ’
212 2260 519 2321 morantes,
549 2267 662 2308 non
690 2251 985 2309 timeamus
1026 2276 1044 2300 ι
1084 2270 1115 2309 a
1142 2255 1342 2311 timore
1381 2263 1675 2327 nocturno,
1702 2274 1815 2315 non

214 2356 248 2397 a
279 2343 485 2413 sagitta
512 2341 732 2397 volante
761 2341 820 2397 in
847 2340 957 2410 die,
980 2357 1093 2398 non
1109 2358 1138 2398 a
1160 2344 1380 2415 negotio
1400 2345 1814 2417 perambulante

213 2429 272 2486 in
302 2430 570 2500 tenebris,
602 2446 704 2487 nec
733 2429 801 2487 ab
837 2430 1066 2489 incursu
1096 2439 1151 2488 et
1188 2431 1461 2489 daemonio
1510 2435 1815 2493 meridiano

214 2518 395 2589 (Psal.
429 2536 523 2587 xc,
552 2520 608 2588 ὅ,
639 2519 719 2592 6).
752 2545 772 2568 ι

282 2607 611 2666 ΧΧΧἮΙΙ·
638 2607 865 2677 mansio,
896 2608 1511 2669 Iusserat—Mansio
1538 2614 1818 2672 tricesima

210 2706 415 2754 octava
441 2706 673 2755 vocatur
698 2697 1002 2766 Jeabarim;
1032 2698 1113 2756 sic
1142 2700 1289 2756 enim
1331 2701 1563 2758 habetur
1596 2720 1608 2758 :
1678 2728 1697 2751 ι
1746 2706 1817 2762 Et

207 2787 451 2860 profecti
497 2803 566 2843 ex
611 2788 816 2857 Oboth,
850 2789 1217 2846 castrametati
1259 2801 1391 2848 sunt
1421 2793 1480 2847 in
1520 2794 1815 2863 Jeabarim,

209 2876 268 2931 in
326 2893 397 2933 eo
456 2877 605 2950 quod
644 2878 811 2946 ultra,
859 2878 919 2934 in
965 2878 1172 2935 ﬁnibus
1226 2880 1385 2936 Moab
1426 2882 1611 2949 (Num.
1645 2900 1812 2952 χχιιι,

210 2965 329 3040 44).
366 2991 387 3016 ι
435 2968 516 3023 De
546 2967 649 3024 hac
676 2968 959 3024 mansione
988 2968 1047 3024 in
1076 2970 1185 3025 alio
1214 2970 1335 3028 loco
1363 2973 1568 3029 clarius
1593 2974 1811 3046 legitur:

216 3078 235 3102 ι
273 3056 352 3111 Et
382 3054 751 3123 discedentes,
791 3080 812 3104 ι
856 3056 1059 3128 inquit,
1111 3078 1130 3103 ε
1169 3074 1238 3113 ex
1277 3058 1480 3127 Oboth,
1511 3067 1817 3117 castrame-

203 3144 305 3201 tati
336 3154 478 3200 sunt
529 3144 586 3199 in
631 3144 926 3213 Jeabarim,
967 3145 1027 3200 in
1056 3145 1269 3202 deserto
1299 3147 1446 3221 quod
1474 3156 1555 3204 est
1583 3148 1642 3204 in
1672 3165 1817 3205 con-

1925 1982 2189 2038 docemur
2216 1983 2364 2056 quod
2393 1985 2646 2057 quamvis
2669 1984 2854 2056 justus
2878 1986 3233 2057 perfectionis
3258 1988 3347 2042 vel
3378 2003 3523 2043 sum-

1925 2087 2029 2126 ma)
2075 2072 2362 2143 proximus
2402 2073 2649 2141 exsistat,
2683 2074 2833 2130 haud
2870 2084 3054 2131 tamen
3097 2075 3149 2130 ei
3195 2076 3525 2134 tentationes

1924 2159 2144 2216 desunt.
2176 2160 2335 2228 Quod
2386 2169 2473 2218 est
2520 2161 2727 2219 divina;
2782 2164 2996 2219 cautela
3033 2162 3417 2235 providentiae,
3450 2181 3518 2221 ne

1924 2265 1956 2304 a
1983 2256 2133 2306 recto
2161 2248 2490 2309 deﬂectendi
2542 2251 2705 2308 bonis
2756 2253 3101 2310 successibus
3143 2270 3330 2311 ansam
3372 2255 3522 2309 arri-

1925 2339 2159 2412 piamus.
2193 2340 2339 2396 Hinc
2386 2340 2490 2396 Job
2538 2340 2795 2398 dicebat:
2866 2366 2885 2389 ι
2937 2343 3136 2400 Beatus
3162 2342 3331 2399 homo
3359 2359 3522 2417 quem

1925 2429 2196 2501 corripuit
2224 2428 2495 2486 Dominus
2526 2447 2539 2487 :
2574 2430 3003 2503 increpationem
3030 2433 3427 2505 omnipotentis
3454 2450 3524 2490 ne

1927 2535 2127 2576 renuas
2156 2520 2276 2591 (Job
2301 2538 2358 2589 v,
2390 2521 2503 2593 17).
2549 2545 2568 2570 ι
2625 2520 2784 2589 Quod
2815 2528 2870 2577 et
2899 2521 2946 2578 si
2975 2522 3109 2579 dum
3139 2522 3197 2578 in
3225 2538 3389 2579 carne
3416 2539 3522 2579 su—

1926 2624 2068 2677 mus,
2101 2609 2433 2665 tentationes
2460 2607 2621 2665 nobis
2653 2627 2851 2667 amarae
2871 2610 3151 2680 videntur,
3173 2610 3406 2668 miriﬁce
3438 2612 3520 2667 ni-

1926 2695 2232 2753 hilominus
2264 2696 2333 2752 ad
2358 2698 2599 2755 futuram
2628 2699 2789 2755 nobis
2810 2700 2979 2756 vitam
3004 2699 3320 2771 proﬁciunt,
3336 2700 3522 2756 dicen-

1925 2793 1978 2841 te
2008 2787 2302 2858 Apostolo:
2336 2810 2355 2833 ι
2384 2787 2577 2842 Omnis
2601 2787 2823 2859 quidem
2853 2787 3148 2859 disciplina
3175 2789 3234 2844 in
3265 2789 3520 2861 praesenti

1925 2874 2148 2931 videtur
2175 2892 2286 2931 non
2315 2892 2430 2932 esse
2461 2876 2665 2948 gaudii,
2684 2876 2778 2932 sed
2808 2877 3095 2933 maeroris:
3122 2885 3311 2950 postea
3332 2888 3518 2936 autem

1926 2964 2173 3020 fructum
2237 2966 2645 3036 pacatissimum
2680 2965 2994 3022 exercitatis
3040 2983 3134 3039 per
3174 2983 3293 3023 eam
3324 2968 3517 3024 reddet

1918 3052 2150 3123 justitiae
2184 3054 2366 3125 (Hebr.
2385 3069 2490 3123 χιι,
2510 3054 2622 3126 11).
2656 3079 2676 3102 ι
2707 3054 3049 3111 Accedamus
3078 3072 3206 3128 ergo
3234 3072 3353 3125 nos,
3377 3066 3432 3114 et
3456 3056 3515 3113 in

1925 3142 2067 3198 hanc
2099 3144 2435 3199 mansionem
2466 3143 2677 3215 ingredi
2707 3143 3031 3200 festinemus
3062 3161 3074 3199 :
3106 3146 3340 3202 scientes
3369 3147 3514 3220 quod

203 3241 403 3306 spectu
429 3232 612 3301 Moab,
644 3233 713 3290 ad
758 3234 1025 3290 orientem
1093 3236 1226 3291 solis
1257 3238 1442 3307 (Num.
1472 3253 1593 3305 χχι,
1630 3239 1742 3310 11).
1784 3266 1803 3290 ι
1846 3266 1889 3325 C
1924 3248 1955 3285 a
1982 3230 2223 3284 Domino
2252 3230 2532 3287 interdum
2549 3231 2902 3303 corripimur,
2926 3248 2995 3288 ne
3022 3250 3148 3290 cum
3179 3233 3286 3291 hoc
3313 3234 3521 3291 mundo

203 3322 445 3395 Propter
471 3322 621 3395 quod
650 3323 968 3379 meminisse
996 3330 1212 3396 oportet
1266 3324 1412 3396 quod
1467 3325 1717 3395 Idumzei,
1751 3338 1812 3385 ut

207 3414 267 3470 in
297 3414 688 3486 superioribus
714 3414 981 3483 diximus,
1019 3432 1115 3487 per
1142 3432 1332 3473 eorum
1380 3424 1554 3475 terras
1598 3419 1813 3475 transi-

202 3510 322 3560 tum
355 3503 496 3560 ﬁliis
516 3504 682 3559 Israel
712 3512 967 3576 prastare
987 3504 1266 3561 hostiliter
1280 3516 1623 3564 recusarunt.
1660 3507 1812 3564 Unde
1851 3508 1856 3513 ’

205 3590 556 3649 divertentes
610 3592 678 3648 ab
734 3595 848 3662 eis,
902 3592 1267 3650 Moabitarum
1324 3594 1461 3652 ﬁnes
1514 3596 1812 3652 circumire

201 3683 382 3739 coacti
434 3681 683 3739 fuerunt.
735 3683 879 3741 Hinc
917 3682 1124 3741 dicitur
1146 3683 1290 3757 quod
1321 3684 1381 3739 in
1419 3683 1627 3741 ﬁnibus
1654 3685 1812 3743 Moab

202 3770 272 3827 ad
300 3772 582 3827 orientem
611 3782 903 3830 venerunt.
932 3773 1208 3830 Jeabarim
1236 3789 1370 3830 vero
1392 3789 1651 3830 acervum
1673 3774 1810 3847 lapi-

201 3861 337 3919 dum
368 3863 783 3920 transeuntium
811 3873 989 3933 sonat,
1023 3864 1171 3937 quod
1197 3873 1281 3921 est
1324 3864 1574 3921 Ecclesia
1617 3864 1813 3937 justo-

201 3966 347 4008 rum.
379 3952 620 4025 Lapides
648 3952 796 4008 enim
826 3960 1174 4009 transeuntes
1202 3951 1343 4025 justi
1373 3962 1521 4009 sunt.
1556 3954 1600 4010 Ii
1644 3970 1813 4010 nam-

201 4056 310 4114 que
336 4049 569 4115 propter
597 4057 789 4098 eorum
820 4040 1139 4097 ﬁrmitatem
1180 4041 1387 4114 lapides
1437 4042 1806 4114 appellantur,

200 4128 270 4187 de
293 4130 509 4204 quibus
536 4131 731 4188 Petrus
757 4131 1037 4204 apostolus
1065 4130 1259 4187 scribit
1288 4130 1479 4188 dicens
1505 4148 1516 4186 :
1555 4156 1574 4178 ι
1599 4133 1673 4189 Et
1702 4130 1808 4203 ipsi

198 4224 467 4293 tanquam
503 4219 715 4292 lapides
742 4218 861 4276 vivi
884 4219 1405 4293 superaediﬁcamini
1454 4219 1653 4277 domus
1684 4221 1810 4292 spi-

201 4309 382 4367 ritalis
415 4312 479 4383 (Ι
505 4312 656 4368 Petr.
688 4327 750 4380 ιι,
781 4311 864 4384 5).
921 4336 941 4361 ι
980 4310 1153 4368 Justis
1207 4327 1339 4367 vero
1397 4309 1631 4368 ﬁrmitas
1662 4320 1812 4368 recte

199 4396 566 4469 adscribitur,
595 4416 659 4457 eo
683 4400 831 4474 quod
859 4399 965 4472 ipsi
995 4416 1096 4457 nec
1126 4400 1412 4468 ﬂuctuent,
1447 4416 1549 4457 nec
1577 4402 1811 4458 circum-

203 4486 461 4547 ferantur
493 4491 649 4547 omni
678 4498 848 4548 vento
875 4490 1165 4561 doctrinae,
1196 4492 1345 4547 unde
1394 4491 1453 4547 in
1510 4493 1813 4566 Evangelio

1921 3321 2250 3377 damnemur
2299 3323 2356 3393 (Ι
2404 3324 2528 3379 Cor.
2582 3339 2664 3391 χι,
2713 3324 2828 3396 32).
2863 3323 3078 3380 Certam
3113 3340 3331 3397 quoque
3366 3341 3517 3398 spem

1922 3410 2243 3480 habeamus,
2274 3412 2422 3485 quod
2462 3436 2482 3459 ι
2521 3429 2634 3469 non
2663 3413 2901 3485 patietur
2929 3430 3029 3469 nos
3074 3416 3223 3470 Deus
3267 3431 3433 3488 supra
3461 3417 3519 3473 id

1926 3502 2073 3574 quod
2106 3518 2417 3574 possumus,
2445 3504 2645 3559 tentari
2683 3520 2694 3558 :
2742 3502 2836 3559 sed
2863 3503 3028 3559 faciet
3062 3519 3189 3559 cum
3219 3504 3520 3561 tentatione

1925 3598 2278 3663 proventum,
2318 3599 2380 3647 ut
2407 3592 2682 3663 possimus
2709 3593 2979 3648 sustinere
3003 3593 3062 3665 (Ι
3083 3594 3209 3649 Cor.
3250 3610 3309 3655 χ.
3342 3594 3457 3667 13).
3488 3620 3506 3642 ι

1997 3679 2118 3734 XL.
2146 3680 2375 3748 mansio,
2404 3680 2603 3735 ELMON
2631 3696 3009 3737 DEBLATHAIM.
3038 3711 3109 3723 —
3135 3681 3348 3737 Mansio
3372 3697 3519 3756 qua-

1925 3767 2232 3840 dragesima
2260 3769 2320 3824 in
2348 3770 2550 3825 Elmon
2580 3769 2918 3826 deblathaim
2947 3786 2980 3825 a
3007 3770 3140 3827 ﬁliis
3176 3771 3343 3827 Israel
3385 3785 3520 3845 per-

1921 3857 2130 3929 agitur;
2160 3860 2241 3915 sic
2267 3862 2413 3915 enim
2445 3859 2711 3916 scribitur
2744 3876 2756 3915 :
2812 3885 2830 3906 -
2857 3861 2932 3917 Et
2960 3861 3191 3933 profecti
3220 3877 3290 3917 ex
3317 3860 3520 3917 Dibon-

1922 3947 2045 4018 gad,
2076 3948 2447 4003 castrametati
2477 3957 2611 4004 sunt
2646 3949 2703 4004 in
2737 3950 2941 4005 Elmon
2970 3948 3305 4005 deblathaim
3336 3951 3517 4022 (Num.

1921 4050 2126 4103 χχχιιι,
2159 4035 2277 4108 46).
2306 4035 2432 4094 Vox
2462 4035 2580 4093 haec
2606 4038 2808 4092 Elmon
2855 4037 3192 4095 deblathaim
3249 4039 3393 4096 sicut
3439 4049 3521 4096 est

1921 4122 2151 4195 duplex,
2205 4124 2283 4181 ita
2336 4132 2391 4180 et
2439 4125 2550 4180 duo
2603 4125 2831 4195 indicat,
2886 4142 3082 4200 nempe
3141 4136 3518 4201 contemptum

1920 4211 2150 4282 ﬁcuum,
2183 4212 2288 4270 hoc
2337 4222 2439 4283 est,
2485 4223 2864 4287 contemptum
2922 4223 3150 4272 terrenae
3205 4215 3517 4273 dulcedinis

1920 4302 2079 4372 ﬁcus,
2109 4320 2346 4377 namque
2374 4304 2723 4361 dulcedinem
2773 4306 3089 4363 ostendunt.
3142 4305 3297 4362 Unde
3354 4306 3516 4363 lere-

1921 4395 2061 4452 mias
2090 4397 2355 4469 propheta
2381 4397 2524 4453 vidit
2546 4397 2685 4455 ﬁcus
2712 4398 2901 4467 bonas,
2926 4398 3097 4456 bonas
3111 4399 3271 4455 valde
3295 4398 3513 4471 (larem.

1920 4501 2080 4555 xxxv,
2105 4487 2185 4561 3).
2209 4488 2282 4544 Et
2308 4488 2558 4544 Salvator
2587 4496 2775 4544 noster
2799 4494 2889 4552 19
2908 4489 3175 4556 esuriens,
3199 4489 3515 4545 Scribarum

199 4575 391 4635 domui
449 4595 620 4653 supra
671 4578 887 4636 ﬁrmam
933 4588 1141 4654 petram
1200 4580 1463 4650 fundatae,
1526 4582 1587 4637 in
1643 4598 1809 4654 quam
1838 4622 1888 4682 Β
1923 4584 2433 4658 Pharisaeorumque
2496 4586 2893 4643 amaritudines
2960 4586 3234 4655 deserens,
3290 4583 3519 4641 accessit

210 4692 230 4716 ι
290 4670 588 4737 descendit
636 4670 847 4744 pluvia,
903 4680 1177 4728 venerunt
1226 4671 1477 4741 ﬂumina,
1537 4671 1811 4731 ﬂaverant

199 4761 372 4831 venti,
397 4770 457 4819 et
482 4778 600 4819 non
624 4762 844 4830 cecidit,
877 4787 897 4813 ι
935 4770 1321 4835 comparantur
1353 4763 1670 4833 (Matth.vn,
1692 4762 1808 4833 25).

198 4851 574 4909 Transeuntes
602 4852 768 4909 etiam
797 4851 1096 4921 dicuntur;
1147 4851 1278 4926 quia
1318 4850 1622 4908 secundum
1651 4853 1812 4924 Apo-

199 4944 431 5012 stolum,
464 4942 807 4999 conﬁtentur
835 4942 985 5016 quod
1024 4966 1044 4991 ι
1070 4943 1314 5015 hospites
1343 4952 1398 4999 et
1426 4942 1649 4999 advenas
1679 4951 1809 4999 sunt

200 5047 362 5104 super
393 5041 606 5088 terram
639 5032 819 5103 (Hebr.
849 5048 934 5100 χι,
976 5033 1027 5101 1,
1078 5032 1192 5103 13).
1246 5058 1264 5081 ι
1305 5033 1555 5104 Denique
1610 5034 1809 5089 merito

198 5120 451 5179 Ecclesia
466 5120 682 5178 dicitur
700 5138 931 5179 acervus
961 5121 1205 5194 lapidum
1229 5139 1243 5189 ;
1280 5123 1409 5195 quia
1442 5147 1459 5169 ι
1477 5124 1594 5195 ipsa
1612 5133 1694 5180 est
1721 5141 1807 5181 co-

200 5210 391 5268 lumna
422 5219 482 5269 et
513 5210 927 5268 ﬁrmamentum
966 5212 1215 5269 veritatis
1245 5212 1303 5284 (I
1336 5213 1473 5269 Tim.
1508 5230 1591 5281 ιιι,
1626 5214 1739 5286 15).
1778 5240 1797 5263 ι

198 5299 521 5360 Habeamus
554 5300 725 5373 igitur
752 5311 807 5359 et
853 5317 956 5359 nos
995 5301 1288 5358 stationem
1330 5302 1389 5357 in
1416 5302 1710 5371 Jeabarim,
1744 5309 1810 5359 ut

197 5392 507 5449 secundum
546 5393 855 5464 apostolum
885 5392 1139 5461 Paulum,
1186 5415 1204 5439 ι
1234 5398 1516 5449 teneamus
1547 5395 1809 5465 proposi-

201 5486 308 5537 tam
337 5497 524 5555 spem,
555 5480 701 5538 sicut
730 5481 1028 5539 anchoram
1059 5482 1255 5540 animae
1283 5489 1457 5538 tutam
1483 5498 1545 5538 ac
1568 5481 1806 5553 ﬁrmam,

199 5577 252 5626 et
280 5571 642 5629 incedentem
672 5587 847 5645 usque
878 5571 949 5629 ad
993 5572 1259 5629 interiora
1290 5571 1584 5629 velaminis
1616 5572 1803 5643 (Hebr.

199 5676 275 5732 χι,
298 5662 419 5735 19),
452 5687 475 5712 ι
520 5671 587 5720 ut
598 5661 764 5735 juxta
782 5664 1086 5737 apostolum
1112 5680 1329 5738 quoque
1358 5664 1583 5721 Petrum
1618 5687 1636 5711 ι
1656 5680 1808 5738 prae-

198 5754 432 5810 scientes
460 5767 779 5823 caveamus,
810 5770 878 5811 ne
922 5771 1108 5814 errore
1162 5754 1502 5812 nefariorum
1558 5753 1805 5823 abducti,

1922 4674 1991 4731 ad
2015 4676 2266 4732 arborem
2294 4676 2408 4745 ﬁci,
2438 4683 2500 4733 ut
2527 4677 2718 4733 saltem
2752 4677 2808 4733 in
2836 4677 2992 4749 plebe
3011 4677 3260 4750 aliquam
3283 4673 3518 4730 inveni-

1919 4772 2003 4821 ret
2031 4766 2379 4823 dulcedinem
2413 4782 2425 4821 :
2478 4774 2531 4822 et
2570 4783 2698 4823 cum
2728 4782 2839 4822 non
2870 4765 3172 4822 invenisset
3217 4763 3327 4820 nisi
3384 4762 3517 4819 folia

1917 4864 2156 4925 tantum,
2175 4857 2463 4914 maledixit
2487 4857 2558 4925 ei,
2581 4856 2800 4913 dicens:
2838 4878 2856 4902 ε
2888 4856 3180 4927 Nunquam
3208 4870 3279 4910 ex
3309 4861 3360 4912 te
3387 4855 3520 4911 fru-

1918 4953 2040 5002 ctus
2072 4956 2329 5004 nascatur
2361 4948 2574 5017 (Matth.
2607 4963 2730 5013 χχι,
2774 4944 2884 5017 19).
2938 4970 2958 4993 ι
3001 4943 3362 5017 Contemptus
3390 4960 3518 5018 ergo

1920 5045 2260 5093 terrenarum
2322 5037 2748 5092 delectationum
2806 5034 2875 5091 ad
2934 5035 3134 5091 coelum
3193 5035 3511 5108 properanti

1918 5125 2165 5198 apprime
2220 5125 2562 5182 necessarius
2622 5132 2722 5181 est.
2785 5126 2922 5182 Nam
2978 5124 3086 5181 nisi
3160 5125 3511 5197 voluptatum

1921 5214 2227 5284 illecebras,
2259 5225 2312 5272 et
2340 5231 2402 5271 ea
2431 5232 2551 5290 quae
2591 5215 2650 5270 in
2705 5216 2867 5273 terris
2911 5214 3182 5273 delectare
3227 5213 3511 5282 videntur,

1918 5306 2345 5377 neglexerimus,
2381 5305 2452 5363 ad
2502 5305 2745 5362 cmlestia
2788 5321 2890 5361 nos
2945 5305 3093 5377 ipsos
3145 5303 3351 5376 erigere
3402 5317 3513 5358 non

1917 5409 2230 5467 possumus.
2264 5395 2392 5452 Ideo
2419 5394 2717 5468 Apostolus
2746 5395 3026 5462 admonet,
3057 5392 3281 5447 dicens:
3324 5414 3343 5437 ι
3378 5388 3511 5457 Quae

1920 5500 2138 5541 sursum
2168 5494 2299 5542 sunt
2325 5485 2521 5556 sapite,
2553 5500 2666 5541 non
2696 5500 2816 5557 qua:
2842 5497 3008 5555 super
3035 5490 3236 5536 terram
3279 5478 3510 5552 (Coloss.

1920 5591 2005 5642 ιιι,
2038 5574 2121 5647 2).
2153 5600 2172 5624 ›
2213 5575 2331 5631 Ιιιιο
2359 5590 2547 5648 sapere
2584 5581 2824 5639 terrena,
2853 5569 3109 5628 confusio
3137 5575 3234 5624 est.
3273 5568 3355 5624 Ita
3378 5568 3512 5625 scri-

1917 5663 2000 5721 bit
2027 5664 2323 5738 Apostolus
2356 5680 2368 5720 :
2436 5688 2455 5711 ε
2504 5663 2692 5720 Gloria
2728 5662 2786 5718 in
2817 5657 3090 5733 pudendis
3116 5657 3384 5732 ipsorum,
3416 5657 3515 5729 qui

1916 5761 2133 5812 terrena
2189 5755 2414 5828 sapiunt
2465 5752 2727 5823 (Philipp.
2760 5767 2844 5818 ιιι,
2878 5749 2993 5824 19).
3050 5775 3068 5799 ι
3109 5748 3317 5807 Verum
3380 5746 3516 5818 quia
