3980 6370
443 396 510 451 39
1475 385 1569 439 AD
1610 384 1844 439 OPERA
1883 382 1938 437 S.
1981 380 2316 437 AMBROSII
2354 375 2731 435 APPENDIX.
3673 368 3742 425 40

454 552 472 573 ι
503 530 689 580 nostra
715 517 1061 578 conversatio
1085 516 1144 571 in
1173 513 1326 571 caelis
1355 520 1457 581 est,
1510 512 1604 585 qui
1651 527 1777 567 cum
1809 510 2028 567 Christo
2059 515 2108 573 Α
2133 509 2298 581 juxta
2325 506 2544 562 Iericho
2563 550 2578 574 ,
2624 505 2812 578 ibique
2844 503 3216 560 castrametati
3258 510 3389 558 sunt
3433 500 3580 574 apud
3609 503 3742 558 Ior-

441 613 787 672 surreximus
811 608 1040 680 (Coloss.
1074 623 1156 672 ιιι,
1187 603 1303 676 29),
1337 629 1355 652 ι
1397 603 1550 658 omni
1580 600 1763 658 cordis
1787 600 2035 656 alacrita-

443 713 495 761 te
521 701 746 760 calcatis
775 696 970 755 mundi
989 694 1283 760 illecebris,
1306 693 1361 748 in
1384 691 1501 764 ejus
1532 690 1832 746 mansionis
1862 690 2036 745 taber-

444 790 640 848 nacula
670 785 1062 860 ingrediamur,
1101 807 1120 830 ι
1151 798 1271 855 quae
1301 797 1519 837 sursum
1550 787 1679 834 sunt
1709 785 2034 850 quaerentes,

443 881 540 938 ubi
572 878 828 937 Christus
855 883 937 931 est
966 875 1023 929 in
1057 872 1282 929 dextera
1320 871 1418 926 Dei
1457 868 1649 925 sedens
1691 869 1920 939 (Coloss.
1953 884 2036 935 ιιι,

447 972 502 1045 1)
539 987 550 1024 :
586 994 604 1018 ›
646 965 1171 1035 contendamusque,
1205 960 1322 1017 sive
1352 960 1623 1027 absentes,
1657 957 1772 1014 sive
1801 972 2032 1030 praesen-

443 1068 546 1128 tes,
585 1058 794 1132 placere
823 1053 1060 1110 Domino
1089 1053 1202 1108 Deo
1241 1057 1449 1105 nostro.

516 1149 665 1204 XLI.
709 1145 935 1213 mansio,
983 1145 1227 1199 Assam.
1259 1171 1330 1182 —
1366 1137 1577 1194 Mansio
1625 1135 2039 1210 quadragesima

446 1239 624 1314 prima
661 1237 724 1294 fit
761 1255 792 1293 a
822 1236 954 1292 filiis
991 1235 1155 1291 Israel
1195 1235 1253 1289 in
1292 1232 1573 1289 montibus
1609 1230 1871 1296 Abarim;
1913 1245 2038 1285 nam

449 1332 696 1404 sequitur
724 1347 735 1385 :
781 1353 800 1376 ι
832 1330 903 1384 Et
932 1325 1163 1399 profecti
1195 1343 1263 1381 ex
1301 1325 1500 1379 Elmon
1533 1321 1868 1378 deblathaim
1891 1363 1905 1386 ,
1939 1336 2041 1375 ca—

449 1419 753 1477 strametati
798 1425 926 1474 sunt
973 1433 1135 1488 super
1166 1422 1379 1471 montes
1407 1413 1632 1470 Abarim
1673 1419 1863 1468 contra
1891 1409 2041 1466 Nebo

453 1511 638 1583 (Num.
661 1526 866 1576 XXXIII,
897 1507 1012 1579 47).
1053 1533 1070 1555 ι
1115 1506 1322 1562 Verum
1356 1505 1517 1577 longe
1546 1505 1789 1558 alienum
1822 1500 2043 1556 videtur

449 1600 602 1669 huic,
643 1599 791 1672 quod
835 1599 946 1654 alio
983 1597 1040 1653 in
1083 1597 1203 1654 loco
1230 1597 1295 1650 de
1342 1595 1445 1650 hac
1487 1594 1771 1650 mansione
1819 1591 2038 1664 legitur.

448 1691 584 1747 Nam
630 1688 856 1761 inquit:
908 1712 926 1735 ι
967 1684 1348 1744 Castrametati
1389 1692 1519 1739 sunt
1553 1684 1610 1738 in
1642 1682 1782 1736 valle
1828 1678 2037 1744 Zared;

449 1777 578 1834 inde
605 1777 1017 1845 descendentes,
1061 1774 1432 1832 castrametati
1477 1780 1608 1828 sunt
1654 1779 1805 1826 trans
1847 1771 2040 1824 Arnon

2142 596 2340 652 danem
2373 595 2517 651 inter
2548 595 2904 661 Bethsimon,
2936 609 3109 666 usque
3139 590 3460 658 Belsachin,
3495 591 3553 646 in
3583 593 3743 649 occi-

2144 687 2308 742 dente
2336 687 2495 742 Moab
2527 688 2711 756 (Num.
2742 702 2942 752 χχχιιι,
2969 684 3083 756 48).
3118 710 3136 731 ι
3179 683 3306 739 Alio
3337 683 3393 738 in
3425 683 3545 738 loco
3575 700 3742 739 man-

2145 776 2356 831 sionem
2397 775 2641 830 eamdem
2686 774 2940 831 meminit
2987 773 3306 844 Scriptura,
3343 771 3572 828 dicens:
3619 797 3638 819 ι
3671 773 3744 828 Et

2146 867 2488 924 discedentes
2519 867 2621 922 ﬁlii
2652 867 2857 930 Israel,
2890 863 3262 920 castrametati
3306 873 3435 920 sunt
3475 862 3543 920 ad
3586 865 3744 922 occi-

2147 955 2364 1012 dentem
2425 955 2584 1012 Moab
2615 999 2630 1023 ,
2697 953 2845 1026 apud
2899 952 3194 1008 Iordanem
3223 995 3239 1020 ,
3302 951 3468 1023 juxta
3523 953 3743 1010 Iericho

2151 1048 2336 1118 (Num.
2359 1061 2501 1113 χχιι,
2524 1045 2600 1116 1).
2635 1070 2653 1093 ι
2697 1043 2944 1114 Denique
2979 1052 3258 1114 postrema
3286 1041 3453 1114 hujus
3484 1041 3742 1098 laboriosi

2149 1136 2510 1208 diuturnique
2557 1135 2804 1190 ﬁliorum
2852 1132 3016 1188 Israel
3072 1131 3290 1187 itineris
3336 1147 3368 1188 a
3416 1132 3601 1204 Moyse
3650 1147 3746 1202 per

2149 1227 2380 1283 verbum
2412 1225 2510 1281 Dei
2539 1223 2814 1295 descripta
2845 1222 3058 1278 mansio
3088 1220 3206 1277 haec
3239 1228 3338 1277 est.
3388 1223 3451 1277 In
3481 1237 3587 1294 qua
3617 1219 3743 1277 licet

2149 1317 2389 1390 plurima
2416 1315 2564 1370 dicta
2593 1323 2848 1386 gestaque
2878 1313 2992 1368 sint
3023 1318 3331 1367 memoratu
3361 1310 3546 1381 digna,
3574 1326 3746 1382 pauca

2149 1414 2333 1462 tamen
2359 1405 2476 1462 haec
2495 1402 2895 1460 enarrabimus.
2925 1401 3171 1458 Primum
3195 1401 3358 1457 Balac
3377 1401 3743 1457 Moabitarum

2150 1513 2249 1553 rex
2278 1511 2506 1550 cernens
2537 1494 2682 1550 ﬁlios
2709 1493 2872 1549 Israel
2903 1500 3058 1549 tanto
3088 1491 3351 1564 proﬁcere
3381 1491 3744 1559 incremento,

2149 1593 2372 1658 tamque
2396 1584 2656 1641 secundis
2684 1600 2874 1640 eorum
2914 1599 3001 1638 res
3045 1581 3351 1654 prosperari
3381 1580 3744 1648 successibus,

2139 1691 2405 1750 [magnam
2452 1690 2634 1730 rerum
2683 1689 2906 1728 suarum
2954 1671 3308 1726 formidinem
3357 1669 3638 1742 concepit,
3685 1677 3750 1725 ut

2150 1765 2210 1821 in
2264 1765 2334 1820 iis
2385 1781 2506 1837 quae
2557 1763 2626 1819 ad
2676 1763 2940 1834 populum
2995 1760 3214 1817 Madian
3268 1759 3601 1831 praelocutus
3641 1766 3747 1826 est,

449 1869 507 1924 in
537 1867 771 1934 deserto,
819 1865 966 1938 quod
1009 1864 1216 1920 eminet
1263 1880 1294 1918 a
1340 1862 1546 1918 finibus
1588 1860 2039 1918 Amorrhaeorum
2072 1872 2117 1931 Β
2153 1862 2395 1926 apparet.
2447 1855 2637 1926 Inquit
2684 1852 2872 1908 enim:
2919 1875 2939 1898 ι
2976 1851 3134 1906 Nunc
3182 1849 3354 1920 linget
3396 1847 3750 1920 congregatio

451 1958 635 2030 (Num.
662 1972 784 2024 χχι,
809 1956 894 2022 12,
923 1954 1036 2025 llr).
1060 1981 1077 2002 ι
1113 1955 1198 2008 Ex
1221 1955 1422 2024 quibus
1443 1952 1628 2008 verbis
1655 1951 1876 2005 videtur
1896 1948 2044 2022 quod

450 2045 554 2102 ﬁlii
584 2045 747 2100 Israel
778 2059 889 2099 non
919 2043 977 2098 in
1009 2043 1295 2098 montibus
1325 2041 1549 2097 Abarim
1568 2083 1583 2108 ,
1615 2038 1707 2094 sed
1739 2039 1795 2094 in
1829 2037 2045 2092 deserto

451 2143 602 2191 trans
623 2136 814 2189 Arnon
846 2132 1184 2188 mansionem
1213 2139 1335 2202 post
1365 2131 1564 2184 Elmon
1593 2128 1907 2184 habuerint.
1941 2128 2045 2184 Sed

453 2225 606 2282 nulla
649 2232 732 2280 est
777 2222 1103 2288 diversitas,
1151 2219 1413 2293 quoniam
1458 2217 1686 2272 Abarim
1730 2215 1787 2270 in
1831 2214 2046 2271 deserto

452 2324 533 2371 est
562 2322 712 2370 trans
741 2313 953 2366 Arnon.
981 2309 1140 2378 Quod
1171 2325 1297 2380 ergo
1326 2306 1457 2362 alibi
1487 2306 1589 2362 sub
1619 2304 1923 2371 communi,
1956 2303 2047 2360 hic

453 2404 557 2461 sub
585 2404 808 2476 proprio
839 2399 1063 2456 nomine
1102 2398 1382 2468 Scriptura
1412 2396 1699 2467 expressit.
1735 2394 1887 2450 Unde
1921 2393 2047 2449 sub-

448 2491 634 2565 jungit
659 2511 670 2546 :
707 2493 802 2546 Est
829 2490 976 2545 enim
1005 2492 1197 2544 Arnon
1225 2486 1293 2542 ad
1325 2487 1461 2542 ﬁnes
1493 2485 1650 2540 Moab
1682 2484 1826 2539 inter
1854 2485 2048 2538 Amor-

458 2583 659 2650 rhaaos,
689 2590 742 2637 et
780 2580 858 2636 ibi
890 2579 1122 2635 habetur
1152 2593 1309 2632 mons
1339 2575 1588 2643 Abarim,
1616 2575 1684 2631 ad
1713 2574 1872 2646 cujus
1907 2572 2048 2628 radi-

454 2689 545 2730 ces
565 2670 730 2743 juxta
757 2670 1109 2726 Amorrhzeos
1138 2669 1349 2723 Armon
1383 2666 1585 2722 labitur
1603 2665 1802 2720 amnis.
1834 2663 2049 2718 Dicitur

454 2779 586 2818 vero
616 2778 772 2816 mons
802 2760 1031 2816 Abarim
1062 2767 1214 2815 trans
1253 2761 1464 2823 Arnon,
1508 2773 1615 2811 non
1646 2755 1711 2810 ad
1752 2755 2045 2811 transitum

458 2853 813 2909 Hebraeorum
841 2895 855 2919 ,
913 2849 1007 2905 sed
1055 2849 1122 2905 ad
1178 2850 1345 2905 situm
1404 2857 1560 2903 terra
1617 2853 1846 2914 sanctae,
1905 2844 2050 2900 sicut

458 2960 581 3000 mos
609 2953 690 2998 est
722 2941 898 3012 Moysi
948 2941 1004 2994 in
1048 2938 1150 2994 hac
1188 2937 1590 3008 descriptione;
1642 2953 1768 2990 nam
1813 2935 1870 2988 in
1906 2935 2050 2988 libro

458 3030 872 3089 Deuteronomii
920 3029 1164 3100 legitur:
1211 3051 1229 3072 ε
1283 3027 1408 3081 Haec
1453 3025 1620 3079 verba
1666 3041 1785 3096 quae
1835 3023 2052 3077 locutus

459 3131 541 3179 est
582 3123 797 3193 Moyses
827 3117 979 3175 omni
1020 3117 1182 3172 Israel
1220 3125 1370 3171 trans
1407 3113 1698 3171 Iordanem
1742 3113 1799 3167 in
1837 3112 2052 3167 deserto

459 3211 529 3269 ad
557 3210 894 3267 occidentem
932 3209 1111 3278 (Deut.
1147 3223 1184 3273 ι,
1219 3205 1296 3278 1).
1336 3231 1353 3254 ›
1383 3205 1597 3276 Moyses
1623 3211 1827 3269 tamen,
1851 3200 2052 3256 Iorda-

459 3317 586 3358 nem
616 3299 932 3355 nullatenus
962 3295 1219 3352 transivit
1252 3312 1263 3350 :
1314 3300 1430 3348 erat
1472 3309 1601 3364 ergo
1640 3291 1778 3347 citra
1819 3288 1887 3345 ad
1934 3289 2051 3344 He—

458 3390 731 3447 braeorum
771 3388 940 3456 viam,
979 3393 1135 3441 trans
1164 3400 1294 3440 vero
1323 3383 1391 3440 ad
1425 3391 1582 3438 terra:
1625 3389 1825 3436 sanctae
1856 3380 2045 3434 situm.

458 3479 571 3536 Sub
604 3479 709 3535 hac
753 3477 1037 3534 mansione
1066 3475 1134 3531 ad
1182 3476 1323 3531 Seon
1366 3471 1818 3530 Amorrhaaorum
1868 3484 2049 3540 regem

459 3573 665 3646 legatos
709 3570 926 3642 Moyses
961 3564 1281 3634 destinavit,
1329 3571 1391 3620 ut
1435 3565 1486 3619 ei
1533 3579 1658 3621 cum
1704 3560 1908 3633 populo
1956 3574 2052 3631 per

457 3678 585 3719 suas
635 3667 808 3716 terras
861 3663 1228 3713 commeatum
1282 3653 1547 3726 praeberet
1571 3695 1584 3718 ,
1642 3650 1844 3723 absque
1897 3647 2050 3704 omni

459 3765 684 3808 suorum
712 3762 935 3818 prorsus
964 3743 1185 3799 laesione
1211 3761 1222 3798 :
1267 3766 1286 3788 ι
1311 3740 1720 3809 Transibimus,
1755 3737 2048 3810 inquiunt,

460 3853 558 3912 per
577 3844 775 3892 terram
801 3845 974 3903 tuam,
999 3848 1111 3889 non
1132 3828 1533 3888 declinabimus
1553 3845 1728 3902 neque
1749 3828 1817 3884 ad
1837 3845 2048 3901 agrum,

460 3941 638 3999 neque
676 3925 929 3981 bibemus
957 3939 1154 3995 aquam
1193 3921 1261 3977 de
1290 3929 1474 3993 puteo,
1521 3919 1613 3975 via
1654 3919 1802 3991 regia
1844 3917 2053 3974 transi-

458 4017 644 4075 bimus
674 4017 858 4087 (Nu-m.
889 4032 1010 4084 χχι,
1041 4015 1156 4079 22).
1191 4039 1209 4063 ι
1255 4013 1397 4069 Seon
1428 4028 1557 4068 vero
1601 4011 1657 4066 id
1699 4012 1927 4067 omnino
1957 4026 2054 4065 re-

459 4123 658 4165 cusans
679 4105 816 4161 dura
841 4103 1124 4175 respondit
1147 4121 1159 4159 :
1194 4103 1307 4159 imo
1331 4102 1515 4158 valido
1543 4101 1789 4158 exercitu
1817 4108 2048 4168 armato,

461 4195 529 4254 ad
572 4194 806 4250 ﬂuvium
836 4197 1064 4259 Arnen,
1105 4210 1210 4265 qua
1239 4192 1402 4248 Israel
1448 4193 1781 4248 transiturus
1810 4201 1957 4260 erat,
1991 4200 2052 4248 ut

462 4285 609 4343 viam
639 4283 951 4355 impediret,
983 4282 1430 4354 oppugnantique
1460 4282 1768 4348 resisteret,
1801 4281 2053 4353 protinus

461 4375 764 4432 descendit.
815 4373 919 4429 Sed
958 4372 1152 4428 divina
1200 4373 1405 4428 factum
1452 4380 1533 4427 est
1565 4371 1788 4440 virtute,
1824 4381 1886 4428 ut
1929 4388 2052 4445 rege

461 4464 520 4520 in
543 4463 731 4535 praelio
749 4461 1044 4528 exstincto,
1071 4461 1282 4516 Hebraei
1306 4460 1754 4516 Amorrhzeorum
1785 4460 2050 4533 pOpulum

459 4555 520 4610 in
565 4554 841 4610 occisione
891 4551 1059 4624 gladii
1107 4553 1491 4625 percusserint,
1540 4567 1840 4624 eorumque
1881 4561 2052 4608 terras

458 4653 735 4702 vastantes
777 4643 1183 4716 depopularint.
1236 4642 1462 4699 Interim
1497 4644 1577 4714 0g
1622 4659 1719 4698 rex
1751 4644 1946 4710 Basan,
1991 4653 2052 4701 ut

458 4736 730 4792 auxilium
761 4734 1087 4789 Amorrhaeo
1121 4733 1384 4805 przeberet
1426 4732 1638 4798 amico,
1673 4734 1920 4804 ingentes
1950 4751 2053 4790 co—

462 4823 577 4896 pias
614 4830 820 4891 armat,
869 4821 1069 4894 quibus
1110 4822 1274 4876 Israel
1316 4819 1591 4875 hostiliter
1631 4821 2051 4893 impugnaturus

460 4913 794 4985 aggreditur.
856 4913 961 4967 Sed
1016 4913 1179 4968 Israel
1239 4929 1475 4984 superna
1525 4911 1794 4969 dimicans
1841 4929 1962 4983 ope,
1999 4920 2052 4967 et

462 5003 641 5074 ipsum
672 5002 728 5055 in
776 4999 923 5055 bello
957 5017 1132 5072 regem
1180 5003 1432 5076 peremit,
1481 5003 1782 5059 exercitum
1827 5020 2050 5059 omnem

463 5090 758 5156 exstinxit,
781 5090 906 5143 univ
922 5106 1094 5144 ersam
1117 5091 1351 5164 denique
1379 5102 1577 5148 terram
1602 5109 1791 5148 eorum
1813 5091 2048 5164 subegit,

463 5179 609 5236 unde
635 5196 760 5235 cum
787 5177 990 5249 insigni
1014 5177 1247 5234 victoria
1272 5180 1500 5247 grandes
1519 5181 1844 5239 divitiarum
1866 5183 2051 5254 copias

462 5269 782 5342 reportavit.
816 5269 946 5336 Quae
977 5270 1163 5323 omnia
1193 5270 1461 5342 Iosephus
1491 5273 1613 5329 fuso
1640 5290 1889 5332 sermone
1926 5290 2048 5346 per-

459 5361 679 5431 scripsit
710 5359 852 5431 (Lib.
882 5377 939 5414 ιν
973 5360 1236 5430 Antiquit.
1269 5378 1386 5434 cap.
1421 5363 1500 5434 4).

533 5448 706 5504 XLIII
731 5449 958 5516 mansio,
989 5451 1134 5520 apud
1156 5451 1470 5508 JORDANEM.
1493 5484 1563 5494 —
1584 5454 1792 5510 Mansio
1821 5455 2049 5528 quadra-

461 5537 666 5611 gesima
690 5538 926 5593 secunda
956 5538 1190 5594 habetur
1209 5541 1266 5594 in
1295 5541 1695 5611 campestribus
1722 5545 1879 5599 Moab
1904 5547 2050 5616 apud

459 5625 786 5694 Iordanem;
822 5628 946 5684 ideo
975 5629 1111 5686 dicit
1138 5647 1149 5685 :
1189 5655 1206 5677 ι
1238 5631 1307 5685 Et
1338 5629 1567 5702 profecti
1594 5631 1660 5686 de
1686 5632 1886 5688 ﬁnibus
1908 5635 2048 5690 Aba-

461 5716 590 5792 rim,
614 5725 884 5777 venerunt
911 5717 981 5777 ad
999 5719 1339 5782 occidentem
1370 5720 1552 5791 Moab,
1573 5737 1738 5796 supra
1755 5722 2047 5781 Iordanem

2154 1947 2272 2004 haec
2300 1963 2526 2012 omnes,
2556 1945 2650 2018 qui
2683 1945 2739 1999 in
2771 1943 3008 2000 circuitu
3037 1949 3225 1998 nostro
3262 1948 3411 2008 sunt,
3449 1940 3594 1997 sicut
3637 1939 3746 1994 lin-

2156 2038 2233 2110 git
2280 2037 2494 2092 vitulus
2540 2035 2776 2090 virentia
2820 2049 2888 2087 ex
2933 2049 3126 2103 campo
3168 2031 3356 2101 (Ibid.,
3397 2029 3477 2101 4).
3511 2055 3528 2077 ι
3571 2027 3750 2096 Quare

2154 2127 2326 2184 armis
2355 2125 2504 2182 haud
2533 2141 2625 2180 eos
2656 2125 2835 2196 palam
2881 2122 3141 2177 invadere
3179 2137 3366 2187 ausus,
3399 2118 3746 2185 deliberavit,

2155 2233 2224 2273 ne
2289 2215 2482 2271 saltem
2548 2212 2883 2284 potentiores
2942 2208 3328 2274 efﬁcerentur,
3384 2206 3452 2262 ad
3509 2205 3752 2261 occultas

2157 2315 2302 2362 artes
2327 2303 2642 2374 confugere.
2673 2301 2826 2357 Unde
2854 2301 3071 2356 Balaam
3107 2314 3325 2370 magum
3372 2296 3441 2352 ad
3487 2313 3544 2352 se
3573 2311 3750 2352 accer-

2158 2397 2326 2451 situm
2380 2392 2627 2464 rogavit,
2677 2401 2738 2447 ut
2796 2388 3316 2462 imprecationibus,
3377 2385 3750 2458 maleﬁcisque

2157 2483 2277 2556 ejus
2331 2483 2542 2538 artibus
2602 2481 2864 2553 populum
2921 2479 3308 2544 malediceret,
3368 2475 3747 2549 perderetque.

2157 2580 2315 2648 Quod
2346 2579 2540 2636 abillo
2582 2596 2682 2634 nec
2723 2576 3092 2642 suasionibus,
3135 2573 3229 2629 2O
3269 2591 3369 2630 nec
3407 2572 3748 2641 muneribus,

2157 2672 2349 2729 divina
2401 2671 2702 2725 obsistente
2763 2667 3150 2740 providentia,
3201 2665 3450 2721 obtinere
3504 2679 3750 2736 unquam

2157 2762 2357 2834 potuit,
2402 2759 2658 2831 quinimo
2697 2757 2812 2830 ipse
2852 2772 3074 2826 magus,
3108 2754 3346 2809 Domino
3376 2770 3436 2808 os
3463 2751 3586 2823 ejus
3613 2767 3752 2822 ape-

2160 2854 2357 2918 riente,
2379 2851 2522 2906 bona
2544 2855 2794 2918 precatus
2816 2854 2897 2903 est
2922 2845 3144 2918 populo,
3174 2843 3468 2914 felicesque
3493 2841 3753 2913 praedixit

2160 2958 2487 2998 successus:
2535 2965 2553 2986 ι
2581 2940 2757 3006 Quam
2804 2937 3072 3009 pulchrae,
3125 2935 3327 3007 inquit,
3377 2940 3484 2988 tum
3527 2930 3749 2998 domus,

2159 3031 2366 3087 Iacob!
2424 3029 2775 3084 tabernacula
2822 3035 2953 3092 tua,
3003 3025 3189 3080 Israel.
3248 3023 3529 3094 Tanquam
3581 3019 3752 3075 valles

2161 3119 2576 3185 obumbrantes,
2607 3125 2868 3188 tanquam
2904 3116 3050 3170 horti
3080 3130 3244 3186 super
3268 3113 3524 3179 ﬂuvium,
3555 3118 3609 3165 et
3647 3125 3752 3164 ve—

2086 3233 2128 3294 ρ
2164 3211 2245 3267 lut
2278 3207 2634 3264 tabernacula
2667 3221 2786 3278 quae
2818 3204 2944 3259 ﬁxit
2985 3205 3254 3260 Dominus
3286 3203 3472 3272 (Num.
3505 3217 3665 3270 xxxv,
3695 3202 3749 3269 5,

2158 3301 2238 3372 6).
2273 3326 2290 3348 ι
2331 3300 2403 3354 Ει
2434 3297 2579 3352 infra
2607 3315 2619 3353 :
2667 3321 2685 3343 ι
2717 3295 3111 3351 Benedicentes
3140 3301 3191 3349 te
3221 3291 3495 3348 benedicti
3524 3291 3669 3360 sint,
3699 3300 3754 3347 et

2160 3388 2548 3446 maledicentes
2591 3394 2646 3442 te
2676 3384 2954 3441 maledicti
3000 3383 3114 3440 sint
3155 3383 3307 3438 item.
3342 3381 3564 3438 Orietur
3592 3381 3753 3437 stella

2159 3496 2228 3535 ex
2257 3477 2444 3544 Iacob,
2482 3485 2537 3532 et
2566 3483 2821 3547 exsurget
2859 3475 3025 3531 homo
3053 3491 3123 3530 ex
3153 3473 3315 3529 Israel
3349 3473 3538 3544 (Ibid.,
3572 3470 3684 3542 17).
3720 3494 3738 3517 ι

2159 3569 2368 3626 Deinde
2398 3568 2526 3640 quia
2564 3565 2989 3622 Madianitarum
3021 3580 3206 3620 amore
3237 3562 3530 3617 mulierum
3567 3574 3754 3631 popu-

2162 3660 2268 3725 lus,
2301 3657 2514 3713 deserto
2545 3671 2678 3711 vero
2704 3656 2849 3719 Deo,
2880 3652 2949 3709 ad
2977 3653 3126 3709 idola
3153 3652 3486 3718 diverterat,
3519 3647 3754 3704 Phinees

2159 3750 2386 3805 Eleazar
2430 3747 2602 3815 ﬁlius,
2651 3747 2946 3817 Aaronque
2997 3760 3186 3816 nepos,
3235 3743 3352 3800 zelo
3399 3742 3605 3797 zelatus
3651 3753 3752 3812 pro

2159 3837 2398 3894 Domino
2427 3835 2794 3904 exercituum,
2841 3842 3136 3907 antequam
3183 3849 3280 3905 per
3308 3830 3590 3887 licentiam
3627 3827 3754 3882 for-

2163 3929 2271 3985 tius
2302 3935 2637 4001 grassaretur
2673 3925 2960 3997 iniquitas,
3009 3923 3301 3979 Hebraeum
3328 3930 3382 3978 et
3427 3915 3755 3976 Madianiti-

2159 4018 2284 4074 dem
2333 4018 2596 4074 feminam
2652 4015 2712 4072 in
2764 4013 3132 4071 fornicatione
3186 4011 3644 4085 comprehensos,
3697 4019 3755 4066 et

2159 4127 2344 4169 coram
2391 4110 2580 4180 Moyse
2609 4105 2878 4162 adductos
2921 4104 3141 4177 publice
3178 4103 3467 4175 evaginato
3514 4101 3754 4174 pugione

2161 4199 2394 4273 peremit
2422 4197 2582 4269 cujus
2621 4197 2874 4268 exemplo
2919 4193 3200 4267 provocati
3232 4192 3479 4266 plerique
3520 4192 3755 4263 arreptis

2161 4292 2217 4347 in
2258 4287 2585 4346 fornicarios
2614 4287 2782 4341 armis
2825 4285 3268 4352 insurrexerunt,
3300 4291 3353 4338 et
3395 4280 3462 4337 ad
3495 4282 3753 4337 interne-

2159 4382 2374 4439 cionem
2405 4395 2541 4434 caesa
2569 4383 2698 4432 sunt
2727 4375 2815 4431 die
2843 4376 2942 4431 illa
2969 4374 3167 4446 viginti
3196 4380 3432 4446 quatuor
3459 4371 3752 4427 hominum

2162 4471 2356 4529 millia.
2408 4469 2585 4536 Quare
2634 4467 2931 4539 peremptis
2973 4465 3317 4533 fornicariis,
3366 4462 3754 4520 reconciliatus

2083 4595 2129 4653 D
2164 4569 2245 4617 est
2273 4577 2398 4616 cum
2429 4558 2632 4630 populo
2661 4559 2824 4613 Deus.
2875 4580 2894 4604 ι
2923 4556 2994 4611 Et
3039 4554 3291 4623 cessavit,
3343 4554 3545 4627 inquit,
3596 4552 3753 4625 plaga

2164 4666 2194 4704 a
2218 4649 2352 4703 ﬁliis
2377 4648 2538 4704 Israel
2573 4647 2759 4718 (Num.
2789 4663 2924 4712 xxv,
2957 4646 3038 4716 8).
3073 4671 3090 4693 ι
3132 4645 3360 4715 Insuper
3385 4644 3514 4717 quia
3541 4642 3751 4700 Chana-

2161 4754 2405 4794 naeorum
2439 4745 2604 4804 terra,
2655 4737 2724 4791 ad
2771 4751 2934 4806 quam
2991 4733 3094 4788 lilii
3142 4734 3307 4788 Israel
3365 4731 3752 4806 possidendam

2162 4845 2256 4900 per
2284 4829 2514 4883 verbum
2547 4827 2645 4882 Dei
2676 4825 2993 4891 tendebant,
3038 4840 3066 4878 e
3098 4824 3284 4879 vicino
3321 4822 3434 4894 jam
3477 4821 3753 4894 promine-

2159 4918 2272 4982 bat,
2305 4917 2517 4989 ipsique
2553 4924 2705 4970 terrze
2731 4922 2931 4970 sanctae
2962 4930 3056 4986 per
3083 4913 3442 4986 quadraginta
3477 4920 3530 4968 et
3570 4912 3752 4984 plures

2160 5022 2332 5062 annos
2363 5003 2625 5076 fugientis
2671 5003 2780 5058 fere
2806 5001 2920 5074 jam
2956 5020 3079 5058 oras
3111 5003 3480 5074 prendebant;
3525 5009 3579 5057 et
3622 5003 3752 5074 quia

2160 5111 2270 5150 non
2302 5093 2409 5148 nisi
2439 5100 2651 5148 armata
2697 5109 2884 5161 manu,
2920 5091 3241 5164 viribusque
3280 5091 3550 5158 infractis,
3597 5091 3750 5146 illam

2161 5200 2350 5255 capere
2396 5184 2528 5255 ipsis
2567 5184 2945 5256 praestabatur,
2992 5182 3201 5238 idcirco
3240 5183 3466 5238 Eleazar
3497 5180 3753 5238 sacerdos

2159 5290 2360 5329 novam
2427 5274 2614 5345 populi
2689 5274 2758 5329 ad
2829 5273 3038 5328 bellum
3103 5272 3217 5344 apti
3283 5271 3751 5345 computationem

2159 5362 2334 5419 facere
2400 5363 2501 5418 Dei
2575 5362 2832 5417 mandato
2897 5361 3179 5429 decrevit,
3243 5361 3301 5416 in
3376 5377 3484 5434 qua
3557 5366 3754 5432 praeter

2158 5453 2364 5510 tribum
2396 5453 2548 5521 Levi,
2583 5453 2650 5508 ad
2684 5452 2972 5524 specialem
3012 5452 3110 5507 Dei
3141 5453 3352 5508 cultum
3385 5451 3747 5521 destinatam,

2159 5551 2212 5599 et
2260 5543 2541 5608 mulieres,
2599 5551 2857 5598 sexcenta
2888 5541 3065 5597 millia
3110 5549 3166 5596 et
3214 5541 3368 5595 mille
3417 5540 3752 5612 septingenti

2157 5635 2385 5706 triginta
2416 5633 2542 5702 viri,
2575 5649 2606 5689 a
2647 5633 2844 5706 viginti
2875 5634 3035 5689 annis
3063 5640 3117 5688 et
3157 5648 3340 5704 supra,
3371 5631 3438 5686 ad
3470 5630 3615 5687 bella
3646 5648 3752 5704 pa-

2159 5727 2286 5797 rati,
2316 5734 2378 5785 ut
2408 5725 2710 5799 Scriptura,
2744 5726 2945 5800 inquit,
2977 5725 3250 5783 numerati
3283 5731 3432 5780 sunt.
3466 5722 3592 5779 Alia
3620 5738 3753 5780 vero
