3980 6372
217 409 276 466 41
1643 412 2054 473 ΑΒΜΟΝΙΤΙΟ.
3427 430 3496 488 42

215 547 366 605 quam
406 533 646 604 plurima
683 533 746 590 ad
789 535 1109 608 religionem
1156 537 1365 611 Deique
1409 539 1644 609 cultum,
1689 557 1792 598 nec
1819 546 1866 602 A
1905 542 2084 612 (Deut.
2135 559 2335 612 xxxrv,
2385 544 2464 616 4).
2516 545 2588 602 Et
2631 547 2922 605 confestim
2973 568 3069 622 per
3115 554 3346 612 verbum
3392 559 3492 627 Dei

215 637 316 678 non
347 620 412 675 ad
445 637 560 678 rem
589 623 866 694 publicam
917 624 1064 681 bello
1115 642 1352 698 paceque
1399 627 1788 685 moderandam

210 710 524 782 spectantia,
556 712 770 784 Moyses
791 712 1120 788 Eleazarque
1147 716 1398 772 sacerdos
1423 717 1482 772 in
1515 718 1616 775 hac
1640 736 1788 776 man-

210 798 357 856 sione
389 798 445 853 in
477 799 727 856 ordinem
760 803 1084 875 redegerunt
1107 805 1290 875 (Num.
1325 823 1483 876 xxvr,
1513 807 1607 878 5t)
1631 825 1642 862 :
1669 825 1788 881 quas

208 904 272 944 ne
293 889 349 942 in
379 888 545 945 nimis
568 891 788 962 longum
811 901 1050 948 nostram
1074 894 1452 966 protraherent
1473 898 1785 968 lectionem,

207 978 288 1033 vel
317 976 445 1050 quia
473 979 673 1050 saepius
703 980 828 1036 aliis
869 982 926 1037 in
961 984 1094 1040 locis
1140 1001 1202 1040 ea
1242 985 1589 1058 digessimus,
1639 1004 1788 1044 nunc

205 1068 502 1125 omittenda
530 1086 839 1128 censemus.
874 1073 1108 1131 Silentio
1137 1084 1318 1132 tamen
1347 1078 1786 1150 praetereundum

203 1175 306 1216 non
341 1158 626 1230 duximus,
655 1163 802 1234 quod
833 1164 1047 1238 Moyses
1073 1175 1382 1224 extremum
1413 1169 1517 1224 sibi
1568 1169 1784 1226 tandem

202 1265 292 1321 per
318 1249 547 1306 verbum
580 1253 679 1308 Dei
715 1253 917 1310 instare
964 1257 1110 1312 diem
1155 1274 1471 1330 agnoscens,
1512 1261 1787 1317 declarato

200 1339 301 1396 sibi
330 1356 661 1411 successore,
694 1345 993 1419 populique
1021 1347 1179 1416 duce,
1214 1351 1468 1407 mandato
1492 1352 1613 1421 Dei,
1660 1353 1787 1408 Iesu

203 1430 366 1498 Nave,
420 1433 864 1506 praescriptisque
909 1436 1389 1496 benedictionibus
1439 1458 1499 1498 ac
1563 1443 1785 1498 maledi-

195 1519 509 1589 ctionibus,
567 1522 770 1594 quibus
827 1525 1203 1584 observatores
1273 1531 1786 1600 praevaricatoresve

195 1606 398 1664 divina:
443 1609 579 1682 legis
607 1611 973 1683 incurrerent,
1002 1633 1216 1673 necnon
1249 1620 1632 1690 praenuntiatis
1661 1620 1786 1677 sin-

193 1697 331 1769 gulis
352 1698 616 1758 tribubus
645 1718 765 1775 quas
796 1703 853 1759 in
883 1704 1010 1762 illos
1039 1706 1363 1779 singillatim
1390 1717 1786 1780 superventura

195 1786 386 1857 forent,
465 1807 629 1864 super
703 1803 946 1851 montem
1018 1796 1169 1852 Nebo
1224 1799 1546 1855 conscendit
1604 1800 1779 1871 (Deut.

1900 637 2152 686 mortuus
2197 642 2298 701 est,
2345 642 2396 690 et
2441 635 2686 707 sepultus
2737 637 2795 692 in
2844 639 3028 707 valle;
3088 651 3142 698 et
3179 645 3491 714 sepulcrum

1898 721 2016 792 ejus
2063 738 2225 778 nemo
2263 723 2421 779 novit
2468 742 2640 799 usque
2689 727 2748 782 in
2797 726 3127 785 hodiernum
3173 731 3340 788 diem.
3391 737 3494 806 Hic

1899 809 2026 867 ﬁnis
2072 812 2283 884 Moysi,
2338 815 2795 889 mansionumque
2840 819 3030 890 populi
3074 819 3234 891 jussu
3284 823 3383 879 Dei
3434 825 3492 880 in

1900 899 2149 956 ordinem
2188 903 2601 960 recensitarum.
2647 905 2915 962 Caeterum
2961 911 3230 966 nonnulla
3260 914 3495 984 mystica

1900 1004 2050 1044 nunc
2074 991 2403 1062 explicanda
2449 993 2649 1062 forent,
2701 996 2807 1051 nisi
2856 996 3052 1052 horum
3101 999 3360 1073 pleraque
3397 1019 3494 1074 per

1901 1084 2191 1134 tractatum
2221 1091 2540 1152 praesentem
2563 1085 2971 1156 sparsissemus,
2993 1087 3102 1142 alia
3123 1105 3252 1144 vero
3280 1091 3338 1144 in
3369 1091 3492 1148 aliis

1901 1163 2034 1221 locis
2082 1168 2528 1238 explicassemus.
2590 1173 2733 1229 Illud
2795 1173 3031 1248 denique
3084 1176 3488 1237 observandum

1898 1271 2073 1326 operae
2132 1257 2380 1329 pretium
2435 1259 2829 1332 judicavimus,
2883 1265 3031 1336 quod
3076 1266 3350 1325 universis
3397 1269 3490 1328 hic

1899 1343 2164 1401 transitus
2194 1344 2319 1402 ideo
2352 1359 2834 1418 commemoratur,
2867 1359 3259 1427 proptereaque
3306 1357 3488 1414 omnis

1897 1433 1989 1492 hic
2019 1452 2213 1492 cursus
2237 1439 2706 1498 consummandus
2735 1443 3102 1514 proponitur;
3152 1453 3214 1502 ut
3258 1447 3327 1503 ad
3355 1449 3489 1505 Jor-

1895 1522 2092 1580 danem
2131 1526 2230 1582 Dei
2281 1526 2514 1583 ﬂuvium
2565 1530 2786 1587 demum
2835 1532 3233 1604 pervenientes,
3279 1536 3485 1594 divinas

1895 1613 2062 1668 undis
2092 1615 2375 1687 sapientia
2405 1617 2724 1691 irrigemur;
2759 1628 2821 1676 ut
2847 1637 2943 1694 per
2971 1622 3158 1678 omnia
3185 1624 3482 1696 puriﬁcati,

1895 1705 2277 1773 promissionis
2305 1715 2527 1777 terram,
2556 1711 2669 1765 Deo
2699 1711 2920 1768 tandem
2970 1714 3284 1784 miserante,
3315 1716 3482 1774 intra-

1894 1806 1974 1860 re,
2018 1801 2073 1849 et
2120 1811 2247 1852 cum
2296 1798 2562 1870 Apostolo
2608 1798 2788 1856 dicere
2833 1802 3114 1860 valeamus
3147 1821 3159 1858 :
3203 1828 3222 1853 ‹
3265 1805 3480 1864 Bonum

189 1892 384 1947 xxxiv,
439 1880 520 1952 1),
569 1881 806 1956 indeque
847 1886 1084 1957 amplam
1133 1888 1505 1962 optimamque
1558 1889 1785 1946 Chana-
1813 1907 1857 1967 ο
1893 1893 2168 1941 certamen
2193 1887 2421 1956 certavi,
2457 1904 2678 1945 cursum
2709 1893 3110 1962 consummavi,
3159 1894 3324 1953 ﬁdem
3373 1913 3482 1954 ser-

190 1983 430 2024 nseorum
494 1971 796 2043 regionem,
853 1983 1056 2031 terram
1109 1977 1300 2051 utique
1355 1979 1493 2034 lacte
1533 1985 1586 2033 et
1619 1979 1780 2038 melle

187 2067 524 2128 manantem,
554 2061 801 2132 patribus
845 2066 1090 2137 repetitis
1119 2067 1283 2123 etiam
1315 2069 1552 2125 oraculis
1580 2087 1776 2142 repro-

187 2149 428 2220 missam,
462 2153 638 2209 monti
670 2154 819 2211 Nebo
858 2171 926 2211 ex
969 2156 1200 2214 adverso
1231 2159 1487 2230 positam,
1517 2169 1569 2216 et
1598 2161 1776 2218 oculis

185 2242 558 2313 perlustravit,
591 2253 645 2301 et
674 2245 858 2303 animo
887 2248 1278 2318 consideravit,
1316 2257 1368 2305 et
1414 2255 1477 2304 ut
1522 2251 1774 2321 Apostoli

183 2333 364 2389 verbis
397 2334 582 2406 (Hebr.
624 2353 706 2406 xr,
759 2339 848 2410 l3)
883 2347 1024 2407 utar,
1075 2354 1104 2395 e
1145 2341 1301 2412 longe
1343 2341 1622 2397 salutavit.
1655 2341 1775 2409 Quo

182 2420 417 2495 denique
447 2435 686 2497 peracto,
719 2427 865 2483 dixit
894 2429 978 2484 illi
1008 2429 1280 2486 Dominus
1313 2448 1325 2486 :
1364 2455 1382 2480 ‹
1415 2431 1642 2488 Ostendi
1669 2442 1773 2489 ter-

182 2528 294 2568 ram
339 2514 486 2572 hanc
531 2517 708 2574 oculis
751 2519 883 2589 tuis,
935 2520 1030 2576 sed
1079 2521 1230 2578 illius
1291 2539 1403 2578 non
1446 2523 1773 2596 ingredieris

179 2621 424 2634 -υ

1889 1973 2036 2040 vavi,
2060 1981 2114 2029 et
2133 1973 2366 2045 justitiae
2387 1992 2588 2032 corona
2617 1995 2779 2051 quam
2807 1981 3078 2038 Dominus
3101 1982 3284 2055 justus
3305 1983 3480 2056 judex

1883 2061 2078 2117 reddet
2108 2061 2165 2120 in
2198 2063 2297 2119 illa
2325 2063 2414 2120 die
2466 2065 2536 2122 iis
2583 2067 2676 2139 qui
2723 2067 2964 2140 diligunt
3008 2071 3310 2128 adventum
3361 2073 3481 2146 ejus

1887 2150 1975 2222 (II
2007 2152 2142 2207 Tim.
2174 2170 2250 2220 rv,
2284 2154 2334 2222 7,
2365 2153 2448 2227 8),
2474 2165 2770 2227 reponatur
2799 2157 2960 2214 nobis
2983 2175 3080 2230 per
3107 2160 3291 2216 Iesum
3321 2161 3478 2218 Chri-

1883 2248 2028 2296 stum
2058 2242 2358 2298 Dominum
2389 2252 2661 2315 nostrum,
2689 2247 2778 2304 cui
2811 2264 2936 2305 cum
2967 2249 3126 2306 Patre
3167 2257 3222 2306 et
3267 2250 3478 2323 Spiritu

1882 2339 2070 2387 sancto
2098 2332 2279 2387 omnis
2326 2341 2409 2389 est
2450 2332 2648 2404 honor,
2701 2337 2893 2409 gloria,
2938 2344 2993 2394 et
3041 2339 3375 2412 perpetuitas
3418 2341 3477 2398 in

1881 2422 2078 2478 saecula
2107 2423 2453 2481 saeculorum.
2487 2426 2683 2483 Amen.
2715 2450 2734 2476 ι

1398 2630 3470 2661 m

2183 2646 2266 2648 *η
2407 2646 3468 2672 ἡ,
3310 2663 3340 2673 ,,
3371 2664 3468 2675 ,,,,

817 2749 920 2819 ΙΝ
963 2751 1609 2831 SUBSEQUENTIA
1661 2753 2271 2822 COMMENTARIA
2317 2757 2825 2828 ADMONITIO.

245 2974 534 3043 Quantum
566 2976 699 3034 olim
739 2980 930 3035 multis
959 2979 1173 3037 saeculis
1201 2981 1573 3054 conspiratum
1605 2991 1705 3050 est,
1734 2991 1795 3040 ut
1816 2999 2046 3059 sequens
2066 2985 2214 3058 Opus
2236 2997 2422 3044 sancto
2439 2990 2730 3047 Ambrosio
2759 2993 3098 3050 tribueretur
3123 3013 3135 3062 ;
3160 3004 3308 3053 tanta
3337 3013 3463 3052 con-

177 3064 430 3121 sensione
463 3074 734 3139 quotquot
768 3083 916 3123 nunc
947 3067 1054 3122 viri
1089 3069 1291 3124 eruditi
1326 3069 1581 3138 audiunt,
1625 3070 1763 3126 illud
1811 3073 1986 3129 eidem
2035 3077 2232 3132 volunt
2277 3077 2674 3150 adjudicatnm.
2708 3084 2927 3139 Etenim
2954 3084 3068 3156 jam
3101 3087 3229 3145 inde
3257 3106 3288 3144 a
3317 3106 3464 3148 nono

174 3155 370 3211 saeculo
403 3152 735 3212 Hincmarus
767 3156 970 3228 (Tract.
1003 3158 1065 3218 de
1093 3159 1337 3214 Divortio
1365 3160 1627 3228 Lotharii,
1661 3162 1819 3231 θη),
1851 3162 2095 3218 Ecclesia
2141 3163 2524 3234 Lugdunensis
2571 3171 2729 3240 (tom.
2764 3172 2840 3229 lV
2869 3152 3012 3229 Bilil.
3052 3177 3164 3231 PP.
3199 3186 3338 3248 part.
3371 3181 3458 3252 ιι),

168 3243 467 3301 concilium
499 3245 938 3317 Aquisgranense
966 3247 1188 3302 tertium
1221 3248 1390 3319 (Ann.
1420 3249 1546 3315 862,
1575 3265 1692 3320 cap.
1833 3252 2165 3320 Amalarius,
2198 3253 2549 3326 Prudentius,
2564 3260 2776 3331 Haymo
2797 3271 2851 3317 et
2880 3265 3063 3334 plures
3090 3243 3459 3339 alii-ejusdem

167 3336 430 3408 temporis
459 3345 711 3394 auctores
743 3339 915 3393 multa
943 3353 1012 3394 ex
1061 3338 1147 3394 his
1197 3338 1332 3410 ipsis
1380 3337 1804 3395 Commentariis
1850 3339 1951 3394 sub
1994 3340 2274 3398 Ambrosii
2324 3347 2547 3402 nomine
2582 3351 2948 3420 protulerunt.
2983 3336 3260 3423 Rabanus,
3295 3359 3457 3415 Hinc-

167 3423 299 3480 mari
331 3426 707 3499 synchronus,
740 3425 796 3481 in
825 3427 1187 3498 Expositione
1217 3428 1572 3483 Paulinarum
1603 3427 1960 3499 epistolarum
1991 3445 2060 3484 ex
2089 3431 2342 3488 Patribus
2373 3435 2603 3491 collecta
2643 3438 2910 3509 plurimos
2943 3443 3092 3499 locos
3125 3445 3182 3499 in
3214 3448 3457 3519 quinque

166 3512 368 3584 priores
397 3515 660 3586 epistolas
687 3515 911 3572 adducit
940 3525 1197 3588 tanquam
1231 3533 1358 3572 vere
1397 3516 1811 3584 Ambrosianos,
1843 3518 1936 3590 qui
1971 3535 2029 3574 re
2074 3536 2202 3576 vera
2241 3531 2461 3580 exstant
2512 3524 2570 3580 in
2618 3525 2706 3582 his
2758 3531 2960 3586 nostris
3009 3531 3451 3594 Commentariis.

164 3602 288 3660 Inde
317 3619 541 3676 quoque
570 3605 838 3660 nonnulla
864 3604 920 3660 in
945 3604 1189 3676 priorum
1239 3604 1482 3676 ejusdem
1520 3606 1676 3661 Pauli
1707 3606 2061 3677 epistolarum
2105 3611 2530 3682 explicationem
2561 3618 2844 3673 transtulit
2868 3618 3142 3690 Sedulius,
3173 3625 3454 3682 Ambrosii

163 3692 382 3748 nomine
414 3693 585 3749 semel
615 3692 870 3765 ascripto.
904 3693 1242 3749 Lanfrancus
1272 3694 1437 3749 etiam
1465 3694 1522 3748 in
1562 3710 1659 3750 sua
1684 3694 2086 3770 Compilatione
2113 3711 2303 3758 sancto
2331 3703 2546 3762 doctori
2577 3706 2830 3762 attribuit
2869 3724 2930 3764 ea
2959 3709 3285 3783 fragmenta,
3333 3732 3452 3788 quae

161 3795 223 3834 ex
253 3780 356 3839 hoc
384 3782 564 3854 Opere
597 3789 876 3839 mutuatus
905 3791 1005 3840 est.
1040 3784 1289 3856 Denique
1318 3783 1424 3840 hoc
1452 3783 1601 3856 Opus
1629 3801 1726 3857 pro
1756 3787 2123 3845 Ambrosiano
2169 3791 2470 3850 admissum
2517 3795 2626 3850 fuit
2651 3811 2682 3850 a
2710 3795 2992 3868 Gratiano,
3025 3780 3086 3857 P.
3115 3780 3446 3874 Lombardo,

160 3869 319 3926 Ivone
342 3869 696 3939 Carnutensi,
720 3871 952 3944 aliisque
982 3871 1306 3929 innumeris.
1333 3871 1730 3931 Verumtamen
1756 3891 1882 3932 cum
1913 3884 2024 3932 tam
2046 3878 2376 3937 universalis
2404 3885 2593 3956 opinio
2621 3885 2871 3954 Erasmo,
2894 3887 3184 3959 Turriano,
3217 3892 3448 3966 aliisque

161 3974 263 4015 non
292 3976 468 4034 usque
498 3959 634 4017 adeo
667 3969 816 4018 certa
843 3963 962 4018 visa
991 3970 1149 4032 esset,
1181 3961 1335 4018 illam
1365 3961 1624 4033 deinceps
1659 3979 1718 4018 re
1746 3963 1987 4036 penitius
2025 3969 2359 4038 examinata,
2405 3987 2518 4028 uno
2558 3973 2770 4030 calculo
2817 3992 3008 4034 omnes
3056 3981 3441 4053 proscripsere.

222 4049 594 4117 Quamobrem
626 4058 806 4108 actum
839 4068 994 4125 agere
1021 4051 1181 4108 nobis
1219 4050 1554 4119 videremur,
1584 4050 1630 4105 si
1679 4052 1897 4124 longius
1947 4054 2006 4110 in
2051 4057 2333 4128 probanda
2371 4076 2429 4116 re
2469 4079 2597 4120 sane
2635 4080 2798 4137 quam
2841 4068 3282 4139 exploratissima
3329 4073 3445 4129 im-

156 4152 514 4197 moraremur.
548 4140 668 4197 Non
699 4139 986 4198 silebimus
1014 4148 1198 4197 tamen
1227 4140 1434 4212 stylum
1467 4138 1660 4211 Operis
1706 4146 1988 4212 tantopere
2027 4142 2323 4201 abhorrere
2366 4147 2434 4204 ab
2473 4150 2862 4222 Ambrosiano,
2912 4138 2976 4210 ut
3021 4157 3181 4229 plane
3235 4160 3440 4219 mirum

155 4227 220 4282 sit
257 4236 364 4286 tam
398 4230 557 4287 tarde
587 4230 981 4303 deprehensam
1009 4247 1124 4287 esse
1151 4230 1304 4285 illam
1334 4228 1734 4285 diversitatem.
1789 4229 1894 4285 Sed
1942 4245 2043 4287 nec
2089 4233 2268 4290 levius
2315 4237 2460 4293 inter
2512 4240 2800 4315 utriusque
2850 4227 3090 4304 auctoris
3127 4248 3437 4308 doctrinam

154 4313 438 4373 dissidium
490 4325 609 4385 est;
661 4319 862 4391 quippe
903 4319 963 4375 in
1009 4319 1417 4375 Ambrosiastro
1446 4334 1557 4374 non
1585 4318 1766 4374 solum
1797 4331 2092 4377 occurrunt
2127 4324 2376 4396 quaedam
2406 4328 2608 4400 placita
2635 4313 3091 4407 extraordinaria,
3123 4347 3178 4396 et
3223 4357 3256 4396 a
3294 4343 3439 4400 veris

154 4403 424 4462 Ambrosii
453 4407 814 4480 opinionibus
843 4409 1082 4464 immane
1131 4416 1397 4482 quantum
1445 4407 1848 4478 discrepantia;
1901 4425 2092 4466 verum
2137 4414 2302 4470 etiam
2351 4415 2410 4471 in
2459 4421 2767 4478 asserendis
2805 4422 3153 4497 dogmatibus
3197 4431 3436 4487 maxime

153 4493 432 4553 catholicis
462 4497 612 4553 inter
636 4506 933 4571 utrumque
962 4514 1073 4554 non
1104 4498 1235 4554 satis
1260 4497 1540 4566 convenit,
1589 4506 1644 4554 et
1696 4499 1764 4590 iis
1819 4500 2134 4590 refellendis
2193 4523 2313 4578 quae
2370 4509 2562 4567 Ariani
2610 4512 2846 4586 objicere
2884 4493 3162 4590 solebant,
3217 4521 3286 4577 ab
3333 4523 3434 4579 illo

151 4583 478 4642 adhibentur
538 4603 602 4642 ea
655 4602 932 4658 responsa,
983 4586 1184 4660 quibus
1233 4587 1515 4660 neglectis,
1565 4587 1792 4644 omnino
1838 4588 2055 4647 diversa
2101 4596 2360 4666 proponit
2402 4608 2623 4658 sanctus
2669 4583 2882 4662 doctor.
2935 4607 3022 4664 Ad
3070 4583 3186 4666 haec
3232 4610 3430 4667 inutile

150 4669 308 4728 fuerit
337 4673 415 4742 id,
445 4674 596 4748 quod
625 4674 834 4731 nemini
867 4692 977 4731 non
1007 4685 1088 4732 est
1116 4675 1366 4744 obvium,
1403 4675 1710 4741 observare,
1740 4677 2005 4734 nimirum
2037 4679 2095 4734 in
2116 4698 2289 4752 grmca
2311 4685 2498 4759 lingua
2527 4705 2750 4761 prorsus
2780 4695 3132 4767 peregrinum
3151 4697 3429 4755 exstitisse

153 4758 297 4816 illum
329 4764 682 4836 scriptorem.
716 4763 861 4831 Quid
900 4781 1030 4820 vero
1058 4764 1103 4821 si
1145 4763 1540 4837 subjungamus
1578 4779 1688 4819 non
1733 4771 1897 4822 tanta
1938 4772 2343 4843 perspicuitatis
2385 4794 2520 4848 esse,
2563 4797 2696 4838 num
2745 4785 2972 4840 omnino
3023 4785 3429 4847 Commentaria

153 4847 202 4902 in
230 4849 458 4906 Paulum
491 4851 686 4908 fecerit
716 4853 1082 4910 Ambrosius?
1129 4855 1334 4912 Verum
1378 4851 1443 4910 ’ut
1488 4855 1735 4947 maxime
1769 4856 2088 4930 hujusmodi
2126 4847 2527 4937 expositionem
2568 4873 2654 4928 vir
2690 4882 2909 4930 sanctus
2947 4875 3201 4947 ediderit,
3233 4880 3425 4939 saltem

149 4935 429 4995 admodum
464 4941 730 4998 credibile
760 4950 843 4998 est
867 4958 983 4998 eam
1015 4942 1324 5000 Cassiodori
1353 4943 1693 5017 temporibus
1715 4945 1826 5017 jam
1864 4949 2124 5021 periisse;
2176 4935 2282 5012 hoc
2331 4959 2478 5014 enim
2530 4960 2731 5032 conjici
2776 4970 2954 5033 potest
3001 4982 3030 5022 e
3072 4970 3427 5041 sequentibus

148 5022 375 5094 ejusdem
407 5026 596 5083 verbis
634 5044 646 5082 :
707 5029 922 5085 Dicitur
958 5031 1134 5100 etiam,
1168 5031 1371 5104 inquit,
1402 5034 1604 5088 beatum
1641 5035 1981 5094 Ambrosium
2012 5043 2346 5100 subnotatum
2374 5048 2596 5103 codicem
2624 5022 2968 5123 epistdlarum
2997 5022 3427 5116 amabilia—:5

148 5111 294 5171 Pauli
319 5117 623 5190 reliquisse,
653 5120 966 5176 suavissima
993 5121 1316 5192 expositione
1340 5125 1666 5195 completum,
1697 5142 1847 5196 quem
1879 5134 2048 5185 tamen
2076 5132 2248 5188 adhuc
2275 5133 2512 5192 invenire
2541 5111 2841 5212 nonlpotui,
2874 5151 2978 5202 etc.
3016 5140 3140 5218 (lib.
3171 5147 3249 5203 De
3293 5149 3418 5206 inst.

147 5200 294 5258 divin.
329 5205 492 5262 litter.
528 5222 647 5278 cap.
679 5206 760 5279 8).

206 5293 263 5351 In
289 5310 352 5352 eo
375 5313 508 5371 ergo
538 5304 654 5354 tota
681 5297 976 5357 difﬁcultas
1019 5309 1118 5370 est,
1147 5309 1208 5358 ut
1234 5318 1394 5360 verus
1426 5320 1620 5375 parens
1660 5306 1825 5379 hujus
1879 5311 2060 5383 operis
2106 5313 2486 5388 investigetur.
2540 5319 2754 5377 Placuit
2819 5327 3106 5383 nonnullis
3141 5329 3421 5401 compila-

147 5384 300 5439 torem
330 5384 506 5442 fuisse
531 5385 690 5443 illum
720 5391 836 5462 qui,
868 5389 1049 5446 scissis
1077 5407 1146 5446 ex
1193 5391 1586 5465 Chrysostomo
1624 5405 1678 5454 et
1729 5396 2070 5473 Hieronymo
2111 5384 2347 5476 laciniis,
2379 5416 2668 5467 centonem
2697 5410 2826 5468 inde
2855 5417 3175 5473 confecerit.
3206 5384 3419 5478 volunt

144 5466 226 5524 alii
279 5476 538 5549 prologos
580 5476 813 5550 singulis
854 5480 1291 5553 expositionibus
1333 5483 1588 5555 praeﬁxos
1644 5487 1815 5560 inepti
1869 5492 2327 5552 consarcinatoris
2374 5513 2508 5568 esse,
2558 5501 2905 5572 potissimum
2956 5521 3024 5560 ex
3075 5506 3416 5582 Hieronymo

144 5554 348 5582 0..-.__I_
437 5581 440 5582 ,
503 5566 543 5582 ι.
699 5566 739 5582 ηρ
840 5568 875 5582 ..
971 5571 1040 5582 ι--
1257 5571 1267 5582 .
1371 5573 1402 5582 Α
1855 5578 1870 5582 -
2013 5581 2038 5582 κ

143 5554 358 5669 Erustula
400 5566 582 5622 multa
626 5566 899 5625 suﬂ'urati.
951 5571 1207 5629 Attamen
1253 5554 1601 5645 inPOperum
1646 5554 1963 5635 eorumdem
2011 5581 2237 5640 Patrum
2265 5554 2690 5646 collatione‘hoc
2709 5554 3058 5665 nequaquam
3096 5554 3416 5669 deprelien:

143 5643 326 5707 dimus.
355 5652 566 5711 Contra
604 5673 733 5713 vero
770 5657 902 5714 satis
938 5658 1253 5735 frequenter
1285 5661 1779 5722 animadvertimus
1819 5668 1888 5724 ab
1918 5669 2146 5729 illorum
2177 5674 2532 5748 opinionibus
2560 5678 2712 5736 hunc
2737 5643 3025 5753 dissidere,
3059 5643 3198 5742 alia;
3223 5689 3413 5761 expli—

140 5737 364 5799 sationes
391 5744 610 5814 afferre,
641 5746 920 5805 interdum
944 5766 1054 5807 non
1083 5751 1273 5809 eodem
1303 5751 1488 5823 modo,
1516 5770 1625 5828 quo
1653 5754 1738 5812 illi
1767 5757 1965 5830 solent,
1995 5737 2354 5836 apostolicum
2397 5774 2611 5825 textum
2642 5770 2834 5842 citare,
2877 5737 2941 5830 ac
2963 5737 3183 5832 tandem
3226 5737 3408 5836 sicrubi

481 5843 726 5906 PATIOL.
769 5847 945 5908 XVII.
2703 5907 2710 5914 -
3021 5872 3055 5929 2
