3980 6362
459 391 527 447 43
1407 433 1413 438 .
1490 389 1583 442 AI)
1624 387 1854 442 OPEBA
1895 387 1952 441 ὃ.
1995 389 2031 440 Α

2175 385 2328 442 lOSlI
2369 383 2722 440 APPENDIX
2735 426 2748 440 .
3679 377 3747 433 44

456 535 578 578 cum
607 516 739 590 ipsis
774 517 1090 584 conveniat,
1121 516 1175 570 id
1206 517 1336 572 inde
1365 518 1592 584 factum,
1625 515 1772 588 quod
1817 531 1908 570 eos
1952 515 2046 587 qui
2096 513 2490 571 commentaria
2534 512 2824 568 lucubrant
2864 512 2921 566 in
2962 511 3217 567 eumdem
3269 511 3499 580 librum,
3542 511 3748 585 ubique

456 606 764 677 discrepare
809 602 1150 675 impossibile
1197 602 1288 660 sit.
1333 604 1519 677 Neque
1559 613 1741 661 tamen
1782 603 2020 660 ibimus:
2055 603 2269 660 inﬁcias
2302 611 2580 660 auctorem
2625 611 2873 659 nostrum
2920 601 2988 658 ab
3035 603 3380 675 Hieronymo
3431 608 3747 658 mutuatum

455 694 704 769 quaedam
737 691 936 761 videri,
969 693 1064 749 sed
1090 709 1216 749 eum
1247 701 1531 765 propterea
1553 693 1990 765 compilatorem,
2021 709 2129 766 quo
2159 692 2380 765 quidem
2413 708 2575 748 sensu
2606 691 2690 746 illi
2739 691 3080 763 intelligunt,
3114 689 3428 748 habendum
3467 706 3584 747 esse
3639 705 3752 746 non

455 783 808 841 arbitramur.
840 782 925 838 Ex
950 783 1077 838 aliis
1102 791 1284 840 autem
1319 800 1412 856 qui
1442 783 1638 838 horum
1675 781 2208 840 Commentariorum
2240 790 2517 837 auctorem
2551 798 2744 838 eruere
2771 783 2955 837 conati
2986 789 3136 845 sunt.
3160 782 3255 854 qui
3284 781 3472 836 eadem
3503 781 3752 852 Remigio

456 874 846 942 attribuerunt,
878 873 1083 929 frustra
1117 873 1289 929 fuere.
1324 873 1543 928 Etenim
1575 890 1700 929 cum
1729 873 1784 928 in
1827 872 2151 929 Bibliotheca
2188 874 2436 940 Patrum,
2471 878 2587 926 tum
2627 871 2684 926 in
2741 871 3130 943 manuscriptis
3177 888 3285 926 non
3318 869 3525 942 paucis,
3558 869 3754 926 Remi-

457 966 617 1037 giana
645 971 862 1020 exstant
899 961 966 1018 ab
996 962 1083 1018 his
1107 961 1308 1018 nostris
1338 963 1498 1033 plane
1525 961 1762 1018 diversa.
1795 963 1913 1018 Non
1941 963 2238 1018 defuerunt
2267 963 2429 1018 etiam
2464 964 2558 1034 qui
2593 961 2734 1016 hanc
2771 961 3294 1017 commentationem
3328 961 3414 1015 vel
3436 958 3642 1015 Juliani
3661 959 3752 1016 vel

457 1057 684 1113 alterius
705 1053 1012 1127 cujuspiam
1042 1053 1318 1124 Pelagiani
1348 1070 1462 1108 esse
1489 1055 1902 1110 contenderent.
1937 1053 2041 1109 Sed
2089 1053 2302 1108 inventi
2351 1062 2480 1108 sunt
2510 1053 2768 1109 similiter
2797 1053 3113 1122 scriptores,
3151 1053 3352 1127 quibus
3382 1053 3533 1109 illius
3563 1059 3754 1110 auctor

457 1147 738 1203 videretur
769 1145 1083 1202 liberandus
1107 1144 1174 1200 ab
1205 1144 1308 1200 ista
1337 1153 1488 1212 nota,
1521 1152 1573 1200 et
1608 1145 1652 1201 si
1685 1145 1818 1218 quid
1847 1145 1986 1200 forte
2011 1143 2156 1216 quod
2189 1143 2302 1198 illis
2331 1143 2604 1199 haereticis
2635 1143 2818 1199 favere
2848 1152 3052 1216 posset,
3089 1143 3206 1199 illic
3243 1151 3514 1211 occurrat,
3557 1143 3661 1199 hoc
3688 1158 3755 1199 eo

457 1235 824 1304 referendum,
856 1235 1004 1307 quod
1033 1251 1156 1291 cum
1189 1242 1314 1290 ante
1343 1243 1591 1291 exortam
1621 1235 1938 1292 eorumdem
1971 1235 2220 1290 haeresim
2255 1234 2348 1290 ille
2377 1232 2657 1301 scriberet,
2692 1232 2876 1290 minus
2919 1241 3077 1290 caute
3124 1233 3578 1306 considerateque
3616 1238 3757 1289 esset

457 1327 691 1382 locutus.
723 1325 930 1381 Ultima
951 1323 1192 1393 tandem,
1228 1340 1348 1398 qua;
1377 1332 1432 1381 et
1459 1325 1827 1392 communior,
1861 1341 2050 1381 eorum
2089 1323 2278 1396 opinio
2301 1333 2401 1392 est,
2429 1327 2522 1397 qui
2554 1325 2823 1380 Hilarium
2853 1327 3113 1383 Romanis
3141 1324 3401 1382 Ecclesia
3433 1324 3755 1392 diaconum,

457 1415 552 1489 qui
579 1431 703 1472 cuni
736 1414 1086 1472 Luciferiano
1110 1413 1394 1471 schismati
1421 1413 1759 1482 adhaesisset,
1783 1415 1848 1470 ab
1872 1415 2208 1488 Hieronymo
2232 1422 2343 1470 tam
2371 1431 2560 1486 aspero
2589 1417 2737 1488 stylo
2763 1427 3024 1488 exceptus
3053 1415 3160 1472 fuit
3182 1415 3356 1487 (Dial.
3379 1415 3503 1470 adv.
3521 1413 3754 1484 Lucifer.

457 1513 580 1579 post
617 1506 816 1576 med.),
847 1521 1039 1561 verum
1070 1502 1298 1576 hujusce
1327 1503 1520 1576 Operis
1548 1512 1826 1560 auctorem
1859 1505 2073 1562 dicunt.
2104 1505 2177 1560 At
2203 1519 2331 1560 cum
2357 1503 2470 1560 sint
2493 1521 2709 1578 quoque
2748 1522 2780 1561 a
2805 1505 3005 1578 quibus
3034 1504 3167 1562 huic
3207 1504 3494 1561 sententia
3525 1510 3760 1562 contra-

457 1595 692 1666 dicatur,
725 1595 866 1652 illud
899 1595 1209 1654 accuratius
1242 1593 1688 1667 perpendendum
1717 1601 1818 1650 est.

529 1684 958 1742 Observabimus
987 1684 1045 1741 in
1076 1684 1269 1757 primis
1296 1684 1394 1739 vix
1418 1683 1594 1740 ullum
1626 1683 1743 1739 veri
1766 1680 2042 1738 Ambrosii
2066 1698 2203 1754 opus
2232 1697 2368 1750 esse,
2401 1681 2561 1754 cujus
2599 1683 2758 1755 plura
2787 1683 3125 1756 exemplaria
3151 1684 3403 1741 omnium
3431 1690 3661 1741 aetatum
3687 1679 3761 1739 ab

455 1773 786 1845 octingentis
815 1773 977 1829 annis
1008 1773 1373 1845 reperiantur,
1405 1787 1569 1845 quam
1602 1771 1770 1844 hujus
1803 1769 2198 1828 Ambrosiastri
2234 1787 2246 1825 :
2302 1772 2397 1829 sed
2441 1790 2632 1830 eorum
2686 1775 2954 1830 nonnulla
2996 1773 3064 1830 ab
3109 1773 3236 1830 aliis
3286 1773 3556 1832 dissidere
3596 1772 3749 1830 haud

455 1863 826 1922 mediocriter.
858 1863 1162 1921 Enimvero
1189 1863 1249 1921 in
1277 1862 1620 1921 bibliotheca
1648 1862 1965 1920 Corbeiensi
1996 1877 2170 1917 unum
2211 1861 2443 1920 habetur
2472 1864 2639 1922 tomis
2667 1863 2882 1921 duobus
2901 1865 3380 1938 comprehensum,
3404 1880 3513 1938 quo
3540 1863 3760 1920 nullum

456 1953 629 2022 aliud,
661 1953 781 2010 sive
809 1952 1218 2026 antiquitatem,
1253 1952 1373 2008 sive
1401 1951 1780 2010 characterum
1815 1950 2140 2023 elegantiam
2167 1959 2394 2024 spectes,
2428 1954 2778 2026 praestantius
2807 1954 2996 2012 videre
3025 1954 3185 2011 nobis
3217 1953 3396 2011 licuit.
3442 1953 3515 2009 At
3541 1967 3668 2009 cum
3698 1952 3761 2008 in

457 2059 524 2100 eo
543 2041 954 2101 Commentaria
983 2042 1042 2098 in
1072 2058 1262 2098 omnes
1292 2041 1448 2098 Pauli
1479 2041 1761 2116 epistolas,
1806 2042 1902 2097 illa
1929 2049 2156 2115 excepta
2185 2058 2304 2116 qum
2335 2043 2404 2100 ad
2436 2043 2692 2102 Hebraeos
2719 2045 3064 2112 inscribitur,
3097 2045 3200 2101 sub
3226 2043 3452 2101 nomine
3480 2044 3762 2100 Ambrosii

459 2132 868 2202 contineantur,
899 2149 1025 2190 cum
1061 2131 1186 2189 aliis
1215 2131 1502 2189 codicibus
1527 2131 1747 2204 scriptis
1773 2141 1936 2206 atque
1963 2131 2126 2189 editis
2146 2133 2532 2190 tantummodo
2565 2135 2620 2190 in
2645 2135 2853 2207 priores
2879 2143 2988 2192 tres
3021 2135 3279 2207 epistolas
3307 2134 3602 2201 consentit,
3634 2133 3764 2190 dis-

458 2229 643 2294 crepat
671 2237 803 2279 vero
838 2221 894 2278 in
925 2229 1166 2279 caeteras.
1199 2221 1454 2279 Rabanus
1484 2222 1708 2278 Maurus
1733 2221 1790 2278 in
1822 2223 2230 2280 Commentario
2259 2239 2359 2279 suo
2389 2238 2457 2278 ex
2487 2223 2741 2280 Patribus
2770 2224 3001 2280 collecto
3033 2223 3266 2280 ulterius
3316 2239 3650 2296 progressus,
3699 2237 3766 2278 ea

459 2309 650 2366 omnia
671 2309 898 2368 nomine
929 2310 1209 2369 Ambrosii
1238 2311 1427 2380 donat,
1457 2329 1578 2386 quae
1625 2329 1692 2369 ex
1745 2312 2152 2370 Ambrosiastro
2194 2312 2251 2367 in
2305 2311 2564 2384 epistolas
2617 2313 2861 2387 quinque
2907 2314 3114 2386 priores
3162 2313 3330 2386 petita
3360 2313 3529 2379 citat;
3578 2310 3672 2368 sed
3702 2311 3762 2368 in

458 2397 700 2472 reliquas
728 2398 1000 2474 quidquid
1029 2399 1224 2456 inserit
1250 2399 1352 2456 sub
1383 2400 1546 2456 titulo
1578 2400 1754 2456 sancti
1792 2401 2053 2471 doctoris,
2095 2419 2157 2459 ea
2200 2402 2257 2458 in
2305 2405 2422 2460 solo
2467 2405 2783 2462 Corbeiensi
2832 2406 3020 2464 codice
3068 2405 3307 2477 reperire
3354 2413 3454 2460 est.
3500 2403 3762 2460 Citantur

461 2504 676 2562 quoque
706 2490 773 2545 ab
802 2489 971 2545 Ivone
997 2489 1321 2547 Carnutensi
1353 2490 1581 2563 (Decret.
1613 2497 1755 2562 part.
1794 2507 1910 2559 xvr,
1935 2509 2053 2565 cap.
2087 2493 2180 2565 84)
2226 2511 2295 2552 ex
2329 2496 2554 2566 prologo
2583 2495 2948 2567 expositionis
2977 2496 3223 2568 epistolae
3266 2494 3334 2550 ad
3382 2493 3763 2551 Philemonem

458 2576 628 2634 verba
658 2579 948 2648 nonnulla,
979 2593 1101 2652 quas
1132 2595 1244 2635 non
1274 2577 1383 2635 nisi
1413 2578 1559 2652 apud
1587 2579 1870 2637 Rabanum
1899 2588 1952 2636 et
1981 2581 2040 2637 in
2069 2582 2387 2641 Corbeiensi
2417 2585 2607 2642 codice
2636 2586 2898 2659 reperias.

529 2665 726 2723 Isthzec
769 2669 958 2724 omnia
986 2668 1238 2742 quisquis
1266 2674 1474 2725 attente
1502 2668 1893 2740 consideravit,
1918 2669 2031 2742 jam
2073 2671 2261 2728 mirari
2289 2673 2501 2731 desinet
2528 2676 2702 2731 multa
2730 2675 2788 2729 in
2817 2683 3038 2731 auctore
3071 2681 3261 2729 nostro
3287 2669 3610 2739 desiderari,
3641 2684 3763 2743 quae

456 2769 488 2810 a
520 2753 824 2813 Lant‘ranco
856 2763 1117 2830 tanquam
1146 2771 1216 2812 ex
1244 2755 1627 2812 Ambrosianis
1674 2755 2099 2816 Commentariis
2129 2759 2184 2816 in
2215 2763 2541 2836 Apostolum
2591 2765 2948 2836 proferuntur
2980 2781 2992 2818 :
3049 2761 3318 2834 facileque
3365 2761 3768 2818 animadvertet

456 2843 629 2899 variis
657 2844 1014 2901 Paulinarum
1045 2845 1402 2917 epistolarum
1433 2846 1874 2904 enarrationibus
1903 2848 2182 2906 Ambrosii
2210 2867 2412 2908 nomen
2442 2852 2511 2909 ab
2556 2852 2886 2926 antiquariis
2921 2851 3164 2908 inditum
3194 2864 3328 2906 esse.
3360 2849 3507 2905 Illud
3537 2849 3766 2920 insuper

459 2930 833 3003 adjiciendum
863 2940 967 3002 est,
997 2932 1217 2990 eosdem
1253 2933 1509 2988 librarios
1537 2949 1734 3005 magna
1763 2935 1985 2991 licentia
2013 2939 2206 2994 saltem
2239 2939 2296 2994 in
2322 2948 2432 2997 tres
2461 2943 2672 3014 priores
2699 2943 2958 3015 epistolas
2987 2941 3184 2997 abusos
3213 2955 3328 2996 esse
3352 2957 3366 3007 ;
3399 2937 3762 3012 quandoqui-

459 3019 585 3076 dem
610 3020 680 3077 ab
706 3019 785 3076 eis
813 3037 923 3076 non
953 3037 1078 3077 raro
1109 3023 1270 3094 longa
1298 3021 1603 3094 fragmenta
1632 3021 1836 3078 ibidem
1885 3025 2090 3080 inserta
2136 3025 2305 3082 fuisse
2357 3029 2640 3100 probabile
2683 3039 2786 3099 est,
2837 3047 2958 3102 quas
3006 3030 3065 3085 in
3105 3027 3504 3084 vetustioribus
3551 3041 3762 3082 manu-

460 3109 683 3182 scripti's
711 3127 825 3167 non
855 3109 1242 3179 inveniuntur,
1268 3118 1330 3166 ut
1357 3110 1416 3165 in
1449 3110 1616 3165 variis
1647 3111 1978 3168 lectionibus
2021 3114 2395 3172 annotabitur.
2449 3119 2689 3192 Indeque
2731 3119 2858 3175 duci
2911 3126 3088 3191 potest
3123 3118 3418 3174 vehemens
3446 3115 3766 3188 conjectura

461 3206 658 3256 contra
685 3197 855 3272 hujus
887 3199 1080 3272 Operis
1111 3199 1482 3274 integritatem
1510 3216 1573 3256 ac
1599 3200 2011 3270 sinceritatem;
2042 3217 2144 3262 nec
2173 3205 2417 3276 expediti
2441 3205 2649 3278 judicii
2678 3223 2793 3265 rem
2823 3225 2939 3266 esse
2977 3207 3347 3282 cognoscitur,
3378 3215 3567 3264 utrum
3596 3207 3765 3263 unius

461 3303 531 3344 an
552 3289 796 3362 plurium
826 3298 1114 3347 auctorum
1138 3290 1450 3346 lucubratio
1471 3289 1562 3360 sit,
1591 3291 1880 3348 aﬂirmare.

535 3379 804 3438 Caeterum
843 3380 888 3436 si
937 3377 1261 3452 negabimus
1308 3379 1553 3452 plurium
1597 3397 1733 3448 esse,
1788 3381 1955 3437 simul
2004 3381 2170 3438 etiam
2218 3383 2501 3442 fatendum
2547 3387 2831 3444 videbitur
2876 3389 3089 3462 antiqui
3135 3405 3249 3445 esse
3287 3387 3763 3446 commentatoris.

462 3466 623 3538 Quod
653 3469 800 3526 enim
835 3469 912 3526 ait
941 3471 1034 3541 (1η
1059 3469 1238 3540 Epist.
1271 3470 1305 3525 Ι
1326 3469 1399 3524 ad
1436 3470 1658 3525 Timoth.
1689 3485 1808 3542 cap.
1843 3471 1930 3542 ιιι)
1959 3470 2026 3526 de
2052 3472 2318 3544 Ecclesia,
2350 3476 2500 3546 cujus
2527 3477 2679 3533 hodie
2705 3485 2877 3534 rector
2899 3486 2972 3534 est
3000 3480 3286 3548 Damasus,
3327 3487 3424 3535 aut
3454 3478 3764 3550 interpola-

460 3560 568 3616 tori
595 3561 770 3617 tribui
797 3560 960 3616 debet
993 3560 1071 3632 (et
1093 3575 1222 3615 sane
1252 3558 1475 3614 illorum
1510 3568 1816 3632 temporum
1838 3575 1998 3616 usum
2029 3577 2140 3616 non
2173 3565 2334 3634 sapit,
2374 3581 2550 3638 neque
2587 3569 2769 3623 sensui
2809 3569 3175 3625 necessarium
3223 3568 3351 3641 est),
3399 3575 3494 3626 aut
3537 3568 3764 3640 planum

461 3648 556 3703 ﬁet
590 3647 845 3704 eumdem
885 3655 1167 3703 auctorem
1219 3654 1345 3703 ante
1391 3663 1598 3703 annum
1656 3646 1782 3715 384,
1841 3663 1949 3720 quo
1996 3649 2142 3705 idem
2182 3668 2321 3724 papa
2369 3655 2556 3713 vivere
2603 3657 2788 3728 desiit,
2837 3659 3244 3716 Commentaria
3294 3674 3392 3715 sua
3447 3658 3761 3731 scripsisse.

462 3737 604 3796 Hinc
633 3737 798 3794 etiam
831 3744 1016 3809 potest
1045 3735 1102 3792 id
1140 3735 1477 3804 conﬁrmari,
1506 3735 1653 3808 quod
1691 3737 2070 3794 Marcionistas
2097 3739 2278 3796 adhuc
2302 3757 2580 3815 superesse
2629 3747 2748 3804 illic
2785 3756 3045 3816 testatur;
3079 3747 3343 3818 quamvis,
3379 3746 3562 3820 inquit
3594 3747 3762 3819 (Ibid.

461 3845 582 3901 cap.
617 3827 698 3900 li),
733 3844 865 3900 pene
915 3825 1215 3898 defecerint.
1273 3826 1496 3885 Certum
1554 3826 1778 3900 quidem
1833 3836 1915 3884 est
1976 3847 2044 3886 ex
2095 3831 2408 3902 Epiphanio
2454 3835 2670 3906 (hmres.
2704 3836 2797 3909 42)
2829 3855 2892 3895 ac
2948 3837 3291 3894 Tlieodoreto
3339 3835 3465 3908 (lib.
3503 3853 3521 3890 ι
3561 3836 3761 3893 Haeres.

461 3919 634 3992 fabul.
673 3937 793 3993 cap.
831 3919 923 3990 24)
957 3919 1110 3976 tarde
1140 3918 1436 3977 admodum
1492 3920 1796 3976 exstinctos
1849 3936 1964 3976 esse
2014 3919 2114 3976 hos
2165 3921 2450 3978 haereticos
2484 3942 2496 3980 :
2540 3927 2634 3982 sed
2691 3935 2904 3984 constat
2952 3928 3117 3984 etiam
3151 3925 3403 3999 pluribus
3438 3925 3574 3982 locis
3611 3924 3761 3982 haud

463 4029 602 4087 aegre
633 4013 761 4070 illos
794 4013 853 4069 in
882 4011 1333 4081 Manichmorum,
1361 4011 1456 4085 qui
1488 4013 1830 4085 frequentius
1861 4011 1952 4068 hic
1999 4019 2392 4080 memorantur,
2424 4023 2601 4084 partes
2650 4018 2926 4074 transisse.
2964 4018 3157 4074 Obiter
3203 4030 3424 4090 quoque
3471 4015 3766 4070 observan-

464 4102 596 4160 dum
629 4103 853 4159 videtur
889 4103 949 4158 iu
995 4102 1100 4160 hoc
1149 4118 1312 4176 opere
1360 4103 1697 4158 mentionem
1747 4101 1866 4158 ﬁeri
1900 4103 1991 4173 (In
2018 4101 2193 4173 Epist.
2227 4103 2289 4156 II
2315 4103 2385 4157 ad
2426 4105 2646 4162 Timoth.
2680 4124 2798 4180 cap.
2844 4109 2930 4181 ιιι)
2983 4109 3116 4180 legis
3169 4104 3454 4177 cujusdam
3503 4104 3768 4162 adversus

465 4209 556 4250 eos
586 4210 616 4250 a
667 4193 984 4250 Domitiano
1031 4194 1408 4266 promulgatas,
1466 4209 1630 4266 quam
1688 4193 1746 4247 in
1799 4193 1916 4246 sola
1974 4191 2283 4246 Collectione
2337 4193 2503 4262 legum
2552 4195 2915 4252 Mosaicarum
2970 4203 3018 4252 et
3075 4197 3438 4252 Romanarum
3488 4191 3764 4249 invenias.

464 4285 610 4342 Illud
637 4285 820 4342 adhuc
847 4285 1090 4342 auctoris
1122 4286 1506 4358 antiquitatem
1541 4284 1714 4356 magis
1742 4283 2010 4354 de3ignat,
2061 4281 2207 4355 quod
2256 4283 2588 4352 patricianos
2633 4288 2719 4356 (In
2763 4287 2938 4358 Epist.
2971 4287 3003 4342 Ι
3027 4285 3098 4340 ad
3153 4284 3287 4340 Tim.
3320 4299 3440 4355 cap.
3476 4284 3583 4353 iv),
3615 4299 3768 4356 quo-

463 4390 585 4432 rum
615 4375 942 4432 Philastrius
969 4377 1093 4448 (lib.
1128 4377 1204 4432 De
1234 4375 1551 4444 hceresibus)
1583 4376 2035 4446 Augustinusque
2072 4371 2429 4442 superstitum
2472 4373 2810 4442 meminere;
2853 4390 2967 4431 non
3003 4370 3403 4445 praetermittit,
3435 4386 3564 4426 cum
3621 4371 3771 4426 ultra

464 4468 726 4524 saculum
758 4467 1016 4540 quintum
1058 4467 1376 4538 neutiquam
1406 4471 1774 4537 pervenerint.
1808 4463 2099 4534 Propterea
2136 4469 2459 4516 casterorum
2493 4459 2898 4532 haereticorum,
2929 4479 3066 4536 quos
3093 4459 3415 4533 aggreditur
3445 4459 3604 4530 longe
3632 4459 3770 4530 plu-

461 4557 654 4626 rimos,
686 4559 875 4613 nullus
895 4557 1132 4612 refertur
1162 4557 1326 4628 paulo
1355 4553 1648 4611 recentior.
1682 4553 1929 4624 Cumque
1975 4552 2033 4607 in
2076 4551 2399 4619 Donatistis,
2448 4553 2790 4623 Novatianis,
2845 4553 3069 4610 Arianis
3107 4561 3160 4608 et
3208 4549 3560 4606 Photinianis
3609 4550 3770 4607 refel-

462 4647 642 4705 lendis
671 4647 921 4704 crebrius
949 4656 1113 4720 atque
1144 4643 1428 4719 operosius
1458 4661 1622 4719 quam
1673 4644 1728 4698 in
1775 4642 1900 4697 aliis
1940 4641 2241 4709 incumbat,
2280 4641 2337 4696 id
2368 4642 2512 4698 haud
2546 4643 2712 4699 dubie
2745 4644 2954 4702 indicio
2984 4650 3066 4699 est
3095 4641 3426 4714 posteriores
3457 4639 3770 4713 haereticos,

461 4747 594 4812 puta
620 4737 976 4796 Nestorianos
1008 4743 1064 4793 et
1093 4735 1337 4809 reliquos
1365 4735 1714 4809 sequentium
1746 4741 2053 4806 temporum
2085 4733 2320 4790 necdum
2354 4733 2657 4801 emersisse,
2705 4736 2798 4792 sed
2840 4750 3054 4803 eorum,
3107 4750 3242 4806 quos
3290 4730 3457 4787 modo
3504 4733 3773 4788 nomina-

460 4827 677 4894 bamus,
712 4830 942 4887 haereses
971 4836 1106 4885 tunc
1135 4826 1398 4900 viguisse.
1432 4827 1552 4883 Huc
1578 4823 1716 4881 adde
1746 4823 1814 4880 ab
1842 4840 1905 4878 eo
1935 4822 2202 4893 scriptore
2233 4830 2444 4878 textum
2473 4823 2724 4896 Apostoli
2751 4824 2986 4880 subinde
3017 4823 3179 4880 citari
3227 4838 3296 4878 ex
3341 4821 3451 4877 alia
3493 4822 3767 4892 versione,

463 4931 626 4990 quam
659 4931 766 4987 qua
793 4933 941 4974 nunc
968 4918 1181 4975 utimur
1215 4935 1226 4973 :
1261 4925 1317 4972 et
1356 4915 1571 4973 Veteris
1619 4915 1956 4970 Testamenti
2002 4912 2320 4968 testimonia
2361 4928 2430 4967 ex
2469 4913 2722 4968 versione
2769 4913 2919 4969 LXX
2967 4913 3170 4968 Senum
3221 4911 3390 4982 petita
3439 4926 3577 4966 esse.
3623 4912 3774 4968 Illud

463 5003 628 5060 etiam
659 5003 850 5061 eodem
889 5013 1112 5077 spectat,
1144 5007 1290 5080 quod
1320 5022 1390 5063 ex
1419 5004 1738 5064 auctoribus
1768 5002 2156 5061 ecclesiasticis
2186 5018 2298 5057 non
2347 4999 2452 5058 nisi
2502 5002 2853 5068 Tertulliani,
2887 5001 3175 5075 Cypriani,
3211 5017 3274 5058 ac
3305 5000 3585 5058 Victorini
3620 5001 3774 5059 locos

465 5094 711 5163 adhibet,
741 5111 977 5168 quorum
1003 5097 1237 5154 ultimus
1269 5099 1566 5154 Damasum
1594 5096 1836 5170 aequavit
1862 5093 2212 5166 antiquitate.
2244 5092 2330 5147 Ad
2352 5099 2688 5164 postremum
2719 5093 2848 5150 inde
2877 5093 3136 5149 similiter
3165 5089 3340 5147 asturi
3370 5097 3547 5162 potest
3573 5090 3767 5148 eadem

465 5191 617 5254 atas,
649 5185 798 5257 quod
831 5185 890 5241 in
921 5186 1308 5258 aagrotantium
1336 5187 1683 5258 baptismate,
1715 5185 1950 5258 aliisque
1987 5181 2263 5254 capitibus
2308 5197 2420 5238 non
2466 5183 2672 5255 paucis,
2708 5183 3136 5241 ecclesiasticam
3180 5181 3408 5237 illorum
3456 5189 3772 5253 temporum

466 5279 820 5352 disciplinam
854 5279 1084 5352 pulchre
1116 5287 1484 5352 repraesentet.

538 5367 737 5424 Omnia
762 5383 794 5424 a
821 5367 983 5425 nobis
1013 5368 1104 5426 hic
1152 5375 1451 5426 memorata
1501 5369 1762 5426 videntur
1815 5360 2100 5436 suﬂ'ragari
2148 5377 2340 5417 eorum
2387 5361 2697 5430 sententiae,
2744 5361 2841 5434 qui
2872 5359 2990 5418 haec
3017 5360 3430 5418 Commentaria
3458 5357 3527 5415 ab
3559 5357 3772 5418 Hilario

469 5457 618 5516 edita
649 5460 846 5517 volunt
879 5476 891 5515 :
946 5460 1004 5516 in
1037 5476 1201 5534 quam
1231 5459 1549 5534 opinionem
1579 5458 1804 5518 adducti
1835 5459 1986 5513 fuere
2017 5453 2319 5527 Augustini
2368 5452 2704 5520 testimonio,
2745 5461 2938 5509 contra
2984 5451 3307 5524 Pelagianos
3353 5451 3434 5506 ita
3480 5448 3775 5508 scribentis

471 5547 596 5620 (lib.
623 5565 680 5607 IV
707 5557 841 5606 cont.
869 5551 1004 5606 duas
1030 5551 1206 5623 Epist.
1233 5552 1414 5624 Pelag.
1445 5567 1564 5624 cap.
1598 5550 1704 5623 lii):
1765 5550 1904 5606 Nam
1953 5553 2001 5602 et
2046 5545 2121 5602 sic
2167 5550 2377 5600 sanctus
2422 5543 2672 5598 Hilarius
2719 5541 2982 5599 intellexit
3028 5542 3170 5614 quod
3225 5541 3483 5613 scriptum
3536 5545 3654 5596 est:
3708 5540 3777 5596 In

469 5657 572 5712 quo
600 5657 774 5697 omnes
800 5647 1162 5714 peccaverunt,
1192 5641 1271 5698 ait
1298 5641 1437 5697 enim
1464 5658 1482 5696 :
1516 5642 1583 5698 In
1606 5657 1731 5711 quo,
1759 5638 1816 5693 id
1840 5643 1931 5705 est,
1963 5637 2019 5691 in
2053 5637 2254 5705 Adam,
2286 5643 2342 5692 et
2369 5641 2571 5692 caitera
2621 5649 2741 5706 quae
2784 5633 2853 5690 ad
2895 5633 3078 5708 apices
3126 5633 3185 5688 in
3233 5630 3339 5686 hoc
3383 5645 3548 5703 opere
3599 5629 3776 5701 legere

470 5729 619 5790 licet.
652 5731 824 5806 Atqui
877 5730 1087 5800 isthaec,
1137 5730 1421 5806 inquiunt,
1479 5727 1745 5803 quadrare
1805 5735 2085 5800 nequeunt
2137 5725 2244 5782 nisi
2307 5723 2367 5780 in
2425 5722 2705 5780 Hilarium
2759 5721 3080 5792 diaconum,
3122 5719 3217 5794 qui
3247 5734 3303 5774 se
3331 5719 3568 5774 Damaso
3606 5714 3778 5773 fuisse

468 5837 714 5884 coaevum
743 5821 860 5897 ipse
887 5820 1342 5902 signiﬁcatqlllis
1387 5817 1612 5893 quidem
1653 5815 1930 5890 objectum
1978 5815 2088 5874 fuit
2145 5814 2546 5887 rebaptizantes
2595 5812 2796 5871 acriter
2841 5810 3029 5884 urgeri
3081 5808 3150 5866 ab
3197 5806 3303 5863 hoc
3343 5812 3590 5872 auctore,
3637 5817 3777 5860 cum
