3980 6400
214 400 278 458 45
1637 405 1786 462 ADM

1913 407 2049 463 ΤΙΟ.
3414 413 3483 471 46

220 527 402 585 eodem
452 530 688 588 crimine
739 533 984 590 Hilarius
1037 533 1274 591 infectus
1327 543 1502 592 esset:
1561 549 1624 590 ac
1677 544 1936 607 praeterea
1969 550 2248 608 nunquam
2281 535 2652 607 Augustinum
2705 537 3101 596 attributurum
3147 540 3315 598 fuisse
3352 541 3483 597 huic

212 621 414 677 Hilario
470 623 700 682 titulum
750 627 946 696 sancti,
978 643 1162 700 quem,
1199 628 1343 685 facto
1371 626 1686 697 schismate,
1717 628 1784 684 ab
1815 629 2061 686 Ecclesia
2115 630 2399 687 recessisse
2455 647 2566 686 non
2612 629 2914 703 ignorabat.
2971 630 3077 688 Sed
3122 633 3482 706 respondetur

210 726 324 766 eum
356 725 467 766 non
521 728 713 770 omnes
772 713 1064 773 haereticos
1107 716 1522 790 rebaptizandos
1565 716 1887 774 arbitratum
1925 734 2062 787 esse,
2093 726 2150 774 at
2200 719 2348 776 solos
2398 719 2653 788 Arianos,
2702 735 2872 792 eaque
2915 719 3271 777 distinctione
3303 722 3483 794 ipsum

208 799 471 856 indicasse
527 802 585 858 in
634 819 750 859 eam
798 804 1118 876 opinionem
1161 823 1271 864 non
1323 807 1431 862 alia
1484 822 1542 863 re
1582 823 1697 863 esse
1729 805 2050 876 adductum,
2086 823 2250 880 quam
2289 807 2421 881 quia
2458 807 2625 864 iidem
2656 807 2899 865 haeretici
2946 807 3013 864 de
3066 808 3335 866 Trinitate
3375 826 3487 867 non

208 895 347 944 recte
375 889 695 960 sentientes,
722 891 902 950 forma
931 895 1096 952 etiam
1143 913 1254 952 non
1297 896 1544 967 legitima
1593 896 1650 951 in
1678 895 2005 968 baptismate
2034 905 2321 954 uterentur
2355 917 2369 967 ;
2409 905 2572 970 atque
2620 897 2755 954 adeo
2783 899 2927 955 nihil
2957 900 3218 968 vetuisse,
3248 901 3483 972 quomi-

205 1001 305 1043 nus
355 985 664 1056 haareticos,
702 989 798 1062 qui
827 990 1128 1048 catholicos
1173 992 1601 1065 rebaptizabant,
1657 992 1704 1048 is
1736 991 2039 1063 impeteret.
2073 988 2338 1045 Secundae
2389 987 2687 1059 objectioni
2730 989 3040 1046 satisfacere
3067 990 3175 1046 sibi
3203 988 3486 1060 videntur,

206 1075 250 1132 si
279 1086 637 1134 memoratum
690 1079 919 1138 honoris
953 1083 1179 1138 titulum
1221 1091 1543 1154 argumento
1569 1099 1686 1140 esse
1723 1079 2048 1155 negaverint
2085 1086 2336 1138 sanctum
2366 1079 2739 1152 Augustinum
2761 1081 2828 1137 de
2877 1081 3086 1137 Hilario
3125 1081 3476 1138 Luciferiano

207 1164 624 1237 accipiendum:
663 1169 758 1226 sed
791 1169 975 1242 potius
1018 1170 1264 1228 indidem
1316 1171 1723 1244 conjiciendum
1767 1186 1882 1228 esse
1931 1178 2027 1227 aut
2053 1171 2350 1229 diaconum
2391 1171 2552 1226 illum
2583 1169 2944 1226 secessionem
2972 1185 3253 1243 nunquam
3282 1168 3477 1227 fecisse

204 1255 268 1312 ab
305 1255 562 1313 universa
617 1257 867 1316 Ecclesia
916 1269 1132 1317 servata
1163 1261 1428 1317 nimirum
1481 1277 1607 1318 cum
1658 1259 1901 1331 ejusdem
1957 1262 2134 1335 capite
2173 1262 2334 1319 beato
2371 1264 2604 1318 Damaso
2659 1277 2790 1334 pace
2835 1269 2890 1317 et
2925 1261 3353 1318 communione:
3394 1269 3490 1318 aut

204 1348 378 1422 ipsum
429 1350 648 1408 tandem
706 1350 1023 1424 priusquam
1055 1367 1084 1407 e
1113 1351 1261 1408 vivis
1287 1351 1596 1421 excederet,
1631 1351 1690 1408 in
1734 1352 1961 1425 gratiam
2007 1352 2232 1410 rediisse
2276 1369 2403 1410 cum
2431 1352 2738 1410 catholicis.
2779 1351 2985 1410 Verum
3047 1351 3365 1424 hujusmodi
3394 1368 3492 1408 re-

210 1453 411 1510 sponso
447 1439 608 1511 plane
635 1439 946 1496 contrarius
971 1449 1052 1496 est
1088 1440 1497 1514 Hieronymus;
1540 1441 1741 1515 quippe
1771 1442 1866 1514 qui
1909 1441 1977 1499 de
2027 1443 2240 1500 Hilario
2281 1459 2394 1500 non
2422 1451 2683 1517 tanquam
2724 1442 2792 1498 ab
2821 1441 3089 1516 episcopis
3130 1443 3360 1517 aliquot,
3395 1451 3491 1499 aut

210 1535 430 1583 tantum
477 1529 545 1584 ad
593 1536 829 1602 tempus,
875 1527 970 1585 sed
998 1529 1067 1585 ab
1097 1529 1249 1585 omni
1277 1529 1550 1588 catholica
1579 1531 1858 1601 societate,
1890 1549 1954 1590 ac
1999 1550 2096 1607 per
2125 1535 2447 1592 universum
2473 1534 2602 1590 vitae
2647 1533 2985 1591 curriculum
3014 1540 3260 1606 separato
3289 1534 3490 1606 loqua—

212 1625 302 1673 tur
332 1617 571 1690 (Dialog.
601 1619 727 1676 adv.
776 1619 1038 1688 Lucifer.,
1070 1627 1192 1692 post
1240 1619 1435 1692 med.).
1491 1619 1695 1678 Contra
1731 1620 1875 1678 hanc
1921 1623 2241 1695 opinionem
2293 1623 2350 1680 id
2390 1624 2556 1679 etiam
2603 1622 2755 1692 facit,
2797 1621 2943 1695 quod
2990 1622 3252 1691 Hilarius,
3301 1629 3491 1694 utpote

197 1707 456 1765 Romana:
487 1709 744 1766 Fcclesiai
791 1709 1077 1778 diaconus,
1119 1710 1186 1766 de
1235 1709 1423 1766 eadem
1472 1727 1582 1767 non
1612 1711 1770 1784 quasi
1800 1712 2120 1784 peregrinus
2155 1719 2250 1768 aut
2297 1712 2509 1768 alienus
2541 1712 2758 1768 locutus
2786 1718 2944 1768 esset.
2976 1710 3096 1779 Quo
3145 1711 3294 1768 enim
3334 1718 3492 1785 pacto

196 1800 262 1858 de
307 1818 409 1859 sua
453 1803 701 1860 Ecclesia
731 1801 999 1875 potuisset
1035 1803 1313 1861 scribere:
1374 1805 1526 1860 Nunc
1576 1811 1768 1876 septem
1811 1801 2059 1858 diaconos
2098 1818 2204 1857 esse
2233 1807 2456 1873 oportet,
2487 1807 2534 1856 et
2579 1801 2884 1872 aliquantae
2914 1801 3264 1873 presbyteros,
3293 1810 3355 1858 ut
3383 1802 3493 1857 bini

195 1891 298 1946 sint
334 1907 438 1962 per
474 1892 737 1948 Ecclesias
771 1892 862 1963 (In
891 1892 1064 1963 Epist.
1113 1891 1146 1946 Ι
1173 1893 1246 1947 ad
1282 1892 1506 1949 Timoth.
1552 1909 1670 1965 cap.
1707 1893 1792 1963 ιιι)
1821 1893 1849 1949 7
1895 1892 2118 1949 Etenim
2147 1908 2296 1961 cum,
2329 1892 2635 1964 imperante
2657 1889 3000 1948 Diocletiano
3030 1891 3236 1966 (Optat.
3268 1892 3366 1948 lib.
3401 1892 3488 1964 ιι).

190 1979 301 2053 jam
333 1979 583 2039 basilicae
622 1980 983 2054 quadraginta
1033 1988 1214 2038 essent
1252 1981 1310 2037 in
1344 1981 1508 2050 Urbe,
1567 1997 1678 2037 non
1715 1982 2018 2052 aliquantos
2059 1981 2410 2053 presbyteros,
2460 1980 2556 2038 sed
2612 1990 2677 2039 ut
2716 1979 3010 2038 minimum
3057 1981 3336 2054 octoginta
3374 1981 3494 2038 illic

195 2067 445 2126 ordinari
478 2085 697 2128 necesse
725 2079 864 2126 erat.

262 2159 376 2216 Nec
419 2159 651 2215 dubium
691 2167 772 2216 est
805 2158 940 2232 quin
995 2157 1080 2214 hae
1135 2157 1264 2230 ipsae
1312 2175 1486 2216 causae
1542 2159 1767 2216 Petavio
1795 2160 1853 2216 in
1885 2167 2125 2216 mentem
2155 2157 2500 2228 induxerint,
2532 2164 2594 2215 ut
2631 2157 2818 2215 eadem
2849 2156 3254 2216 Commentaria
3284 2155 3493 2214 Hilario

193 2249 418 2324 quidem
448 2256 746 2322 arrogaret,
776 2247 870 2305 sed
901 2247 996 2303 alii
1025 2265 1057 2304 a
1088 2247 1456 2317 Luciferiano,
1489 2250 1740 2322 quisquis
1768 2248 1991 2306 demum
2021 2249 2116 2304 ille
2145 2249 2332 2306 fuerit.
2364 2249 2437 2304 Et
2463 2264 2593 2305 sane
2624 2247 2932 2320 (Ughellus,
2966 2248 3095 2304 Ital.
3118 2264 3258 2304 sacr.
3287 2255 3423 2304 tom.
3447 2250 3493 2314 Ι,

191 2347 333 2412 part.
387 2355 452 2407 ιι,
485 2355 607 2411 pag.
641 2339 698 2410 6)
728 2346 790 2394 ut
837 2336 1108 2393 Hilarium
1152 2337 1255 2393 sub
1298 2339 1530 2394 Damaso
1586 2355 1698 2395 non
1753 2339 2077 2396 haberemus
2134 2341 2451 2413 Papiensem
2502 2340 2839 2412 episcopum,
2878 2339 3165 2396 sanctitate
3209 2347 3264 2396 et
3290 2341 3406 2397 zelo
3435 2341 3493 2396 in

190 2429 435 2486 Arianos
465 2431 698 2499 clarum,
729 2430 816 2488 cui
859 2429 999 2486 forte
1031 2428 1128 2486 illa
1158 2437 1385 2502 possunt
1416 2430 1636 2499 ascribi,
1669 2437 1963 2504 supersunt
2001 2429 2182 2486 adhuc
2223 2429 2411 2486 multae
2441 2428 2789 2500 scriptiones,
2822 2444 3059 2502 quorum
3088 2435 3336 2486 auctores
3362 2435 3495 2485 tan-

189 2525 310 2574 tum
369 2527 782 2592 cognoscuntur
831 2516 1057 2574 nomine
1090 2527 1294 2593 .tenus,
1333 2535 1578 2592 quosque
1626 2518 1847 2592 penitus
1876 2518 2275 2592 ignoraremus,
2334 2518 2444 2574 nisi
2483 2517 2704 2575 eosdem
2757 2516 2826 2573 ab
2875 2518 2986 2573 alio
3023 2519 3188 2575 semel
3216 2518 3494 2574 nominari

189 2626 321 2667 casu
351 2611 696 2682 contigisset.
748 2609 986 2678 Verum,
1019 2611 1148 2668 licet
1192 2611 1496 2667 universim
1532 2611 1718 2684 negari
1757 2612 1863 2667 ista
1913 2616 2208 2682 nequeant,
2243 2615 2470 2680 possunt
2517 2615 2703 2663 tamen
2749 2607 2865 2662 illis
2893 2606 3097 2679 opponi
3126 2607 3494 2678 Augustinum

187 2708 387 2758 contra
419 2699 741 2772 Pelagianos
784 2700 1049 2756 acerrime
1085 2699 1372 2772 originalis
1410 2701 1585 2772 culpae
1623 2700 1932 2758 doctrinam
1981 2701 2369 2771 impugnantes
2408 2714 2518 2754 non
2558 2714 2787 2753 usurum
2837 2697 3005 2752 fuisse
3036 2697 3352 2754 testimonio
3379 2697 3497 2770 ejus

187 2793 462 2858 auctoris,
491 2790 586 2862 qui
616 2789 792 2846 sicubi
849 2807 966 2847 eam
1023 2790 1243 2846 videtur
1272 2807 1583 2863 agnoscere,
1617 2789 1912 2862 aliquando
1940 2797 2123 2845 tamen
2152 2787 2480 2844 contrariam
2520 2802 2630 2857 prae
2663 2802 2718 2840 se
2749 2785 2852 2840 fert
2877 2801 2889 2838 :
2924 2785 3127 2857 quique
3177 2796 3360 2858 aperte
3387 2787 3497 2842 Pe-

189 2879 431 2950 lagianis
465 2879 648 2934 favere
704 2895 734 2934 a
782 2877 1120 2947 gravissimis
1148 2886 1202 2933 et
1230 2879 1632 2950 probatissimis
1687 2878 1954 2952 theologis
1996 2879 2370 2945 existimatur;
2397 2884 2450 2931 et
2481 2891 2594 2930 uno
2624 2876 2813 2931 saltem
2848 2875 2967 2930 loco
2997 2876 3280 2933 manifeste
3309 2877 3496 2933 Semi-

196 2968 531 3039 pelagianus
559 2967 948 3038 pronuntiatur
975 2983 1007 3022 a
1034 2967 1347 3024 Justiniano
1383 2984 1411 3023 e
1440 2975 1697 3024 socretate
1733 2969 1861 3025 Iesu
1895 2969 2017 3024 viro
2047 2967 2368 3024 doctissimo
2401 2966 2714 3034 (Comment.
2753 2964 2810 3018 in
2845 2965 3017 3034 Epist.
3046 2967 3078 3021 Ι
3103 2966 3174 3021 ad
3208 2967 3331 3023 Cor.
3373 2983 3493 3039 cap.

191 3060 342 3127 xxv).
385 3055 537 3122 Quid
587 3055 634 3110 si
685 3054 796 3111 huc
845 3054 1205 3126 adjecerimus
1238 3065 1291 3112 et
1343 3056 1479 3112 alios
1509 3073 1720 3114 errores
1749 3057 1843 3128 qui
1898 3055 2099 3126 passim
2142 3054 2336 3110 iisdem
2377 3053 2435 3108 in
2476 3047 2897 3110 Commentariis
2945 3052 3433 3125 deprehenduntur
3463 3055 3492 3110 ?

189 3145 351 3204 Certe
386 3143 616 3200 defendi
644 3160 755 3200 non
800 3150 975 3217 potest
1004 3161 1193 3202 eorum
1223 3154 1433 3215 auctor,
1465 3147 1599 3219 quin
1642 3164 1767 3203 cum
1799 3144 2034 3216 Origene
2064 3144 2294 3200 senserit
2319 3143 2430 3214 (Ex
2460 3142 2599 3198 Estii
2638 3141 2922 3197 Comment.
2954 3142 3014 3195 in
3044 3142 3221 3212 Epist.
3243 3142 3314 3197 ad
3344 3143 3490 3214 Eph.

185 3250 307 3308 cap.
347 3234 468 3306 ιιι),
503 3232 561 3289 in
603 3235 889 3290 voluntate
944 3233 1258 3290 damonum
1306 3251 1421 3292 esse
1449 3235 1514 3291 ab
1569 3253 1751 3292 errore
1779 3237 2009 3294 resilire.
2043 3237 2408 3309 Exploratum
2439 3251 2654 3309 quoque
2693 3235 2850 3292 ulcus
2877 3244 2979 3304 est,
3007 3235 3154 3308 quod
3184 3237 3380 3293 marito
3419 3237 3500 3294 fas

186 3340 367 3397 usque
398 3339 523 3380 esse
546 3323 830 3380 contendit
877 3323 968 3395 (In
1013 3324 1188 3395 Epist.
1242 3325 1278 3381 Ι
1309 3326 1382 3381 ad
1415 3325 1542 3382 Cor.
1571 3341 1690 3398 cap.
1725 3327 1854 3398 vn),
1883 3343 2058 3383 uxore
2095 3332 2319 3399 propter
2348 3324 2682 3381 adulterium
2711 3324 3013 3396 repudiata,
3048 3326 3211 3382 aliam
3250 3324 3448 3383 ducere
3480 3347 3494 3385 :

189 3413 358 3470 uxori
393 3420 585 3470 autem
606 3411 676 3468 ab
713 3411 962 3468 adultero
991 3411 1223 3485 conjuge
1254 3421 1511 3486 separatae
1541 3431 1668 3470 cum
1711 3414 1820 3471 alio
1849 3417 1993 3472 inire
2023 3415 2343 3488 conjugium
2376 3415 2540 3472 licere
2569 3421 2750 3486 negat.
2782 3413 2889 3470 Sed
2917 3429 3018 3469 nec
3049 3414 3140 3468 illa
3159 3415 3326 3470 etiam
3364 3415 3496 3471 satis

184 3519 318 3560 sana
338 3510 501 3572 sunt,
527 3502 671 3576 quod
699 3501 898 3559 factam
923 3504 1014 3574 (In
1042 3503 1216 3574 Epist.
1245 3505 1278 3559 Ι
1293 3505 1365 3559 ad
1397 3505 1522 3561 Cor.
1555 3521 1672 3577 cap.
1705 3521 1762 3560 vr
1792 3514 1845 3562 et
1879 3523 1999 3575 xrv,
2026 3515 2079 3562 et
2104 3505 2162 3560 in
2183 3505 2359 3576 Dpist.
2385 3505 2457 3560 ad
2489 3503 2689 3559 Coloss.
2721 3519 2840 3575 cap.
2874 3503 2960 3575 ιιι)
2992 3501 3060 3559 ad
3080 3502 3374 3575 imaginem
3395 3503 3496 3560 Dei

186 3593 490 3652 mulierem
525 3609 672 3662 esse;
706 3592 988 3666 episcopos
1015 3593 1352 3665 superiorem
1381 3592 1714 3666 presbyteris
1744 3593 1971 3665 gradum
2003 3596 2252 3651 obtinere
2284 3595 2376 3667 (In
2404 3593 2579 3665 Epist.
2603 3593 2676 3649 ad
2703 3594 2844 3664 Eph.
2877 3607 2996 3664 cap.
3029 3592 3136 3663 IV),
3167 3601 3262 3649 aut
3280 3592 3498 3650 diversa

183 3683 413 3740 institui
439 3682 794 3740 ordinatione
809 3681 1090 3740 inliciatur
1111 3700 1126 3750 ;
1159 3691 1214 3739 et
1233 3682 1480 3756 quaedam
1503 3683 1612 3738 alia
1626 3684 1910 3739 communi
1930 3683 2330 3740 catholicorum
2358 3682 2541 3738 sensui
2573 3681 2756 3737 minus
2776 3696 3018 3753 congrua
3043 3680 3276 3737 subinde
3304 3680 3494 3739 trahit.

254 3773 562 3841 Praeterea,
599 3772 814 3829 etiamsi
871 3773 1046 3830 multa
1092 3772 1205 3829 sint
1259 3789 1380 3846 quas
1427 3771 1496 3828 ad
1542 3771 1934 3830 vindicandam
1988 3771 2120 3829 huic
2163 3771 2313 3844 operi
2356 3770 2604 3828 eamdem
2653 3787 2781 3826 cum
2829 3771 3062 3827 Damaso
3110 3770 3493 3843 antiquitatem

183 3864 372 3922 favere
404 3864 732 3933 videantur,
761 3863 820 3919 in
868 3879 934 3919 eo
963 3879 1179 3936 quoque
1229 3871 1529 3920 occurrunt
1582 3864 1710 3932 alia,
1752 3879 1822 3920 ex
1851 3861 2052 3935 quibus
2108 3863 2167 3918 in
2210 3869 2427 3918 aetatem
2479 3862 2654 3918 multo
2709 3861 3066 3935 posteriorem
3111 3861 3266 3933 rejici
3301 3862 3493 3935 possit.

183 3951 251 4008 Ut
291 3952 450 4009 enim
488 3952 583 4008 hic
629 3951 950 4008 omittamus
996 3948 1227 4008 nullum
1264 3951 1586 4008 Latinorum
1641 3951 1700 4008 in
1745 3950 1900 4008 Pauli
1953 3951 2228 4024 Epistolas
2273 3959 2632 4024 praeterquam
2686 3948 2961 4008 Victorini
3029 3948 3497 4006 Commentarium

180 4043 412 4116 agnosci
445 4042 519 4099 ab
552 4042 889 4115 Hieronymo
917 4041 975 4098 in
1018 4040 1342 4098 Auctoribus
1380 4041 1784 4111 Ecclesiasticis,
1817 4041 2047 4098 minime
2075 4041 2338 4099 abhorret
2367 4058 2400 4098 a
2446 4039 2741 4097 verisimili
2769 4039 3008 4114 plurima
3047 4039 3106 4096 in
3134 4039 3297 4096 hosce
3327 4040 3498 4097 libros

179 4148 249 4189 ex
287 4131 640 4205 Augustino,
669 4131 1064 4204 Chrysostomo
1093 4138 1148 4186 et
1190 4129 1529 4203 Hieronymo
1563 4131 1826 4187 translata
1884 4147 2035 4200 esse;
2082 4132 2194 4188 imo
2221 4131 2412 4200 etiam,
2457 4130 2606 4205 quod
2648 4129 2940 4187 observata
2984 4145 3113 4185 sane
3139 4128 3367 4202 dignum
3393 4138 3494 4196 est.

177 4237 246 4278 ex
277 4222 382 4278 illo
414 4223 546 4295 ipso
597 4228 1029 4279 commentatore
1075 4219 1235 4292 cujus
1290 4220 1626 4287 lucubratio,
1675 4219 1742 4276 ad
1791 4221 1998 4278 calcem
2054 4237 2285 4294 operum
2319 4219 2646 4294 Hieronymi
2675 4218 2844 4289 edita,
2877 4217 3082 4291 Pelagii
3106 4233 3220 4274 esse
3250 4233 3282 4274 a
3305 4218 3497 4276 multis

176 4311 538 4384 perhibetur.
572 4311 797 4367 Etenim
832 4327 957 4367 cum
987 4309 1099 4367 sint
1138 4308 1247 4366 loci
1277 4325 1390 4366 non
1415 4309 1574 4381 pauci
1622 4309 1718 4382 qui
1748 4311 1982 4369 totidem
2009 4313 2196 4370 verbis
2240 4313 2493 4385 legantur
2530 4312 2590 4368 in
2623 4319 2860 4385 utroque
2888 4308 3304 4378 commentario,
3336 4317 3498 4384 atquo

177 4400 315 4458 adeo
349 4401 602 4458 alterum
633 4399 702 4457 ab
729 4400 902 4456 altero
927 4407 1121 4457 mutuo
1147 4398 1441 4472 sumpsisse
1469 4414 1581 4454 non
1617 4399 1690 4455 sit
1719 4399 1971 4472 dubium,
2004 4404 2188 4460 minus
2221 4403 2502 4477 probabile
2529 4403 2912 4460 existimamus
2940 4401 3494 4476 Hieronymiastrum,

180 4491 275 4563 qui
326 4501 450 4548 tam
509 4490 698 4547 brevis
731 4505 796 4547 ac
841 4489 1094 4547 concisus
1146 4497 1252 4559 est,
1281 4505 1351 4546 ex
1379 4487 1786 4546 Ambrosiastro
1814 4491 2061 4564 quaedam
2094 4492 2374 4565 petivisse,
2403 4508 2566 4566 quam
2587 4508 2616 4548 e
2643 4507 2930 4550 converso.
2981 4491 3069 4548 Ad
3128 4491 3246 4549 haec
3271 4490 3496 4563 insuper

179 4579 376 4640 licebit
409 4579 721 4653 adjnngere
750 4580 818 4636 ab
848 4578 953 4636 hoc
981 4587 1207 4636 auctore
1232 4595 1345 4635 non
1374 4578 1586 4635 minore
1632 4578 1817 4636 studio
1863 4580 2082 4653 probari
2123 4581 2407 4639 Christum
2450 4582 2748 4639 Dominum
2779 4581 3072 4655 adoptione
3110 4590 3222 4637 nOn
3250 4593 3365 4635 esse
3394 4571 3494 4633 Dei

179 4673 415 4742 Filium,
452 4687 628 4746 quam
656 4671 702 4728 si
725 4677 850 4743 post
886 4686 1096 4727 errores
1125 4670 1322 4727 Felicis
1351 4677 1514 4744 atque
1542 4671 1802 4743 Elipandi
1831 4670 2137 4744 scripsisset
2159 4672 2249 4743 (In
2271 4671 2446 4744 Epist.
2479 4672 2552 4728 ad
2581 4671 2844 4744 Philipp,
2874 4687 2994 4744 cap.
3027 4683 3115 4742 ιι).

247 4764 373 4821 Illis
406 4772 734 4836 temporum
764 4761 1092 4819 differentiis
1139 4763 1186 4819 si
1233 4761 1509 4820 addideris
1558 4764 1885 4820 nonnullam
1915 4763 1973 4820 in
2003 4763 2345 4820 diversarum
2375 4762 2731 4836 epistolarum
2763 4760 3206 4835 expositionibus
3225 4759 3488 4820 dictionis

178 4870 239 4912 ac
267 4855 578 4912 sententiae
609 4869 771 4926 super
800 4855 988 4912 eadem
1041 4853 1270 4912 materia
1317 4853 1766 4927 discrepantiam,
1801 4869 2016 4911 necnon
2071 4853 2378 4912 disserendi
2424 4854 2590 4911 modo
2638 4853 2933 4910 fusissime.
2967 4849 3129 4906 modo
3157 4852 3492 4910 contractis-

178 4943 315 5001 sime
345 4943 818 5018 inaequalitatem,
850 4944 956 5002 erit
985 4944 1215 5002 forsitan
1243 4945 1338 5018 qui
1368 4944 1614 5017 ejusdem
1644 4960 1838 5000 manus
1867 4944 2054 5000 omnia
2115 4943 2233 4999 haec
2276 4943 2669 5001 commentaria
2697 4955 2810 4996 esse
2840 4939 3144 5010 dissentiat,
3176 4950 3270 5000 aut
3296 4943 3489 5000 saltem

177 5033 243 5089 ad
273 5049 630 5107 quempuam
661 5032 979 5106 hujusmodi
1008 5035 1418 5108 compilatorem
1451 5035 1734 5092 referenda
1761 5041 2028 5099 autumet,
2055 5032 2149 5106 qui
2197 5032 2254 5088 in
2278 5030 2546 5087 metendis
2566 5029 2734 5084 variis
2754 5028 3028 5101 operibus,
3051 5046 3284 5105 quorum
3317 5032 3492 5092 multa

178 5121 608 5187 interciderint,
639 5122 850 5196 aliquas
877 5123 1142 5196 temporis
1186 5123 1527 5196 singulorum
1562 5133 1719 5182 notas
1772 5123 1849 5180 ita
1882 5122 2194 5190 retinuerit,
2237 5129 2299 5178 ut
2351 5119 2436 5176 sui
2489 5120 2692 5193 pariter
2730 5119 2833 5176 aevi
2883 5121 3180 5178 nonnullas
3206 5121 3484 5195 adjecerit.

179 5211 387 5270 Verum
450 5212 758 5286 quantavis
813 5212 1109 5270 difﬁcultas
1160 5214 1232 5269 sit
1279 5213 1338 5268 in
1380 5214 1711 5286 assignanda
1738 5213 1856 5270 sive
1885 5212 2144 5280 auctoris,
2177 5211 2294 5266 sive
2332 5209 2511 5282 Operis
2540 5209 2888 5284 antiquitate,
2920 5226 3087 5267 manu
3115 5220 3355 5280 exarata,
3385 5226 3490 5267 eo-

180 5303 436 5360 rumdem
471 5303 1015 5362 Commentariorum
1064 5302 1370 5372 volumina,
1417 5304 1561 5360 sicut
1607 5313 1658 5361 et
1688 5303 1988 5376 scriptores
2015 5318 2043 5357 a
2074 5301 2275 5374 quibus
2310 5301 2476 5357 citata
2521 5299 2831 5374 expilatave
2860 5301 3228 5374 reperiuntur,
3259 5301 3485 5375 planum

180 5391 392 5450 faciunt
420 5393 646 5452 eisdem
677 5403 893 5468 tempus
920 5395 1121 5452 saeculo
1149 5405 1344 5452 octavo
1373 5395 1646 5467 posterius
1672 5393 1981 5467 adjudicari
2009 5393 2328 5466 neutiquam
2358 5407 2532 5464 posse.

243 5482 371 5542 Non
393 5485 648 5542 deerunt
677 5485 925 5554 fortasse,
958 5486 1053 5559 qui
1079 5486 1408 5543 sententiam
1431 5492 1672 5542 nostram
1703 5485 1843 5542 scire
1871 5489 2069 5541 aveant
2095 5483 2163 5539 de
2189 5491 2410 5540 auctore
2443 5480 2798 5549 Quaestionum
2824 5476 2964 5538 Novi
2991 5485 3038 5536 et
3074 5477 3265 5537 Veteris
3299 5479 3486 5537 Testa-

175 5575 362 5644 menti,
390 5589 572 5650 quem
597 5589 724 5631 cum
754 5574 1162 5632 Ambrosiastro
1189 5574 1442 5631 eumdem
1485 5587 1601 5630 esse
1648 5572 1811 5629 multi
1855 5578 1976 5646 post
2024 5571 2310 5645 theologos
2353 5571 2746 5637 Lovanienses,
2776 5585 2809 5625 a
2835 5568 3038 5642 quibus
3068 5568 3235 5626 iidem
3268 5569 3396 5626 libri
3425 5569 3485 5626 in

177 5667 555 5742 appendicem
600 5682 828 5739 operum
858 5667 1032 5725 sancti
1058 5667 1355 5740 Augustini
1387 5666 1548 5739 (tom.
1576 5665 1670 5733 III,
1701 5671 1843 5738 part.
1878 5663 1920 5738 ι)
1949 5663 2138 5737 rejecti
2167 5664 2342 5732 fuere,
2368 5663 2620 5722 arbitrati
2654 5669 2801 5721 sunt.
2834 5662 3042 5720 Verum
3071 5680 3190 5737 quae
3221 5663 3486 5720 hactenus

175 5755 632 5833 disputavimus,
662 5758 795 5815 satis
821 5757 1119 5816 ostendunt
1155 5758 1224 5815 de
1275 5757 1380 5815 hac
1425 5772 1484 5814 re
1520 5763 1758 5814 statuere
1800 5772 1912 5813 non
1959 5771 2076 5814 esse
2121 5756 2384 5830 proclivis
2412 5754 2640 5826 negotii.
2680 5752 3043 5810 Proferuntur
3068 5751 3293 5826 quidem
3323 5752 3484 5822 longe

177 5847 448 5920 plurima,
481 5862 622 5922 qum
652 5846 710 5904 in
737 5853 971 5921 utroque
999 5861 1163 5921 opere
1210 5845 1406 5904 iisdem
1436 5845 1642 5916 verbis,
1673 5844 1979 5922 iisdemque
2004 5845 2189 5904 citatis
2215 5845 2511 5918 Scripturae
2551 5843 2687 5901 locis
2712 5841 2772 5898 in
2805 5843 2996 5900 oculos
3025 5842 3310 5899 incurrant
3343 5855 3356 5894 :
3387 5835 3484 5894 sed
