3980 6368
454 390 523 444 47
1466 383 1560 437 AD
1599 380 1834 437 OPERA
1871 379 1926 432 S.
1969 377 2059 433 ΑΜ

2180 376 2303 432 DSlI
2341 375 2721 431 APPENDIX.
3669 368 3740 425 48

447 512 589 570 nihil
614 511 744 568 inde
773 510 961 582 colligi
991 516 1192 582 potest,
1230 506 1340 563 nisi
1378 505 1496 564 haec
1522 506 1641 578 ipsa
1668 521 1737 560 ex
1758 503 1885 559 ‘alio
1931 503 1990 558 in
2038 500 2191 557 aliud
2243 499 2567 571 transcripta
2621 514 2757 555 esse.
2809 497 3067 552 Attamen
3115 493 3288 567 magis
3330 492 3617 565 probabile
3655 502 3739 551 est

445 608 723 659 auctorem
757 600 1133 667 Quaestionum,
1168 596 1216 653 si
1244 603 1429 652 tamen
1459 610 1648 652 earum
1673 601 1866 651 auctor
1889 610 2033 654 unus
2059 605 2162 667 est,
2191 611 2318 651 cum
2348 594 2422 650 sit
2450 594 2509 649 in
2542 590 2827 649 tractando
2857 591 3034 647 multo
3069 589 3266 659 fusior,
3293 596 3350 647 et
3378 588 3740 646 Ambrosias-

444 688 519 746 tri
548 687 830 744 erroribus
859 686 1043 758 plures
1068 683 1333 756 adjecerit
1360 684 1466 742 sibi
1495 685 1766 757 proprios,
1800 685 1966 758 hujus
1995 702 2111 744 esse
2139 688 2580 759 compilatorem.

516 776 810 843 Caeterum,
840 791 967 831 cum
997 774 1178 846 negari
1212 780 1445 846 nequeat
1489 773 1619 829 huic
1660 775 1811 846 operi
1860 774 2160 833 utilitatem
2206 777 2383 833 inesse
2427 791 2603 843 suam,
2633 788 2870 846 cumque
2913 773 2980 829 ad
3025 771 3168 827 hanc
3218 788 3391 844 usque
3437 769 3740 828 editionem

446 867 631 925 locum
662 867 806 922 inter
834 865 1112 922 Ambrosii
1143 863 1635 921 commentationes
1664 863 1990 935 obtinuerit,
2019 883 2234 923 necnon
2266 866 2497 923 citatum
2528 865 2647 938 ejus
2676 864 2899 921 nomine
2928 864 3128 935 passim
3160 871 3442 929 occurrat;
3500 860 3559 916 in
3599 860 3743 918 hanc

446 955 823 1027 Appendicem
853 970 918 1010 eo
951 952 1233 1009 lubentius
1268 951 1406 1007 illud
1436 951 1781 1021 admisimus,
1813 970 1923 1025 quo
1961 954 2145 1026 plures
2186 972 2314 1013 mss.
2363 966 2519 1014 erant
2563 957 2632 1013 ad
2688 973 2935 1025 manum,
2984 971 3217 1029 quorum
3268 953 3518 1010 subsidio
3562 952 3742 1009 exiret

448 1044 627 1100 multo
681 1044 1000 1100 correctius.
1040 1043 1187 1099 Inter
1223 1042 1359 1098 alias
1384 1049 1567 1098 autem
1598 1042 2009 1099 emendationes
2036 1046 2438 1117 amplissimum
2471 1046 2837 1118 fragmentum
2869 1044 2928 1100 in
2960 1044 3068 1101 ﬁne
3104 1044 3483 1101 Commentarii
3512 1044 3745 1115 epistolas

447 1133 638 1206 prima
659 1133 730 1189 ad
759 1131 1081 1199 Corinthios,
1112 1140 1166 1187 et
1195 1130 1254 1186 in
1284 1132 1561 1203 sequentis
1584 1130 1748 1188 initio
1777 1133 2141 1203 restituimus,
2173 1136 2330 1210 cujus
2354 1135 2627 1208 jacturam
2657 1153 2686 1192 e
2716 1134 2919 1191 lacinia
2948 1133 3345 1192 Commentarii
3379 1133 3743 1192 Pseudo-Hie-

448 1239 572 1281 ron.
606 1230 899 1280 resarserat
925 1222 1162 1295 scriptor
1184 1221 1477 1294 quispiam.

518 1311 948 1369 Admonendum
987 1310 1153 1367 modo
1181 1320 1445 1384 superest,
1482 1312 1929 1369 Commentarium
1956 1315 2015 1371 in
2040 1315 2339 1387 Epistolam
2367 1315 2439 1371 ad
2463 1315 2705 1371 Hebraeos
2733 1331 2765 1370 a
2785 1313 2947 1370 nobis
2975 1330 3090 1370 esse
3119 1312 3567 1386 praetermissum.
3599 1312 3748 1370 Illud

449 1402 791 1475 antiquiores
819 1418 949 1458 mss.
982 1417 1095 1457 non
1133 1411 1474 1474 agnoverunt
1501 1417 1680 1476 neque
1709 1402 2111 1459 Amerbachius
2140 1419 2316 1475 neque
2346 1404 2625 1459 Erasmus.
2659 1403 2797 1461 Cum
2828 1418 2960 1457 vero
2989 1402 3057 1457 ab
3088 1401 3157 1458 iis
3194 1401 3288 1475 qui
3332 1409 3520 1473 postea
3554 1415 3745 1458 curam

449 1492 831 1551 Ambrosiana
858 1491 993 1549 edit.
1024 1507 1331 1564 suscepere,
1363 1491 1664 1549 admissum
1695 1501 1855 1563 esset,
1887 1492 2022 1549 adeo
2060 1509 2170 1549 non
2222 1492 2422 1550 fefellit
2464 1492 2616 1548 viros
2655 1491 2855 1564 judicii
2903 1489 3243 1558 eruditioris,
3293 1498 3354 1546 ut
3401 1506 3469 1546 ne
3522 1488 3747 1563 quidem

451 1580 697 1654 ejusdem
726 1581 988 1650 auctoris,
1018 1581 1110 1638 cui
1138 1580 1467 1638 tribuuntur
1496 1581 1797 1654 superiora,
1829 1599 1944 1639 esse
1976 1579 2313 1646 crederetur,
2342 1580 2521 1637 multo
2549 1580 2719 1653 igitur
2748 1580 2933 1636 minus
2960 1578 3203 1635 doctoris
3231 1577 3429 1636 nostri.
3458 1579 3532 1635 Et
3558 1594 3751 1635 revera

450 1668 596 1726 nihil
624 1668 775 1726 aliud
804 1676 906 1738 est,
937 1685 1100 1742 quam
1132 1684 1325 1741 parum
1351 1666 1563 1741 digesta
1589 1669 1811 1725 Patrum
1857 1669 2070 1742 aliquot
2116 1670 2457 1742 compilatio,
2504 1687 2624 1745 quae
2668 1687 2795 1727 cum
2839 1669 3077 1742 amplior
3120 1669 3267 1726 inter
3317 1684 3482 1742 opera
3536 1667 3749 1725 Rabani

447 1758 626 1818 Mauri
654 1758 877 1831 vulgata
903 1757 1093 1826 fuerit,
1124 1756 1311 1830 ibique
1348 1757 1691 1830 singulorum
1741 1758 2170 1830 fragmentorum
2201 1767 2451 1818 auctores
2488 1776 2518 1817 e
2552 1761 2776 1834 regione
2806 1760 2982 1834 legere
3026 1758 3211 1829 liceat,
3244 1758 3391 1816 nihil
3423 1774 3541 1815 esse
3567 1773 3750 1816 causa

446 1847 610 1907 nobis
635 1849 821 1907 visum
853 1855 935 1905 est
965 1863 1067 1906 cur
1092 1862 1156 1903 ea
1183 1846 1244 1904 in
1270 1845 1569 1905 editionem
1599 1856 1845 1906 nostram
1874 1847 2233 1923 reciperetur.

1238 2128 2954 2307 COMMENTARIA

662 2405 835 2555 IN
947 2404 1205 2556 XII
1323 2405 2059 2557 EPISTOL.

2180 2404 2243 2553 Β
2355 2403 2860 2554 ΒΕΑΤΙ
2980 2403 3547 2554 PAULI.

1081 2785 1219 2876 IN
1306 2787 2071 2878 EPISTOLAM
2158 2787 2325 2873 AD
2416 2787 3122 2877 ROMANOS.

1035 3070 1420 3131 PROLOGUS.
2079 3077 2130 3137 Α
2158 3074 2501 3149 spiritualem
2543 3077 2640 3134 Dei
2689 3078 2919 3151 gratiam
2976 3085 3316 3147 consecutos,
3372 3093 3436 3138 ac
3490 3093 3590 3151 per
3645 3078 3755 3137 hoc

543 3165 639 3227 25
668 3167 740 3227 Ut
767 3183 953 3227 rerum
978 3168 1179 3227 notitia
1207 3169 1474 3228 habeatur
1501 3169 1736 3245 plenior,
1782 3169 2057 3245 principia
2163 3163 2639 3222 conﬁrmationem
2671 3166 2750 3223 eis
2778 3166 2982 3223 deesse.
3017 3168 3085 3223 Hi
3124 3174 3256 3224 sunt
3301 3166 3397 3240 qui
3447 3176 3503 3225 et
3542 3168 3765 3228 Galatas

461 3275 650 3318 earum
690 3257 1017 3332 requirenda
1057 3268 1187 3317 sunt
1241 3260 1426 3333 prius;
1484 3268 1620 3318 tunc
1672 3259 1822 3317 enim
1879 3267 2056 3333 potest

460 3348 681 3407 facilius
708 3365 886 3406 causae
914 3349 1058 3405 ratio
1103 3348 1391 3419 declarari,
1428 3349 1475 3406 si
1514 3348 1633 3422 ejus
1683 3349 1838 3422 origo
1884 3349 2054 3405 disca-

458 3449 551 3497 tur
583 3439 665 3514 (1)
704 3458 717 3496 :
768 3457 894 3497 cum
925 3438 1074 3496 enim
1104 3439 1347 3513 epistolae
1378 3437 1518 3496 datae
1547 3438 1771 3495 modum
1803 3446 1859 3495 et
1890 3439 2055 3496 ratio-

459 3548 585 3588 nem
615 3531 1039 3599 ostenderimus,
1084 3536 1264 3603 potest
1310 3546 1501 3586 verum
1550 3528 1752 3595 videri,
1782 3528 1931 3603 quod
1960 3529 2056 3585 di-

460 3620 657 3677 cimus.
715 3619 945 3677 Constat
1018 3618 1204 3692 itaque
1274 3619 1615 3693 temporibus
1680 3620 2055 3693 apostolorum

460 3706 699 3775 Judaaos,
728 3715 1016 3779 propterea
1043 3706 1189 3778 quod
1214 3706 1317 3763 sub
1348 3724 1514 3780 regno
1544 3710 1791 3765 Romano
1814 3693 2053 3781 agerent,

462 3796 650 3853 Rome
704 3793 1025 3853 habitasse:
1081 3811 1151 3852 ex
1193 3795 1397 3869 quibus
1439 3795 1499 3851 hi
1543 3798 1639 3871 qui
1687 3796 2056 3866 crediderant,

463 3884 812 3943 tradiderunt
845 3883 1107 3942 Romanis
1153 3891 1217 3941 ut
1268 3883 1552 3942 Christum
1603 3886 1941 3959 proﬁtentes,
1984 3887 2056 3942 le-

464 3991 583 4049 gem
613 3981 896 4032 servarent
927 3990 939 4028 :
972 3974 1205 4031 Romani
1236 3983 1440 4044 autem,
1475 3975 1663 4032 audita
1693 3976 1839 4033 fama
1868 3977 2058 4033 virtu-

463 4073 583 4122 tum
642 4063 874 4133 Christi,
930 4063 1120 4120 faciles
1172 4063 1241 4121 ad
1298 4064 1634 4123 credendum
1691 4065 1918 4122 fuerunt
1950 4066 2055 4138 (2),

464 4160 654 4227 utpote
717 4152 1016 4226 prudentes
1059 4169 1071 4209 :
1119 4169 1220 4211 nec
1264 4153 1544 4211 immerito
1592 4153 1907 4227 prudentes,
1961 4155 2055 4228 qui

463 4244 607 4300 male
637 4241 853 4300 inducti
879 4242 1064 4300 statim
1097 4244 1329 4302 correcti
1359 4251 1513 4314 sunt,
1543 4252 1598 4301 et
1639 4252 2058 4317 permanserunt

464 4338 525 4396 in
553 4355 637 4397 eo.

2164 3254 2569 3323 subverterant,
2596 3264 2717 3312 uta
2758 3255 3056 3314 traditione
3107 3256 3480 3331 apostolorum
3529 3259 3767 3317 recede-

2166 3351 2293 3400 rent
2322 3343 2406 3415 (3)
2444 3360 2455 3397 :
2502 3344 2704 3417 quibus
2752 3345 2876 3402 ideo
2934 3346 3193 3403 irascitur
3255 3347 3576 3419 Apostolus,
3628 3347 3764 3421 quia

2166 3431 2315 3489 docti
2346 3433 2507 3503 bene,
2540 3434 2700 3491 facile
2729 3434 3036 3491 transducti
3068 3434 3303 3491 fuerant.
3344 3435 3605 3492 Romanis
3653 3452 3766 3492 au-

2165 3530 2276 3579 tem
2311 3521 2472 3580 irasci
2504 3539 2616 3579 non
2650 3523 2861 3592 debuit,
2900 3523 2995 3579 sed
3033 3531 3087 3579 et
3134 3523 3357 3580 laudare
3408 3524 3573 3581 fidem
3623 3524 3768 3580 illo-

2165 3627 2289 3667 rum
2320 3628 2333 3666 :
2370 3612 2519 3684 quia,
2572 3612 2727 3669 nulla
2781 3613 3020 3685 insignia
3065 3612 3335 3670 virtutum
3367 3612 3639 3682 videntes,
3665 3628 3770 3672 nec

2166 3700 2403 3773 aliquem
2436 3701 2832 3773 apostolorum,
2858 3709 3209 3773 susceperant
3223 3700 3388 3758 ﬁdem
3421 3701 3628 3759 Christi
3654 3702 3770 3760 ritu

2166 3788 2296 3845 licet
2324 3788 2571 3857 Iudaico,
2602 3789 2658 3844 in
2690 3788 2873 3845 verbis
2903 3790 3085 3863 potius
3113 3807 3275 3864 quam
3306 3792 3365 3846 in
3395 3807 3597 3861 sensu;
3653 3809 3771 3850 non

2166 3879 2315 3935 enim
2363 3878 2677 3950 expositum
2727 3878 2842 3934 illis
2881 3879 3061 3936 fuerat
3101 3879 3427 3952 mysterium
3461 3880 3544 3952 (4)
3586 3881 3774 3939 crucis

2166 3968 2394 4027 Christi.
2452 3970 2743 4042 Propterea
2794 3968 3124 4043 quibusdam
3176 3958 3626 4040 advenientibus,
3673 3972 3773 4045 qui

2166 4066 2311 4114 recte
2342 4058 2690 4115 crediderant
2714 4060 2819 4132 (5),
2835 4059 2902 4115 de
2923 4059 3135 4116 edenda
3155 4075 3317 4115 carne
3343 4068 3396 4115 et
3426 4076 3537 4116 non
3558 4061 3774 4119 edenda

2167 4148 2498 4223 quaestiones
2516 4148 2738 4216 fiebant;
2765 4156 2818 4205 et
2838 4159 3156 4208 utrumnam
3178 4165 3300 4222 spes
3322 4166 3442 4224 quae
3463 4150 3521 4207 in
3545 4151 3769 4211 Christo

2166 4250 2268 4310 est,
2302 4241 2597 4309 sufﬁceret,
2628 4248 2723 4297 aut
2752 4249 2805 4297 et
2836 4242 2925 4297 lex
2954 4239 3226 4298 servanda
3254 4250 3415 4299 esset.

2238 4334 2485 4403 Quatuor
2532 4334 2702 4406 igitur
2748 4334 2926 4392 modis
2972 4334 3169 4392 scribit
3202 4336 3486 4407 Romanis,
3533 4355 3770 4412 arguens

535 4429 603 4485 Hi
636 4445 766 4502 ergo
793 4444 864 4485 ex
892 4428 1117 4497 Judaeis,
1157 4435 1220 4484 ut
1267 4427 1430 4485 datur
1475 4429 1733 4504 intelligi,
1775 4430 2057 4488 credentes
2085 4438 2133 4502 Β
2168 4424 2235 4482 ab
2266 4426 2430 4482 initio
2458 4441 2629 4497 genus
2659 4425 2948 4482 hominum
2981 4426 3211 4499 physica
3242 4428 3491 4496 ratione;
3531 4429 3589 4485 hi
3619 4431 3770 4488 enim

463 4520 706 4590 Christo,
749 4537 861 4577 non
912 4520 1253 4593 accipiebant
1302 4522 1478 4579 Deum
1526 4537 1642 4578 esse
1670 4522 1737 4579 de
1766 4525 1901 4592 Deo,
1943 4540 2058 4595 pu-

460 4620 642 4673 tantes
670 4613 769 4671 uni
796 4613 912 4671 Deo
938 4611 1267 4683 adversum;
1310 4616 1664 4687 quamobrem
1720 4622 1881 4689 negat
1932 4616 2058 4672 illos

537 4766 620 4838 (1)
650 4766 809 4824 Rom.
842 4765 1000 4841 edit.,
1032 4765 1253 4841 facilius
1278 4772 1539 4841 poterunt
1566 4767 1776 4823 demum
1811 4768 2055 4841 intelligi,

465 4853 583 4910 cum
609 4854 793 4910 earum
826 4838 1060 4910 origines
1110 4839 1388 4910 discantur
1424 4857 1437 4894 :
1472 4839 1594 4894 alias
1649 4856 1781 4896 vero
1835 4848 1890 4896 et
1927 4838 2057 4897 mss.

465 4907 600 4984 satis
623 4907 765 4984 inter
794 4925 851 4964 se
875 4907 1272 4984 consentiunt;
1323 4909 1433 4984 nisi
1472 4910 1621 4984 quod
1664 4912 1839 4979 Flor.,
1871 4912 2057 4984 AVind.

466 4986 523 5034 et
552 4976 727 5055 Ccrb_._
741 4994 885 5034 unus
912 4979 971 5035 in
1000 4976 1532 5055 verborumordiné,
1558 4992 1612 5039 et
1639 4999 1779 5055 saepe
1808 4976 1971 5055 etiam
2003 4984 2062 5055 in

468 5048 759 5135 sententiis
788 5064 819 5135 a
858 5051 1075 5135 caeteris
1098 5052 1220 5133 cod:
1253 5048 1582 5135 discrepant,
1616 5048 1753 5127 quos
1781 5054 1963 5135 tamen
1993 5054 2063 5110 ob

469 5119 755 5200 scripturae
784 5118 1169 5193 antiquitatem
1200 5122 1260 5178 in
1304 5122 1411 5181 hoc
1433 5118 1685 5199 'prolog‘o
1713 5125 2063 5199 potissimum

470 5196 645 5247 secuti
675 5205 887 5246 sumus.

545 5261 628 5340 (2)
658 5260 811 5340 Edit.
843 5260 977 5340 Gill.
1004 5262 1064 5340 i_n
1089 5278 1264 5340 marg.
1297 5269 1352 5319 et
1400 5264 1562 5340 Rom.
1620 5266 1679 5321 in
1721 5281 1897 5340 corp.,
1937 5266 2067 5338 fue-

469 5338 644 5389 runt:
677 5333 767 5388 sed
816 5334 956 5407 male
1010 5333 1236 5403 inducti,
1284 5335 1464 5390 statim
1516 5353 1568 5391 se
1618 5333 1982 5407 correxe'iun't,
2021 5345 2069 5394 et

470 5410 782 5478 manserunt
828 5405 887 5459 in
918 5412 1212 5478 eo,gv:tpote
1243 5407 1546 5478 prudentes.
1597 5411 1671 5463 At
1715 5408 1875 5467 Rom.
1931 5405 2064 5466 edit.

471 5474 584 5532 duo
611 5482 887 5535 postrema
914 5474 1281 5534 incisa—etiam
1320 5477 1568 5535 invertit.

545 5546 631 5631 (β)
661 5546 910 5631 Edit._a_c
934 5563 1065 5631 mss:
1099 5563 1212 5605 non
1230 5549 1423 5631 pauci,
1442 5549 1742 5631 _Isti__igitur
1777 5569 1843 5631 ea:
1868 5553 2070 5609 Iudicis

471 5617 755 5695 credentes,
772 5624 842 5695 _et
865 5619 1101 5695 improbe
1128 5617 1485 5695 sentientesde
1516 5617 1749 5695 Christo,
1781 5625 1935 5695 legem
1962 5641 2067 5679 ser-

472 5687 702 5748 vandam
738 5687 1011 5762 dicebant,
1049 5692 1207 5764 quasi
1250 5709 1358 5749 non
1414 5698 1544 5750 esset
1592 5693 1651 5749 in
1683 5687 1893 5755 Christo
1921 5696 2068 5753 salus

2165 4526 2327 4590 caput
2373 4524 2503 4573 sunt
2567 4516 2818 4573 Omnium
2874 4520 3142 4591 gentium,
3188 4528 3251 4577 ut
3305 4521 3363 4577 in
3421 4522 3507 4578 his
3557 4522 3775 4581 discant

2165 4608 2349 4667 caeteri
2379 4606 2735 4680 universique
2766 4610 2996 4682 gentiles
3029 4610 3133 4682 (6).
3168 4610 3388 4667 Primus
3414 4611 3633 4668 .modus
3663 4620 3772 4683 est,

2161 4772 2340 4843 piem.
2358 4771 2479 4827 Ideo
2508 4778 2661 4841 negat
2690 4773 2812 4827 illos
2840 4770 3173 4842 spiritualem
3192 4771 3423 4842 gratiam
3444 4781 3768 4835 consecutos.

2168 4844 2239 4898 Hi
2268 4849 2389 4896 sunt
2413 4845 2506 4913 qui
2534 4851 2582 4897 et
2613 4844 2834 4898 Galatas
2862 4843 3248 4909 subverterant,
3291 4849 3351 4897 ut
3394 4861 3427 4900 a
3489 4845 3775 4905 traditione

2169 4915 2413 4984 Apostoli
2441 4914 2730 4967 recedentes
2750 4913 3120 4981 judaizarent.

2247 4984 2327 5054 (4)
2362 4984 2535 5058 Iidem
2566 4993 2780 5058 mss.‘et_
2810 4984 2966 5048 edit.,
2999 4986 3225 5058 videntes
3281 4986 3532 5058 insignia,
3587 5006 3775 5045 susce-

2168 5062 2363 5130 perant
2390 5056 2545 5130 ﬁdem
2580 5054 2799 5130 Christi,
2832 5057 3072 5130 quamvis
3126 5054 3403 5130 corrupto'
3430 5054 3615 5126 sensu;
3668 5077 3777 5117 non

2175 5126 2311 5207 enim
2341 5127 2654 5207 audierant;
2702 5127 2858 5183 Rom.
2897 5127 3057 5197 edit.,
3096 5129 3254 5200 plane
3281 5126 3577 5187 audierant
3624 5148 3778 5204 mys-

2177 5205 2386 5265 terium,
2418 5205 2521 5253 etc.

2250 5268 2331 5339 (5)
2365 5268 2533 5325 Citati
2564 5286 2694 5326 mss.
2728 5276 2783 5326 et
2811 5270 2968 5339 edit.,
3016 5272 3079 5327 de
3124 5273 3311 5331 Judaa
3359 5282 3421 5331 ut
3460 5274 3637 5329 urbem
3672 5276 3775 5332 Ro-

2340 5342 2773 5434 advenientibus,
2791 5343 2924 5397 sicut
2956 5344 3283 5434 et‘Prisci‘lyta
3324 5352 3378 5434 et
3428 5346 3653 5434 riguila,
3685 5347 3780 5434 qui

2177 5418 2310 5483 recte
2338 5414 2635 5478 sentirent;
2664 5411 2797 5469 edit.
2830 5430 2955 5469 cum
2988 5414 3161 5483 Flor.,
3195 5416 3363 5473 Vind.
3398 5423 3452 5473 et
3481 5411 3647 5474 Colh.’
3672 5411 3777 5474 soli

2178 5482 2445 5540 exhibent
2473 5484 2777 5557 sequentia,
2808 5491 2856 5538 et
2884 5491 3193 5542 utrumnam
3218 5504 3446 5560 spes.....
3480 5493 3529 5543 et
3555 5489 3641 5544 lea:
3667 5506 3776 5545 ser-

2178 5555 2356 5611 vanda
2377 5562 2523 5610 esset.

2177 5562 2356 5611 vanda
2377 5562 2523 5610 esset.

2251 5626 2332 5697 (6)
2362 5626 2514 5703 Edit.
2564 5627 2776 5703 Rom.,__
2795 5628 2851 5683 hi
2875 5629 3014 5684 enim
3042 5636 3201 5703 caput
3230 5636 3356 5686 sunt
3384 5632 3619 5688 omnium
3646 5648 3781 5703 gen-

2178 5696 2329 5789 tium,
2360 5704 2419 5753 ut
2471 5698 2533 5755 in
2584 5699 2667 5757 his
2719 5699 2924 5757 discant
2982 5696 3175 5773 elateri,
3230 5719 3459 5777 arguens
3510 5704 3577 5761 ab
3620 5696 3778 5760 initio
