3980 6346
220 492 287 551 49
1314 487 1682 546 COMMENT.
1730 489 1803 546 IN
1839 489 2057 547 EPIST.
2100 490 2195 546 AD
2234 490 2403 548 ROM.
3435 487 3510 550 50

221 632 324 690 quo
368 628 424 669 se
470 611 711 670 ostendit
748 609 882 686 quid
911 610 1003 681 sit,
1050 619 1104 668 et
1153 610 1286 686 quid
1322 611 1509 681 fuerit,
1558 621 1611 669 et
1647 612 1809 685 cujus
1835 614 1888 676 A
1986 614 2217 671 Servum
2265 623 2447 672 autem
2495 612 2703 673 Christi
2732 614 2860 671 Iesu
2905 629 2962 671 se
3001 614 3286 688 proﬁtens,
3316 634 3349 674 a
3391 617 3509 691 lege

218 706 308 775 sit,
338 720 446 780 quo
498 711 552 761 et
607 704 839 762 haereses
874 702 1132 775 percutit.
1163 702 1448 760 Secundus
1474 704 1673 764 modus
1698 714 1800 776 est,

217 813 323 871 quo
348 795 530 867 arguit
570 794 718 869 quod
748 801 956 851 naturae
1011 792 1224 850 ratione
1256 809 1368 850 non
1387 811 1443 851 se
1472 793 1806 867 subjecerint

216 886 312 943 uni
350 887 487 954 Deo,
518 893 572 942 et
598 900 717 958 quae
766 883 1061 941 inhonesta
1106 892 1161 941 et
1212 884 1395 958 turpia
1422 887 1634 959 egerint
1661 887 1804 943 invi-

217 992 355 1042 cem,
382 973 625 1047 despecti
663 972 733 1031 ob
761 974 867 1032 hoc
893 991 924 1030 a
955 976 1091 1044 Deo,
1120 983 1183 1032 ut
1209 978 1556 1048 gratulentur
1582 978 1805 1036 creden-

219 1074 313 1122 tes.
351 1065 570 1121 Tertius
598 1064 795 1121 modus
824 1072 928 1133 est,
958 1065 1106 1138 quod
1136 1065 1311 1138 legem
1340 1078 1669 1141 spreverunt
1695 1069 1804 1125 da-

216 1163 349 1223 tam,
394 1152 542 1210 unde
589 1153 875 1225 anteponit
903 1153 1107 1210 Graecis
1142 1154 1378 1213 Iudaeos.
1411 1157 1647 1226 Quartus
1673 1174 1805 1214 mo-

214 1243 317 1300 dus
364 1250 467 1311 est,
536 1258 645 1316 quo
700 1240 860 1298 docet
910 1242 1128 1300 Iudaeos
1182 1244 1518 1303 exorbitasse
1547 1263 1579 1302 a
1606 1247 1722 1319 lege
1750 1254 1805 1305 et

213 1331 577 1407 promissione
631 1332 732 1388 Dei
787 1332 846 1389 in
902 1349 1066 1390 causa
1115 1332 1320 1392 Christi
1361 1338 1465 1409 (7),
1525 1336 1804 1412 {actosque

212 1421 423 1478 similes
478 1420 823 1493 gentilibus;
874 1431 935 1479 ut
991 1423 1212 1497 utrique
1269 1426 1548 1500 indigeant
1580 1429 1804 1485 miseri-

208 1510 396 1569 cordia
437 1510 561 1579 Dei,
620 1527 732 1567 non
777 1528 873 1585 per
904 1512 1098 1586 Legem
1129 1514 1359 1572 salutem
1390 1517 1678 1589 sperando,
1709 1516 1804 1575 sed

209 1618 305 1675 per
327 1599 497 1656 ﬁdem
527 1599 733 1657 Christi
769 1602 916 1657 Iesu.

277 1691 426 1748 Hinc
453 1701 536 1749 est
565 1693 710 1749 unde
736 1694 888 1750 omni
927 1695 1202 1753 industria
1231 1696 1287 1753 id
1316 1697 1447 1770 agit,
1496 1705 1559 1754 ut
1606 1715 1638 1755 a
1687 1700 1804 1773 lege

206 1797 298 1839 eos
334 1781 496 1837 tollat
526 1799 540 1849 ;
600 1782 730 1856 quia
786 1784 879 1839 lex
934 1790 989 1840 et
1017 1784 1294 1857 prophetae
1326 1802 1498 1859 usque
1534 1788 1601 1844 ad
1630 1788 1804 1845 Ioan—

204 1886 330 1927 nem
368 1871 525 1947 (Luc.
560 1888 678 1939 xvr,
705 1872 829 1943 16):
863 1872 988 1929 etin
1016 1874 1131 1929 sola
1159 1874 1285 1931 illos
1315 1875 1422 1931 ﬁde
1449 1876 1651 1934 Christi
1677 1894 1802 1935 con-

1918 719 1976 761 se
2022 710 2252 760 exutum
2308 702 2568 761 ostendit.
2606 704 2680 761 Et
2725 702 2850 760 ideo
2881 711 3178 777 utrumque
3214 706 3418 778 posuit,
3447 705 3507 764 id

1917 802 2019 863 est,
2046 795 2173 851 Iesu
2216 794 2462 854 Christi:
2504 803 2566 851 ut
2619 802 2673 851 et
2708 796 2809 853 Dei
2847 803 2902 852 et
2931 794 3175 853 hominis
3219 811 3506 869 personam

1917 885 2193 958 signaret:
2245 887 2376 959 quia
2417 888 2475 943 in
2520 894 2755 961 utroque
2798 894 2879 943 est
2933 886 3225 955 Dominus,
3264 886 3409 944 sicut
3452 893 3509 944 et

1916 976 2109 1032 Petrus
2139 976 2417 1048 apostolus
2445 984 2675 1033 testatur
2703 976 2928 1034 dicens:
2980 999 2999 1025 ι
3037 976 3141 1033 Hic
3168 984 3272 1046 est,
3303 976 3505 1050 inquit,

1916 1065 2166 1121 omnium
2215 1065 2484 1122 Dominus
2548 1066 2690 1139 (Act.
2740 1083 2799 1134 ι,
2858 1065 2974 1138 36).
3025 1091 3045 1115 ι
3086 1066 3228 1133 Quia
3280 1081 3409 1139 ergo
3452 1072 3509 1123 et

1915 1153 2205 1223 Dominus,
2262 1161 2318 1210 et
2375 1156 2522 1211 Deus
2573 1164 2677 1223 est,
2731 1154 2949 1213 dicente
3014 1153 3230 1212 David:
3293 1176 3313 1203 ι
3362 1154 3509 1222 Quia

1915 1242 2185 1300 Dominus
2238 1243 2354 1317 ipse
2408 1251 2490 1300 est
2545 1245 2693 1301 Deus
2750 1244 2925 1313 (Psal.
2956 1259 3112 1312 xcrx,
3142 1242 3226 1316 3).
3283 1266 3303 1294 ι
3345 1242 3507 1311 Quod

1915 1334 2148 1391 haereses
2194 1342 2412 1408 negant.
2452 1336 2719 1393 Marciani
2746 1335 2895 1392 enim
2944 1335 3166 1393 videtur
3191 1335 3320 1393 odio
3344 1335 3505 1409 Legis

1917 1422 2197 1480 Christum
2245 1430 2300 1480 et
2343 1440 2544 1497 corpus
2571 1424 2691 1497 ejus
2728 1440 2945 1498 negare,
2997 1425 3179 1483 Iesum
3211 1424 3458 1499 proﬁteri
3487 1442 3502 1483 :

1915 1514 2119 1570 Iudaeis
2184 1523 2367 1571 autem
2421 1525 2474 1572 et
2522 1515 2762 1573 Photino
2810 1522 3032 1588 propter
3085 1517 3262 1572 zelum
3325 1515 3504 1588 Legis,

1914 1604 2098 1660 Iesum
2119 1620 2311 1677 negare
2331 1604 2476 1677 quod
2491 1607 2638 1662 Deus
2654 1605 2743 1662 sit.
2768 1605 2903 1661 Nam
2928 1604 3362 1680 quotiescunque
3383 1603 3502 1677 (14)

1914 1702 2010 1749 aut
2054 1693 2237 1750 Iesum
2282 1693 2420 1751 dicit
2470 1702 2565 1750 aut
2603 1694 2923 1762 Christum;
2971 1693 3269 1768 aliquando
3304 1696 3504 1765 Deum,

1914 1782 2212 1855 aliquando
2240 1782 2521 1839 hominem
2561 1783 2857 1856 signiﬁcat,
2905 1783 3049 1840 sicut
3076 1782 3183 1840 hoc
3209 1783 3331 1840 loco
3359 1782 3508 1839 inter

1915 1885 2144 1933 cetera:
2190 1897 2219 1927 ‹‹
2249 1877 2321 1932 Et
2375 1891 2540 1943 unus,
2604 1875 2804 1948 inquit,
2863 1874 3133 1932 Dominus
3186 1876 3361 1943 Iesus,
3408 1890 3507 1948 per

202 1960 423 2028 stituat,
465 1968 520 2017 et
546 1960 699 2032 quasi
737 1968 930 2017 contra
956 1963 1150 2034 legem,
1200 1964 1564 2037 Evangelium
1601 1967 1797 2024 vindi-
1825 1967 1871 2028 B
1906 1981 2067 2039 quem
2116 1963 2303 2019 omnia
2332 1965 2389 2035 (Ι
2420 1964 2547 2020 Cor.
2582 1981 2706 2034 vm,
2738 1964 2819 2035 6),
2850 1988 2871 2012 ι
2912 1963 3059 2036 quod
3090 1965 3281 2037 utique
3307 1963 3377 2020 ad
3404 1962 3507 2021 Dei

200 2057 304 2124 cat.
340 2050 455 2121 (8),
503 2067 615 2107 non
662 2051 948 2108 destruens
978 2054 1173 2125 legem,
1204 2055 1297 2111 sed
1327 2056 1618 2127 praeferens
1646 2057 1806 2114 chri-

199 2139 582 2196 stianismum.
615 2140 824 2197 Asserit
853 2141 998 2198 enim
1031 2143 1112 2198 sic
1138 2143 1416 2200 Christum
1449 2145 1801 2217 promissum,

198 2236 260 2285 ut
317 2230 625 2301 praedicata
672 2246 736 2286 eo
767 2238 1002 2287 cessaret
1040 2231 1131 2288 lex
1162 2232 1244 2304 (9)
1298 2250 1310 2288 :
1371 2250 1480 2289 non
1510 2242 1642 2303 tota,
1676 2237 1806 2309 quia

196 2317 553 2376 abbreviatio
609 2320 749 2376 facta
785 2320 921 2393 legis
949 2330 1050 2390 est,
1099 2338 1219 2395 quae
1272 2324 1601 2396 compendio
1651 2326 1805 2383 daret

193 2408 483 2476 salutem;
546 2410 720 2466 multa
764 2409 912 2466 enim
954 2416 1048 2475 26
1086 2412 1366 2469 veteribus
1415 2414 1618 2471 tradita
1676 2426 1805 2474 sunt

194 2516 432 2580 propter
486 2505 747 2563 duritiam
803 2510 986 2567 cordis
1032 2509 1279 2579 illorum,
1317 2520 1378 2568 ut
1430 2512 1584 2568 oneri
1640 2518 1800 2582 esset,

194 2610 320 2668 quae
352 2596 743 2655 misericordia
771 2600 871 2655 Dei
897 2598 1256 2666 abbreviarit,
1268 2617 1363 2672 per
1380 2601 1658 2659 Christum
1679 2601 1806 2659 data

191 2686 615 2760 praeteritorum
651 2688 993 2746 remissione.
1038 2691 1286 2762 Ingratus
1314 2698 1396 2747 est
1423 2706 1551 2763 ergo
1581 2692 1805 2748 miseri-

190 2775 406 2833 cordiae
450 2776 573 2846 Dei,
606 2777 701 2851 qui
732 2780 853 2835 vult
900 2793 1015 2835 esse
1071 2778 1172 2834 sub
1220 2780 1373 2851 lege;
1416 2795 1543 2835 nam
1591 2780 1808 2837 dixerat

187 2864 424 2939 Moyses
484 2884 497 2922 :
557 2866 648 2924 Sic
701 2867 959 2923 timentes
1012 2868 1225 2924 facietis
1290 2867 1436 2924 ﬁlios
1489 2869 1652 2924 Israel
1686 2870 1803 2940 (10)

193 2955 396 3028 (Leuit.
444 2973 548 3025 xv,
573 2955 689 3029 31),
730 2965 793 3013 ut
824 2973 1165 3030 quacumque
1209 2972 1267 3012 se
1304 2964 1599 3027 verterent,
1633 2958 1805 3030 legem

188 3047 499 3116 haberent,
550 3056 612 3104 ut
652 3048 772 3104 sine
796 3048 1170 3105 sollicitudine
1199 3049 1428 3105 omnino
1457 3066 1569 3105 non
1603 3058 1801 3107 essent.

188 3137 374 3211 Igitur
411 3145 479 3193 ut
510 3137 568 3193 in
600 3136 820 3195 Christo
872 3136 991 3192 sine
1021 3137 1135 3209 lege
1165 3153 1315 3208 spem
1346 3137 1473 3194 vitae
1503 3139 1806 3212 salutisque

187 3226 519 3313 popendam
552 3226 751 3295 tradat,
784 3234 838 3283 et
863 3225 1157 3283 Dominum
1191 3228 1371 3299 ipsum
1403 3242 1518 3301 esse
1549 3227 1800 3284 omnium

188 3315 418 3386 doceat,
453 3315 538 3373 sic
558 3314 758 3388 incipit
787 3332 799 3371 :

731 3404 960 3463 CAPUT
998 3405 1290 3462 PRIMUM.

263 3495 468 3569 (Vere.
502 3494 583 3567 1.)
629 3518 648 3543 ι
693 3494 896 3551 Paulus
928 3510 1118 3551 servus
1143 3493 1351 3551 Christi
1379 3493 1532 3550 Iesu.
1583 3519 1603 3544 ι
1645 3494 1806 3566 Apud

185 3593 418 3643 veteres
432 3592 659 3641 nostros
678 3583 890 3640 ratione
909 3584 1137 3640 nomina
1160 3583 1635 3656 componebantur
1664 3585 1805 3656 (11),

186 3678 252 3728 ut
275 3673 441 3730 Isaac
475 3679 702 3746 propter
732 3672 926 3742 risum,
958 3682 1012 3730 et
1035 3672 1201 3729 Iacob
1218 3680 1439 3745 propter
1455 3674 1767 3729 calcaneum
1790 3691 1804 3740 ;

186 3758 268 3817 ita
296 3768 357 3817 et
384 3761 497 3818 iste
525 3768 749 3833 propter
778 3760 1217 3835 inquietudinem
1247 3761 1443 3818 Saulus
1473 3770 1555 3819 est
1583 3778 1809 3818 nuncu—

184 3859 395 3924 patus:
449 3862 743 3926 postquam
772 3862 953 3909 autem
978 3851 1234 3921 credidit,
1264 3868 1334 3907 ex
1372 3852 1537 3909 Saulo
1576 3852 1805 3908 Paulum

184 3959 243 4001 se
274 3943 454 4013 dicit,
489 3943 597 4000 hoc
620 3952 721 4011 est,
755 3942 1107 3999 immutatum
1141 3941 1285 4014 (12).
1349 3942 1421 3997 Et
1450 3940 1580 4014 quia
1610 3941 1807 3997 Saulus

182 4031 519 4089 secundum
572 4030 944 4104 supradictum
1012 4047 1254 4097 sensum,
1330 4028 1661 4103 inquietudo
1710 4045 1804 4087 seu

182 4120 437 4179 tentatio
472 4121 889 4194 intrepretatur,
929 4120 1022 4178 hic
1049 4136 1173 4177 cum
1197 4118 1267 4176 ad
1295 4118 1459 4175 ﬁdem
1489 4117 1695 4176 Christi
1723 4134 1804 4175 ac-

182 4211 378 4278 cessit,
433 4210 678 4266 Paulum
730 4226 786 4265 se
810 4209 969 4277 dicit,
1027 4208 1084 4265 id
1125 4217 1227 4278 est,
1260 4208 1416 4282 quasi
1439 4225 1508 4264 ex
1538 4216 1806 4265 tentatore

182 4299 407 4356 factum
441 4299 719 4372 quietum,
751 4298 1151 4372 humilemque,
1191 4298 1278 4353 vel
1310 4298 1602 4369 parvulum
1629 4315 1642 4365 ;
1679 4298 1809 4370 quia

182 4407 295 4464 pax
323 4397 418 4446 est
450 4387 596 4445 ﬁdes
621 4396 826 4444 nostra.
860 4386 997 4444 Cum
1026 4384 1178 4460 prius
1205 4385 1353 4443 enim
1383 4386 1714 4442 tentationes
1738 4401 1808 4441 ex

183 4478 603 4553 inquietudine
632 4476 896 4534 Iudaismi
917 4476 1035 4549 (13)
1068 4475 1168 4532 Dei
1196 4476 1369 4557 sergia
1403 4474 1648 4544 inferret,
1686 4482 1809 4548 post

183 4568 304 4640 ipse
334 4567 691 4625 tentationes
719 4582 907 4639 passus
932 4572 1014 4621 est
1041 4572 1263 4637 propter
1292 4579 1465 4636 spem,
1499 4579 1664 4637 quam
1680 4571 1807 4621 ante

181 4672 383 4714 amore
424 4655 705 4713 Iudaismi
734 4662 972 4728 negarat.

282 4773 352 4812 us
410 4756 697 4812 hominum
732 4753 935 4833 partim
984 4751 1204 4833 physifa
1223 4751 1457 4833 ratione,
1487 4751 1684 4833 partim
1712 4768 1810 4833 per:

282 4774 352 4812 ηε
410 4774 697 4812 nommum
732 4774 935 4834 partth
984 4774 1204 4824 paysura
1223 4774 1457 4833 ratione,
1487 4774 1684 4833 parum
1712 4774 1809 4823 per

180 4774 351 4898 mm
388 4845 401 4883 :
457 4843 595 4882 mss.
645 4842 775 4882 vero
806 4823 1363 4898 nobiscumufacmnt,
1394 4839 1501 4898 nisi
1533 4822 1681 4895 quod
1709 4823 1809 4880 alii

182 4894 446 4956 retinent
469 4898 681 4970 pqrtim
696 4914 794 4969 per
817 4897 1024 4970 _L_egem,
1064 4894 1159 4949 alii
1189 4894 1636 4970 praetermittunt.

258 4971 348 5044 (7)
386 4965 489 5044 Ιιεξ
514 4968 676 5025 Carn.
696 4965 764 5024 ‘et
782 4967 877 5044 alii
901 4965 1143 5044 quatuor
1166 4981 1335 5044 ms§._;
1364 4965 1569 5044 reliqui
1597 4981 1729 5022 vero
1756 4972 1810 5022 et

184 5036 353 5110 edit.,
387 5060 429 5099 α
465 5043 577 5112 lege
607 5047 655 5096 et
673 5036 944 5112 prophetis
968 5037 1025 5091 in
1044 5053 1211 5112 eausa
1244 5036 1462 5112 Christi.

283 5106 349 5185 8)
387 5106 543 5170 (Ξοᾶῖ
572 5106 721 5185 Ρηῑ.
735 5106 802 5185 Δεἰ
822 5110 1003 5185 Ge_m.,
1034 5108 1383 5185 Evangelium
1409 5106 1599 5185 vincat.

283 5114 349 5185 8)
387 5114 543 5170 Cod.
572 5114 716 5167 Prat.
748 5118 802 5166 et
822 5114 1003 5174 Gem.,
1034 5114 1379 5177 Evangelium
1409 5114 1599 5163 vincat.

258 5114 613 5257 {9),Omnes
659 5181 818 5250 edit.,
875 5179 1176 5257 Ostendit...
1228 5184 1285 5232 ut
1319 5178 1416 5233 illo
1460 5178 1809 5243 adveniente;

187 5252 507 5312 mss.'vero
540 5255 742 5327 plures,
780 5261 841 5309 ut
872 5252 928 5327 in
957 5259 1133 5327 textu.

261 5328 389 5399 (10)
427 5320 607 5384 Corb.
636 5326 833 5399 codex,
863 5322 1067 5399 facietis
1086 5320 1189 5392 filii
1209 5321 1398 5399 Israel.

262 5390 391 5470 (11)
429 5400 603 5470 Rom.
652 5390 1112 5470 edit.,roccasione
1144 5392 1357 5470 nemina
1388 5390 1804 5470 imponebantur.

262 5403 359 5470 (11
429 5403 603 5455 Rom.
652 5403 809 5463 edit.,
839 5403 1104 5449 occasione
1144 5408 1357 5445 nomina
1388 5403 1804 5461 imponeoantur.

261 5403 391 5541 (I2;
425 5467 647 5525 Eadem
678 5467 838 5533 edit.,
870 5465 1150 5541 ex__Saulo_
1170 5464 1402 5518 Paulum
1428 5467 1807 5541 nuncupatum,

184 5532 282 5597 hoc
330 5532 415 5597 est
464 5541 850 5601 immutatum;
901 5538 1021 5592 alim
1066 5534 1198 5591 edit.
1249 5550 1311 5589 ac
1360 5550 1485 5588 mss.
1520 5532 1806 5587 nobiscum

184 5612 441 5680 faciunt,
479 5611 595 5666 nisi
626 5610 777 5682 quod
813 5625 911 5681 pro
940 5608 1293 5682 immutatum,
1334 5603 1455 5660 cod.
1486 5603 1653 5659 Mich.
1678 5602 1808 5675 legit

184 5686 557 5741 imminutum
583 5699 596 5749 ;
621 5680 732 5737 non
765 5680 1134 5737 incommode.

261 5758 392 5827 (13)
440 5748 772 5827 Edit._Gill.
822 5751 878 5806 in
908 5757 1159 5827 merget
1197 5749 1355 5827 Rom.
1388 5748 1652 5827 in_textu,
1681 5763 1807 5827 cum

189 5817 323 5887 mss.
363 5817 742 5906 quibusdam,
772 5840 837 5879 ea:
873 5817 1204 5879 wmutbtione
1252 5820 1375 5893 legis
1394 5837 1415 5886 ;
1458 5820 1550 5875 hoc
1576 5825 1669 5887 est,
1716 5817 1808 5872 in-

1912 2055 2119 2112 Filium
2148 2054 2406 2127 pertinet,
2428 2051 2591 2124 juxta
2625 2051 2772 2125 quod
2801 2053 2949 2109 Deus
2973 2058 3075 2108 est.
3102 2052 3174 2107 Et
3201 2050 3312 2108 alio
3340 2052 3502 2110 loco:

1926 2169 1944 2192 ι
1974 2146 2130 2202 Iesus
2158 2152 2363 2213 autem,
2395 2142 2599 2215 inquit,
2630 2140 2953 2214 proﬁciebat
2970 2146 3129 2197 aetate
3154 2148 3209 2197 et
3235 2140 3506 2214 sapientia

1915 2239 2067 2310 (Luc.
2099 2254 2161 2306 ιι,
2201 2236 2321 2308 52),
2362 2261 2382 2284 ι
2419 2234 2568 2309 quod
2596 2234 2787 2307 utique
2824 2232 3040 2290 homini
3078 2233 3360 2306 competit.

1996 2349 2016 2373 ι
2054 2327 2297 2384 Vocatus
2329 2324 2624 2398 apostolus.
2666 2347 2684 2371 ι
2729 2323 2958 2395 Propter
3004 2322 3151 2396 quod
3196 2324 3371 2379 Deum
3400 2338 3507 2381 co-

1915 2416 2104 2491 gnovit
2134 2424 2189 2472 et
2218 2415 2443 2485 fatetur,
2473 2414 2649 2471 factus
2689 2412 2922 2471 idoneus
2944 2429 3157 2482 servus,
3193 2420 3507 2486 promotum

1915 2522 1971 2562 se
1993 2504 2234 2563 ostendit
2265 2504 2383 2575 (15)
2413 2502 2604 2559 dicens
2628 2520 2639 2558 :
2687 2526 2707 2551 ε
2735 2502 2978 2559 Vocatus
3005 2503 3307 2575 apostolus,
3339 2523 3359 2550 ι
3402 2501 3509 2558 hoc

1913 2602 2017 2663 est,
2071 2611 2103 2650 a
2159 2592 2398 2650 Domino
2440 2591 2642 2648 missus
2678 2590 2747 2647 ad
2802 2607 2887 2647 res
2932 2588 3050 2663 ejus
3096 2589 3350 2663 agendas.
3406 2590 3510 2646 Per

1914 2683 2063 2757 quod
2125 2682 2368 2741 ostendit
2424 2682 2573 2739 hunc
2632 2682 2889 2738 meritum
2948 2680 3150 2737 habere
3193 2681 3311 2753 (16)
3360 2678 3507 2753 apud

1912 2778 2108 2844 Deum,
2140 2775 2237 2847 qui
2288 2773 2461 2830 servit
2497 2789 2610 2829 non
2641 2773 2768 2843 legi,
2813 2771 2909 2827 sed
2942 2770 3203 2847 Christo;
3235 2769 3507 2826 Dominus

1914 2873 1995 2923 est
2011 2864 2157 2922 enim
2180 2864 2355 2921 Filius
2370 2862 2615 2919 hominis
2635 2862 2797 2917 etiam
2815 2859 3039 2917 Sabbati
3058 2858 3272 2932 (Matth.
3292 2875 3396 2926 xu,
3413 2856 3497 2929 8).

1999 2981 2017 3004 ι
2059 2956 2378 3027 Segregatus
2425 2952 2483 3008 in
2531 2951 2892 3024 Evangelium
2921 2950 3048 3008 Dei.
3078 2975 3098 3000 ι
3136 2951 3504 3025 Evangelium

1913 3045 2013 3103 Dei
2067 3053 2151 3102 est
2202 3045 2409 3100 bonum
2465 3042 2726 3099 nuntium
2765 3043 2887 3113 Dei,
2938 3059 3047 3117 quo
3084 3052 3393 3117 peccatores
3438 3040 3509 3101 ad

1918 3134 2316 3207 indulgentiam
2346 3141 2761 3200 convocantur;
2801 3133 3099 3206 Apostolus
3124 3142 3330 3202 autem,
3361 3149 3512 3207 quo-

1915 3223 2062 3281 niam
2094 3224 2154 3280 in
2185 3222 2469 3280 Iudaismo
2512 3223 2695 3279 locum
2748 3221 2991 3279 doctoris
3019 3220 3275 3291 habebat,
3321 3228 3514 3295 utpote

1840 3324 1881 3382 C
1915 3313 2239 3387 phariseeus,
2289 3312 2413 3369 ideo
2444 3328 2476 3367 a
2502 3310 2771 3368 Iudaismi
2818 3309 3210 3383 praedicatione
3255 3326 3515 3383 segrega-

1914 3410 2032 3458 tum
2064 3418 2121 3458 se
2140 3401 2278 3459 dicit
2307 3401 2365 3456 in
2394 3399 2755 3472 Evangelium
2795 3398 2916 3467 Dei,
2939 3406 3061 3467 ut,a
3088 3398 3205 3470 lege
3238 3398 3514 3455 dissimu-

1918 3493 2056 3562 lans,
2090 3492 2371 3550 Christum
2402 3489 2742 3564 praedicaret,
2763 3487 2859 3562 qui
2888 3486 3035 3561 quod
3064 3487 3156 3544 lex
3173 3503 3285 3545 non
3305 3487 3508 3560 potuit,

1918 3587 2016 3645 27
2045 3581 2328 3638 credentes
2372 3580 2427 3635 in
2474 3595 2532 3635 se
2555 3577 2885 3651 justiﬁcaret
2916 3578 3058 3650 (17).
3091 3575 3197 3635 Sed
3224 3593 3337 3635 non
3365 3593 3511 3636 con-

1919 3686 2006 3735 tra
2033 3680 2227 3752 legem,
2253 3677 2348 3734 sed
2378 3693 2477 3751 pro
2506 3677 2621 3749 lege
2645 3684 2755 3733 est:
2791 3675 2907 3749 ipsa
2934 3675 3082 3733 enim
3110 3674 3218 3733 hoc
3243 3675 3382 3733 dicit
3410 3675 3513 3731 fu-

1917 3776 2129 3838 turum,
2173 3767 2390 3825 dicente
2446 3768 2586 3824 Isaia
2630 3765 2931 3840 propheta:
2979 3789 2999 3813 ι
3026 3765 3227 3823 Veniet
3253 3781 3324 3821 ex
3352 3765 3508 3835 Sion,

1920 3860 2016 3934 qui
2041 3859 2240 3932 eripiat
2268 3865 2323 3914 et
2350 3865 2561 3914 avertat
2588 3856 2964 3930 captivitatem
2990 3855 3059 3912 ab
3087 3854 3289 3923 Iacob;
3319 3863 3375 3912 et
3407 3855 3517 3925 hoc,

1918 3951 2032 4008 illis
2086 3966 2119 4006 a
2173 3965 2261 4005 me
2317 3954 2731 4012 testamentum,
2786 3963 2912 4004 cum
2964 3944 3242 4002 abstulero
3291 3950 3513 4017 peccata

1917 4056 2107 4097 eorum
2140 4040 2274 4111 (Isa.
2306 4054 2422 4105 LIX,
2453 4036 2567 4107 20).
2602 4060 2621 4085 ι

1989 4128 2164 4200 Igitur
2190 4127 2237 4184 si
2281 4127 2371 4183 lex
2398 4125 2494 4182 Dei
2527 4124 2654 4181 data
2683 4131 2765 4180 est
2792 4138 2890 4196 per
2935 4121 3184 4193 Moysen,
3217 4128 3274 4177 et
3302 4118 3513 4192 praedi—
3545 4148 3549 4153 ο

1916 4216 2060 4274 catio
2087 4232 2245 4272 nova
2274 4215 2409 4288 legis
2442 4213 2542 4272 Dei
2578 4220 2696 4280 est;
2745 4211 2881 4285 quid
2911 4218 2992 4267 est
3022 4208 3170 4282 quod
3199 4208 3405 4278 differt,
3450 4215 3514 4265 ut

1918 4322 1951 4363 a
1988 4306 2105 4378 lege
2141 4320 2305 4377 quam
2354 4305 2500 4360 Deus
2549 4300 2722 4369 dedit,
2770 4298 3096 4357 translatum
3148 4313 3205 4354 se
3259 4296 3406 4354 dicat
3450 4296 3512 4352 in

1918 4395 2281 4468 Evangelium
2321 4392 2470 4450 Dei?
2502 4391 2593 4447 Sic
2630 4397 2712 4446 est
2759 4388 2887 4457 hoc,
2932 4386 3211 4460 quomodo
3236 4384 3332 4460 qui
3372 4402 3403 4441 a
3429 4400 3509 4441 se-

1917 4490 2099 4549 cundo
2155 4486 2327 4562 gradu
2385 4483 2617 4562 accedit_
2648 4483 2716 4539 ad
2754 4480 3129 4562 _primum,_et
3168 4495 3201 4535 a
3245 4478 3390 4562 bono
3441 4475 3511 4532 ad

1919 4562 2135 4618 melius.
2155 4550 2300 4615 “Lex
2347 4558 2495 4614 enim
2526 4572 2556 4611 a
2580 4557 2695 4611 Deo
2739 4550 2869 4609 data
2892 4559 2974 4608 est
3000 4550 3069 4607 ad
3111 4550 3509 4607 correctionem

1838 4674 1886 4732 ι)
1916 4651 2260 4724 disciplinae;
2307 4647 2670 4720 Evangelium
2717 4653 2901 4701 autem
2941 4641 3041 4698 Dei
3086 4648 3191 4705 est,
3238 4653 3334 4710 per
3360 4634 3508 4709 quod

1916 4750 2373 4824 quietudine,etc.
2466 4819 2474 4824 _
2613 4815 2628 4824 _
2745 4813 2853 4824 -.η
3110 4823 3113 4824 ν
3177 4823 3180 4824 ν
3251 4823 3262 4824 7
3373 4805 3434 4824 Ν

1991 4822 2107 4895 (14)
2140 4805 2391 4895 Ita:edit.
2445 4815 2668 4895 amerb:
2708 4821 2763 4870 et
2808 4813 2964 4895 Eras.
2998 4823 3125 4865 cum
3156 4823 3287 4895 mss.
3310 4823 3336 4888 .;
3364 4805 3504 4895 βίη.

1917 4878 2102 4949 autem
2126 4899 2180 4948 et
2220 4892 2378 4947 Rom.
2420 4890 2576 4957 edit.,
2608 4885 2747 4957 Nam
2775 4882 3176 4957 quotiescunque
3202 4878 3503 4957 scriptura:

1918 4964 2022 5021 Sed
2084 4963 2143 5019 in
2207 4961 2331 5018 aliis
2396 4949 2574 5017 recte,
2613 4949 3050 5024 subintelligitur
3085 4949 3351 5020 ’Pautus’,
3419 4949 3507 5005 vel

1916 5036 2219 5093 Anostolus.

1962 5054 2266 5171 Ιῇεὲῖηιίῖέε.
2311 5095 2588 5171 nonnulli,
2620 5112 2802 5171 servus
2825 5094 3003 5167 primo
3028 5099 3149 5171 tum
3172 5108 3228 5149 se
3261 5091 3504 5148 ostendit.

1991 5110 2084 5171 (15
2142 5110 2266 5160 Mss.
2311 5110 2588 5161 nonnulli,
2620 5112 2802 5152 servus
2825 5111 3003 5167 primo
3039 5110 3149 5148 tum
3172 5110 3228 5149 se

1990 5110 2107 5247 (163
2139 5173 2301 5233 Corb.
2332 5168 2526 5247 codex,
2558 5169 2650 5224 hoc
2668 5168 2913 5223 meritum
2945 5183 2998 5221 se
3023 5164 3229 5247 habere.

1990 5231 2107 5318 (17)
2141 5231 2299 5318 Rom.
2344 5241 2477 5299 edit.
2511 5231 2647 5296 "cum
2697 5255 2828 5318 mss.
2852 5235 3149 5318 nonnullis
3177 5231 3508 5318 quidquid}

1917 5306 2101 5373 verbo'
2122 5315 2441 5385 justiﬁcaret
2484 5326 2656 5383 usque
2679 5309 2749 5366 ad
2780 5309 2952 5385 Igitur
2985 5308 3032 5385 si
3060 5309 3144 5363 lea:
3169 5306 3269 5362 Dei
3295 5306 3505 5385 interj

1917 5391 2081 5456 citur,
2107 5378 2478 5459 j'ugul'averat,
2498 5378 2644 5459 quos
2672 5397 2774 5438 nos
2801 5378 2830 5436 ὀ
2860 5378 3112 5459 pluribus
3139 5392 3269 5459 mss.
3301 5381 3383 5459 et“
3385 5383 3501 5431 ant.

1917 5445 2875 5528 edit.'restituimus._'Rursusjero
2921 5449 3109 5528 eadem
3343 5446 3502 5528 Rom.

1916 5539 2094 5601 totum
2141 5528 2287 5601 illud
2325 5525 2472 5601 quod
2517 5522 2836 5601 ab_eisdem_
2874 5520 3108 5601 vocibus
3135 5517 3314 5588 [gitur
3340 5516 3389 5597 si

1916 5602 2014 5658 Dei
2044 5591 2487 5672 incipiensfaliis
2516 5594 2636 5651 istis
2678 5591 3025 5672 terminatur,
3060 5595 3111 5672 et
3134 5591 3506 5672 quernﬂisisti

1917 5657 2094 5729 Iesum
2159 5657 2452 5741 Christum,
2506 5684 2591 5741 ex_
2624 5664 2794 5720 variis
2852 5657 3375 5741 lecti‘onibu's‘ﬁill.
3445 5657 3504 5712 in

1916 5752 2130 5801 textum
2157 5740 2417 5807 restituit,
2436 5730 2597 5811 'quod
2625 5751 2725 5811 nos
2767 5730 3083 5811 earumdem
3114 5730 3413 5809 lectionum
3441 5743 3507 5783 ac

1919 5833 2021 5874 ms.
2050 5811 2213 5874 Corb.
2245 5803 2570 5871 auctoritate
2609 5803 2960 5865 retinuimus.
