  <div class='ocr_page' id='page_1' title='image "/cluster/home/n/w/nwhite01/storage/ocr_20150623/17/umn.31951002477311b/033.png"; bbox 0 0 3980 6378; ppageno 0'>
   <div class='ocr_carea' id='block_1_1' title="bbox 456 477 3765 540">
    <p class='ocr_par' dir='ltr' id='par_1_1' title="bbox 456 477 3765 540">
     <span class='ocr_line' id='line_1_1' title="bbox 456 477 3765 540; baseline -0.001 0"><span class='ocrx_word' id='word_1_1' title='bbox 456 483 524 540; x_wconf 81' lang='grc'>51</span> <span class='ocrx_word' id='word_1_2' title='bbox 1463 478 1560 534; x_wconf 85' lang='lat' dir='ltr'><strong>AD</strong></span> <span class='ocrx_word' id='word_1_3' title='bbox 1598 477 1832 535; x_wconf 82' lang='lat' dir='ltr'><strong>OPERA</strong></span> <span class='ocrx_word' id='word_1_4' title='bbox 1870 478 1925 535; x_wconf 94' lang='lat' dir='ltr'><strong>S.</strong></span> <span class='ocrx_word' id='word_1_5' title='bbox 1965 477 2299 537; x_wconf 81' lang='lat' dir='ltr'><strong>AMBROSII</strong></span> <span class='ocrx_word' id='word_1_6' title='bbox 2336 477 2720 535; x_wconf 79' lang='lat' dir='ltr'><strong>APPENDIX.</strong></span> <span class='ocrx_word' id='word_1_7' title='bbox 3689 481 3765 540; x_wconf 76' lang='lat'><strong>52</strong></span> 
     </span>
    </p>
   </div>
   <div class='ocr_carea' id='block_1_2' title="bbox 455 603 3767 690">
    <p class='ocr_par' dir='ltr' id='par_1_2' title="bbox 455 603 3767 690">
     <span class='ocr_line' id='line_1_2' title="bbox 455 603 3767 690; baseline 0 -24"><span class='ocrx_word' id='word_1_8' title='bbox 455 606 783 682; x_wconf 82' lang='lat' dir='ltr'><strong>mysterium</strong></span> <span class='ocrx_word' id='word_1_9' title='bbox 821 604 922 662; x_wconf 86' lang='lat' dir='ltr'><strong>Dei</strong></span> <span class='ocrx_word' id='word_1_10' title='bbox 960 603 1345 662; x_wconf 72' lang='lat' dir='ltr'><strong>manifestatur</strong></span> <span class='ocrx_word' id='word_1_11' title='bbox 1384 603 1532 678; x_wconf 89' lang='lat' dir='ltr'><strong>quod</strong></span> <span class='ocrx_word' id='word_1_12' title='bbox 1573 604 1738 662; x_wconf 90' lang='lat' dir='ltr'><strong>latuit</strong></span> <span class='ocrx_word' id='word_1_13' title='bbox 1767 621 1799 662; x_wconf 91' lang='lat' dir='ltr'><strong>a</strong></span> <span class='ocrx_word' id='word_1_14' title='bbox 1828 606 2050 664; x_wconf 64' lang='lat' dir='ltr'><strong>saculis</strong></span> <span class='ocrx_word' id='word_1_15' title='bbox 2077 607 2128 666; x_wconf 80' lang='grc' dir='ltr'><strong>Α</strong></span> <span class='ocrx_word' id='word_1_16' title='bbox 2157 603 2457 663; x_wconf 88' lang='lat' dir='ltr'><strong>secundum</strong></span> <span class='ocrx_word' id='word_1_17' title='bbox 2499 621 2718 662; x_wconf 91' lang='lat' dir='ltr'><strong>carnem</strong></span> <span class='ocrx_word' id='word_1_18' title='bbox 2763 621 2834 663; x_wconf 87' lang='lat' dir='ltr'><strong>ex</strong></span> <span class='ocrx_word' id='word_1_19' title='bbox 2873 620 2995 678; x_wconf 91' lang='lat' dir='ltr'><strong>rege</strong></span> <span class='ocrx_word' id='word_1_20' title='bbox 3027 614 3210 662; x_wconf 86' lang='lat' dir='ltr'><strong>ortum</strong></span> <span class='ocrx_word' id='word_1_21' title='bbox 3264 605 3476 678; x_wconf 88' lang='lat' dir='ltr'><strong>regium</strong></span> <span class='ocrx_word' id='word_1_22' title='bbox 3521 619 3767 690; x_wconf 64' lang='lat' dir='ltr'><strong>caperet,</strong></span> 
     </span>
    </p>
   </div>
   <div class='ocr_carea' id='block_1_3' title="bbox 456 694 2051 770">
    <p class='ocr_par' dir='ltr' id='par_1_3' title="bbox 456 694 2051 770">
     <span class='ocr_line' id='line_1_3' title="bbox 456 694 2051 770; baseline -0.003 -13"><span class='ocrx_word' id='word_1_23' title='bbox 456 699 518 757; x_wconf 90' lang='lat' dir='ltr'><strong>in</strong></span> <span class='ocrx_word' id='word_1_24' title='bbox 545 701 695 756; x_wconf 85' lang='lat' dir='ltr'><strong>Deo:</strong></span> <span class='ocrx_word' id='word_1_25' title='bbox 729 696 877 770; x_wconf 92' lang='lat' dir='ltr'><strong>quod</strong></span> <span class='ocrx_word' id='word_1_26' title='bbox 905 702 989 754; x_wconf 88' lang='lat' dir='ltr'><strong>est</strong></span> <span class='ocrx_word' id='word_1_27' title='bbox 1013 695 1286 754; x_wconf 83' lang='lat' dir='ltr'><strong>Christus.</strong></span> <span class='ocrx_word' id='word_1_28' title='bbox 1319 694 1407 753; x_wconf 84' lang='lat' dir='ltr'><strong>Ad</strong></span> <span class='ocrx_word' id='word_1_29' title='bbox 1434 695 1580 768; x_wconf 92' lang='lat' dir='ltr'><strong>quod</strong></span> <span class='ocrx_word' id='word_1_30' title='bbox 1609 712 1799 752; x_wconf 92' lang='lat' dir='ltr'><strong>omnes</strong></span> <span class='ocrx_word' id='word_1_31' title='bbox 1829 696 2051 753; x_wconf 86' lang='lat' dir='ltr'><strong>invitati</strong></span> 
     </span>
    </p>
   </div>
   <div class='ocr_carea' id='block_1_4' title="bbox 456 785 2051 865">
    <p class='ocr_par' dir='ltr' id='par_1_4' title="bbox 456 785 2051 865">
     <span class='ocr_line' id='line_1_4' title="bbox 456 785 2051 865; baseline -0.004 -17"><span class='ocrx_word' id='word_1_32' title='bbox 456 787 793 865; x_wconf 75' lang='lat' dir='ltr'><strong>apophoreta</strong></span> <span class='ocrx_word' id='word_1_33' title='bbox 818 785 1063 858; x_wconf 84' lang='lat' dir='ltr'><strong>duplicia</strong></span> <span class='ocrx_word' id='word_1_34' title='bbox 1089 795 1540 860; x_wconf 89' lang='lat' dir='ltr'><strong>consequuntur;</strong></span> <span class='ocrx_word' id='word_1_35' title='bbox 1591 786 1873 843; x_wconf 84' lang='lat' dir='ltr'><strong>remissam</strong></span> <span class='ocrx_word' id='word_1_36' title='bbox 1903 788 2051 842; x_wconf 93' lang='lat' dir='ltr'><strong>enim</strong></span> 
     </span>
    </p>
   </div>
   <div class='ocr_carea' id='block_1_5' title="bbox 455 875 2053 955">
    <p class='ocr_par' dir='ltr' id='par_1_5' title="bbox 455 875 2053 955">
     <span class='ocr_line' id='line_1_5' title="bbox 455 875 2053 955; baseline -0.003 -17"><span class='ocrx_word' id='word_1_37' title='bbox 455 887 805 955; x_wconf 80' lang='lat' dir='ltr'><strong>peccatorum</strong></span> <span class='ocrx_word' id='word_1_38' title='bbox 857 876 1156 949; x_wconf 88' lang='lat' dir='ltr'><strong>accipiunt,</strong></span> <span class='ocrx_word' id='word_1_39' title='bbox 1206 885 1262 933; x_wconf 84' lang='lat' dir='ltr'><strong>et</strong></span> <span class='ocrx_word' id='word_1_40' title='bbox 1312 875 1415 932; x_wconf 90' lang='lat' dir='ltr'><strong>ﬁlii</strong></span> <span class='ocrx_word' id='word_1_41' title='bbox 1471 875 1568 933; x_wconf 93' lang='lat' dir='ltr'><strong>Dei</strong></span> <span class='ocrx_word' id='word_1_42' title='bbox 1619 876 1806 944; x_wconf 88' lang='lat' dir='ltr'><strong>ﬁunt;</strong></span> <span class='ocrx_word' id='word_1_43' title='bbox 1854 885 1916 934; x_wconf 91' lang='lat' dir='ltr'><strong>ut</strong></span> <span class='ocrx_word' id='word_1_44' title='bbox 1939 875 2053 948; x_wconf 89' lang='lat' dir='ltr'><strong>jam</strong></span> 
     </span>
    </p>
   </div>
   <div class='ocr_carea' id='block_1_6' title="bbox 459 965 2056 1039">
    <p class='ocr_par' dir='ltr' id='par_1_6' title="bbox 459 965 2056 1039">
     <span class='ocr_line' id='line_1_6' title="bbox 459 965 2056 1039; baseline -0.001 -14"><span class='ocrx_word' id='word_1_45' title='bbox 459 968 602 1025; x_wconf 90' lang='lat' dir='ltr'><strong>mori</strong></span> <span class='ocrx_word' id='word_1_46' title='bbox 647 983 759 1024; x_wconf 93' lang='lat' dir='ltr'><strong>non</strong></span> <span class='ocrx_word' id='word_1_47' title='bbox 803 965 1014 1039; x_wconf 87' lang='lat' dir='ltr'><strong>possint</strong></span> <span class='ocrx_word' id='word_1_48' title='bbox 1062 965 1302 1024; x_wconf 88' lang='lat' dir='ltr'><strong>secunda</strong></span> <span class='ocrx_word' id='word_1_49' title='bbox 1361 973 1554 1022; x_wconf 92' lang='lat' dir='ltr'><strong>morte.</strong></span> <span class='ocrx_word' id='word_1_50' title='bbox 1605 965 1751 1023; x_wconf 83' lang='lat' dir='ltr'><strong>Hinc</strong></span> <span class='ocrx_word' id='word_1_51' title='bbox 1799 973 1882 1022; x_wconf 92' lang='lat' dir='ltr'><strong>est</strong></span> <span class='ocrx_word' id='word_1_52' title='bbox 1909 966 2056 1039; x_wconf 91' lang='lat' dir='ltr'><strong>quod</strong></span> 
     </span>
    </p>
   </div>
   <div class='ocr_carea' id='block_1_7' title="bbox 457 1053 2060 1127">
    <p class='ocr_par' dir='ltr' id='par_1_7' title="bbox 457 1053 2060 1127">
     <span class='ocr_line' id='line_1_7' title="bbox 457 1053 2060 1127; baseline -0.005 -11"><span class='ocrx_word' id='word_1_53' title='bbox 457 1056 729 1116; x_wconf 87' lang='lat' dir='ltr'><strong>Dominus</strong></span> <span class='ocrx_word' id='word_1_54' title='bbox 767 1054 825 1112; x_wconf 92' lang='lat' dir='ltr'><strong>in</strong></span> <span class='ocrx_word' id='word_1_55' title='bbox 873 1055 1196 1127; x_wconf 90' lang='lat' dir='ltr'><strong>Evangelio.</strong></span> <span class='ocrx_word' id='word_1_56' title='bbox 1253 1078 1273 1102; x_wconf 78' lang='grc' dir='ltr'><strong>ι</strong></span> <span class='ocrx_word' id='word_1_57' title='bbox 1321 1054 1447 1110; x_wconf 64' lang='lat' dir='ltr'><strong>[Iac</strong></span> <span class='ocrx_word' id='word_1_58' title='bbox 1502 1061 1605 1122; x_wconf 88' lang='lat' dir='ltr'><strong>est,</strong></span> <span class='ocrx_word' id='word_1_59' title='bbox 1667 1053 1875 1126; x_wconf 86' lang='lat' dir='ltr'><strong>inquit,</strong></span> <span class='ocrx_word' id='word_1_60' title='bbox 1945 1053 2060 1109; x_wconf 90' lang='lat' dir='ltr'><strong>vita</strong></span> 
     </span>
    </p>
   </div>
   <div class='ocr_carea' id='block_1_8' title="bbox 461 1144 2060 1217">
    <p class='ocr_par' dir='ltr' id='par_1_8' title="bbox 461 1144 2060 1217">
     <span class='ocr_line' id='line_1_8' title="bbox 461 1144 2060 1217; baseline -0.003 -13"><span class='ocrx_word' id='word_1_61' title='bbox 461 1155 684 1216; x_wconf 67' lang='lat' dir='ltr'><strong>aeterna,</strong></span> <span class='ocrx_word' id='word_1_62' title='bbox 735 1153 798 1202; x_wconf 91' lang='lat' dir='ltr'><strong>ut</strong></span> <span class='ocrx_word' id='word_1_63' title='bbox 848 1151 1180 1217; x_wconf 88' lang='lat' dir='ltr'><strong>cognoscant</strong></span> <span class='ocrx_word' id='word_1_64' title='bbox 1209 1151 1264 1200; x_wconf 92' lang='lat' dir='ltr'><strong>te</strong></span> <span class='ocrx_word' id='word_1_65' title='bbox 1293 1144 1473 1199; x_wconf 91' lang='lat' dir='ltr'><strong>solum</strong></span> <span class='ocrx_word' id='word_1_66' title='bbox 1524 1159 1715 1200; x_wconf 90' lang='lat' dir='ltr'><strong>verum</strong></span> <span class='ocrx_word' id='word_1_67' title='bbox 1748 1146 1947 1212; x_wconf 91' lang='lat' dir='ltr'><strong>Deum,</strong></span> <span class='ocrx_word' id='word_1_68' title='bbox 2006 1151 2060 1200; x_wconf 90' lang='lat' dir='ltr'><strong>et</strong></span> 
     </span>
    </p>
   </div>
   <div class='ocr_carea' id='block_1_9' title="bbox 460 1233 1916 1312">
    <p class='ocr_par' dir='ltr' id='par_1_9' title="bbox 460 1233 1916 1312">
     <span class='ocr_line' id='line_1_9' title="bbox 460 1233 1916 1312; baseline -0.003 -19"><span class='ocrx_word' id='word_1_69' title='bbox 460 1253 622 1312; x_wconf 87' lang='lat' dir='ltr'><strong>quem</strong></span> <span class='ocrx_word' id='word_1_70' title='bbox 645 1235 844 1292; x_wconf 85' lang='lat' dir='ltr'><strong>misisti</strong></span> <span class='ocrx_word' id='word_1_71' title='bbox 873 1235 1058 1291; x_wconf 88' lang='lat' dir='ltr'><strong>Jesum</strong></span> <span class='ocrx_word' id='word_1_72' title='bbox 1088 1233 1370 1292; x_wconf 87' lang='lat' dir='ltr'><strong>Christum</strong></span> <span class='ocrx_word' id='word_1_73' title='bbox 1397 1234 1577 1298; x_wconf 83' lang='lat' dir='ltr'><strong>(Joan.</strong></span> <span class='ocrx_word' id='word_1_74' title='bbox 1609 1250 1750 1302; x_wconf 85' lang='lat' dir='ltr'><strong>xvn,</strong></span> <span class='ocrx_word' id='word_1_75' title='bbox 1783 1233 1863 1303; x_wconf 90' lang='lat'><strong>3).</strong></span> <span class='ocrx_word' id='word_1_76' title='bbox 1897 1257 1916 1281; x_wconf 74' lang='grc' dir='ltr'><strong>ι</strong></span> 
     </span>
    </p>
   </div>
   <div class='ocr_carea' id='block_1_10' title="bbox 535 1321 2065 1399">
    <p class='ocr_par' dir='ltr' id='par_1_10' title="bbox 535 1321 2065 1399">
     <span class='ocr_line' id='line_1_10' title="bbox 535 1321 2065 1399; baseline -0.004 -16"><span class='ocrx_word' id='word_1_77' title='bbox 535 1327 718 1399; x_wconf 76' lang='lat' dir='ltr'><strong>(Vers.</strong></span> <span class='ocrx_word' id='word_1_78' title='bbox 751 1325 831 1397; x_wconf 92' lang='lat'><strong>2.)</strong></span> <span class='ocrx_word' id='word_1_79' title='bbox 875 1350 892 1372; x_wconf 74' lang='grc' dir='ltr'><strong>ι</strong></span> <span class='ocrx_word' id='word_1_80' title='bbox 922 1325 1081 1393; x_wconf 88' lang='lat' dir='ltr'><strong>Quod</strong></span> <span class='ocrx_word' id='word_1_81' title='bbox 1133 1331 1261 1380; x_wconf 88' lang='lat' dir='ltr'><strong>ante</strong></span> <span class='ocrx_word' id='word_1_82' title='bbox 1303 1323 1649 1395; x_wconf 86' lang='lat' dir='ltr'><strong>promiserat.</strong></span> <span class='ocrx_word' id='word_1_83' title='bbox 1700 1349 1719 1373; x_wconf 76' lang='grc' dir='ltr'><strong>ι</strong></span> <span class='ocrx_word' id='word_1_84' title='bbox 1763 1324 1833 1380; x_wconf 88' lang='lat' dir='ltr'><strong>Ut</strong></span> <span class='ocrx_word' id='word_1_85' title='bbox 1868 1321 2065 1396; x_wconf 91' lang='lat' dir='ltr'><strong>probet</strong></span> 
     </span>
    </p>
   </div>
   <div class='ocr_carea' id='block_1_11' title="bbox 461 1413 2060 1489">
    <p class='ocr_par' dir='ltr' id='par_1_11' title="bbox 461 1413 2060 1489">
     <span class='ocr_line' id='line_1_11' title="bbox 461 1413 2060 1489; baseline -0.005 -12"><span class='ocrx_word' id='word_1_86' title='bbox 461 1426 634 1477; x_wconf 87' lang='lat' dir='ltr'><strong>ratam</strong></span> <span class='ocrx_word' id='word_1_87' title='bbox 665 1427 720 1475; x_wconf 91' lang='lat' dir='ltr'><strong>et</strong></span> <span class='ocrx_word' id='word_1_88' title='bbox 745 1417 1014 1489; x_wconf 80' lang='lat' dir='ltr'><strong>integram</strong></span> <span class='ocrx_word' id='word_1_89' title='bbox 1059 1415 1186 1472; x_wconf 92' lang='lat' dir='ltr'><strong>ﬁdei</strong></span> <span class='ocrx_word' id='word_1_90' title='bbox 1238 1431 1388 1488; x_wconf 91' lang='lat' dir='ltr'><strong>spem</strong></span> <span class='ocrx_word' id='word_1_91' title='bbox 1438 1431 1554 1472; x_wconf 89' lang='lat' dir='ltr'><strong>esse</strong></span> <span class='ocrx_word' id='word_1_92' title='bbox 1583 1415 1699 1487; x_wconf 90' lang='grc'>(18)</span> <span class='ocrx_word' id='word_1_93' title='bbox 1731 1413 1788 1470; x_wconf 93' lang='lat' dir='ltr'><strong>in</strong></span> <span class='ocrx_word' id='word_1_94' title='bbox 1818 1413 2060 1472; x_wconf 65' lang='lat' dir='ltr'><strong>Christo:</strong></span> 
     </span>
    </p>
   </div>
   <div class='ocr_carea' id='block_1_12' title="bbox 454 1503 2060 1581">
    <p class='ocr_par' dir='ltr' id='par_1_12' title="bbox 454 1503 2060 1581">
     <span class='ocr_line' id='line_1_12' title="bbox 454 1503 2060 1581; baseline -0.002 -16"><span class='ocrx_word' id='word_1_95' title='bbox 454 1507 573 1581; x_wconf 85' lang='lat' dir='ltr'><strong>jam</strong></span> <span class='ocrx_word' id='word_1_96' title='bbox 602 1507 755 1580; x_wconf 92' lang='lat' dir='ltr'><strong>prius</strong></span> <span class='ocrx_word' id='word_1_97' title='bbox 783 1505 1145 1577; x_wconf 89' lang='lat' dir='ltr'><strong>Evangelinm</strong></span> <span class='ocrx_word' id='word_1_98' title='bbox 1173 1503 1291 1577; x_wconf 87' lang='lat' dir='ltr'><strong>ejus</strong></span> <span class='ocrx_word' id='word_1_99' title='bbox 1319 1504 1458 1561; x_wconf 85' lang='lat' dir='ltr'><strong>dicit</strong></span> <span class='ocrx_word' id='word_1_100' title='bbox 1486 1522 1518 1560; x_wconf 91' lang='lat' dir='ltr'><strong>a</strong></span> <span class='ocrx_word' id='word_1_101' title='bbox 1549 1507 1660 1560; x_wconf 93' lang='lat' dir='ltr'><strong>Deo</strong></span> <span class='ocrx_word' id='word_1_102' title='bbox 1692 1505 2021 1577; x_wconf 89' lang='lat' dir='ltr'><strong>promissum</strong></span> <span class='ocrx_word' id='word_1_103' title='bbox 2049 1523 2060 1561; x_wconf 91' lang='lat'><strong>:</strong></span> 
     </span>
    </p>
   </div>
   <div class='ocr_carea' id='block_1_13' title="bbox 462 1594 2064 1666">
    <p class='ocr_par' dir='ltr' id='par_1_13' title="bbox 462 1594 2064 1666">
     <span class='ocr_line' id='line_1_13' title="bbox 462 1594 2064 1666; baseline -0.002 -12"><span class='ocrx_word' id='word_1_104' title='bbox 462 1605 518 1654; x_wconf 89' lang='lat' dir='ltr'><strong>et</strong></span> <span class='ocrx_word' id='word_1_105' title='bbox 555 1605 616 1654; x_wconf 90' lang='lat' dir='ltr'><strong>ut</strong></span> <span class='ocrx_word' id='word_1_106' title='bbox 645 1613 714 1652; x_wconf 87' lang='lat' dir='ltr'><strong>ex</strong></span> <span class='ocrx_word' id='word_1_107' title='bbox 742 1612 810 1652; x_wconf 92' lang='lat' dir='ltr'><strong>eo</strong></span> <span class='ocrx_word' id='word_1_108' title='bbox 840 1595 1100 1652; x_wconf 92' lang='lat' dir='ltr'><strong>idoneum</strong></span> <span class='ocrx_word' id='word_1_109' title='bbox 1126 1595 1286 1650; x_wconf 89' lang='lat' dir='ltr'><strong>illum</strong></span> <span class='ocrx_word' id='word_1_110' title='bbox 1309 1609 1625 1666; x_wconf 89' lang='lat' dir='ltr'><strong>sponsorem</strong></span> <span class='ocrx_word' id='word_1_111' title='bbox 1659 1594 1788 1650; x_wconf 63' lang='lat' dir='ltr'><strong>vita:</strong></span> <span class='ocrx_word' id='word_1_112' title='bbox 1823 1594 2064 1664; x_wconf 87' lang='lat' dir='ltr'><strong>doceret,</strong></span> 
     </span>
    </p>
   </div>
   <div class='ocr_carea' id='block_1_14' title="bbox 461 1682 2062 1760">
    <p class='ocr_par' dir='ltr' id='par_1_14' title="bbox 461 1682 2062 1760">
     <span class='ocr_line' id='line_1_14' title="bbox 461 1682 2062 1760; baseline -0.002 -17"><span class='ocrx_word' id='word_1_113' title='bbox 461 1687 785 1760; x_wconf 86' lang='lat' dir='ltr'><strong>priusquam</strong></span> <span class='ocrx_word' id='word_1_114' title='bbox 828 1685 1062 1752; x_wconf 90' lang='lat' dir='ltr'><strong>veniret,</strong></span> <span class='ocrx_word' id='word_1_115' title='bbox 1095 1682 1480 1740; x_wconf 87' lang='lat' dir='ltr'><strong>testimonium</strong></span> <span class='ocrx_word' id='word_1_116' title='bbox 1510 1682 1558 1738; x_wconf 94' lang='lat' dir='ltr'><strong>ei</strong></span> <span class='ocrx_word' id='word_1_117' title='bbox 1581 1683 1769 1739; x_wconf 88' lang='lat' dir='ltr'><strong>datum</strong></span> <span class='ocrx_word' id='word_1_118' title='bbox 1797 1683 2062 1751; x_wconf 84' lang='lat' dir='ltr'><strong>ostendit,</strong></span> 
     </span>
    </p>
   </div>
   <div class='ocr_carea' id='block_1_15' title="bbox 460 1773 2064 1849">
    <p class='ocr_par' dir='ltr' id='par_1_15' title="bbox 460 1773 2064 1849">
     <span class='ocr_line' id='line_1_15' title="bbox 460 1773 2064 1849; baseline -0.002 -16"><span class='ocrx_word' id='word_1_119' title='bbox 460 1776 614 1849; x_wconf 86' lang='lat' dir='ltr'><strong>paria</strong></span> <span class='ocrx_word' id='word_1_120' title='bbox 663 1782 956 1832; x_wconf 89' lang='lat' dir='ltr'><strong>attestante</strong></span> <span class='ocrx_word' id='word_1_121' title='bbox 983 1775 1145 1830; x_wconf 89' lang='lat' dir='ltr'><strong>Petro</strong></span> <span class='ocrx_word' id='word_1_122' title='bbox 1175 1774 1458 1845; x_wconf 87' lang='lat' dir='ltr'><strong>apostolo:</strong></span> <span class='ocrx_word' id='word_1_123' title='bbox 1506 1798 1524 1821; x_wconf 75' lang='grc' dir='ltr'><em>α</em></span> <span class='ocrx_word' id='word_1_124' title='bbox 1562 1773 1674 1830; x_wconf 88' lang='lat' dir='ltr'><strong>Nec</strong></span> <span class='ocrx_word' id='word_1_125' title='bbox 1719 1773 1866 1830; x_wconf 89' lang='lat' dir='ltr'><strong>enim</strong></span> <span class='ocrx_word' id='word_1_126' title='bbox 1911 1773 2064 1830; x_wconf 89' lang='lat' dir='ltr'><strong>aliud</strong></span> 
     </span>
    </p>
   </div>
   <div class='ocr_carea' id='block_1_16' title="bbox 459 1861 2068 1936">
    <p class='ocr_par' dir='ltr' id='par_1_16' title="bbox 459 1861 2068 1936">
     <span class='ocr_line' id='line_1_16' title="bbox 459 1861 2068 1936; baseline 0 -15"><span class='ocrx_word' id='word_1_127' title='bbox 459 1863 648 1921; x_wconf 90' lang='lat' dir='ltr'><strong>datum</strong></span> <span class='ocrx_word' id='word_1_128' title='bbox 683 1873 782 1932; x_wconf 90' lang='lat' dir='ltr'><strong>est,</strong></span> <span class='ocrx_word' id='word_1_129' title='bbox 813 1863 1017 1936; x_wconf 87' lang='lat' dir='ltr'><strong>inquit,</strong></span> <span class='ocrx_word' id='word_1_130' title='bbox 1048 1877 1252 1918; x_wconf 89' lang='lat' dir='ltr'><strong>nomen</strong></span> <span class='ocrx_word' id='word_1_131' title='bbox 1276 1861 1380 1918; x_wconf 90' lang='lat' dir='ltr'><strong>sub</strong></span> <span class='ocrx_word' id='word_1_132' title='bbox 1408 1863 1568 1932; x_wconf 77' lang='lat' dir='ltr'><strong>ccelo,</strong></span> <span class='ocrx_word' id='word_1_133' title='bbox 1601 1862 1660 1918; x_wconf 91' lang='lat' dir='ltr'><strong>in</strong></span> <span class='ocrx_word' id='word_1_134' title='bbox 1684 1877 1793 1935; x_wconf 90' lang='lat' dir='ltr'><strong>quo</strong></span> <span class='ocrx_word' id='word_1_135' title='bbox 1817 1873 2068 1936; x_wconf 91' lang='lat' dir='ltr'><strong>oporteat</strong></span> 
     </span>
    </p>
   </div>
   <div class='ocr_carea' id='block_1_17' title="bbox 462 1954 1409 2026">
    <p class='ocr_par' dir='ltr' id='par_1_17' title="bbox 462 1954 1409 2026">
     <span class='ocr_line' id='line_1_17' title="bbox 462 1954 1409 2026; baseline -0.003 -13"><span class='ocrx_word' id='word_1_136' title='bbox 462 1972 562 2013; x_wconf 90' lang='lat' dir='ltr'><strong>nos</strong></span> <span class='ocrx_word' id='word_1_137' title='bbox 591 1957 773 2014; x_wconf 89' lang='lat' dir='ltr'><strong>salvos</strong></span> <span class='ocrx_word' id='word_1_138' title='bbox 809 1955 930 2011; x_wconf 89' lang='lat' dir='ltr'><strong>ﬁeri</strong></span> <span class='ocrx_word' id='word_1_139' title='bbox 961 1954 1104 2023; x_wconf 86' lang='lat' dir='ltr'><strong>(Act.</strong></span> <span class='ocrx_word' id='word_1_140' title='bbox 1136 1971 1214 2022; x_wconf 85' lang='grc' dir='ltr'><strong>ιν,</strong></span> <span class='ocrx_word' id='word_1_141' title='bbox 1245 1954 1358 2026; x_wconf 91' lang='grc'>12).</span> <span class='ocrx_word' id='word_1_142' title='bbox 1390 1976 1409 2002; x_wconf 72' lang='grc' dir='ltr'><strong>ι</strong></span> 
     </span>
    </p>
   </div>
   <div class='ocr_carea' id='block_1_18' title="bbox 547 2043 2061 2117">
    <p class='ocr_par' dir='ltr' id='par_1_18' title="bbox 547 2043 2061 2117">
     <span class='ocr_line' id='line_1_18' title="bbox 547 2043 2061 2117; baseline -0.001 -16"><span class='ocrx_word' id='word_1_143' title='bbox 547 2068 567 2092; x_wconf 78' lang='grc' dir='ltr'><strong>ι</strong></span> <span class='ocrx_word' id='word_1_144' title='bbox 601 2045 703 2101; x_wconf 89' lang='lat' dir='ltr'><strong>Per</strong></span> <span class='ocrx_word' id='word_1_145' title='bbox 720 2043 1016 2117; x_wconf 85' lang='lat' dir='ltr'><strong>prophetas</strong></span> <span class='ocrx_word' id='word_1_146' title='bbox 1043 2059 1192 2099; x_wconf 92' lang='lat' dir='ltr'><strong>suos.</strong></span> <span class='ocrx_word' id='word_1_147' title='bbox 1232 2067 1251 2090; x_wconf 76' lang='grc' dir='ltr'><strong>ι</strong></span> <span class='ocrx_word' id='word_1_148' title='bbox 1296 2043 1365 2100; x_wconf 87' lang='lat' dir='ltr'><strong>Ut</strong></span> <span class='ocrx_word' id='word_1_149' title='bbox 1400 2043 1746 2102; x_wconf 84' lang='lat' dir='ltr'><strong>manifestius</strong></span> <span class='ocrx_word' id='word_1_150' title='bbox 1767 2045 2061 2102; x_wconf 89' lang='lat' dir='ltr'><strong>salutarem</strong></span> 
     </span>
    </p>
   </div>
   <div class='ocr_carea' id='block_1_19' title="bbox 463 2130 2061 2209">
    <p class='ocr_par' dir='ltr' id='par_1_19' title="bbox 463 2130 2061 2209">
     <span class='ocr_line' id='line_1_19' title="bbox 463 2130 2061 2209; baseline -0.003 -15"><span class='ocrx_word' id='word_1_151' title='bbox 463 2151 579 2194; x_wconf 87' lang='lat' dir='ltr'><strong>esse</strong></span> <span class='ocrx_word' id='word_1_152' title='bbox 608 2133 906 2191; x_wconf 83' lang='lat' dir='ltr'><strong>adventum</strong></span> <span class='ocrx_word' id='word_1_153' title='bbox 932 2131 1145 2191; x_wconf 88' lang='lat' dir='ltr'><strong>Christi</strong></span> <span class='ocrx_word' id='word_1_154' title='bbox 1191 2130 1546 2204; x_wconf 89' lang='lat' dir='ltr'><strong>signiﬁcaret,</strong></span> <span class='ocrx_word' id='word_1_155' title='bbox 1578 2134 1743 2192; x_wconf 90' lang='lat' dir='ltr'><strong>etiam</strong></span> <span class='ocrx_word' id='word_1_156' title='bbox 1780 2151 2061 2209; x_wconf 72' lang='lat' dir='ltr'><strong>personas,</strong></span> 
     </span>
    </p>
   </div>
   <div class='ocr_carea' id='block_1_20' title="bbox 464 2224 2058 2302">
    <p class='ocr_par' dir='ltr' id='par_1_20' title="bbox 464 2224 2058 2302">
     <span class='ocr_line' id='line_1_20' title="bbox 464 2224 2058 2302; baseline -0.001 -18"><span class='ocrx_word' id='word_1_157' title='bbox 464 2243 562 2302; x_wconf 90' lang='lat' dir='ltr'><strong>per</strong></span> <span class='ocrx_word' id='word_1_158' title='bbox 603 2243 736 2300; x_wconf 92' lang='lat' dir='ltr'><strong>quas</strong></span> <span class='ocrx_word' id='word_1_159' title='bbox 786 2224 1212 2299; x_wconf 87' lang='lat' dir='ltr'><strong>promissionem</strong></span> <span class='ocrx_word' id='word_1_160' title='bbox 1263 2225 1584 2294; x_wconf 90' lang='lat' dir='ltr'><strong>signaverit,</strong></span> <span class='ocrx_word' id='word_1_161' title='bbox 1618 2226 2058 2284; x_wconf 89' lang='lat' dir='ltr'><strong>demonstravit:</strong></span> 
     </span>
    </p>
   </div>
   <div class='ocr_carea' id='block_1_21' title="bbox 464 2313 2065 2390">
    <p class='ocr_par' dir='ltr' id='par_1_21' title="bbox 464 2313 2065 2390">
     <span class='ocr_line' id='line_1_21' title="bbox 464 2313 2065 2390; baseline -0.002 -15"><span class='ocrx_word' id='word_1_162' title='bbox 464 2327 529 2375; x_wconf 93' lang='lat' dir='ltr'><strong>ut</strong></span> <span class='ocrx_word' id='word_1_163' title='bbox 579 2332 744 2390; x_wconf 88' lang='lat' dir='ltr'><strong>quam</strong></span> <span class='ocrx_word' id='word_1_164' title='bbox 789 2331 922 2372; x_wconf 89' lang='lat' dir='ltr'><strong>vera</strong></span> <span class='ocrx_word' id='word_1_165' title='bbox 959 2322 1013 2372; x_wconf 90' lang='lat' dir='ltr'><strong>et</strong></span> <span class='ocrx_word' id='word_1_166' title='bbox 1061 2313 1355 2387; x_wconf 88' lang='lat' dir='ltr'><strong>magniﬁca</strong></span> <span class='ocrx_word' id='word_1_167' title='bbox 1404 2315 1476 2372; x_wconf 91' lang='lat' dir='ltr'><strong>sit</strong></span> <span class='ocrx_word' id='word_1_168' title='bbox 1520 2315 1814 2388; x_wconf 90' lang='lat' dir='ltr'><strong>promissio</strong></span> <span class='ocrx_word' id='word_1_169' title='bbox 1861 2333 1931 2373; x_wconf 85' lang='lat' dir='ltr'><strong>ex</strong></span> <span class='ocrx_word' id='word_1_170' title='bbox 1978 2317 2065 2372; x_wconf 89' lang='lat' dir='ltr'><strong>his</strong></span> 
     </span>
    </p>
   </div>
   <div class='ocr_carea' id='block_1_22' title="bbox 466 2404 2067 2480">
    <p class='ocr_par' dir='ltr' id='par_1_22' title="bbox 466 2404 2067 2480">
     <span class='ocr_line' id='line_1_22' title="bbox 466 2404 2067 2480; baseline 0.001 -17"><span class='ocrx_word' id='word_1_171' title='bbox 466 2406 767 2464; x_wconf 88' lang='lat' dir='ltr'><strong>videretur.</strong></span> <span class='ocrx_word' id='word_1_172' title='bbox 799 2405 972 2463; x_wconf 87' lang='lat' dir='ltr'><strong>Nemo</strong></span> <span class='ocrx_word' id='word_1_173' title='bbox 995 2405 1143 2462; x_wconf 90' lang='lat' dir='ltr'><strong>enim</strong></span> <span class='ocrx_word' id='word_1_174' title='bbox 1171 2420 1286 2462; x_wconf 91' lang='lat' dir='ltr'><strong>rem</strong></span> <span class='ocrx_word' id='word_1_175' title='bbox 1304 2404 1472 2463; x_wconf 91' lang='lat' dir='ltr'><strong>vilem</strong></span> <span class='ocrx_word' id='word_1_176' title='bbox 1500 2406 1672 2480; x_wconf 89' lang='lat' dir='ltr'><strong>magis</strong></span> <span class='ocrx_word' id='word_1_177' title='bbox 1701 2408 2067 2480; x_wconf 66' lang='lat' dir='ltr'><strong>praecursori-</strong></span> 
     </span>
    </p>
   </div>
   <div class='ocr_carea' id='block_1_23' title="bbox 465 2494 835 2552">
    <p class='ocr_par' dir='ltr' id='par_1_23' title="bbox 465 2494 835 2552">
     <span class='ocr_line' id='line_1_23' title="bbox 465 2494 835 2552; baseline 0 0"><span class='ocrx_word' id='word_1_178' title='bbox 465 2494 571 2552; x_wconf 88' lang='lat' dir='ltr'><strong>bus</strong></span> <span class='ocrx_word' id='word_1_179' title='bbox 597 2495 835 2552; x_wconf 88' lang='lat' dir='ltr'><strong>nuntiat.</strong></span> 
     </span>
    </p>
   </div>
   <div class='ocr_carea' id='block_1_24' title="bbox 553 2584 2066 2658">
    <p class='ocr_par' dir='ltr' id='par_1_24' title="bbox 553 2584 2066 2658">
     <span class='ocr_line' id='line_1_24' title="bbox 553 2584 2066 2658; baseline 0.001 -16"><span class='ocrx_word' id='word_1_180' title='bbox 553 2610 572 2634; x_wconf 75' lang='grc' dir='ltr'><strong>ι</strong></span> <span class='ocrx_word' id='word_1_181' title='bbox 598 2585 661 2642; x_wconf 92' lang='lat' dir='ltr'><strong>In</strong></span> <span class='ocrx_word' id='word_1_182' title='bbox 708 2585 1012 2658; x_wconf 90' lang='lat' dir='ltr'><strong>Scripturis</strong></span> <span class='ocrx_word' id='word_1_183' title='bbox 1065 2584 1288 2642; x_wconf 83' lang='lat' dir='ltr'><strong>sanctis.</strong></span> <span class='ocrx_word' id='word_1_184' title='bbox 1319 2607 1338 2634; x_wconf 75' lang='grc' dir='ltr'><strong>ι</strong></span> <span class='ocrx_word' id='word_1_185' title='bbox 1380 2585 1496 2642; x_wconf 89' lang='lat' dir='ltr'><strong>Hoc</strong></span> <span class='ocrx_word' id='word_1_186' title='bbox 1522 2585 1593 2642; x_wconf 92' lang='lat' dir='ltr'><strong>ad</strong></span> <span class='ocrx_word' id='word_1_187' title='bbox 1639 2587 1893 2644; x_wconf 90' lang='lat' dir='ltr'><strong>eumdem</strong></span> <span class='ocrx_word' id='word_1_188' title='bbox 1923 2603 2066 2644; x_wconf 63' lang='lat' dir='ltr'><strong>verae</strong></span> 
     </span>
    </p>
   </div>
   <div class='ocr_carea' id='block_1_25' title="bbox 467 2673 2066 2749">
    <p class='ocr_par' dir='ltr' id='par_1_25' title="bbox 467 2673 2066 2749">
     <span class='ocr_line' id='line_1_25' title="bbox 467 2673 2066 2749; baseline 0.002 -17"><span class='ocrx_word' id='word_1_189' title='bbox 467 2674 887 2749; x_wconf 90' lang='lat' dir='ltr'><strong>protestationis</strong></span> <span class='ocrx_word' id='word_1_190' title='bbox 909 2673 1132 2747; x_wconf 87' lang='lat' dir='ltr'><strong>adjecit,</strong></span> <span class='ocrx_word' id='word_1_191' title='bbox 1163 2683 1225 2732; x_wconf 90' lang='lat' dir='ltr'><strong>ut</strong></span> <span class='ocrx_word' id='word_1_192' title='bbox 1255 2673 1519 2747; x_wconf 84' lang='lat' dir='ltr'><strong>majorem</strong></span> <span class='ocrx_word' id='word_1_193' title='bbox 1557 2674 1818 2732; x_wconf 89' lang='lat' dir='ltr'><strong>ﬁduciam</strong></span> <span class='ocrx_word' id='word_1_194' title='bbox 1845 2677 2066 2734; x_wconf 89' lang='lat' dir='ltr'><strong>creden-</strong></span> 
     </span>
    </p>
   </div>
   <div class='ocr_carea' id='block_1_26' title="bbox 464 2763 2066 2836">
    <p class='ocr_par' dir='ltr' id='par_1_26' title="bbox 464 2763 2066 2836">
     <span class='ocr_line' id='line_1_26' title="bbox 464 2763 2066 2836; baseline 0.001 -15"><span class='ocrx_word' id='word_1_195' title='bbox 464 2764 615 2822; x_wconf 88' lang='lat' dir='ltr'><strong>tibus</strong></span> <span class='ocrx_word' id='word_1_196' title='bbox 645 2764 870 2833; x_wconf 84' lang='lat' dir='ltr'><strong>faceret,</strong></span> <span class='ocrx_word' id='word_1_197' title='bbox 900 2772 953 2822; x_wconf 91' lang='lat' dir='ltr'><strong>et</strong></span> <span class='ocrx_word' id='word_1_198' title='bbox 983 2763 1159 2836; x_wconf 81' lang='lat' dir='ltr'><strong>legem</strong></span> <span class='ocrx_word' id='word_1_199' title='bbox 1188 2763 1600 2823; x_wconf 89' lang='lat' dir='ltr'><strong>commendaret</strong></span> <span class='ocrx_word' id='word_1_200' title='bbox 1625 2784 1638 2834; x_wconf 92' lang='lat'><strong>;</strong></span> <span class='ocrx_word' id='word_1_201' title='bbox 1670 2773 1870 2824; x_wconf 71' lang='lat' dir='ltr'><strong>sanctae</strong></span> <span class='ocrx_word' id='word_1_202' title='bbox 1917 2767 2066 2823; x_wconf 89' lang='lat' dir='ltr'><strong>enim</strong></span> 
     </span>
    </p>
   </div>
   <div class='ocr_carea' id='block_1_27' title="bbox 465 2857 2066 2930">
    <p class='ocr_par' dir='ltr' id='par_1_27' title="bbox 465 2857 2066 2930">
     <span class='ocr_line' id='line_1_27' title="bbox 465 2857 2066 2930; baseline 0.002 -16"><span class='ocrx_word' id='word_1_203' title='bbox 465 2865 596 2914; x_wconf 90' lang='lat' dir='ltr'><strong>sunt</strong></span> <span class='ocrx_word' id='word_1_204' title='bbox 641 2857 959 2930; x_wconf 74' lang='lat' dir='ltr'><strong>Scripturae,</strong></span> <span class='ocrx_word' id='word_1_205' title='bbox 1010 2874 1131 2930; x_wconf 67' lang='lat' dir='ltr'><strong>qua:</strong></span> <span class='ocrx_word' id='word_1_206' title='bbox 1169 2865 1224 2914; x_wconf 93' lang='lat' dir='ltr'><strong>et</strong></span> <span class='ocrx_word' id='word_1_207' title='bbox 1272 2858 1409 2915; x_wconf 89' lang='lat' dir='ltr'><strong>vitia</strong></span> <span class='ocrx_word' id='word_1_208' title='bbox 1447 2858 1745 2916; x_wconf 89' lang='lat' dir='ltr'><strong>damnant:</strong></span> <span class='ocrx_word' id='word_1_209' title='bbox 1799 2867 1854 2916; x_wconf 93' lang='lat' dir='ltr'><strong>et</strong></span> <span class='ocrx_word' id='word_1_210' title='bbox 1893 2877 2066 2917; x_wconf 90' lang='lat' dir='ltr'><strong>sacra-</strong></span> 
     </span>
    </p>
   </div>
   <div class='ocr_carea' id='block_1_28' title="bbox 468 2947 2070 3015">
    <p class='ocr_par' dir='ltr' id='par_1_28' title="bbox 468 2947 2070 3015">
     <span class='ocr_line' id='line_1_28' title="bbox 468 2947 2070 3015; baseline 0.002 -11"><span class='ocrx_word' id='word_1_211' title='bbox 468 2956 718 3005; x_wconf 88' lang='lat' dir='ltr'><strong>mentum</strong></span> <span class='ocrx_word' id='word_1_212' title='bbox 749 2948 867 3005; x_wconf 93' lang='lat' dir='ltr'><strong>illic</strong></span> <span class='ocrx_word' id='word_1_213' title='bbox 894 2948 1061 3004; x_wconf 91' lang='lat' dir='ltr'><strong>unius</strong></span> <span class='ocrx_word' id='word_1_214' title='bbox 1089 2947 1209 3015; x_wconf 90' lang='lat' dir='ltr'><strong>Dei,</strong></span> <span class='ocrx_word' id='word_1_215' title='bbox 1239 2954 1294 3002; x_wconf 91' lang='lat' dir='ltr'><strong>et</strong></span> <span class='ocrx_word' id='word_1_216' title='bbox 1325 2948 1727 3005; x_wconf 89' lang='lat' dir='ltr'><strong>incarnationis</strong></span> <span class='ocrx_word' id='word_1_217' title='bbox 1753 2949 2070 3007; x_wconf 89' lang='lat' dir='ltr'><strong>continetur</strong></span> 
     </span>
    </p>
   </div>
   <div class='ocr_carea' id='block_1_29' title="bbox 473 3035 2068 3112">
    <p class='ocr_par' dir='ltr' id='par_1_29' title="bbox 473 3035 2068 3112">
     <span class='ocr_line' id='line_1_29' title="bbox 473 3035 2068 3112; baseline 0 -16"><span class='ocrx_word' id='word_1_218' title='bbox 473 3037 605 3096; x_wconf 89' lang='lat' dir='ltr'><strong>Filii</strong></span> <span class='ocrx_word' id='word_1_219' title='bbox 631 3037 734 3095; x_wconf 89' lang='lat' dir='ltr'><strong>Dei</strong></span> <span class='ocrx_word' id='word_1_220' title='bbox 762 3053 863 3110; x_wconf 90' lang='lat' dir='ltr'><strong>pro</strong></span> <span class='ocrx_word' id='word_1_221' title='bbox 883 3037 1060 3092; x_wconf 86' lang='lat' dir='ltr'><strong>salute</strong></span> <span class='ocrx_word' id='word_1_222' title='bbox 1088 3035 1352 3104; x_wconf 88' lang='lat' dir='ltr'><strong>humana,</strong></span> <span class='ocrx_word' id='word_1_223' title='bbox 1372 3035 1608 3093; x_wconf 86' lang='lat' dir='ltr'><strong>testibus</strong></span> <span class='ocrx_word' id='word_1_224' title='bbox 1633 3053 1916 3110; x_wconf 79' lang='lat' dir='ltr'><strong>signorum</strong></span> <span class='ocrx_word' id='word_1_225' title='bbox 1945 3055 2068 3112; x_wconf 85' lang='lat' dir='ltr'><strong>pro-</strong></span> 
     </span>
    </p>
   </div>
   <div class='ocr_carea' id='block_1_30' title="bbox 473 3125 1447 3200">
    <p class='ocr_par' dir='ltr' id='par_1_30' title="bbox 473 3125 1447 3200">
     <span class='ocr_line' id='line_1_30' title="bbox 473 3125 1447 3200; baseline -0.003 -17"><span class='ocrx_word' id='word_1_226' title='bbox 473 3125 658 3200; x_wconf 88' lang='lat' dir='ltr'><strong>digiis.</strong></span> <span class='ocrx_word' id='word_1_227' title='bbox 1444 3171 1447 3180; x_wconf 90' lang='lat'><strong>.</strong></span> 
     </span>
    </p>
   </div>
   <div class='ocr_carea' id='block_1_31' title="bbox 547 3223 2066 3301">
    <p class='ocr_par' dir='ltr' id='par_1_31' title="bbox 547 3223 2066 3301">
     <span class='ocr_line' id='line_1_31' title="bbox 547 3223 2066 3301; baseline 0.001 -18"><span class='ocrx_word' id='word_1_228' title='bbox 547 3225 732 3298; x_wconf 87' lang='lat' dir='ltr'><strong>(Vers.</strong></span> <span class='ocrx_word' id='word_1_229' title='bbox 765 3223 848 3297; x_wconf 87' lang='lat'><strong>3.)</strong></span> <span class='ocrx_word' id='word_1_230' title='bbox 889 3249 910 3274; x_wconf 74' lang='grc' dir='ltr'><strong>ι</strong></span> <span class='ocrx_word' id='word_1_231' title='bbox 944 3225 1023 3284; x_wconf 91' lang='lat' dir='ltr'><strong>De</strong></span> <span class='ocrx_word' id='word_1_232' title='bbox 1051 3223 1169 3281; x_wconf 87' lang='lat' dir='ltr'><strong>ﬁlio</strong></span> <span class='ocrx_word' id='word_1_233' title='bbox 1193 3240 1313 3282; x_wconf 91' lang='lat' dir='ltr'><strong>suo.</strong></span> <span class='ocrx_word' id='word_1_234' title='bbox 1343 3248 1361 3273; x_wconf 77' lang='grc' dir='ltr'><strong>ι</strong></span> <span class='ocrx_word' id='word_1_235' title='bbox 1404 3224 1644 3298; x_wconf 90' lang='lat' dir='ltr'><strong>Dignum</strong></span> <span class='ocrx_word' id='word_1_236' title='bbox 1692 3225 1820 3295; x_wconf 88' lang='lat' dir='ltr'><strong>fuit,</strong></span> <span class='ocrx_word' id='word_1_237' title='bbox 1848 3235 1910 3284; x_wconf 93' lang='lat' dir='ltr'><strong>ut</strong></span> <span class='ocrx_word' id='word_1_238' title='bbox 1939 3229 2066 3301; x_wconf 88' lang='lat' dir='ltr'><strong>quia</strong></span> 
     </span>
    </p>
   </div>
   <div class='ocr_carea' id='block_1_32' title="bbox 2162 693 3768 769">
    <p class='ocr_par' dir='ltr' id='par_1_32' title="bbox 2162 693 3768 769">
     <span class='ocr_line' id='line_1_32' title="bbox 2162 693 3768 769; baseline 0.001 -16"><span class='ocrx_word' id='word_1_239' title='bbox 2162 697 2339 754; x_wconf 87' lang='lat' dir='ltr'><strong>factus</strong></span> <span class='ocrx_word' id='word_1_240' title='bbox 2392 711 2554 769; x_wconf 90' lang='lat' dir='ltr'><strong>opere</strong></span> <span class='ocrx_word' id='word_1_241' title='bbox 2609 695 2846 769; x_wconf 89' lang='lat' dir='ltr'><strong>Spiritus</strong></span> <span class='ocrx_word' id='word_1_242' title='bbox 2902 695 3078 752; x_wconf 87' lang='lat' dir='ltr'><strong>sancti</strong></span> <span class='ocrx_word' id='word_1_243' title='bbox 3115 693 3181 750; x_wconf 92' lang='lat' dir='ltr'><strong>de</strong></span> <span class='ocrx_word' id='word_1_244' title='bbox 3221 695 3472 767; x_wconf 79' lang='lat' dir='ltr'><strong>Virgine,</strong></span> <span class='ocrx_word' id='word_1_245' title='bbox 3521 695 3628 753; x_wconf 89' lang='lat' dir='ltr'><strong>hoc</strong></span> <span class='ocrx_word' id='word_1_246' title='bbox 3682 706 3768 754; x_wconf 86' lang='lat' dir='ltr'><strong>est</strong></span> 
     </span>
    </p>
   </div>
   <div class='ocr_carea' id='block_1_33' title="bbox 2164 784 3765 852">
    <p class='ocr_par' dir='ltr' id='par_1_33' title="bbox 2164 784 3765 852">
     <span class='ocr_line' id='line_1_33' title="bbox 2164 784 3765 852; baseline 0 -9"><span class='ocrx_word' id='word_1_247' title='bbox 2164 794 2360 843; x_wconf 90' lang='lat' dir='ltr'><strong>natus:</strong></span> <span class='ocrx_word' id='word_1_248' title='bbox 2411 795 2474 842; x_wconf 92' lang='lat' dir='ltr'><strong>ut</strong></span> <span class='ocrx_word' id='word_1_249' title='bbox 2502 785 2808 842; x_wconf 91' lang='lat' dir='ltr'><strong>reverentia</strong></span> <span class='ocrx_word' id='word_1_250' title='bbox 2836 785 2885 842; x_wconf 87' lang='lat' dir='ltr'><strong>ei</strong></span> <span class='ocrx_word' id='word_1_251' title='bbox 2914 793 3209 852; x_wconf 89' lang='lat' dir='ltr'><strong>reservata,</strong></span> <span class='ocrx_word' id='word_1_252' title='bbox 3244 801 3314 840; x_wconf 81' lang='lat' dir='ltr'><strong>ex</strong></span> <span class='ocrx_word' id='word_1_253' title='bbox 3355 784 3463 841; x_wconf 90' lang='lat' dir='ltr'><strong>hoc</strong></span> <span class='ocrx_word' id='word_1_254' title='bbox 3489 786 3637 842; x_wconf 90' lang='lat' dir='ltr'><strong>ultra</strong></span> <span class='ocrx_word' id='word_1_255' title='bbox 3667 786 3765 844; x_wconf 84' lang='lat' dir='ltr'><strong>h0&#39;</strong></span> 
     </span>
    </p>
   </div>
   <div class='ocr_carea' id='block_1_34' title="bbox 2166 874 3767 950">
    <p class='ocr_par' dir='ltr' id='par_1_34' title="bbox 2166 874 3767 950">
     <span class='ocr_line' id='line_1_34' title="bbox 2166 874 3767 950; baseline 0.001 -17"><span class='ocrx_word' id='word_1_256' title='bbox 2166 879 2370 934; x_wconf 88' lang='lat' dir='ltr'><strong>minem</strong></span> <span class='ocrx_word' id='word_1_257' title='bbox 2402 883 2857 950; x_wconf 80' lang='lat' dir='ltr'><strong>cognosceretur;</strong></span> <span class='ocrx_word' id='word_1_258' title='bbox 2903 875 3033 948; x_wconf 86' lang='lat' dir='ltr'><strong>quia</strong></span> <span class='ocrx_word' id='word_1_259' title='bbox 3074 874 3142 930; x_wconf 87' lang='lat' dir='ltr'><strong>ab</strong></span> <span class='ocrx_word' id='word_1_260' title='bbox 3173 875 3428 932; x_wconf 68' lang='lat' dir='ltr'><strong>humanas</strong></span> <span class='ocrx_word' id='word_1_261' title='bbox 3454 875 3588 948; x_wconf 90' lang='lat' dir='ltr'><strong>legis</strong></span> <span class='ocrx_word' id='word_1_262' title='bbox 3625 878 3767 934; x_wconf 84' lang='lat' dir='ltr'><strong>nati-</strong></span> 
     </span>
    </p>
   </div>
   <div class='ocr_carea' id='block_1_35' title="bbox 2167 964 3766 1041">
    <p class='ocr_par' dir='ltr' id='par_1_35' title="bbox 2167 964 3766 1041">
     <span class='ocr_line' id='line_1_35' title="bbox 2167 964 3766 1041; baseline 0.001 -19"><span class='ocrx_word' id='word_1_263' title='bbox 2167 968 2336 1024; x_wconf 90' lang='lat' dir='ltr'><strong>vitate</strong></span> <span class='ocrx_word' id='word_1_264' title='bbox 2363 967 2610 1034; x_wconf 83' lang='lat' dir='ltr'><strong>distaret,</strong></span> <span class='ocrx_word' id='word_1_265' title='bbox 2634 966 2776 1023; x_wconf 87' lang='lat' dir='ltr'><strong>sicut</strong></span> <span class='ocrx_word' id='word_1_266' title='bbox 2797 964 3123 1038; x_wconf 75' lang='lat' dir='ltr'><strong>praedictum</strong></span> <span class='ocrx_word' id='word_1_267' title='bbox 3151 965 3330 1021; x_wconf 85' lang='lat' dir='ltr'><strong>fuerat</strong></span> <span class='ocrx_word' id='word_1_268' title='bbox 3357 965 3427 1021; x_wconf 91' lang='lat' dir='ltr'><strong>ab</strong></span> <span class='ocrx_word' id='word_1_269' title='bbox 3457 967 3597 1022; x_wconf 84' lang='lat' dir='ltr'><strong>Isaia</strong></span> <span class='ocrx_word' id='word_1_270' title='bbox 3625 983 3766 1041; x_wconf 92' lang='lat' dir='ltr'><strong>pro-</strong></span> 
     </span>
    </p>
   </div>
   <div class='ocr_carea' id='block_1_36' title="bbox 2169 1055 3766 1130">
    <p class='ocr_par' dir='ltr' id='par_1_36' title="bbox 2169 1055 3766 1130">
     <span class='ocr_line' id='line_1_36' title="bbox 2169 1055 3766 1130; baseline 0.002 -18"><span class='ocrx_word' id='word_1_271' title='bbox 2169 1057 2367 1130; x_wconf 86' lang='lat' dir='ltr'><strong>pheta:</strong></span> <span class='ocrx_word' id='word_1_272' title='bbox 2413 1080 2432 1104; x_wconf 75' lang='grc' dir='ltr'><strong>ι</strong></span> <span class='ocrx_word' id='word_1_273' title='bbox 2463 1057 2604 1114; x_wconf 89' lang='lat' dir='ltr'><strong>Ecce</strong></span> <span class='ocrx_word' id='word_1_274' title='bbox 2653 1061 2811 1127; x_wconf 87' lang='lat' dir='ltr'><strong>virgo</strong></span> <span class='ocrx_word' id='word_1_275' title='bbox 2861 1055 2918 1111; x_wconf 93' lang='lat' dir='ltr'><strong>in</strong></span> <span class='ocrx_word' id='word_1_276' title='bbox 2958 1064 3116 1112; x_wconf 88' lang='lat' dir='ltr'><strong>utero</strong></span> <span class='ocrx_word' id='word_1_277' title='bbox 3163 1055 3438 1127; x_wconf 89' lang='lat' dir='ltr'><strong>concipiet</strong></span> <span class='ocrx_word' id='word_1_278' title='bbox 3482 1057 3617 1128; x_wconf 81' lang='lat' dir='ltr'><strong>(Isa.</strong></span> <span class='ocrx_word' id='word_1_279' title='bbox 3663 1073 3766 1126; x_wconf 83' lang='lat' dir='ltr'><strong>vn,</strong></span> 
     </span>
    </p>
   </div>
   <div class='ocr_carea' id='block_1_37' title="bbox 2174 1145 3768 1218">
    <p class='ocr_par' dir='ltr' id='par_1_37' title="bbox 2174 1145 3768 1218">
     <span class='ocr_line' id='line_1_37' title="bbox 2174 1145 3768 1218; baseline 0 -14"><span class='ocrx_word' id='word_1_280' title='bbox 2174 1149 2285 1218; x_wconf 74' lang='grc'>14),</span> <span class='ocrx_word' id='word_1_281' title='bbox 2335 1172 2353 1194; x_wconf 81' lang='grc' dir='ltr'><strong>ι</strong></span> <span class='ocrx_word' id='word_1_282' title='bbox 2405 1155 2466 1203; x_wconf 89' lang='grc' dir='ltr'><strong>ιιι</strong></span> <span class='ocrx_word' id='word_1_283' title='bbox 2509 1163 2635 1203; x_wconf 89' lang='lat' dir='ltr'><strong>cum</strong></span> <span class='ocrx_word' id='word_1_284' title='bbox 2680 1162 2890 1201; x_wconf 91' lang='lat' dir='ltr'><strong>novum</strong></span> <span class='ocrx_word' id='word_1_285' title='bbox 2927 1145 3134 1202; x_wconf 87' lang='lat' dir='ltr'><strong>factum</strong></span> <span class='ocrx_word' id='word_1_286' title='bbox 3185 1145 3487 1215; x_wconf 89' lang='lat' dir='ltr'><strong>videretur,</strong></span> <span class='ocrx_word' id='word_1_287' title='bbox 3517 1163 3581 1204; x_wconf 91' lang='lat' dir='ltr'><strong>ac</strong></span> <span class='ocrx_word' id='word_1_288' title='bbox 3609 1147 3768 1204; x_wconf 86' lang='lat' dir='ltr'><strong>laude</strong></span> 
     </span>
    </p>
   </div>
   <div class='ocr_carea' id='block_1_38' title="bbox 2171 1233 3768 1308">
    <p class='ocr_par' dir='ltr' id='par_1_38' title="bbox 2171 1233 3768 1308">
     <span class='ocr_line' id='line_1_38' title="bbox 2171 1233 3768 1308; baseline -0.001 -16"><span class='ocrx_word' id='word_1_289' title='bbox 2171 1235 2420 1308; x_wconf 90' lang='lat' dir='ltr'><strong>dignum,</strong></span> <span class='ocrx_word' id='word_1_290' title='bbox 2446 1234 2793 1308; x_wconf 91' lang='lat' dir='ltr'><strong>providentia</strong></span> <span class='ocrx_word' id='word_1_291' title='bbox 2814 1233 3062 1308; x_wconf 83' lang='lat' dir='ltr'><strong>quaedam</strong></span> <span class='ocrx_word' id='word_1_292' title='bbox 3084 1233 3183 1291; x_wconf 89' lang='lat' dir='ltr'><strong>Dei</strong></span> <span class='ocrx_word' id='word_1_293' title='bbox 3213 1235 3362 1290; x_wconf 91' lang='lat' dir='ltr'><strong>circa</strong></span> <span class='ocrx_word' id='word_1_294' title='bbox 3391 1233 3768 1291; x_wconf 85' lang='lat' dir='ltr'><strong>visitationem</strong></span> 
     </span>
    </p>
   </div>
   <div class='ocr_carea' id='block_1_39' title="bbox 2173 1324 3328 1398">
    <p class='ocr_par' dir='ltr' id='par_1_39' title="bbox 2173 1324 3328 1398">
     <span class='ocr_line' id='line_1_39' title="bbox 2173 1324 3328 1398; baseline -0.003 -15"><span class='ocrx_word' id='word_1_295' title='bbox 2173 1326 2403 1383; x_wconf 87' lang='lat' dir='ltr'><strong>humani</strong></span> <span class='ocrx_word' id='word_1_296' title='bbox 2433 1325 2646 1398; x_wconf 89' lang='lat' dir='ltr'><strong>generis</strong></span> <span class='ocrx_word' id='word_1_297' title='bbox 2677 1325 2864 1380; x_wconf 85' lang='lat' dir='ltr'><strong>futura</strong></span> <span class='ocrx_word' id='word_1_298' title='bbox 2893 1324 3328 1396; x_wconf 90' lang='lat' dir='ltr'><strong>dignosceretur.</strong></span> 
     </span>
    </p>
   </div>
   <div class='ocr_carea' id='block_1_40' title="bbox 2248 1421 3770 1496">
    <p class='ocr_par' dir='ltr' id='par_1_40' title="bbox 2248 1421 3770 1496">
     <span class='ocr_line' id='line_1_40' title="bbox 2248 1421 3770 1496; baseline 0 -17"><span class='ocrx_word' id='word_1_299' title='bbox 2248 1425 2430 1496; x_wconf 89' lang='lat' dir='ltr'><strong>(Vers.</strong></span> <span class='ocrx_word' id='word_1_300' title='bbox 2463 1423 2544 1494; x_wconf 72' lang='grc'><strong>4.)</strong></span> <span class='ocrx_word' id='word_1_301' title='bbox 2589 1447 2608 1470; x_wconf 76' lang='grc' dir='ltr'><strong>ι</strong></span> <span class='ocrx_word' id='word_1_302' title='bbox 2637 1422 2742 1490; x_wconf 88' lang='lat' dir='ltr'><strong>Qui</strong></span> <span class='ocrx_word' id='word_1_303' title='bbox 2772 1421 3194 1494; x_wconf 77' lang='lat' dir='ltr'><strong>praedestinatus</strong></span> <span class='ocrx_word' id='word_1_304' title='bbox 3239 1429 3321 1478; x_wconf 92' lang='lat' dir='ltr'><strong>est</strong></span> <span class='ocrx_word' id='word_1_305' title='bbox 3365 1421 3540 1478; x_wconf 87' lang='lat' dir='ltr'><strong>Filius</strong></span> <span class='ocrx_word' id='word_1_306' title='bbox 3576 1423 3676 1479; x_wconf 91' lang='lat' dir='ltr'><strong>Dei</strong></span> <span class='ocrx_word' id='word_1_307' title='bbox 3709 1423 3770 1479; x_wconf 91' lang='lat' dir='ltr'><strong>in</strong></span> 
     </span>
    </p>
   </div>
   <div class='ocr_carea' id='block_1_41' title="bbox 2175 1514 3769 1588">
    <p class='ocr_par' dir='ltr' id='par_1_41' title="bbox 2175 1514 3769 1588">
     <span class='ocr_line' id='line_1_41' title="bbox 2175 1514 3769 1588; baseline -0.002 -15"><span class='ocrx_word' id='word_1_308' title='bbox 2175 1518 2382 1576; x_wconf 87' lang='lat' dir='ltr'><strong>virtute</strong></span> <span class='ocrx_word' id='word_1_309' title='bbox 2430 1518 2732 1574; x_wconf 89' lang='lat' dir='ltr'><strong>secundum</strong></span> <span class='ocrx_word' id='word_1_310' title='bbox 2779 1515 3033 1588; x_wconf 89' lang='lat' dir='ltr'><strong>spiritum</strong></span> <span class='ocrx_word' id='word_1_311' title='bbox 3087 1514 3540 1571; x_wconf 90' lang='lat' dir='ltr'><strong>sanctiﬁcationis</strong></span> <span class='ocrx_word' id='word_1_312' title='bbox 3577 1532 3647 1572; x_wconf 88' lang='lat' dir='ltr'><strong>ex</strong></span> <span class='ocrx_word' id='word_1_313' title='bbox 3689 1531 3769 1571; x_wconf 83' lang='lat' dir='ltr'><strong>re-</strong></span> 
     </span>
    </p>
   </div>
   <div class='ocr_carea' id='block_1_42' title="bbox 2174 1604 3774 1665">
    <p class='ocr_par' dir='ltr' id='par_1_42' title="bbox 2174 1604 3774 1665">
     <span class='ocr_line' id='line_1_42' title="bbox 2174 1604 3774 1665; baseline -0.002 -1"><span class='ocrx_word' id='word_1_314' title='bbox 2174 1609 2513 1665; x_wconf 89' lang='lat' dir='ltr'><strong>surrectione</strong></span> <span class='ocrx_word' id='word_1_315' title='bbox 2561 1614 2902 1663; x_wconf 91' lang='lat' dir='ltr'><strong>mortuorum</strong></span> <span class='ocrx_word' id='word_1_316' title='bbox 2957 1606 3084 1661; x_wconf 87' lang='lat' dir='ltr'><strong>Jesu</strong></span> <span class='ocrx_word' id='word_1_317' title='bbox 3133 1604 3342 1662; x_wconf 84' lang='lat' dir='ltr'><strong>Christi</strong></span> <span class='ocrx_word' id='word_1_318' title='bbox 3400 1605 3624 1661; x_wconf 83' lang='lat' dir='ltr'><strong>Domini</strong></span> <span class='ocrx_word' id='word_1_319' title='bbox 3675 1621 3774 1661; x_wconf 89' lang='lat' dir='ltr'><strong>no-</strong></span> 
     </span>
    </p>
   </div>
   <div class='ocr_carea' id='block_1_43' title="bbox 2174 1695 3768 1767">
    <p class='ocr_par' dir='ltr' id='par_1_43' title="bbox 2174 1695 3768 1767">
     <span class='ocr_line' id='line_1_43' title="bbox 2174 1695 3768 1767; baseline -0.004 -11"><span class='ocrx_word' id='word_1_320' title='bbox 2174 1699 2295 1756; x_wconf 91' lang='lat' dir='ltr'><strong>stri.</strong></span> <span class='ocrx_word' id='word_1_321' title='bbox 2318 1723 2337 1746; x_wconf 75' lang='grc' dir='ltr'><strong>ι</strong></span> <span class='ocrx_word' id='word_1_322' title='bbox 2365 1699 2567 1757; x_wconf 87' lang='lat' dir='ltr'><strong>Filium</strong></span> <span class='ocrx_word' id='word_1_323' title='bbox 2601 1697 2699 1754; x_wconf 91' lang='lat' dir='ltr'><strong>Dei</strong></span> <span class='ocrx_word' id='word_1_324' title='bbox 2730 1696 3168 1763; x_wconf 89' lang='lat' dir='ltr'><strong>dicens,Patrem</strong></span> <span class='ocrx_word' id='word_1_325' title='bbox 3191 1695 3528 1767; x_wconf 88' lang='lat' dir='ltr'><strong>signiﬁcavit</strong></span> <span class='ocrx_word' id='word_1_326' title='bbox 3556 1697 3768 1752; x_wconf 89' lang='lat' dir='ltr'><strong>Deum:</strong></span> 
     </span>
    </p>
   </div>
   <div class='ocr_carea' id='block_1_44' title="bbox 2175 1785 3773 1860">
    <p class='ocr_par' dir='ltr' id='par_1_44' title="bbox 2175 1785 3773 1860">
     <span class='ocr_line' id='line_1_44' title="bbox 2175 1785 3773 1860; baseline -0.004 -14"><span class='ocrx_word' id='word_1_327' title='bbox 2175 1790 2364 1846; x_wconf 87' lang='lat' dir='ltr'><strong>addito</strong></span> <span class='ocrx_word' id='word_1_328' title='bbox 2410 1799 2591 1846; x_wconf 90' lang='lat' dir='ltr'><strong>autem</strong></span> <span class='ocrx_word' id='word_1_329' title='bbox 2632 1788 2833 1860; x_wconf 90' lang='lat' dir='ltr'><strong>spiritu</strong></span> <span class='ocrx_word' id='word_1_330' title='bbox 2871 1785 3346 1853; x_wconf 84' lang='lat' dir='ltr'><strong>sanctiﬁcationis,</strong></span> <span class='ocrx_word' id='word_1_331' title='bbox 3383 1786 3622 1842; x_wconf 87' lang='lat' dir='ltr'><strong>ostendit</strong></span> <span class='ocrx_word' id='word_1_332' title='bbox 3656 1803 3773 1858; x_wconf 85' lang='lat' dir='ltr'><strong>my-</strong></span> 
     </span>
    </p>
   </div>
   <div class='ocr_carea' id='block_1_45' title="bbox 2175 1874 3773 1951">
    <p class='ocr_par' dir='ltr' id='par_1_45' title="bbox 2175 1874 3773 1951">
     <span class='ocr_line' id='line_1_45' title="bbox 2175 1874 3773 1951; baseline -0.003 -16"><span class='ocrx_word' id='word_1_333' title='bbox 2175 1881 2402 1936; x_wconf 89' lang='lat' dir='ltr'><strong>sterium</strong></span> <span class='ocrx_word' id='word_1_334' title='bbox 2448 1879 2754 1936; x_wconf 88' lang='lat' dir='ltr'><strong>Trinitatis.</strong></span> <span class='ocrx_word' id='word_1_335' title='bbox 2804 1877 2905 1933; x_wconf 82' lang='lat' dir='ltr'><strong>llic</strong></span> <span class='ocrx_word' id='word_1_336' title='bbox 2961 1894 3086 1949; x_wconf 91' lang='lat' dir='ltr'><strong>ergo</strong></span> <span class='ocrx_word' id='word_1_337' title='bbox 3129 1876 3224 1951; x_wconf 90' lang='lat' dir='ltr'><strong>qui</strong></span> <span class='ocrx_word' id='word_1_338' title='bbox 3272 1875 3587 1933; x_wconf 89' lang='lat' dir='ltr'><strong>incarnatus</strong></span> <span class='ocrx_word' id='word_1_339' title='bbox 3629 1874 3773 1947; x_wconf 88' lang='lat'><strong>(22),</strong></span> 
     </span>
    </p>
   </div>
   <div class='ocr_carea' id='block_1_46' title="bbox 2092 1964 3774 2048">
    <p class='ocr_par' dir='ltr' id='par_1_46' title="bbox 2092 1964 3774 2048">
     <span class='ocr_line' id='line_1_46' title="bbox 2092 1964 3774 2048; baseline -0.006 -19"><span class='ocrx_word' id='word_1_340' title='bbox 2092 1972 2138 2032; x_wconf 90' lang='lat' dir='ltr'><strong>B</strong></span> <span class='ocrx_word' id='word_1_341' title='bbox 2173 1971 2308 2043; x_wconf 89' lang='lat' dir='ltr'><strong>quid</strong></span> <span class='ocrx_word' id='word_1_342' title='bbox 2338 1978 2477 2026; x_wconf 90' lang='lat' dir='ltr'><strong>esset</strong></span> <span class='ocrx_word' id='word_1_343' title='bbox 2539 1969 2770 2035; x_wconf 86' lang='lat' dir='ltr'><strong>latebat;</strong></span> <span class='ocrx_word' id='word_1_344' title='bbox 2814 1976 2948 2024; x_wconf 90' lang='lat' dir='ltr'><strong>tunc</strong></span> <span class='ocrx_word' id='word_1_345' title='bbox 2994 1964 3412 2038; x_wconf 70' lang='lat' dir='ltr'><strong>prazdestinatus</strong></span> <span class='ocrx_word' id='word_1_346' title='bbox 3463 1972 3546 2020; x_wconf 90' lang='lat' dir='ltr'><strong>est</strong></span> <span class='ocrx_word' id='word_1_347' title='bbox 3583 1979 3774 2048; x_wconf 59' lang='lat' dir='ltr'><strong>secun:</strong></span> 
     </span>
    </p>
   </div>
   <div class='ocr_carea' id='block_1_47' title="bbox 2175 2056 3776 2132">
    <p class='ocr_par' dir='ltr' id='par_1_47' title="bbox 2175 2056 3776 2132">
     <span class='ocr_line' id='line_1_47' title="bbox 2175 2056 3776 2132; baseline -0.004 -16"><span class='ocrx_word' id='word_1_348' title='bbox 2175 2061 2305 2116; x_wconf 91' lang='lat' dir='ltr'><strong>dum</strong></span> <span class='ocrx_word' id='word_1_349' title='bbox 2338 2061 2594 2132; x_wconf 88' lang='lat' dir='ltr'><strong>spiritum</strong></span> <span class='ocrx_word' id='word_1_350' title='bbox 2625 2057 3079 2116; x_wconf 85' lang='lat' dir='ltr'><strong>sanctiﬁcationis</strong></span> <span class='ocrx_word' id='word_1_351' title='bbox 3110 2057 3167 2112; x_wconf 89' lang='lat' dir='ltr'><strong>in</strong></span> <span class='ocrx_word' id='word_1_352' title='bbox 3197 2059 3405 2113; x_wconf 87' lang='lat' dir='ltr'><strong>virtute</strong></span> <span class='ocrx_word' id='word_1_353' title='bbox 3435 2056 3776 2112; x_wconf 80' lang='lat' dir='ltr'><strong>manifestar1</strong></span> 
     </span>
    </p>
   </div>
   <div class='ocr_carea' id='block_1_48' title="bbox 2176 2146 3776 2218">
    <p class='ocr_par' dir='ltr' id='par_1_48' title="bbox 2176 2146 3776 2218">
     <span class='ocr_line' id='line_1_48' title="bbox 2176 2146 3776 2218; baseline -0.004 -10"><span class='ocrx_word' id='word_1_354' title='bbox 2176 2150 2352 2208; x_wconf 90' lang='lat' dir='ltr'><strong>Filius</strong></span> <span class='ocrx_word' id='word_1_355' title='bbox 2392 2149 2516 2217; x_wconf 91' lang='lat' dir='ltr'><strong>Dei,</strong></span> <span class='ocrx_word' id='word_1_356' title='bbox 2556 2164 2682 2205; x_wconf 89' lang='lat' dir='ltr'><strong>cum</strong></span> <span class='ocrx_word' id='word_1_357' title='bbox 2727 2147 2962 2218; x_wconf 80' lang='lat' dir='ltr'><strong>resurgit</strong></span> <span class='ocrx_word' id='word_1_358' title='bbox 2992 2163 3023 2202; x_wconf 89' lang='lat' dir='ltr'><strong>a</strong></span> <span class='ocrx_word' id='word_1_359' title='bbox 3049 2147 3302 2215; x_wconf 90' lang='lat' dir='ltr'><strong>mortuis,</strong></span> <span class='ocrx_word' id='word_1_360' title='bbox 3335 2146 3478 2202; x_wconf 88' lang='lat' dir='ltr'><strong>sicut</strong></span> <span class='ocrx_word' id='word_1_361' title='bbox 3508 2147 3776 2218; x_wconf 89' lang='lat' dir='ltr'><strong>scriptum</strong></span> 
     </span>
    </p>
   </div>
   <div class='ocr_carea' id='block_1_49' title="bbox 2177 2233 3779 2309">
    <p class='ocr_par' dir='ltr' id='par_1_49' title="bbox 2177 2233 3779 2309">
     <span class='ocr_line' id='line_1_49' title="bbox 2177 2233 3779 2309; baseline -0.004 -13"><span class='ocrx_word' id='word_1_362' title='bbox 2177 2248 2260 2296; x_wconf 88' lang='lat' dir='ltr'><strong>est</strong></span> <span class='ocrx_word' id='word_1_363' title='bbox 2317 2239 2373 2294; x_wconf 91' lang='lat' dir='ltr'><strong>in</strong></span> <span class='ocrx_word' id='word_1_364' title='bbox 2433 2237 2644 2309; x_wconf 91' lang='lat' dir='ltr'><strong>psalmo</strong></span> <span class='ocrx_word' id='word_1_365' title='bbox 2689 2236 3024 2308; x_wconf 87' lang='lat' dir='ltr'><strong>octogesimo</strong></span> <span class='ocrx_word' id='word_1_366' title='bbox 3080 2242 3308 2308; x_wconf 87' lang='lat' dir='ltr'><strong>quarto:</strong></span> <span class='ocrx_word' id='word_1_367' title='bbox 3371 2259 3389 2283; x_wconf 75' lang='grc' dir='ltr'><strong>ι</strong></span> <span class='ocrx_word' id='word_1_368' title='bbox 3436 2233 3654 2290; x_wconf 85' lang='lat' dir='ltr'><strong>Veritas</strong></span> <span class='ocrx_word' id='word_1_369' title='bbox 3709 2233 3779 2290; x_wconf 90' lang='lat' dir='ltr'><strong>de</strong></span> 
     </span>
    </p>
   </div>
   <div class='ocr_carea' id='block_1_50' title="bbox 2177 2323 3778 2399">
    <p class='ocr_par' dir='ltr' id='par_1_50' title="bbox 2177 2323 3778 2399">
     <span class='ocr_line' id='line_1_50' title="bbox 2177 2323 3778 2399; baseline -0.005 -12"><span class='ocrx_word' id='word_1_370' title='bbox 2177 2338 2323 2387; x_wconf 89' lang='lat' dir='ltr'><strong>terra</strong></span> <span class='ocrx_word' id='word_1_371' title='bbox 2378 2336 2497 2384; x_wconf 91' lang='lat' dir='ltr'><strong>orta</strong></span> <span class='ocrx_word' id='word_1_372' title='bbox 2538 2334 2620 2382; x_wconf 91' lang='lat' dir='ltr'><strong>est</strong></span> <span class='ocrx_word' id='word_1_373' title='bbox 2669 2326 2843 2399; x_wconf 85' lang='lat' dir='ltr'><strong>(Psat.</strong></span> <span class='ocrx_word' id='word_1_374' title='bbox 2904 2341 3136 2393; x_wconf 82' lang='lat' dir='ltr'><strong>Lxxxw,</strong></span> <span class='ocrx_word' id='word_1_375' title='bbox 3172 2324 3283 2396; x_wconf 91' lang='grc'>12).</span> <span class='ocrx_word' id='word_1_376' title='bbox 3324 2347 3343 2372; x_wconf 76' lang='grc' dir='ltr'><strong>ι</strong></span> <span class='ocrx_word' id='word_1_377' title='bbox 3385 2323 3580 2381; x_wconf 91' lang='lat' dir='ltr'><strong>Omnis</strong></span> <span class='ocrx_word' id='word_1_378' title='bbox 3626 2323 3778 2380; x_wconf 89' lang='lat' dir='ltr'><strong>enim</strong></span> 
     </span>
    </p>
   </div>
   <div class='ocr_carea' id='block_1_51' title="bbox 2177 2414 3780 2492">
    <p class='ocr_par' dir='ltr' id='par_1_51' title="bbox 2177 2414 3780 2492">
     <span class='ocr_line' id='line_1_51' title="bbox 2177 2414 3780 2492; baseline -0.003 -16"><span class='ocrx_word' id='word_1_379' title='bbox 2177 2419 2506 2492; x_wconf 88' lang='lat' dir='ltr'><strong>ambiguitas</strong></span> <span class='ocrx_word' id='word_1_380' title='bbox 2535 2426 2589 2475; x_wconf 91' lang='lat' dir='ltr'><strong>et</strong></span> <span class='ocrx_word' id='word_1_381' title='bbox 2618 2415 2928 2473; x_wconf 78' lang='lat' dir='ltr'><strong>difﬁdentia</strong></span> <span class='ocrx_word' id='word_1_382' title='bbox 2974 2414 3373 2472; x_wconf 89' lang='lat' dir='ltr'><strong>resurrectione</strong></span> <span class='ocrx_word' id='word_1_383' title='bbox 3423 2414 3542 2488; x_wconf 87' lang='lat' dir='ltr'><strong>ejus</strong></span> <span class='ocrx_word' id='word_1_384' title='bbox 3571 2414 3780 2473; x_wconf 85' lang='lat' dir='ltr'><strong>calcata</strong></span> 
     </span>
    </p>
   </div>
   <div class='ocr_carea' id='block_1_52' title="bbox 2179 2503 3780 2581">
    <p class='ocr_par' dir='ltr' id='par_1_52' title="bbox 2179 2503 3780 2581">
     <span class='ocr_line' id='line_1_52' title="bbox 2179 2503 3780 2581; baseline -0.006 -13"><span class='ocrx_word' id='word_1_385' title='bbox 2179 2519 2279 2578; x_wconf 91' lang='lat' dir='ltr'><strong>est,</strong></span> <span class='ocrx_word' id='word_1_386' title='bbox 2331 2518 2386 2566; x_wconf 91' lang='lat' dir='ltr'><strong>et</strong></span> <span class='ocrx_word' id='word_1_387' title='bbox 2413 2523 2723 2581; x_wconf 91' lang='lat' dir='ltr'><strong>compressa</strong></span> <span class='ocrx_word' id='word_1_388' title='bbox 2753 2524 2766 2572; x_wconf 91' lang='lat'><strong>;</strong></span> <span class='ocrx_word' id='word_1_389' title='bbox 2809 2505 3090 2578; x_wconf 89' lang='lat' dir='ltr'><strong>siquidem</strong></span> <span class='ocrx_word' id='word_1_390' title='bbox 3130 2503 3311 2560; x_wconf 88' lang='lat' dir='ltr'><strong>adhuc</strong></span> <span class='ocrx_word' id='word_1_391' title='bbox 3342 2504 3399 2560; x_wconf 93' lang='lat' dir='ltr'><strong>in</strong></span> <span class='ocrx_word' id='word_1_392' title='bbox 3429 2520 3591 2561; x_wconf 89' lang='lat' dir='ltr'><strong>cruce</strong></span> <span class='ocrx_word' id='word_1_393' title='bbox 3619 2503 3780 2576; x_wconf 90' lang='lat' dir='ltr'><strong>posi-</strong></span> 
     </span>
    </p>
   </div>
   <div class='ocr_carea' id='block_1_53' title="bbox 2179 2592 3782 2668">
    <p class='ocr_par' dir='ltr' id='par_1_53' title="bbox 2179 2592 3782 2668">
     <span class='ocr_line' id='line_1_53' title="bbox 2179 2592 3782 2668; baseline -0.006 -10"><span class='ocrx_word' id='word_1_394' title='bbox 2179 2609 2319 2668; x_wconf 89' lang='lat' dir='ltr'><strong>tum,</strong></span> <span class='ocrx_word' id='word_1_395' title='bbox 2341 2597 2592 2656; x_wconf 89' lang='lat' dir='ltr'><strong>centurio</strong></span> <span class='ocrx_word' id='word_1_396' title='bbox 2615 2595 2811 2652; x_wconf 90' lang='lat' dir='ltr'><strong>videns</strong></span> <span class='ocrx_word' id='word_1_397' title='bbox 2833 2594 3124 2666; x_wconf 90' lang='lat' dir='ltr'><strong>magnalia,</strong></span> <span class='ocrx_word' id='word_1_398' title='bbox 3138 2593 3237 2650; x_wconf 91' lang='lat' dir='ltr'><strong>Dei</strong></span> <span class='ocrx_word' id='word_1_399' title='bbox 3258 2593 3462 2649; x_wconf 89' lang='lat' dir='ltr'><strong>Filium</strong></span> <span class='ocrx_word' id='word_1_400' title='bbox 3484 2592 3782 2650; x_wconf 87' lang='lat' dir='ltr'><strong>conﬁtetur</strong></span> 
     </span>
    </p>
   </div>
   <div class='ocr_carea' id='block_1_54' title="bbox 2183 2682 3781 2758">
    <p class='ocr_par' dir='ltr' id='par_1_54' title="bbox 2183 2682 3781 2758">
     <span class='ocr_line' id='line_1_54' title="bbox 2183 2682 3781 2758; baseline -0.004 -14"><span class='ocrx_word' id='word_1_401' title='bbox 2183 2690 2395 2758; x_wconf 83' lang='lat' dir='ltr'><strong>(Matth.</strong></span> <span class='ocrx_word' id='word_1_402' title='bbox 2425 2704 2603 2753; x_wconf 79' lang='lat' dir='ltr'><strong>xxvii,</strong></span> <span class='ocrx_word' id='word_1_403' title='bbox 2635 2685 2752 2755; x_wconf 75' lang='grc'><strong>54).</strong></span> <span class='ocrx_word' id='word_1_404' title='bbox 2787 2689 2886 2747; x_wconf 84' lang='lat'><strong>28</strong></span> <span class='ocrx_word' id='word_1_405' title='bbox 2913 2685 3049 2740; x_wconf 89' lang='lat' dir='ltr'><strong>Nam</strong></span> <span class='ocrx_word' id='word_1_406' title='bbox 3101 2693 3155 2740; x_wconf 91' lang='lat' dir='ltr'><strong>et</strong></span> <span class='ocrx_word' id='word_1_407' title='bbox 3198 2682 3460 2756; x_wconf 88' lang='lat' dir='ltr'><strong>discipuli</strong></span> <span class='ocrx_word' id='word_1_408' title='bbox 3491 2683 3552 2738; x_wconf 93' lang='lat' dir='ltr'><strong>in</strong></span> <span class='ocrx_word' id='word_1_409' title='bbox 3603 2689 3781 2738; x_wconf 90' lang='lat' dir='ltr'><strong>morte</strong></span> 
     </span>
    </p>
   </div>
   <div class='ocr_carea' id='block_1_55' title="bbox 2181 2781 3775 2858">
    <p class='ocr_par' dir='ltr' id='par_1_55' title="bbox 2181 2781 3775 2858">
     <span class='ocr_line' id='line_1_55' title="bbox 2181 2781 3775 2858; baseline -0.003 -16"><span class='ocrx_word' id='word_1_410' title='bbox 2181 2785 2298 2858; x_wconf 87' lang='lat' dir='ltr'><strong>ejus</strong></span> <span class='ocrx_word' id='word_1_411' title='bbox 2349 2785 2766 2851; x_wconf 89' lang='lat' dir='ltr'><strong>dubitaverunt,</strong></span> <span class='ocrx_word' id='word_1_412' title='bbox 2799 2781 3019 2839; x_wconf 89' lang='lat' dir='ltr'><strong>dicente</strong></span> <span class='ocrx_word' id='word_1_413' title='bbox 3075 2781 3318 2854; x_wconf 89' lang='lat' dir='ltr'><strong>Cleopha</strong></span> <span class='ocrx_word' id='word_1_414' title='bbox 3364 2783 3422 2838; x_wconf 89' lang='lat' dir='ltr'><strong>in</strong></span> <span class='ocrx_word' id='word_1_415' title='bbox 3467 2783 3775 2838; x_wconf 86' lang='lat' dir='ltr'><strong>Emmaus:</strong></span> 
     </span>
    </p>
   </div>
   <div class='ocr_carea' id='block_1_56' title="bbox 2195 2868 3782 2948">
    <p class='ocr_par' dir='ltr' id='par_1_56' title="bbox 2195 2868 3782 2948">
     <span class='ocr_line' id='line_1_56' title="bbox 2195 2868 3782 2948; baseline -0.001 -22"><span class='ocrx_word' id='word_1_416' title='bbox 2195 2903 2213 2926; x_wconf 78' lang='grc' dir='ltr'><strong>ι</strong></span> <span class='ocrx_word' id='word_1_417' title='bbox 2241 2877 2351 2932; x_wconf 87' lang='lat' dir='ltr'><strong>Nos</strong></span> <span class='ocrx_word' id='word_1_418' title='bbox 2380 2874 2708 2948; x_wconf 87' lang='lat' dir='ltr'><strong>putabamus</strong></span> <span class='ocrx_word' id='word_1_419' title='bbox 2757 2872 2887 2946; x_wconf 91' lang='lat' dir='ltr'><strong>quia</strong></span> <span class='ocrx_word' id='word_1_420' title='bbox 2937 2871 3054 2944; x_wconf 90' lang='lat' dir='ltr'><strong>ipse</strong></span> <span class='ocrx_word' id='word_1_421' title='bbox 3106 2879 3222 2927; x_wconf 89' lang='lat' dir='ltr'><strong>erat</strong></span> <span class='ocrx_word' id='word_1_422' title='bbox 3250 2871 3344 2944; x_wconf 93' lang='lat' dir='ltr'><strong>qui</strong></span> <span class='ocrx_word' id='word_1_423' title='bbox 3371 2869 3670 2944; x_wconf 89' lang='lat' dir='ltr'><strong>incipiebat</strong></span> <span class='ocrx_word' id='word_1_424' title='bbox 3701 2868 3782 2926; x_wconf 90' lang='lat' dir='ltr'><strong>li-</strong></span> 
     </span>
    </p>
   </div>
   <div class='ocr_carea' id='block_1_57' title="bbox 2178 2961 3785 3038">
    <p class='ocr_par' dir='ltr' id='par_1_57' title="bbox 2178 2961 3785 3038">
     <span class='ocr_line' id='line_1_57' title="bbox 2178 2961 3785 3038; baseline -0.002 -16"><span class='ocrx_word' id='word_1_425' title='bbox 2178 2967 2369 3023; x_wconf 88' lang='lat' dir='ltr'><strong>berare</strong></span> <span class='ocrx_word' id='word_1_426' title='bbox 2415 2966 2577 3022; x_wconf 90' lang='lat' dir='ltr'><strong>Israel</strong></span> <span class='ocrx_word' id='word_1_427' title='bbox 2620 2965 2772 3038; x_wconf 85' lang='lat' dir='ltr'><strong>(Luc.</strong></span> <span class='ocrx_word' id='word_1_428' title='bbox 2803 2981 2962 3031; x_wconf 82' lang='lat' dir='ltr'><strong>xxiv,</strong></span> <span class='ocrx_word' id='word_1_429' title='bbox 3006 2963 3121 3034; x_wconf 91' lang='grc'>21).</span> <span class='ocrx_word' id='word_1_430' title='bbox 3163 2987 3181 3012; x_wconf 73' lang='grc' dir='ltr'><strong>ι</strong></span> <span class='ocrx_word' id='word_1_431' title='bbox 3226 2962 3297 3019; x_wconf 85' lang='grc' dir='ltr'>Ει</span> <span class='ocrx_word' id='word_1_432' title='bbox 3343 2962 3459 3035; x_wconf 89' lang='lat' dir='ltr'><strong>ipse</strong></span> <span class='ocrx_word' id='word_1_433' title='bbox 3512 2961 3785 3019; x_wconf 90' lang='lat' dir='ltr'><strong>Dominus</strong></span> 
     </span>
    </p>
   </div>
   <div class='ocr_carea' id='block_1_58' title="bbox 2181 3051 3786 3120">
    <p class='ocr_par' dir='ltr' id='par_1_58' title="bbox 2181 3051 3786 3120">
     <span class='ocr_line' id='line_1_58' title="bbox 2181 3051 3786 3120; baseline -0.002 -9"><span class='ocrx_word' id='word_1_434' title='bbox 2181 3056 2258 3112; x_wconf 90' lang='lat' dir='ltr'><strong>ait</strong></span> <span class='ocrx_word' id='word_1_435' title='bbox 2287 3072 2298 3110; x_wconf 90' lang='lat'><strong>:</strong></span> <span class='ocrx_word' id='word_1_436' title='bbox 2346 3079 2364 3102; x_wconf 76' lang='grc' dir='ltr'><strong>ι</strong></span> <span class='ocrx_word' id='word_1_437' title='bbox 2394 3054 2533 3112; x_wconf 91' lang='lat' dir='ltr'><strong>Cum</strong></span> <span class='ocrx_word' id='word_1_438' title='bbox 2564 3053 2946 3109; x_wconf 87' lang='lat' dir='ltr'><strong>exaltaveritis</strong></span> <span class='ocrx_word' id='word_1_439' title='bbox 2992 3052 3196 3108; x_wconf 90' lang='lat' dir='ltr'><strong>Filium</strong></span> <span class='ocrx_word' id='word_1_440' title='bbox 3231 3051 3495 3120; x_wconf 90' lang='lat' dir='ltr'><strong>hominis,</strong></span> <span class='ocrx_word' id='word_1_441' title='bbox 3525 3058 3659 3106; x_wconf 90' lang='lat' dir='ltr'><strong>tunc</strong></span> <span class='ocrx_word' id='word_1_442' title='bbox 3696 3066 3786 3108; x_wconf 85' lang='lat' dir='ltr'><strong>co-</strong></span> 
     </span>
    </p>
   </div>
   <div class='ocr_carea' id='block_1_59' title="bbox 2181 3139 3788 3216">
    <p class='ocr_par' dir='ltr' id='par_1_59' title="bbox 2181 3139 3788 3216">
     <span class='ocr_line' id='line_1_59' title="bbox 2181 3139 3788 3216; baseline -0.002 -17"><span class='ocrx_word' id='word_1_443' title='bbox 2181 3143 2451 3216; x_wconf 88' lang='lat' dir='ltr'><strong>gnoscetis</strong></span> <span class='ocrx_word' id='word_1_444' title='bbox 2497 3142 2628 3216; x_wconf 91' lang='lat' dir='ltr'><strong>quia</strong></span> <span class='ocrx_word' id='word_1_445' title='bbox 2680 3142 2796 3213; x_wconf 91' lang='lat' dir='ltr'><strong>ipse</strong></span> <span class='ocrx_word' id='word_1_446' title='bbox 2853 3157 2951 3212; x_wconf 87' lang='lat' dir='ltr'><strong>ego</strong></span> <span class='ocrx_word' id='word_1_447' title='bbox 2979 3156 3103 3196; x_wconf 91' lang='lat' dir='ltr'><strong>sum</strong></span> <span class='ocrx_word' id='word_1_448' title='bbox 3136 3140 3318 3211; x_wconf 79' lang='lat' dir='ltr'><strong>(Joan.</strong></span> <span class='ocrx_word' id='word_1_449' title='bbox 3351 3156 3473 3207; x_wconf 82' lang='lat' dir='ltr'><strong>vin,</strong></span> <span class='ocrx_word' id='word_1_450' title='bbox 3504 3139 3597 3212; x_wconf 94' lang='lat'><strong>28)</strong></span> <span class='ocrx_word' id='word_1_451' title='bbox 3625 3157 3638 3206; x_wconf 90' lang='lat'><strong>;</strong></span> <span class='ocrx_word' id='word_1_452' title='bbox 3673 3164 3692 3187; x_wconf 77' lang='grc' dir='ltr'><strong>ι</strong></span> <span class='ocrx_word' id='word_1_453' title='bbox 3731 3147 3788 3196; x_wconf 92' lang='lat' dir='ltr'><strong>et</strong></span> 
     </span>
    </p>
   </div>
   <div class='ocr_carea' id='block_1_60' title="bbox 2179 3230 3786 3298">
    <p class='ocr_par' dir='ltr' id='par_1_60' title="bbox 2179 3230 3786 3298">
     <span class='ocr_line' id='line_1_60' title="bbox 2179 3230 3786 3298; baseline -0.001 -9"><span class='ocrx_word' id='word_1_454' title='bbox 2179 3233 2423 3290; x_wconf 85' lang='lat' dir='ltr'><strong>iterum:</strong></span> <span class='ocrx_word' id='word_1_455' title='bbox 2471 3255 2490 3280; x_wconf 74' lang='grc' dir='ltr'><strong>ι</strong></span> <span class='ocrx_word' id='word_1_456' title='bbox 2538 3232 2677 3291; x_wconf 88' lang='lat' dir='ltr'><strong>Cum</strong></span> <span class='ocrx_word' id='word_1_457' title='bbox 2729 3232 3010 3288; x_wconf 84' lang='lat' dir='ltr'><strong>exaltatus</strong></span> <span class='ocrx_word' id='word_1_458' title='bbox 3067 3230 3223 3286; x_wconf 85' lang='lat' dir='ltr'><strong>fuero</strong></span> <span class='ocrx_word' id='word_1_459' title='bbox 3282 3246 3313 3285; x_wconf 90' lang='lat' dir='ltr'><strong>a</strong></span> <span class='ocrx_word' id='word_1_460' title='bbox 3377 3236 3542 3298; x_wconf 91' lang='lat' dir='ltr'><strong>terra,</strong></span> <span class='ocrx_word' id='word_1_461' title='bbox 3597 3230 3786 3288; x_wconf 87' lang='lat' dir='ltr'><strong>omnia</strong></span> 
     </span>
    </p>
   </div>
   <div class='ocr_carea' id='block_1_61' title="bbox 473 3313 3784 3398">
    <p class='ocr_par' dir='ltr' id='par_1_61' title="bbox 473 3313 3784 3398">
     <span class='ocr_line' id='line_1_61' title="bbox 473 3313 3784 3398; baseline 0.002 -26"><span class='ocrx_word' id='word_1_462' title='bbox 473 3315 621 3372; x_wconf 91' lang='lat' dir='ltr'><strong>Deus</strong></span> <span class='ocrx_word' id='word_1_463' title='bbox 660 3313 865 3372; x_wconf 90' lang='lat' dir='ltr'><strong>Filium</strong></span> <span class='ocrx_word' id='word_1_464' title='bbox 903 3330 1064 3371; x_wconf 90' lang='lat' dir='ltr'><strong>suum</strong></span> <span class='ocrx_word' id='word_1_465' title='bbox 1110 3314 1393 3388; x_wconf 87' lang='lat' dir='ltr'><strong>proprium</strong></span> <span class='ocrx_word' id='word_1_466' title='bbox 1433 3315 1642 3373; x_wconf 89' lang='lat' dir='ltr'><strong>mundo</strong></span> <span class='ocrx_word' id='word_1_467' title='bbox 1691 3317 2065 3390; x_wconf 65' lang='lat' dir='ltr'><strong>promittebat:</strong></span> <span class='ocrx_word' id='word_1_468' title='bbox 2106 3339 2150 3398; x_wconf 72' lang='grc' dir='ltr'><strong>ρ</strong></span> <span class='ocrx_word' id='word_1_469' title='bbox 2183 3322 2391 3378; x_wconf 86' lang='lat' dir='ltr'><strong>traham</strong></span> <span class='ocrx_word' id='word_1_470' title='bbox 2421 3321 2490 3378; x_wconf 91' lang='lat' dir='ltr'><strong>ad</strong></span> <span class='ocrx_word' id='word_1_471' title='bbox 2522 3337 2606 3378; x_wconf 92' lang='lat' dir='ltr'><strong>me</strong></span> <span class='ocrx_word' id='word_1_472' title='bbox 2640 3321 2821 3392; x_wconf 83' lang='lat' dir='ltr'><strong>(Joan.</strong></span> <span class='ocrx_word' id='word_1_473' title='bbox 2851 3336 2954 3388; x_wconf 87' lang='lat' dir='ltr'><strong>xu,</strong></span> <span class='ocrx_word' id='word_1_474' title='bbox 2985 3319 3104 3392; x_wconf 87' lang='lat'><strong>32),</strong></span> <span class='ocrx_word' id='word_1_475' title='bbox 3135 3339 3162 3371; x_wconf 86' lang='lat'><strong>»</strong></span> <span class='ocrx_word' id='word_1_476' title='bbox 3190 3319 3246 3375; x_wconf 92' lang='lat' dir='ltr'><strong>id</strong></span> <span class='ocrx_word' id='word_1_477' title='bbox 3278 3326 3380 3387; x_wconf 91' lang='lat' dir='ltr'><strong>est,</strong></span> <span class='ocrx_word' id='word_1_478' title='bbox 3417 3328 3551 3376; x_wconf 89' lang='lat' dir='ltr'><strong>tunc</strong></span> <span class='ocrx_word' id='word_1_479' title='bbox 3587 3335 3784 3393; x_wconf 82' lang='lat' dir='ltr'><strong>cognO&#39;</strong></span> 
     </span>
    </p>
   </div>
   <div class='ocr_carea' id='block_1_62' title="bbox 473 3404 2069 3480">
    <p class='ocr_par' dir='ltr' id='par_1_62' title="bbox 473 3404 2069 3480">
     <span class='ocr_line' id='line_1_62' title="bbox 473 3404 2069 3480; baseline 0.003 -20"><span class='ocrx_word' id='word_1_480' title='bbox 473 3420 572 3478; x_wconf 90' lang='lat' dir='ltr'><strong>per</strong></span> <span class='ocrx_word' id='word_1_481' title='bbox 615 3404 796 3462; x_wconf 89' lang='lat' dir='ltr'><strong>claros</strong></span> <span class='ocrx_word' id='word_1_482' title='bbox 823 3404 974 3462; x_wconf 90' lang='lat' dir='ltr'><strong>viros</strong></span> <span class='ocrx_word' id='word_1_483' title='bbox 1017 3405 1177 3462; x_wconf 91' lang='lat' dir='ltr'><strong>illum</strong></span> <span class='ocrx_word' id='word_1_484' title='bbox 1209 3405 1591 3479; x_wconf 89' lang='lat' dir='ltr'><strong>promitteret;</strong></span> <span class='ocrx_word' id='word_1_485' title='bbox 1627 3414 1691 3462; x_wconf 91' lang='lat' dir='ltr'><strong>ut</strong></span> <span class='ocrx_word' id='word_1_486' title='bbox 1716 3423 1785 3463; x_wconf 84' lang='lat' dir='ltr'><strong>ex</strong></span> <span class='ocrx_word' id='word_1_487' title='bbox 1814 3407 1883 3464; x_wconf 95' lang='lat' dir='ltr'><strong>iis</strong></span> <span class='ocrx_word' id='word_1_488' title='bbox 1907 3423 2069 3480; x_wconf 90' lang='lat' dir='ltr'><strong>quam</strong></span> 
     </span>
    </p>
   </div>
   <div class='ocr_carea' id='block_1_63' title="bbox 473 3495 2071 3572">
    <p class='ocr_par' dir='ltr' id='par_1_63' title="bbox 473 3495 2071 3572">
     <span class='ocr_line' id='line_1_63' title="bbox 473 3495 2071 3572; baseline 0.002 -21"><span class='ocrx_word' id='word_1_489' title='bbox 473 3495 889 3570; x_wconf 91' lang='lat' dir='ltr'><strong>potentissimus</strong></span> <span class='ocrx_word' id='word_1_490' title='bbox 932 3504 1092 3564; x_wconf 90' lang='lat' dir='ltr'><strong>esset,</strong></span> <span class='ocrx_word' id='word_1_491' title='bbox 1122 3497 1216 3570; x_wconf 88' lang='lat' dir='ltr'><strong>qui</strong></span> <span class='ocrx_word' id='word_1_492' title='bbox 1247 3497 1665 3570; x_wconf 56' lang='lat' dir='ltr'><strong>praedicabatur,</strong></span> <span class='ocrx_word' id='word_1_493' title='bbox 1696 3506 1878 3572; x_wconf 89' lang='lat' dir='ltr'><strong>posset</strong></span> <span class='ocrx_word' id='word_1_494' title='bbox 1919 3498 2071 3568; x_wconf 90' lang='lat' dir='ltr'><strong>sciri,</strong></span> 
     </span>
    </p>
   </div>
   <div class='ocr_carea' id='block_1_64' title="bbox 473 3585 2073 3661">
    <p class='ocr_par' dir='ltr' id='par_1_64' title="bbox 473 3585 2073 3661">
     <span class='ocr_line' id='line_1_64' title="bbox 473 3585 2073 3661; baseline 0.003 -19"><span class='ocrx_word' id='word_1_495' title='bbox 473 3593 538 3642; x_wconf 92' lang='lat' dir='ltr'><strong>ut</strong></span> <span class='ocrx_word' id='word_1_496' title='bbox 590 3585 888 3658; x_wconf 90' lang='lat' dir='ltr'><strong>Scripturis</strong></span> <span class='ocrx_word' id='word_1_497' title='bbox 927 3587 1130 3642; x_wconf 83' lang='lat' dir='ltr'><strong>sanctis</strong></span> <span class='ocrx_word' id='word_1_498' title='bbox 1157 3587 1456 3646; x_wconf 89' lang='lat' dir='ltr'><strong>adventum</strong></span> <span class='ocrx_word' id='word_1_499' title='bbox 1495 3589 1613 3661; x_wconf 90' lang='lat' dir='ltr'><strong>ejus</strong></span> <span class='ocrx_word' id='word_1_500' title='bbox 1640 3589 1889 3646; x_wconf 87' lang='lat' dir='ltr'><strong>futurum</strong></span> <span class='ocrx_word' id='word_1_501' title='bbox 1916 3590 2073 3646; x_wconf 90' lang='lat' dir='ltr'><strong>inse-</strong></span> 
     </span>
    </p>
   </div>
   <div class='ocr_carea' id='block_1_65' title="bbox 477 3674 2074 3752">
    <p class='ocr_par' dir='ltr' id='par_1_65' title="bbox 477 3674 2074 3752">
     <span class='ocr_line' id='line_1_65' title="bbox 477 3674 2074 3752; baseline 0.004 -23"><span class='ocrx_word' id='word_1_502' title='bbox 477 3682 642 3743; x_wconf 78' lang='lat' dir='ltr'><strong>reret,</strong></span> <span class='ocrx_word' id='word_1_503' title='bbox 690 3683 745 3730; x_wconf 89' lang='lat' dir='ltr'><strong>et</strong></span> <span class='ocrx_word' id='word_1_504' title='bbox 772 3681 835 3730; x_wconf 88' lang='lat' dir='ltr'><strong>ut</strong></span> <span class='ocrx_word' id='word_1_505' title='bbox 865 3674 1061 3730; x_wconf 89' lang='lat' dir='ltr'><strong>falsum</strong></span> <span class='ocrx_word' id='word_1_506' title='bbox 1085 3691 1194 3730; x_wconf 93' lang='lat' dir='ltr'><strong>non</strong></span> <span class='ocrx_word' id='word_1_507' title='bbox 1224 3684 1406 3748; x_wconf 89' lang='lat' dir='ltr'><strong>posset</strong></span> <span class='ocrx_word' id='word_1_508' title='bbox 1434 3677 1632 3747; x_wconf 91' lang='lat' dir='ltr'><strong>videri,</strong></span> <span class='ocrx_word' id='word_1_509' title='bbox 1686 3679 1834 3752; x_wconf 89' lang='lat' dir='ltr'><strong>quod</strong></span> <span class='ocrx_word' id='word_1_510' title='bbox 1871 3695 1902 3734; x_wconf 92' lang='lat' dir='ltr'><strong>a</strong></span> <span class='ocrx_word' id='word_1_511' title='bbox 1939 3694 2074 3735; x_wconf 90' lang='lat' dir='ltr'><strong>san-</strong></span> 
     </span>
    </p>
   </div>
   <div class='ocr_carea' id='block_1_66' title="bbox 477 3762 1414 3839">
    <p class='ocr_par' dir='ltr' id='par_1_66' title="bbox 477 3762 1414 3839">
     <span class='ocr_line' id='line_1_66' title="bbox 477 3762 1414 3839; baseline 0.003 -18"><span class='ocrx_word' id='word_1_512' title='bbox 477 3763 581 3821; x_wconf 89' lang='lat' dir='ltr'><strong>ctis</strong></span> <span class='ocrx_word' id='word_1_513' title='bbox 608 3762 964 3836; x_wconf 68' lang='lat' dir='ltr'><strong>pradicatum</strong></span> <span class='ocrx_word' id='word_1_514' title='bbox 985 3771 1068 3821; x_wconf 89' lang='lat' dir='ltr'><strong>est</strong></span> <span class='ocrx_word' id='word_1_515' title='bbox 1091 3765 1414 3839; x_wconf 91' lang='lat' dir='ltr'><strong>Scripturis.</strong></span> 
     </span>
    </p>
   </div>
   <div class='ocr_carea' id='block_1_67' title="bbox 562 3861 2071 3929">
    <p class='ocr_par' dir='ltr' id='par_1_67' title="bbox 562 3861 2071 3929">
     <span class='ocr_line' id='line_1_67' title="bbox 562 3861 2071 3929; baseline 0.005 -12"><span class='ocrx_word' id='word_1_516' title='bbox 562 3884 582 3908; x_wconf 74' lang='grc' dir='ltr'><strong><em>ο</em></strong></span> <span class='ocrx_word' id='word_1_517' title='bbox 612 3861 717 3929; x_wconf 88' lang='lat' dir='ltr'><strong>Qui</strong></span> <span class='ocrx_word' id='word_1_518' title='bbox 763 3861 942 3919; x_wconf 86' lang='lat' dir='ltr'><strong>factus</strong></span> <span class='ocrx_word' id='word_1_519' title='bbox 989 3869 1071 3919; x_wconf 90' lang='lat' dir='ltr'><strong>est</strong></span> <span class='ocrx_word' id='word_1_520' title='bbox 1121 3863 1172 3919; x_wconf 91' lang='lat' dir='ltr'><strong>ei</strong></span> <span class='ocrx_word' id='word_1_521' title='bbox 1217 3879 1286 3920; x_wconf 89' lang='lat' dir='ltr'><strong>ex</strong></span> <span class='ocrx_word' id='word_1_522' title='bbox 1313 3865 1522 3921; x_wconf 89' lang='lat' dir='ltr'><strong>semine</strong></span> <span class='ocrx_word' id='word_1_523' title='bbox 1551 3864 1730 3922; x_wconf 89' lang='lat' dir='ltr'><strong>David</strong></span> <span class='ocrx_word' id='word_1_524' title='bbox 1770 3865 2071 3924; x_wconf 88' lang='lat' dir='ltr'><strong>secundum</strong></span> 
     </span>
    </p>
   </div>
   <div class='ocr_carea' id='block_1_68' title="bbox 476 3951 2073 4029">
    <p class='ocr_par' dir='ltr' id='par_1_68' title="bbox 476 3951 2073 4029">
     <span class='ocr_line' id='line_1_68' title="bbox 476 3951 2073 4029; baseline 0.003 -22"><span class='ocrx_word' id='word_1_525' title='bbox 476 3966 719 4008; x_wconf 90' lang='lat' dir='ltr'><strong>carnem.</strong></span> <span class='ocrx_word' id='word_1_526' title='bbox 751 3974 770 4000; x_wconf 78' lang='grc' dir='ltr'><strong>ι</strong></span> <span class='ocrx_word' id='word_1_527' title='bbox 804 3951 948 4008; x_wconf 88' lang='lat' dir='ltr'><strong>Eum</strong></span> <span class='ocrx_word' id='word_1_528' title='bbox 971 3952 1202 4026; x_wconf 88' lang='lat' dir='ltr'><strong>quierat</strong></span> <span class='ocrx_word' id='word_1_529' title='bbox 1231 3952 1329 4011; x_wconf 91' lang='lat' dir='ltr'><strong>Dei</strong></span> <span class='ocrx_word' id='word_1_530' title='bbox 1364 3955 1540 4011; x_wconf 90' lang='lat' dir='ltr'><strong>Filius</strong></span> <span class='ocrx_word' id='word_1_531' title='bbox 1567 3954 1872 4012; x_wconf 90' lang='lat' dir='ltr'><strong>secundum</strong></span> <span class='ocrx_word' id='word_1_532' title='bbox 1905 3956 2073 4029; x_wconf 89' lang='lat' dir='ltr'><strong>Spiri-</strong></span> 
     </span>
    </p>
   </div>
   <div class='ocr_carea' id='block_1_69' title="bbox 476 4042 2074 4120">
    <p class='ocr_par' dir='ltr' id='par_1_69' title="bbox 476 4042 2074 4120">
     <span class='ocr_line' id='line_1_69' title="bbox 476 4042 2074 4120; baseline 0.006 -25"><span class='ocrx_word' id='word_1_533' title='bbox 476 4047 597 4096; x_wconf 90' lang='lat' dir='ltr'><strong>tum</strong></span> <span class='ocrx_word' id='word_1_534' title='bbox 639 4048 913 4106; x_wconf 89' lang='lat' dir='ltr'><strong>sanctum,</strong></span> <span class='ocrx_word' id='word_1_535' title='bbox 945 4042 1002 4099; x_wconf 92' lang='lat' dir='ltr'><strong>id</strong></span> <span class='ocrx_word' id='word_1_536' title='bbox 1033 4049 1134 4109; x_wconf 91' lang='lat' dir='ltr'><strong>est,</strong></span> <span class='ocrx_word' id='word_1_537' title='bbox 1181 4043 1484 4100; x_wconf 89' lang='lat' dir='ltr'><strong>secundum</strong></span> <span class='ocrx_word' id='word_1_538' title='bbox 1528 4046 1704 4102; x_wconf 90' lang='lat' dir='ltr'><strong>Deum</strong></span> <span class='ocrx_word' id='word_1_539' title='bbox 1738 4045 1892 4120; x_wconf 86' lang='lat' dir='ltr'><strong>(quia</strong></span> <span class='ocrx_word' id='word_1_540' title='bbox 1929 4049 2074 4104; x_wconf 89' lang='lat' dir='ltr'><strong>Deus</strong></span> 
     </span>
    </p>
   </div>
   <div class='ocr_carea' id='block_1_70' title="bbox 478 4128 2075 4206">
    <p class='ocr_par' dir='ltr' id='par_1_70' title="bbox 478 4128 2075 4206">
     <span class='ocr_line' id='line_1_70' title="bbox 478 4128 2075 4206; baseline 0.008 -23"><span class='ocrx_word' id='word_1_541' title='bbox 478 4128 706 4200; x_wconf 90' lang='lat' dir='ltr'><strong>spiritus</strong></span> <span class='ocrx_word' id='word_1_542' title='bbox 735 4137 836 4199; x_wconf 86' lang='lat' dir='ltr'><strong>est,</strong></span> <span class='ocrx_word' id='word_1_543' title='bbox 868 4139 923 4187; x_wconf 92' lang='lat' dir='ltr'><strong>et</strong></span> <span class='ocrx_word' id='word_1_544' title='bbox 959 4131 1076 4187; x_wconf 90' lang='lat' dir='ltr'><strong>sine</strong></span> <span class='ocrx_word' id='word_1_545' title='bbox 1098 4132 1268 4190; x_wconf 89' lang='lat' dir='ltr'><strong>dubio</strong></span> <span class='ocrx_word' id='word_1_546' title='bbox 1295 4142 1518 4192; x_wconf 88' lang='lat' dir='ltr'><strong>sanctus</strong></span> <span class='ocrx_word' id='word_1_547' title='bbox 1545 4137 1674 4206; x_wconf 91' lang='lat' dir='ltr'><strong>est),</strong></span> <span class='ocrx_word' id='word_1_548' title='bbox 1704 4135 1908 4194; x_wconf 85' lang='lat' dir='ltr'><strong>factum</strong></span> <span class='ocrx_word' id='word_1_549' title='bbox 1935 4138 2075 4195; x_wconf 91' lang='lat' dir='ltr'><strong>dicit</strong></span> 
     </span>
    </p>
   </div>
   <div class='ocr_carea' id='block_1_71' title="bbox 469 4216 2072 4300">
    <p class='ocr_par' dir='ltr' id='par_1_71' title="bbox 469 4216 2072 4300">
     <span class='ocr_line' id='line_1_71' title="bbox 469 4216 2072 4300; baseline 0.006 -25"><span class='ocrx_word' id='word_1_550' title='bbox 469 4216 634 4290; x_wconf 89' lang='lat' dir='ltr'><strong>juxta</strong></span> <span class='ocrx_word' id='word_1_551' title='bbox 662 4234 882 4276; x_wconf 89' lang='lat' dir='ltr'><strong>carnem</strong></span> <span class='ocrx_word' id='word_1_552' title='bbox 911 4221 1013 4278; x_wconf 86' lang='lat' dir='ltr'><strong>Dei</strong></span> <span class='ocrx_word' id='word_1_553' title='bbox 1033 4221 1239 4278; x_wconf 88' lang='lat' dir='ltr'><strong>Filium</strong></span> <span class='ocrx_word' id='word_1_554' title='bbox 1265 4240 1335 4280; x_wconf 87' lang='lat' dir='ltr'><strong>ex</strong></span> <span class='ocrx_word' id='word_1_555' title='bbox 1360 4226 1569 4281; x_wconf 89' lang='lat' dir='ltr'><strong>semine</strong></span> <span class='ocrx_word' id='word_1_556' title='bbox 1589 4227 1768 4283; x_wconf 88' lang='lat' dir='ltr'><strong>David</strong></span> <span class='ocrx_word' id='word_1_557' title='bbox 1789 4228 1931 4300; x_wconf 89' lang='grc'>(19),</span> <span class='ocrx_word' id='word_1_558' title='bbox 1945 4226 2072 4299; x_wconf 89' lang='lat' dir='ltr'><strong>jux-</strong></span> 
     </span>
    </p>
   </div>
   <div class='ocr_carea' id='block_1_72' title="bbox 475 4309 2070 4393">
    <p class='ocr_par' dir='ltr' id='par_1_72' title="bbox 475 4309 2070 4393">
     <span class='ocr_line' id='line_1_72' title="bbox 475 4309 2070 4393; baseline 0.006 -27"><span class='ocrx_word' id='word_1_559' title='bbox 475 4317 533 4366; x_wconf 86' lang='lat' dir='ltr'><strong>ta</strong></span> <span class='ocrx_word' id='word_1_560' title='bbox 565 4309 752 4367; x_wconf 89' lang='lat' dir='ltr'><strong>illud:</strong></span> <span class='ocrx_word' id='word_1_561' title='bbox 815 4311 931 4388; x_wconf 71' lang='lat' dir='ltr'><strong>«Et</strong></span> <span class='ocrx_word' id='word_1_562' title='bbox 959 4312 1203 4370; x_wconf 75' lang='lat' dir='ltr'><strong>Verbum</strong></span> <span class='ocrx_word' id='word_1_563' title='bbox 1249 4331 1376 4372; x_wconf 89' lang='lat' dir='ltr'><strong>caro</strong></span> <span class='ocrx_word' id='word_1_564' title='bbox 1423 4316 1627 4372; x_wconf 87' lang='lat' dir='ltr'><strong>factum</strong></span> <span class='ocrx_word' id='word_1_565' title='bbox 1677 4325 1758 4374; x_wconf 89' lang='lat' dir='ltr'><strong>est</strong></span> <span class='ocrx_word' id='word_1_566' title='bbox 1816 4318 1996 4390; x_wconf 83' lang='lat' dir='ltr'><strong>(Joan.</strong></span> <span class='ocrx_word' id='word_1_567' title='bbox 2029 4335 2070 4393; x_wconf 88' lang='grc' dir='ltr'>ι,</span> 
     </span>
    </p>
   </div>
   <div class='ocr_carea' id='block_1_73' title="bbox 479 4398 2074 4472">
    <p class='ocr_par' dir='ltr' id='par_1_73' title="bbox 479 4398 2074 4472">
     <span class='ocr_line' id='line_1_73' title="bbox 479 4398 2074 4472; baseline 0.006 -16"><span class='ocrx_word' id='word_1_568' title='bbox 479 4399 593 4472; x_wconf 68' lang='grc'>14),</span> <span class='ocrx_word' id='word_1_569' title='bbox 616 4406 678 4456; x_wconf 88' lang='grc' dir='ltr'><strong>ιιι</strong></span> <span class='ocrx_word' id='word_1_570' title='bbox 691 4398 806 4472; x_wconf 91' lang='lat' dir='ltr'><strong>jam</strong></span> <span class='ocrx_word' id='word_1_571' title='bbox 835 4416 981 4458; x_wconf 90' lang='lat' dir='ltr'><strong>unus</strong></span> <span class='ocrx_word' id='word_1_572' title='bbox 1011 4401 1084 4458; x_wconf 91' lang='lat' dir='ltr'><strong>sit</strong></span> <span class='ocrx_word' id='word_1_573' title='bbox 1111 4403 1210 4458; x_wconf 91' lang='lat' dir='ltr'><strong>Dei</strong></span> <span class='ocrx_word' id='word_1_574' title='bbox 1241 4411 1294 4460; x_wconf 91' lang='lat' dir='ltr'><strong>et</strong></span> <span class='ocrx_word' id='word_1_575' title='bbox 1316 4404 1560 4461; x_wconf 91' lang='lat' dir='ltr'><strong>hominis</strong></span> <span class='ocrx_word' id='word_1_576' title='bbox 1607 4406 1783 4462; x_wconf 89' lang='lat' dir='ltr'><strong>Filius</strong></span> <span class='ocrx_word' id='word_1_577' title='bbox 1819 4406 2074 4465; x_wconf 87' lang='lat' dir='ltr'><strong>Christus</strong></span> 
     </span>
    </p>
   </div>
   <div class='ocr_carea' id='block_1_74' title="bbox 473 4491 2066 4564">
    <p class='ocr_par' dir='ltr' id='par_1_74' title="bbox 473 4491 2066 4564">
     <span class='ocr_line' id='line_1_74' title="bbox 473 4491 2066 4564; baseline 0.006 -17"><span class='ocrx_word' id='word_1_578' title='bbox 473 4491 650 4562; x_wconf 77' lang='lat' dir='ltr'><strong>Iesus,</strong></span> <span class='ocrx_word' id='word_1_579' title='bbox 673 4501 734 4548; x_wconf 90' lang='lat' dir='ltr'><strong>ut</strong></span> <span class='ocrx_word' id='word_1_580' title='bbox 762 4492 908 4549; x_wconf 79' lang='lat' dir='ltr'><strong>sicut</strong></span> <span class='ocrx_word' id='word_1_581' title='bbox 939 4509 1102 4551; x_wconf 89' lang='lat' dir='ltr'><strong>verus</strong></span> <span class='ocrx_word' id='word_1_582' title='bbox 1122 4497 1268 4552; x_wconf 91' lang='lat' dir='ltr'><strong>Deus</strong></span> <span class='ocrx_word' id='word_1_583' title='bbox 1296 4504 1400 4564; x_wconf 91' lang='lat' dir='ltr'><strong>est,</strong></span> <span class='ocrx_word' id='word_1_584' title='bbox 1429 4513 1593 4554; x_wconf 90' lang='lat' dir='ltr'><strong>verus</strong></span> <span class='ocrx_word' id='word_1_585' title='bbox 1619 4505 1760 4554; x_wconf 91' lang='lat' dir='ltr'><strong>esset</strong></span> <span class='ocrx_word' id='word_1_586' title='bbox 1785 4506 1839 4555; x_wconf 92' lang='lat' dir='ltr'><strong>et</strong></span> <span class='ocrx_word' id='word_1_587' title='bbox 1865 4499 2066 4556; x_wconf 91' lang='lat' dir='ltr'><strong>homo:</strong></span> 
     </span>
    </p>
   </div>
   <div class='ocr_carea' id='block_1_75' title="bbox 2181 3409 3791 3470">
    <p class='ocr_par' dir='ltr' id='par_1_75' title="bbox 2181 3409 3791 3470">
     <span class='ocr_line' id='line_1_75' title="bbox 2181 3409 3791 3470; baseline -0.001 0"><span class='ocrx_word' id='word_1_588' title='bbox 2181 3430 2302 3470; x_wconf 87' lang='lat' dir='ltr'><strong>scar</strong></span> <span class='ocrx_word' id='word_1_589' title='bbox 2347 3411 2596 3469; x_wconf 90' lang='lat' dir='ltr'><strong>omnium</strong></span> <span class='ocrx_word' id='word_1_590' title='bbox 2627 3427 2742 3468; x_wconf 92' lang='lat' dir='ltr'><strong>esse</strong></span> <span class='ocrx_word' id='word_1_591' title='bbox 2771 3410 3062 3467; x_wconf 90' lang='lat' dir='ltr'><strong>Dominus.</strong></span> <span class='ocrx_word' id='word_1_592' title='bbox 3119 3409 3246 3467; x_wconf 91' lang='lat' dir='ltr'><strong>Ideo</strong></span> <span class='ocrx_word' id='word_1_593' title='bbox 3278 3419 3458 3467; x_wconf 89' lang='lat' dir='ltr'><strong>autem</strong></span> <span class='ocrx_word' id='word_1_594' title='bbox 3493 3427 3604 3467; x_wconf 93' lang='lat' dir='ltr'><strong>non</strong></span> <span class='ocrx_word' id='word_1_595' title='bbox 3638 3409 3791 3468; x_wconf 81' lang='lat' dir='ltr'><strong>dixit</strong></span> 
     </span>
    </p>
   </div>
   <div class='ocr_carea' id='block_1_76' title="bbox 2181 3499 3789 3568">
    <p class='ocr_par' dir='ltr' id='par_1_76' title="bbox 2181 3499 3789 3568">
     <span class='ocr_line' id='line_1_76' title="bbox 2181 3499 3789 3568; baseline -0.001 -8"><span class='ocrx_word' id='word_1_596' title='bbox 2181 3520 2251 3560; x_wconf 90' lang='lat' dir='ltr'><strong>ex</strong></span> <span class='ocrx_word' id='word_1_597' title='bbox 2298 3501 2698 3559; x_wconf 91' lang='lat' dir='ltr'><strong>resurrectione</strong></span> <span class='ocrx_word' id='word_1_598' title='bbox 2725 3502 2853 3558; x_wconf 87' lang='lat' dir='ltr'><strong>Jesu</strong></span> <span class='ocrx_word' id='word_1_599' title='bbox 2880 3499 3109 3568; x_wconf 91' lang='lat' dir='ltr'><strong>Christi,</strong></span> <span class='ocrx_word' id='word_1_600' title='bbox 3149 3499 3244 3557; x_wconf 90' lang='lat' dir='ltr'><strong>sed</strong></span> <span class='ocrx_word' id='word_1_601' title='bbox 3275 3516 3345 3556; x_wconf 82' lang='lat' dir='ltr'><strong>ex</strong></span> <span class='ocrx_word' id='word_1_602' title='bbox 3383 3499 3789 3559; x_wconf 87' lang='lat' dir='ltr'><strong>resurrectione</strong></span> 
     </span>
    </p>
   </div>
   <div class='ocr_carea' id='block_1_77' title="bbox 2183 3589 3787 3665">
    <p class='ocr_par' dir='ltr' id='par_1_77' title="bbox 2183 3589 3787 3665">
     <span class='ocr_line' id='line_1_77' title="bbox 2183 3589 3787 3665; baseline -0.001 -16"><span class='ocrx_word' id='word_1_603' title='bbox 2183 3601 2562 3659; x_wconf 88' lang='lat' dir='ltr'><strong>mortuorum;</strong></span> <span class='ocrx_word' id='word_1_604' title='bbox 2597 3591 2726 3665; x_wconf 90' lang='lat' dir='ltr'><strong>quia</strong></span> <span class='ocrx_word' id='word_1_605' title='bbox 2757 3590 3087 3647; x_wconf 89' lang='lat' dir='ltr'><strong>resurrectio</strong></span> <span class='ocrx_word' id='word_1_606' title='bbox 3116 3589 3321 3648; x_wconf 90' lang='lat' dir='ltr'><strong>Christi</strong></span> <span class='ocrx_word' id='word_1_607' title='bbox 3362 3591 3667 3662; x_wconf 88' lang='lat' dir='ltr'><strong>generalem</strong></span> <span class='ocrx_word' id='word_1_608' title='bbox 3688 3591 3787 3647; x_wconf 87' lang='lat' dir='ltr'><strong>tri-</strong></span> 
     </span>
    </p>
   </div>
   <div class='ocr_carea' id='block_1_78' title="bbox 2182 3679 3783 3753">
    <p class='ocr_par' dir='ltr' id='par_1_78' title="bbox 2182 3679 3783 3753">
     <span class='ocr_line' id='line_1_78' title="bbox 2182 3679 3783 3753; baseline 0 -15"><span class='ocrx_word' id='word_1_609' title='bbox 2182 3683 2304 3738; x_wconf 90' lang='lat' dir='ltr'><strong>buit</strong></span> <span class='ocrx_word' id='word_1_610' title='bbox 2345 3682 2823 3739; x_wconf 90' lang='lat' dir='ltr'><strong>resurrectionem.</strong></span> <span class='ocrx_word' id='word_1_611' title='bbox 2857 3681 2984 3736; x_wconf 66' lang='lat' dir='ltr'><strong>Haec</strong></span> <span class='ocrx_word' id='word_1_612' title='bbox 3027 3680 3175 3736; x_wconf 90' lang='lat' dir='ltr'><strong>enim</strong></span> <span class='ocrx_word' id='word_1_613' title='bbox 3217 3679 3394 3753; x_wconf 91' lang='lat' dir='ltr'><strong>major</strong></span> <span class='ocrx_word' id='word_1_614' title='bbox 3423 3680 3646 3736; x_wconf 89' lang='lat' dir='ltr'><strong>videtur</strong></span> <span class='ocrx_word' id='word_1_615' title='bbox 3671 3681 3783 3739; x_wconf 91' lang='lat' dir='ltr'><strong>vir-</strong></span> 
     </span>
    </p>
   </div>
   <div class='ocr_carea' id='block_1_79' title="bbox 2181 3772 3787 3843">
    <p class='ocr_par' dir='ltr' id='par_1_79' title="bbox 2181 3772 3787 3843">
     <span class='ocr_line' id='line_1_79' title="bbox 2181 3772 3787 3843; baseline -0.002 -13"><span class='ocrx_word' id='word_1_616' title='bbox 2181 3782 2272 3831; x_wconf 90' lang='lat' dir='ltr'><strong>tus</strong></span> <span class='ocrx_word' id='word_1_617' title='bbox 2298 3774 2356 3830; x_wconf 93' lang='lat' dir='ltr'><strong>in</strong></span> <span class='ocrx_word' id='word_1_618' title='bbox 2386 3774 2607 3832; x_wconf 88' lang='lat' dir='ltr'><strong>Christo</strong></span> <span class='ocrx_word' id='word_1_619' title='bbox 2637 3781 2693 3829; x_wconf 92' lang='lat' dir='ltr'><strong>et</strong></span> <span class='ocrx_word' id='word_1_620' title='bbox 2719 3772 2973 3841; x_wconf 90' lang='lat' dir='ltr'><strong>victoria,</strong></span> <span class='ocrx_word' id='word_1_621' title='bbox 3003 3779 3066 3828; x_wconf 89' lang='lat' dir='ltr'><strong>ut</strong></span> <span class='ocrx_word' id='word_1_622' title='bbox 3093 3787 3155 3827; x_wconf 90' lang='lat' dir='ltr'><strong>ea</strong></span> <span class='ocrx_word' id='word_1_623' title='bbox 3170 3779 3436 3843; x_wconf 88' lang='lat' dir='ltr'><strong>potestate</strong></span> <span class='ocrx_word' id='word_1_624' title='bbox 3465 3778 3787 3842; x_wconf 89' lang='lat' dir='ltr'><strong>operaretur</strong></span> 
     </span>
    </p>
   </div>
   <div class='ocr_carea' id='block_1_80' title="bbox 2184 3859 3783 3937">
    <p class='ocr_par' dir='ltr' id='par_1_80' title="bbox 2184 3859 3783 3937">
     <span class='ocr_line' id='line_1_80' title="bbox 2184 3859 3783 3937; baseline -0.003 -16"><span class='ocrx_word' id='word_1_625' title='bbox 2184 3873 2455 3934; x_wconf 89' lang='lat' dir='ltr'><strong>mortuus,</strong></span> <span class='ocrx_word' id='word_1_626' title='bbox 2504 3880 2612 3937; x_wconf 91' lang='lat' dir='ltr'><strong>qua</strong></span> <span class='ocrx_word' id='word_1_627' title='bbox 2659 3871 2913 3936; x_wconf 90' lang='lat' dir='ltr'><strong>operatus</strong></span> <span class='ocrx_word' id='word_1_628' title='bbox 2957 3861 3135 3918; x_wconf 85' lang='lat' dir='ltr'><strong>fuerat</strong></span> <span class='ocrx_word' id='word_1_629' title='bbox 3164 3869 3217 3916; x_wconf 90' lang='lat' dir='ltr'><strong>et</strong></span> <span class='ocrx_word' id='word_1_630' title='bbox 3246 3861 3429 3917; x_wconf 88' lang='lat' dir='ltr'><strong>vivus.</strong></span> <span class='ocrx_word' id='word_1_631' title='bbox 3478 3859 3598 3928; x_wconf 91' lang='lat' dir='ltr'><strong>Quo</strong></span> <span class='ocrx_word' id='word_1_632' title='bbox 3635 3859 3783 3916; x_wconf 85' lang='lat' dir='ltr'><strong>facto</strong></span> 
     </span>
    </p>
   </div>
   <div class='ocr_carea' id='block_1_81' title="bbox 2182 3949 3782 4027">
    <p class='ocr_par' dir='ltr' id='par_1_81' title="bbox 2182 3949 3782 4027">
     <span class='ocr_line' id='line_1_81' title="bbox 2182 3949 3782 4027; baseline -0.003 -17"><span class='ocrx_word' id='word_1_633' title='bbox 2182 3953 2434 4027; x_wconf 87' lang='lat' dir='ltr'><strong>apparuit</strong></span> <span class='ocrx_word' id='word_1_634' title='bbox 2480 3953 2720 4009; x_wconf 91' lang='lat' dir='ltr'><strong>illusisse</strong></span> <span class='ocrx_word' id='word_1_635' title='bbox 2758 3959 3015 4019; x_wconf 92' lang='lat' dir='ltr'><strong>mortem,</strong></span> <span class='ocrx_word' id='word_1_636' title='bbox 3046 3960 3108 4007; x_wconf 93' lang='lat' dir='ltr'><strong>ut</strong></span> <span class='ocrx_word' id='word_1_637' title='bbox 3147 3951 3442 4008; x_wconf 89' lang='lat' dir='ltr'><strong>redimeret</strong></span> <span class='ocrx_word' id='word_1_638' title='bbox 3468 3966 3601 4019; x_wconf 90' lang='lat' dir='ltr'><strong>nos;</strong></span> <span class='ocrx_word' id='word_1_639' title='bbox 3632 3949 3782 4007; x_wconf 88' lang='lat' dir='ltr'><strong>unde</strong></span> 
     </span>
    </p>
   </div>
   <div class='ocr_carea' id='block_1_82' title="bbox 2181 4042 3164 4100">
    <p class='ocr_par' dir='ltr' id='par_1_82' title="bbox 2181 4042 3164 4100">
     <span class='ocr_line' id='line_1_82' title="bbox 2181 4042 3164 4100; baseline -0.003 0"><span class='ocrx_word' id='word_1_640' title='bbox 2181 4044 2479 4100; x_wconf 91' lang='lat' dir='ltr'><strong>Dominum</strong></span> <span class='ocrx_word' id='word_1_641' title='bbox 2512 4051 2762 4099; x_wconf 89' lang='lat' dir='ltr'><strong>nostrum</strong></span> <span class='ocrx_word' id='word_1_642' title='bbox 2795 4042 2945 4099; x_wconf 90' lang='lat' dir='ltr'><strong>hunc</strong></span> <span class='ocrx_word' id='word_1_643' title='bbox 2984 4048 3164 4098; x_wconf 91' lang='lat' dir='ltr'><strong>vocat.</strong></span> 
     </span>
    </p>
   </div>
   <div class='ocr_carea' id='block_1_83' title="bbox 2256 4139 3779 4214">
    <p class='ocr_par' dir='ltr' id='par_1_83' title="bbox 2256 4139 3779 4214">
     <span class='ocr_line' id='line_1_83' title="bbox 2256 4139 3779 4214; baseline -0.002 -16"><span class='ocrx_word' id='word_1_644' title='bbox 2256 4143 2436 4213; x_wconf 86' lang='lat' dir='ltr'><strong>(Vers.</strong></span> <span class='ocrx_word' id='word_1_645' title='bbox 2468 4142 2550 4213; x_wconf 85' lang='lat'><strong>5.)</strong></span> <span class='ocrx_word' id='word_1_646' title='bbox 2598 4167 2614 4189; x_wconf 79' lang='grc' dir='ltr'><strong>ι</strong></span> <span class='ocrx_word' id='word_1_647' title='bbox 2643 4142 2747 4198; x_wconf 92' lang='lat' dir='ltr'><strong>Per</strong></span> <span class='ocrx_word' id='word_1_648' title='bbox 2772 4157 2935 4214; x_wconf 90' lang='lat' dir='ltr'><strong>quem</strong></span> <span class='ocrx_word' id='word_1_649' title='bbox 2966 4140 3279 4212; x_wconf 90' lang='lat' dir='ltr'><strong>accepimus</strong></span> <span class='ocrx_word' id='word_1_650' title='bbox 3309 4139 3539 4212; x_wconf 89' lang='lat' dir='ltr'><strong>gratiam</strong></span> <span class='ocrx_word' id='word_1_651' title='bbox 3567 4145 3623 4194; x_wconf 90' lang='lat' dir='ltr'><strong>et</strong></span> <span class='ocrx_word' id='word_1_652' title='bbox 3651 4154 3779 4210; x_wconf 85' lang='lat' dir='ltr'><strong>apo-</strong></span> 
     </span>
    </p>
   </div>
   <div class='ocr_carea' id='block_1_84' title="bbox 2182 4225 3781 4298">
    <p class='ocr_par' dir='ltr' id='par_1_84' title="bbox 2182 4225 3781 4298">
     <span class='ocr_line' id='line_1_84' title="bbox 2182 4225 3781 4298; baseline -0.001 -10"><span class='ocrx_word' id='word_1_653' title='bbox 2182 4233 2439 4289; x_wconf 89' lang='lat' dir='ltr'><strong>stolatum</strong></span> <span class='ocrx_word' id='word_1_654' title='bbox 2487 4231 2556 4289; x_wconf 93' lang='lat' dir='ltr'><strong>ad</strong></span> <span class='ocrx_word' id='word_1_655' title='bbox 2582 4229 2953 4288; x_wconf 91' lang='lat' dir='ltr'><strong>obediendum</strong></span> <span class='ocrx_word' id='word_1_656' title='bbox 2989 4229 3120 4286; x_wconf 88' lang='lat' dir='ltr'><strong>ﬁdei</strong></span> <span class='ocrx_word' id='word_1_657' title='bbox 3151 4229 3209 4284; x_wconf 93' lang='lat' dir='ltr'><strong>in</strong></span> <span class='ocrx_word' id='word_1_658' title='bbox 3240 4227 3498 4285; x_wconf 91' lang='lat' dir='ltr'><strong>omnibus</strong></span> <span class='ocrx_word' id='word_1_659' title='bbox 3524 4225 3781 4298; x_wconf 88' lang='lat' dir='ltr'><strong>gentibus</strong></span> 
     </span>
    </p>
   </div>
   <div class='ocr_carea' id='block_1_85' title="bbox 2181 4316 3780 4396">
    <p class='ocr_par' dir='ltr' id='par_1_85' title="bbox 2181 4316 3780 4396">
     <span class='ocr_line' id='line_1_85' title="bbox 2181 4316 3780 4396; baseline -0.001 -19"><span class='ocrx_word' id='word_1_660' title='bbox 2181 4339 2280 4396; x_wconf 90' lang='lat' dir='ltr'><strong>pro</strong></span> <span class='ocrx_word' id='word_1_661' title='bbox 2302 4323 2525 4378; x_wconf 91' lang='lat' dir='ltr'><strong>nomine</strong></span> <span class='ocrx_word' id='word_1_662' title='bbox 2546 4320 2681 4393; x_wconf 91' lang='lat' dir='ltr'><strong>ejus.</strong></span> <span class='ocrx_word' id='word_1_663' title='bbox 2706 4346 2724 4368; x_wconf 76' lang='grc' dir='ltr'><strong>ι</strong></span> <span class='ocrx_word' id='word_1_664' title='bbox 2759 4322 2886 4378; x_wconf 91' lang='lat' dir='ltr'><strong>Post</strong></span> <span class='ocrx_word' id='word_1_665' title='bbox 2915 4319 3373 4376; x_wconf 87' lang='lat' dir='ltr'><strong>resurrectionem</strong></span> <span class='ocrx_word' id='word_1_666' title='bbox 3396 4316 3780 4375; x_wconf 85' lang='lat' dir='ltr'><strong>manifestatus</strong></span> 
     </span>
    </p>
   </div>
   <div class='ocr_carea' id='block_1_86' title="bbox 2182 4406 3779 4483">
    <p class='ocr_par' dir='ltr' id='par_1_86' title="bbox 2182 4406 3779 4483">
     <span class='ocr_line' id='line_1_86' title="bbox 2182 4406 3779 4483; baseline -0.003 -14"><span class='ocrx_word' id='word_1_667' title='bbox 2182 4413 2356 4470; x_wconf 89' lang='lat' dir='ltr'><strong>Filius</strong></span> <span class='ocrx_word' id='word_1_668' title='bbox 2383 4413 2482 4469; x_wconf 93' lang='lat' dir='ltr'><strong>Dei</strong></span> <span class='ocrx_word' id='word_1_669' title='bbox 2513 4414 2568 4468; x_wconf 93' lang='lat' dir='ltr'><strong>in</strong></span> <span class='ocrx_word' id='word_1_670' title='bbox 2599 4411 2826 4480; x_wconf 88' lang='lat' dir='ltr'><strong>virtute,</strong></span> <span class='ocrx_word' id='word_1_671' title='bbox 2857 4409 3083 4483; x_wconf 88' lang='lat' dir='ltr'><strong>gratiam</strong></span> <span class='ocrx_word' id='word_1_672' title='bbox 3116 4407 3288 4476; x_wconf 91' lang='lat' dir='ltr'><strong>dedit,</strong></span> <span class='ocrx_word' id='word_1_673' title='bbox 3315 4406 3624 4480; x_wconf 90' lang='lat' dir='ltr'><strong>justiﬁcans</strong></span> <span class='ocrx_word' id='word_1_674' title='bbox 3640 4423 3779 4479; x_wconf 89' lang='lat' dir='ltr'><strong>pec-</strong></span> 
     </span>
    </p>
   </div>
   <div class='ocr_carea' id='block_1_87' title="bbox 2181 4488 3780 4572">
    <p class='ocr_par' dir='ltr' id='par_1_87' title="bbox 2181 4488 3780 4572">
     <span class='ocr_line' id='line_1_87' title="bbox 2181 4488 3780 4572; baseline -0.003 -15"><span class='ocrx_word' id='word_1_675' title='bbox 2181 4511 2408 4568; x_wconf 90' lang='lat' dir='ltr'><strong>catores,</strong></span> <span class='ocrx_word' id='word_1_676' title='bbox 2442 4508 2495 4556; x_wconf 92' lang='lat' dir='ltr'><strong>et</strong></span> <span class='ocrx_word' id='word_1_677' title='bbox 2524 4501 2804 4572; x_wconf 89' lang='lat' dir='ltr'><strong>apostolos</strong></span> <span class='ocrx_word' id='word_1_678' title='bbox 2832 4499 2950 4571; x_wconf 89' lang='lat'><strong>(23)</strong></span> <span class='ocrx_word' id='word_1_679' title='bbox 2982 4495 3314 4565; x_wconf 88' lang='lat' dir='ltr'><strong>nominavit,</strong></span> <span class='ocrx_word' id='word_1_680' title='bbox 3344 4488 3578 4569; x_wconf 89' lang='lat' dir='ltr'><strong>quorum</strong></span> <span class='ocrx_word' id='word_1_681' title='bbox 3608 4511 3663 4551; x_wconf 92' lang='lat' dir='ltr'><strong>se</strong></span> <span class='ocrx_word' id='word_1_682' title='bbox 3685 4495 3780 4554; x_wconf 88' lang='lat' dir='ltr'><strong>hic</strong></span> 
     </span>
    </p>
   </div>
   <div class='ocr_carea' id='block_1_88' title="bbox 471 4583 3780 4662">
    <p class='ocr_par' dir='ltr' id='par_1_88' title="bbox 471 4583 3780 4662">
     <span class='ocr_line' id='line_1_88' title="bbox 471 4583 3780 4662; baseline 0.001 -25"><span class='ocrx_word' id='word_1_683' title='bbox 471 4597 636 4640; x_wconf 87' lang='lat' dir='ltr'><strong>verus</strong></span> <span class='ocrx_word' id='word_1_684' title='bbox 672 4592 855 4640; x_wconf 89' lang='lat' dir='ltr'><strong>autem</strong></span> <span class='ocrx_word' id='word_1_685' title='bbox 894 4600 1004 4639; x_wconf 92' lang='lat' dir='ltr'><strong>non</strong></span> <span class='ocrx_word' id='word_1_686' title='bbox 1048 4584 1173 4654; x_wconf 91' lang='lat' dir='ltr'><strong>erit,</strong></span> <span class='ocrx_word' id='word_1_687' title='bbox 1221 4586 1329 4643; x_wconf 91' lang='lat' dir='ltr'><strong>nisi</strong></span> <span class='ocrx_word' id='word_1_688' title='bbox 1367 4587 1438 4644; x_wconf 91' lang='lat' dir='ltr'><strong>sit</strong></span> <span class='ocrx_word' id='word_1_689' title='bbox 1486 4603 1555 4644; x_wconf 84' lang='lat' dir='ltr'><strong>ex</strong></span> <span class='ocrx_word' id='word_1_690' title='bbox 1601 4595 1763 4646; x_wconf 77' lang='lat' dir='ltr'><strong>carne</strong></span> <span class='ocrx_word' id='word_1_691' title='bbox 1795 4599 1848 4646; x_wconf 92' lang='lat' dir='ltr'><strong>et</strong></span> <span class='ocrx_word' id='word_1_692' title='bbox 1889 4592 2073 4648; x_wconf 89' lang='lat' dir='ltr'><strong>anima</strong></span> <span class='ocrx_word' id='word_1_693' title='bbox 2180 4589 2389 4647; x_wconf 90' lang='lat' dir='ltr'><strong>socium</strong></span> <span class='ocrx_word' id='word_1_694' title='bbox 2419 4589 2592 4655; x_wconf 89' lang='lat' dir='ltr'><strong>dicit;</strong></span> <span class='ocrx_word' id='word_1_695' title='bbox 2622 4595 2685 4644; x_wconf 89' lang='lat' dir='ltr'><strong>ut</strong></span> <span class='ocrx_word' id='word_1_696' title='bbox 2729 4588 3067 4662; x_wconf 89' lang='lat' dir='ltr'><strong>apostolatus</strong></span> <span class='ocrx_word' id='word_1_697' title='bbox 3096 4602 3222 4642; x_wconf 91' lang='lat' dir='ltr'><strong>cum</strong></span> <span class='ocrx_word' id='word_1_698' title='bbox 3258 4584 3430 4656; x_wconf 91' lang='lat' dir='ltr'><strong>gratia</strong></span> <span class='ocrx_word' id='word_1_699' title='bbox 3476 4593 3615 4640; x_wconf 90' lang='lat' dir='ltr'><strong>esset</strong></span> <span class='ocrx_word' id='word_1_700' title='bbox 3643 4583 3780 4641; x_wconf 89' lang='lat' dir='ltr'><strong>doni</strong></span> 
     </span>
    </p>
   </div>
   <div class='ocr_carea' id='block_1_89' title="bbox 472 4670 3778 4766">
    <p class='ocr_par' dir='ltr' id='par_1_89' title="bbox 472 4670 3778 4766">
     <span class='ocr_line' id='line_1_89' title="bbox 472 4670 3778 4766; baseline 0.001 -38"><span class='ocrx_word' id='word_1_701' title='bbox 472 4670 591 4766; x_wconf 78' lang='grc'>(20)</span> <span class='ocrx_word' id='word_1_702' title='bbox 618 4689 632 4739; x_wconf 92' lang='grc'>;</span> <span class='ocrx_word' id='word_1_703' title='bbox 672 4679 734 4728; x_wconf 86' lang='grc' dir='ltr'><strong>ιιι</strong></span> <span class='ocrx_word' id='word_1_704' title='bbox 763 4672 834 4766; x_wconf 74' lang='lat' dir='ltr'><strong>sit</strong></span> <span class='ocrx_word' id='word_1_705' title='bbox 865 4672 1157 4766; x_wconf 78' lang='lat' dir='ltr'><strong>perfectus.</strong></span> <span class='ocrx_word' id='word_1_706' title='bbox 1190 4673 1295 4743; x_wconf 88' lang='lat' dir='ltr'><strong>Qui</strong></span> <span class='ocrx_word' id='word_1_707' title='bbox 1321 4677 1468 4733; x_wconf 92' lang='lat' dir='ltr'><strong>enim</strong></span> <span class='ocrx_word' id='word_1_708' title='bbox 1500 4693 1568 4734; x_wconf 85' lang='lat' dir='ltr'><strong>ex</strong></span> <span class='ocrx_word' id='word_1_709' title='bbox 1599 4686 1802 4735; x_wconf 63' lang='lat' dir='ltr'><strong>aeterno</strong></span> <span class='ocrx_word' id='word_1_710' title='bbox 1826 4681 1924 4736; x_wconf 93' lang='lat' dir='ltr'><strong>Dei</strong></span> <span class='ocrx_word' id='word_1_711' title='bbox 1964 4681 2070 4736; x_wconf 88' lang='lat' dir='ltr'><strong>Fi-</strong></span> <span class='ocrx_word' id='word_1_712' title='bbox 2097 4708 2151 4766; x_wconf 82' lang='lat' dir='ltr'><strong>D</strong></span> <span class='ocrx_word' id='word_1_713' title='bbox 2180 4679 2300 4748; x_wconf 84' lang='lat' dir='ltr'><strong>Dei,</strong></span> <span class='ocrx_word' id='word_1_714' title='bbox 2330 4695 2439 4735; x_wconf 91' lang='lat' dir='ltr'><strong>non</strong></span> <span class='ocrx_word' id='word_1_715' title='bbox 2471 4679 2616 4734; x_wconf 90' lang='lat' dir='ltr'><strong>sicut</strong></span> <span class='ocrx_word' id='word_1_716' title='bbox 2649 4677 2966 4733; x_wconf 69' lang='lat' dir='ltr'><strong>Iudaeorum</strong></span> <span class='ocrx_word' id='word_1_717' title='bbox 2998 4681 3128 4731; x_wconf 92' lang='lat' dir='ltr'><strong>sunt</strong></span> <span class='ocrx_word' id='word_1_718' title='bbox 3146 4673 3400 4746; x_wconf 88' lang='lat' dir='ltr'><strong>apostoli.</strong></span> <span class='ocrx_word' id='word_1_719' title='bbox 3429 4673 3478 4729; x_wconf 87' lang='lat' dir='ltr'><strong>A</strong></span> <span class='ocrx_word' id='word_1_720' title='bbox 3509 4675 3622 4730; x_wconf 93' lang='lat' dir='ltr'><strong>Deo</strong></span> <span class='ocrx_word' id='word_1_721' title='bbox 3649 4689 3778 4746; x_wconf 92' lang='lat' dir='ltr'><strong>ergo</strong></span> 
     </span>
    </p>
   </div>
   <div class='ocr_carea' id='block_1_90' title="bbox 470 4759 3778 4841">
    <p class='ocr_par' dir='ltr' id='par_1_90' title="bbox 470 4759 3778 4841">
     <span class='ocr_line' id='line_1_90' title="bbox 470 4759 3778 4841; baseline 0.001 -26"><span class='ocrx_word' id='word_1_722' title='bbox 470 4759 579 4816; x_wconf 90' lang='lat' dir='ltr'><strong>lius</strong></span> <span class='ocrx_word' id='word_1_723' title='bbox 616 4769 752 4830; x_wconf 89' lang='lat' dir='ltr'><strong>erat,</strong></span> <span class='ocrx_word' id='word_1_724' title='bbox 801 4761 1162 4835; x_wconf 89' lang='lat' dir='ltr'><strong>ignorabatur</strong></span> <span class='ocrx_word' id='word_1_725' title='bbox 1189 4780 1222 4820; x_wconf 94' lang='lat' dir='ltr'><strong>a</strong></span> <span class='ocrx_word' id='word_1_726' title='bbox 1249 4774 1498 4822; x_wconf 89' lang='lat' dir='ltr'><strong>creatura</strong></span> <span class='ocrx_word' id='word_1_727' title='bbox 1525 4785 1536 4822; x_wconf 92' lang='lat'><strong>:</strong></span> <span class='ocrx_word' id='word_1_728' title='bbox 1571 4766 1702 4823; x_wconf 91' lang='lat' dir='ltr'><strong>dum</strong></span> <span class='ocrx_word' id='word_1_729' title='bbox 1733 4769 1856 4824; x_wconf 91' lang='lat' dir='ltr'><strong>vult</strong></span> <span class='ocrx_word' id='word_1_730' title='bbox 1883 4777 2066 4825; x_wconf 90' lang='lat' dir='ltr'><strong>autem</strong></span> <span class='ocrx_word' id='word_1_731' title='bbox 2097 4759 2143 4766; x_wconf 70' lang='grc'>”</span> <span class='ocrx_word' id='word_1_732' title='bbox 2177 4768 2334 4825; x_wconf 90' lang='lat' dir='ltr'><strong>Patre</strong></span> <span class='ocrx_word' id='word_1_733' title='bbox 2364 4785 2459 4841; x_wconf 89' lang='lat' dir='ltr'><strong>per</strong></span> <span class='ocrx_word' id='word_1_734' title='bbox 2489 4767 2770 4826; x_wconf 89' lang='lat' dir='ltr'><strong>Christum</strong></span> <span class='ocrx_word' id='word_1_735' title='bbox 2801 4765 3098 4822; x_wconf 92' lang='lat' dir='ltr'><strong>Dominum</strong></span> <span class='ocrx_word' id='word_1_736' title='bbox 3137 4762 3281 4819; x_wconf 91' lang='lat' dir='ltr'><strong>hanc</strong></span> <span class='ocrx_word' id='word_1_737' title='bbox 3315 4769 3644 4836; x_wconf 88' lang='lat' dir='ltr'><strong>acceperunt</strong></span> <span class='ocrx_word' id='word_1_738' title='bbox 3672 4779 3778 4835; x_wconf 85' lang='lat' dir='ltr'><strong>po-</strong></span> 
     </span>
    </p>
   </div>
   <div class='ocr_carea' id='block_1_91' title="bbox 470 4852 3779 4928">
    <p class='ocr_par' dir='ltr' id='par_1_91' title="bbox 470 4852 3779 4928">
     <span class='ocr_line' id='line_1_91' title="bbox 470 4852 3779 4928; baseline 0.001 -23"><span class='ocrx_word' id='word_1_739' title='bbox 470 4852 810 4908; x_wconf 75' lang='lat' dir='ltr'><strong>manitestari</strong></span> <span class='ocrx_word' id='word_1_740' title='bbox 843 4870 942 4926; x_wconf 93' lang='lat' dir='ltr'><strong>pro</strong></span> <span class='ocrx_word' id='word_1_741' title='bbox 991 4852 1234 4913; x_wconf 87' lang='lat' dir='ltr'><strong>humana</strong></span> <span class='ocrx_word' id='word_1_742' title='bbox 1279 4857 1473 4927; x_wconf 89' lang='lat' dir='ltr'><strong>salute,</strong></span> <span class='ocrx_word' id='word_1_743' title='bbox 1507 4857 1747 4916; x_wconf 87' lang='lat' dir='ltr'><strong>visibilis</strong></span> <span class='ocrx_word' id='word_1_744' title='bbox 1783 4859 1977 4916; x_wconf 89' lang='lat' dir='ltr'><strong>debuit</strong></span> <span class='ocrx_word' id='word_1_745' title='bbox 2014 4868 2069 4918; x_wconf 92' lang='lat' dir='ltr'><strong>et</strong></span> <span class='ocrx_word' id='word_1_746' title='bbox 2177 4869 2446 4928; x_wconf 88' lang='lat' dir='ltr'><strong>testatem,</strong></span> <span class='ocrx_word' id='word_1_747' title='bbox 2481 4866 2543 4914; x_wconf 90' lang='lat' dir='ltr'><strong>ut</strong></span> <span class='ocrx_word' id='word_1_748' title='bbox 2569 4857 2688 4913; x_wconf 92' lang='lat' dir='ltr'><strong>vice</strong></span> <span class='ocrx_word' id='word_1_749' title='bbox 2718 4855 2945 4914; x_wconf 89' lang='lat' dir='ltr'><strong>Domini</strong></span> <span class='ocrx_word' id='word_1_750' title='bbox 2977 4855 3150 4928; x_wconf 88' lang='lat' dir='ltr'><strong>signis</strong></span> <span class='ocrx_word' id='word_1_751' title='bbox 3175 4853 3482 4914; x_wconf 90' lang='lat' dir='ltr'><strong>doctrinam</strong></span> <span class='ocrx_word' id='word_1_752' title='bbox 3513 4853 3779 4910; x_wconf 90' lang='lat' dir='ltr'><strong>Domini-</strong></span> 
     </span>
    </p>
   </div>
   <div class='ocr_carea' id='block_1_92' title="bbox 469 4943 3776 5027">
    <p class='ocr_par' dir='ltr' id='par_1_92' title="bbox 469 4943 3776 5027">
     <span class='ocr_line' id='line_1_92' title="bbox 469 4943 3776 5027; baseline 0 -27"><span class='ocrx_word' id='word_1_753' title='bbox 469 4960 763 5016; x_wconf 87' lang='lat' dir='ltr'><strong>corporeus</strong></span> <span class='ocrx_word' id='word_1_754' title='bbox 790 4945 910 5002; x_wconf 87' lang='lat' dir='ltr'><strong>ﬁeri</strong></span> <span class='ocrx_word' id='word_1_755' title='bbox 940 4967 954 5016; x_wconf 92' lang='lat'><strong>;</strong></span> <span class='ocrx_word' id='word_1_756' title='bbox 979 4949 1108 5022; x_wconf 90' lang='lat' dir='ltr'><strong>quia</strong></span> <span class='ocrx_word' id='word_1_757' title='bbox 1145 4957 1200 5006; x_wconf 89' lang='lat' dir='ltr'><strong>et</strong></span> <span class='ocrx_word' id='word_1_758' title='bbox 1228 4951 1486 5022; x_wconf 89' lang='lat' dir='ltr'><strong>cognosci</strong></span> <span class='ocrx_word' id='word_1_759' title='bbox 1512 4969 1570 5009; x_wconf 92' lang='lat' dir='ltr'><strong>se</strong></span> <span class='ocrx_word' id='word_1_760' title='bbox 1608 4953 1788 5010; x_wconf 89' lang='lat' dir='ltr'><strong>voluit</strong></span> <span class='ocrx_word' id='word_1_761' title='bbox 1817 4969 1914 5027; x_wconf 91' lang='lat' dir='ltr'><strong>per</strong></span> <span class='ocrx_word' id='word_1_762' title='bbox 1940 4954 2066 5010; x_wconf 89' lang='lat' dir='ltr'><strong>vir—</strong></span> <span class='ocrx_word' id='word_1_763' title='bbox 2174 4967 2293 5006; x_wconf 89' lang='lat' dir='ltr'><strong>cam</strong></span> <span class='ocrx_word' id='word_1_764' title='bbox 2331 4946 2725 5021; x_wconf 89' lang='lat' dir='ltr'><strong>acceptabilem</strong></span> <span class='ocrx_word' id='word_1_765' title='bbox 2772 4946 3052 5013; x_wconf 87' lang='lat' dir='ltr'><strong>facerent;</strong></span> <span class='ocrx_word' id='word_1_766' title='bbox 3101 4953 3162 5001; x_wconf 91' lang='lat' dir='ltr'><strong>ut</strong></span> <span class='ocrx_word' id='word_1_767' title='bbox 3204 4943 3490 5011; x_wconf 82' lang='lat' dir='ltr'><strong>virtutem,</strong></span> <span class='ocrx_word' id='word_1_768' title='bbox 3521 4959 3683 5015; x_wconf 90' lang='lat' dir='ltr'><strong>quam</strong></span> <span class='ocrx_word' id='word_1_769' title='bbox 3715 4944 3776 5000; x_wconf 89' lang='lat' dir='ltr'><strong>in</strong></span> 
     </span>
    </p>
   </div>
   <div class='ocr_carea' id='block_1_93' title="bbox 469 5031 3778 5114">
    <p class='ocr_par' dir='ltr' id='par_1_93' title="bbox 469 5031 3778 5114">
     <span class='ocr_line' id='line_1_93' title="bbox 469 5031 3778 5114; baseline -0.001 -24"><span class='ocrx_word' id='word_1_770' title='bbox 469 5040 665 5103; x_wconf 90' lang='lat' dir='ltr'><strong>tutem,</strong></span> <span class='ocrx_word' id='word_1_771' title='bbox 717 5041 773 5091; x_wconf 90' lang='lat' dir='ltr'><strong>et</strong></span> <span class='ocrx_word' id='word_1_772' title='bbox 825 5034 1105 5094; x_wconf 88' lang='lat' dir='ltr'><strong>hominem</strong></span> <span class='ocrx_word' id='word_1_773' title='bbox 1157 5055 1188 5094; x_wconf 90' lang='lat' dir='ltr'><strong>a</strong></span> <span class='ocrx_word' id='word_1_774' title='bbox 1233 5041 1469 5113; x_wconf 88' lang='lat' dir='ltr'><strong>peccatis</strong></span> <span class='ocrx_word' id='word_1_775' title='bbox 1507 5042 1730 5099; x_wconf 91' lang='lat' dir='ltr'><strong>abluere</strong></span> <span class='ocrx_word' id='word_1_776' title='bbox 1782 5043 1841 5099; x_wconf 92' lang='lat' dir='ltr'><strong>in</strong></span> <span class='ocrx_word' id='word_1_777' title='bbox 1878 5059 2061 5114; x_wconf 91' lang='lat' dir='ltr'><strong>carne,</strong></span> <span class='ocrx_word' id='word_1_778' title='bbox 2174 5040 2456 5097; x_wconf 88' lang='lat' dir='ltr'><strong>Salvatore</strong></span> <span class='ocrx_word' id='word_1_779' title='bbox 2501 5037 2813 5094; x_wconf 90' lang='lat' dir='ltr'><strong>zelarentur</strong></span> <span class='ocrx_word' id='word_1_780' title='bbox 2842 5035 3038 5109; x_wconf 91' lang='lat' dir='ltr'><strong>perﬁdi</strong></span> <span class='ocrx_word' id='word_1_781' title='bbox 3068 5035 3266 5103; x_wconf 80' lang='lat' dir='ltr'><strong>Judaei,</strong></span> <span class='ocrx_word' id='word_1_782' title='bbox 3320 5033 3465 5090; x_wconf 90' lang='lat' dir='ltr'><strong>hanc</strong></span> <span class='ocrx_word' id='word_1_783' title='bbox 3495 5031 3553 5088; x_wconf 93' lang='lat' dir='ltr'><strong>in</strong></span> <span class='ocrx_word' id='word_1_784' title='bbox 3598 5032 3778 5088; x_wconf 86' lang='lat' dir='ltr'><strong>servis</strong></span> 
     </span>
    </p>
   </div>
   <div class='ocr_carea' id='block_1_94' title="bbox 467 5121 3777 5202">
    <p class='ocr_par' dir='ltr' id='par_1_94' title="bbox 467 5121 3777 5202">
     <span class='ocr_line' id='line_1_94' title="bbox 467 5121 3777 5202; baseline -0 -24"><span class='ocrx_word' id='word_1_785' title='bbox 467 5131 645 5180; x_wconf 87' lang='lat' dir='ltr'><strong>morte</strong></span> <span class='ocrx_word' id='word_1_786' title='bbox 676 5121 912 5180; x_wconf 90' lang='lat' dir='ltr'><strong>devicta.</strong></span> <span class='ocrx_word' id='word_1_787' title='bbox 944 5125 1016 5182; x_wconf 92' lang='lat' dir='ltr'><strong>Et</strong></span> <span class='ocrx_word' id='word_1_788' title='bbox 1046 5126 1169 5183; x_wconf 89' lang='lat' dir='ltr'><strong>ideo</strong></span> <span class='ocrx_word' id='word_1_789' title='bbox 1214 5144 1284 5184; x_wconf 83' lang='lat' dir='ltr'><strong>ex</strong></span> <span class='ocrx_word' id='word_1_790' title='bbox 1311 5132 1520 5188; x_wconf 90' lang='lat' dir='ltr'><strong>semine</strong></span> <span class='ocrx_word' id='word_1_791' title='bbox 1550 5133 1729 5190; x_wconf 91' lang='lat' dir='ltr'><strong>David</strong></span> <span class='ocrx_word' id='word_1_792' title='bbox 1759 5132 1842 5202; x_wconf 89' lang='lat' dir='ltr'><strong>ﬁt,</strong></span> <span class='ocrx_word' id='word_1_793' title='bbox 1873 5140 1935 5189; x_wconf 91' lang='grc' dir='ltr'><strong>ιιι</strong></span> <span class='ocrx_word' id='word_1_794' title='bbox 1962 5134 2063 5190; x_wconf 85' lang='lat' dir='ltr'><strong>sic-</strong></span> <span class='ocrx_word' id='word_1_795' title='bbox 2171 5127 2290 5200; x_wconf 90' lang='lat' dir='ltr'><strong>ejus</strong></span> <span class='ocrx_word' id='word_1_796' title='bbox 2319 5144 2350 5183; x_wconf 93' lang='lat' dir='ltr'><strong>a</strong></span> <span class='ocrx_word' id='word_1_797' title='bbox 2385 5125 2564 5182; x_wconf 91' lang='lat' dir='ltr'><strong>turbis</strong></span> <span class='ocrx_word' id='word_1_798' title='bbox 2609 5125 2871 5183; x_wconf 89' lang='lat' dir='ltr'><strong>admirari</strong></span> <span class='ocrx_word' id='word_1_799' title='bbox 2913 5124 3189 5193; x_wconf 88' lang='lat' dir='ltr'><strong>videntes,</strong></span> <span class='ocrx_word' id='word_1_800' title='bbox 3237 5122 3620 5178; x_wconf 86' lang='lat' dir='ltr'><strong>vehementius</strong></span> <span class='ocrx_word' id='word_1_801' title='bbox 3647 5131 3777 5178; x_wconf 90' lang='lat' dir='ltr'><strong>tor-</strong></span> 
     </span>
    </p>
   </div>
   <div class='ocr_carea' id='block_1_95' title="bbox 466 5212 3774 5296">
    <p class='ocr_par' dir='ltr' id='par_1_95' title="bbox 466 5212 3774 5296">
     <span class='ocr_line' id='line_1_95' title="bbox 466 5212 3774 5296; baseline -0.001 -26"><span class='ocrx_word' id='word_1_802' title='bbox 466 5221 529 5270; x_wconf 90' lang='lat' dir='ltr'><strong>ut</strong></span> <span class='ocrx_word' id='word_1_803' title='bbox 562 5213 630 5270; x_wconf 90' lang='lat' dir='ltr'><strong>de</strong></span> <span class='ocrx_word' id='word_1_804' title='bbox 673 5214 790 5270; x_wconf 90' lang='lat' dir='ltr'><strong>Deo</strong></span> <span class='ocrx_word' id='word_1_805' title='bbox 840 5231 938 5270; x_wconf 88' lang='lat' dir='ltr'><strong>rex</strong></span> <span class='ocrx_word' id='word_1_806' title='bbox 985 5225 1110 5273; x_wconf 89' lang='lat' dir='ltr'><strong>ante</strong></span> <span class='ocrx_word' id='word_1_807' title='bbox 1167 5219 1364 5276; x_wconf 69' lang='lat' dir='ltr'><strong>saecula</strong></span> <span class='ocrx_word' id='word_1_808' title='bbox 1409 5231 1572 5278; x_wconf 88' lang='lat' dir='ltr'><strong>natus</strong></span> <span class='ocrx_word' id='word_1_809' title='bbox 1603 5231 1685 5280; x_wconf 90' lang='lat' dir='ltr'><strong>est</strong></span> <span class='ocrx_word' id='word_1_810' title='bbox 1717 5223 1857 5296; x_wconf 88' lang='grc'>(21),</span> <span class='ocrx_word' id='word_1_811' title='bbox 1890 5223 1965 5279; x_wconf 88' lang='lat' dir='ltr'><strong>ita</strong></span> <span class='ocrx_word' id='word_1_812' title='bbox 2011 5232 2065 5280; x_wconf 85' lang='lat' dir='ltr'><strong>et</strong></span> <span class='ocrx_word' id='word_1_813' title='bbox 2171 5223 2486 5291; x_wconf 90' lang='lat' dir='ltr'><strong>querentur.</strong></span> <span class='ocrx_word' id='word_1_814' title='bbox 2519 5214 2694 5272; x_wconf 89' lang='lat' dir='ltr'><strong>Testis</strong></span> <span class='ocrx_word' id='word_1_815' title='bbox 2721 5216 2870 5272; x_wconf 89' lang='lat' dir='ltr'><strong>enim</strong></span> <span class='ocrx_word' id='word_1_816' title='bbox 2901 5214 3168 5272; x_wconf 73' lang='lat' dir='ltr'><strong>doctrina:</strong></span> <span class='ocrx_word' id='word_1_817' title='bbox 3199 5213 3380 5270; x_wconf 89' lang='lat' dir='ltr'><strong>virtus</strong></span> <span class='ocrx_word' id='word_1_818' title='bbox 3409 5220 3511 5282; x_wconf 93' lang='lat' dir='ltr'><strong>est,</strong></span> <span class='ocrx_word' id='word_1_819' title='bbox 3551 5220 3613 5268; x_wconf 91' lang='lat' dir='ltr'><strong>ut</strong></span> <span class='ocrx_word' id='word_1_820' title='bbox 3643 5212 3774 5284; x_wconf 90' lang='lat' dir='ltr'><strong>quia</strong></span> 
     </span>
    </p>
   </div>
   <div class='ocr_carea' id='block_1_96' title="bbox 1905 5481 3766 5562">
    <p class='ocr_par' dir='ltr' id='par_1_96' title="bbox 1905 5481 3766 5562">
     <span class='ocr_line' id='line_1_96' title="bbox 1905 5481 3766 5562; baseline -0.003 -19"><span class='ocrx_word' id='word_1_821' title='bbox 1905 5488 2062 5559; x_wconf 82' lang='lat' dir='ltr'><strong>ﬁdem</strong></span> <span class='ocrx_word' id='word_1_822' title='bbox 2169 5487 2300 5562; x_wconf 86' lang='lat' dir='ltr'><strong>Gill.</strong></span> <span class='ocrx_word' id='word_1_823' title='bbox 2316 5488 2663 5562; x_wconf 87' lang='lat' dir='ltr'><strong>lectionibus</strong></span> <span class='ocrx_word' id='word_1_824' title='bbox 2689 5492 2744 5540; x_wconf 94' lang='lat' dir='ltr'><strong>et</strong></span> <span class='ocrx_word' id='word_1_825' title='bbox 2765 5484 2888 5541; x_wconf 91' lang='lat' dir='ltr'><strong>cod.</strong></span> <span class='ocrx_word' id='word_1_826' title='bbox 2909 5483 3072 5539; x_wconf 89' lang='lat' dir='ltr'><strong>Corb.</strong></span> <span class='ocrx_word' id='word_1_827' title='bbox 3093 5491 3146 5539; x_wconf 92' lang='lat' dir='ltr'><strong>et</strong></span> <span class='ocrx_word' id='word_1_828' title='bbox 3163 5483 3372 5562; x_wconf 75' lang='lat' dir='ltr'><strong>Remig.</strong></span> <span class='ocrx_word' id='word_1_829' title='bbox 3397 5481 3766 5562; x_wconf 65' lang='lat' dir='ltr'><strong>restituimus.</strong></span> 
     </span>
    </p>
   </div>
   <div class='ocr_carea' id='block_1_97' title="bbox 2241 5553 3770 5631">
    <p class='ocr_par' dir='ltr' id='par_1_97' title="bbox 2241 5553 3770 5631">
     <span class='ocr_line' id='line_1_97' title="bbox 2241 5553 3770 5631; baseline -0.005 -15"><span class='ocrx_word' id='word_1_830' title='bbox 2241 5561 2358 5631; x_wconf 86' lang='grc'>(21)</span> <span class='ocrx_word' id='word_1_831' title='bbox 2383 5563 2462 5616; x_wconf 88' lang='lat' dir='ltr'><strong>lta</strong></span> <span class='ocrx_word' id='word_1_832' title='bbox 2492 5575 2621 5614; x_wconf 91' lang='lat' dir='ltr'><strong>mss.</strong></span> <span class='ocrx_word' id='word_1_833' title='bbox 2656 5572 2851 5627; x_wconf 88' lang='lat' dir='ltr'><strong>magno</strong></span> <span class='ocrx_word' id='word_1_834' title='bbox 2882 5571 3151 5611; x_wconf 89' lang='lat' dir='ltr'><strong>consensu</strong></span> <span class='ocrx_word' id='word_1_835' title='bbox 3177 5571 3189 5620; x_wconf 92' lang='lat'><strong>;</strong></span> <span class='ocrx_word' id='word_1_836' title='bbox 3222 5553 3356 5609; x_wconf 89' lang='lat' dir='ltr'><strong>edit.</strong></span> <span class='ocrx_word' id='word_1_837' title='bbox 3390 5560 3594 5623; x_wconf 84' lang='lat' dir='ltr'><strong>autem,</strong></span> <span class='ocrx_word' id='word_1_838' title='bbox 3626 5553 3770 5609; x_wconf 83' lang='lat' dir='ltr'><strong>Deus</strong></span> 
     </span>
    </p>
   </div>
   <div class='ocr_carea' id='block_1_98' title="bbox 2165 5633 2815 5687">
    <p class='ocr_par' dir='ltr' id='par_1_98' title="bbox 2165 5633 2815 5687">
     <span class='ocr_line' id='line_1_98' title="bbox 2165 5633 2815 5687; baseline -0.011 0"><span class='ocrx_word' id='word_1_839' title='bbox 2165 5639 2286 5687; x_wconf 74' lang='lat' dir='ltr'><strong>ante</strong></span> <span class='ocrx_word' id='word_1_840' title='bbox 2313 5633 2504 5686; x_wconf 63' lang='lat' dir='ltr'><strong>alecula</strong></span> <span class='ocrx_word' id='word_1_841' title='bbox 2539 5635 2699 5684; x_wconf 82' lang='lat' dir='ltr'><strong>natus</strong></span> <span class='ocrx_word' id='word_1_842' title='bbox 2723 5634 2815 5681; x_wconf 83' lang='lat' dir='ltr'><strong>est.</strong></span> 
     </span>
    </p>
   </div>
   <div class='ocr_carea' id='block_1_99' title="bbox 2239 5695 3770 5772">
    <p class='ocr_par' dir='ltr' id='par_1_99' title="bbox 2239 5695 3770 5772">
     <span class='ocr_line' id='line_1_99' title="bbox 2239 5695 3770 5772; baseline -0.003 -16"><span class='ocrx_word' id='word_1_843' title='bbox 2239 5703 2356 5772; x_wconf 87' lang='lat'><strong>(22)</strong></span> <span class='ocrx_word' id='word_1_844' title='bbox 2401 5705 2526 5760; x_wconf 89' lang='lat' dir='ltr'><strong>Mss.</strong></span> <span class='ocrx_word' id='word_1_845' title='bbox 2575 5699 2805 5772; x_wconf 90' lang='lat' dir='ltr'><strong>aliquot,</strong></span> <span class='ocrx_word' id='word_1_846' title='bbox 2854 5695 2946 5770; x_wconf 72' lang='lat' dir='ltr'><strong>qui</strong></span> <span class='ocrx_word' id='word_1_847' title='bbox 2980 5696 3288 5752; x_wconf 79' lang='lat' dir='ltr'><strong>incarnatus</strong></span> <span class='ocrx_word' id='word_1_848' title='bbox 3319 5697 3531 5768; x_wconf 79' lang='lat' dir='ltr'><strong>quidem</strong></span> <span class='ocrx_word' id='word_1_849' title='bbox 3576 5702 3668 5761; x_wconf 81' lang='lat' dir='ltr'><strong>est.</strong></span> <span class='ocrx_word' id='word_1_850' title='bbox 3721 5703 3770 5752; x_wconf 85' lang='lat' dir='ltr'><strong>et</strong></span> 
     </span>
    </p>
   </div>
   <div class='ocr_carea' id='block_1_100' title="bbox 2169 5774 3613 5917">
    <p class='ocr_par' dir='ltr' id='par_1_100' title="bbox 2169 5774 3613 5917">
     <span class='ocr_line' id='line_1_100' title="bbox 2169 5774 3613 5917; baseline 0.023 -22"><span class='ocrx_word' id='word_1_851' title='bbox 2169 5774 2651 5917; x_wconf 43' lang='lat' dir='ltr'><strong>.Nonnulli</strong></span> <span class='ocrx_word' id='word_1_852' title='bbox 2685 5859 2839 5912; x_wconf 89' lang='lat' dir='ltr'><strong>mss.,</strong></span> <span class='ocrx_word' id='word_1_853' title='bbox 2877 5847 2925 5899; x_wconf 85' lang='lat' dir='ltr'><strong>et</strong></span> <span class='ocrx_word' id='word_1_854' title='bbox 2949 5841 3216 5915; x_wconf 72' lang='lat' dir='ltr'><strong>apostolos</strong></span> <span class='ocrx_word' id='word_1_855' title='bbox 3253 5839 3613 5915; x_wconf 34' lang='lat' dir='ltr'><strong>conﬁrmavit</strong></span> 
     </span>
    </p>
   </div>
   <div class='ocr_carea' id='block_1_101' title="bbox 461 5479 1857 5607">
    <p class='ocr_par' dir='ltr' id='par_1_101' title="bbox 461 5479 1857 5607">
     <span class='ocr_line' id='line_1_101' title="bbox 461 5479 1857 5607; baseline -0.003 -67"><span class='ocrx_word' id='word_1_856' title='bbox 461 5480 654 5607; x_wconf 50' lang='lat'><strong>“3:18)</strong></span> <span class='ocrx_word' id='word_1_857' title='bbox 683 5479 886 5537; x_wconf 91' lang='lat' dir='ltr'><strong>Eadem</strong></span> <span class='ocrx_word' id='word_1_858' title='bbox 921 5482 1079 5539; x_wconf 80' lang='lat' dir='ltr'><strong>Rom.</strong></span> <span class='ocrx_word' id='word_1_859' title='bbox 1130 5481 1263 5540; x_wconf 91' lang='lat' dir='ltr'><strong>edit.</strong></span> <span class='ocrx_word' id='word_1_860' title='bbox 1316 5486 1452 5554; x_wconf 87' lang='lat' dir='ltr'><strong>sola,</strong></span> <span class='ocrx_word' id='word_1_861' title='bbox 1503 5491 1549 5540; x_wconf 87' lang='lat' dir='ltr'><strong>et</strong></span> <span class='ocrx_word' id='word_1_862' title='bbox 1599 5485 1857 5558; x_wconf 79' lang='lat' dir='ltr'><strong>integram</strong></span> 
     </span>
    </p>
   </div>
   <div class='ocr_carea' id='block_1_102' title="bbox 564 5624 1769 5698">
    <p class='ocr_par' dir='ltr' id='par_1_102' title="bbox 564 5624 1769 5698">
     <span class='ocr_line' id='line_1_102' title="bbox 564 5624 1769 5698; baseline 0.006 -20"><span class='ocrx_word' id='word_1_863' title='bbox 564 5624 652 5698; x_wconf 67' lang='grc'><strong>19)</strong></span> <span class='ocrx_word' id='word_1_864' title='bbox 685 5624 822 5698; x_wconf 60' lang='lat' dir='ltr'><strong>Mss.</strong></span> <span class='ocrx_word' id='word_1_865' title='bbox 841 5625 1070 5698; x_wconf 87' lang='lat' dir='ltr'><strong>aliquot,</strong></span> <span class='ocrx_word' id='word_1_866' title='bbox 1115 5626 1216 5682; x_wconf 77' lang='lat' dir='ltr'><strong>Dei</strong></span> <span class='ocrx_word' id='word_1_867' title='bbox 1245 5626 1444 5682; x_wconf 76' lang='lat' dir='ltr'><strong>Filium</strong></span> <span class='ocrx_word' id='word_1_868' title='bbox 1473 5643 1538 5681; x_wconf 75' lang='lat' dir='ltr'><strong>ea:</strong></span> <span class='ocrx_word' id='word_1_869' title='bbox 1566 5627 1769 5684; x_wconf 80' lang='lat' dir='ltr'><strong>Maria.</strong></span> 
     </span>
    </p>
   </div>
   <div class='ocr_carea' id='block_1_103' title="bbox 559 5694 2060 5767">
    <p class='ocr_par' dir='ltr' id='par_1_103' title="bbox 559 5694 2060 5767">
     <span class='ocr_line' id='line_1_103' title="bbox 559 5694 2060 5767; baseline 0.003 -16"><span class='ocrx_word' id='word_1_870' title='bbox 559 5694 651 5767; x_wconf 77' lang='grc'><strong>20)</strong></span> <span class='ocrx_word' id='word_1_871' title='bbox 690 5696 909 5767; x_wconf 14' lang='grc' dir='ltr'><strong>Πείειίσιιι</strong></span> <span class='ocrx_word' id='word_1_872' title='bbox 933 5694 1176 5754; x_wconf 58' lang='lat' dir='ltr'><strong>herus...</strong></span> <span class='ocrx_word' id='word_1_873' title='bbox 1211 5714 1274 5752; x_wconf 62' lang='grc' dir='ltr'><strong>ατ</strong></span> <span class='ocrx_word' id='word_1_874' title='bbox 1318 5715 1475 5752; x_wconf 82' lang='lat' dir='ltr'><strong>carne</strong></span> <span class='ocrx_word' id='word_1_875' title='bbox 1515 5704 1562 5752; x_wconf 83' lang='lat' dir='ltr'><strong>et</strong></span> <span class='ocrx_word' id='word_1_876' title='bbox 1600 5700 1802 5767; x_wconf 82' lang='lat' dir='ltr'><strong>anima,</strong></span> <span class='ocrx_word' id='word_1_877' title='bbox 1843 5715 1912 5754; x_wconf 82' lang='lat' dir='ltr'><strong>ex</strong></span> <span class='ocrx_word' id='word_1_878' title='bbox 1952 5715 2060 5754; x_wconf 86' lang='lat' dir='ltr'><strong>va-</strong></span> 
     </span>
    </p>
   </div>
   <div class='ocr_carea' id='block_1_104' title="bbox 458 5765 2048 5840">
    <p class='ocr_par' dir='ltr' id='par_1_104' title="bbox 458 5765 2048 5840">
     <span class='ocr_line' id='line_1_104' title="bbox 458 5765 2048 5840; baseline 0.003 -17"><span class='ocrx_word' id='word_1_879' title='bbox 458 5765 558 5840; x_wconf 81' lang='lat' dir='ltr'><strong>riis</strong></span> <span class='ocrx_word' id='word_1_880' title='bbox 587 5765 712 5840; x_wconf 80' lang='lat' dir='ltr'><strong>lect.</strong></span> <span class='ocrx_word' id='word_1_881' title='bbox 747 5766 882 5840; x_wconf 62' lang='lat' dir='ltr'><strong>Gill.</strong></span> <span class='ocrx_word' id='word_1_882' title='bbox 906 5784 938 5823; x_wconf 89' lang='lat' dir='ltr'><strong>a</strong></span> <span class='ocrx_word' id='word_1_883' title='bbox 966 5770 1122 5825; x_wconf 81' lang='lat' dir='ltr'><strong>Rom.</strong></span> <span class='ocrx_word' id='word_1_884' title='bbox 1157 5769 1291 5840; x_wconf 84' lang='lat' dir='ltr'><strong>edit.</strong></span> <span class='ocrx_word' id='word_1_885' title='bbox 1318 5768 1375 5824; x_wconf 87' lang='lat' dir='ltr'><strong>in</strong></span> <span class='ocrx_word' id='word_1_886' title='bbox 1398 5775 1610 5826; x_wconf 85' lang='lat' dir='ltr'><strong>textum</strong></span> <span class='ocrx_word' id='word_1_887' title='bbox 1642 5765 1880 5827; x_wconf 88' lang='lat' dir='ltr'><strong>admissa</strong></span> <span class='ocrx_word' id='word_1_888' title='bbox 1900 5781 2048 5840; x_wconf 88' lang='lat' dir='ltr'><strong>sunt,</strong></span> 
     </span>
    </p>
   </div>
   <div class='ocr_carea' id='block_1_105' title="bbox 455 5838 2054 5917">
    <p class='ocr_par' dir='ltr' id='par_1_105' title="bbox 455 5838 2054 5917">
     <span class='ocr_line' id='line_1_105' title="bbox 455 5838 2054 5917; baseline 0.003 -22"><span class='ocrx_word' id='word_1_889' title='bbox 455 5839 556 5896; x_wconf 84' lang='lat' dir='ltr'><strong>sed</strong></span> <span class='ocrx_word' id='word_1_890' title='bbox 585 5838 788 5897; x_wconf 91' lang='lat' dir='ltr'><strong>omissa</strong></span> <span class='ocrx_word' id='word_1_891' title='bbox 824 5839 942 5908; x_wconf 90' lang='lat' dir='ltr'><strong>illa,</strong></span> <span class='ocrx_word' id='word_1_892' title='bbox 975 5846 1053 5894; x_wconf 77' lang='lat' dir='ltr'><strong>ut‘</strong></span> <span class='ocrx_word' id='word_1_893' title='bbox 1071 5841 1119 5894; x_wconf 83' lang='lat' dir='ltr'><strong>si</strong></span> <span class='ocrx_word' id='word_1_894' title='bbox 1145 5839 1428 5914; x_wconf 80' lang='lat' dir='ltr'><strong>perfectus,</strong></span> <span class='ocrx_word' id='word_1_895' title='bbox 1461 5858 1580 5917; x_wconf 69' lang='lat' dir='ltr'><strong>quin</strong></span> <span class='ocrx_word' id='word_1_896' title='bbox 1609 5859 1708 5900; x_wconf 88' lang='lat' dir='ltr'><strong>nos</strong></span> <span class='ocrx_word' id='word_1_897' title='bbox 1750 5859 1817 5900; x_wconf 85' lang='lat' dir='ltr'><strong>ex</strong></span> <span class='ocrx_word' id='word_1_898' title='bbox 1849 5838 2054 5900; x_wconf 86' lang='lat' dir='ltr'><strong>eisdem</strong></span> 
     </span>
    </p>
   </div>
  </div>
