3980 6380
197 415 261 474 53
1295 419 1656 476 COMMENT.
1703 419 1773 475 ΙΝ
1813 418 2029 474 EPIST.
2073 420 2170 474 AD
2212 420 2378 476 ROM.
3409 415 3479 474 54

196 540 333 616 quod
362 542 708 614 praedicatur,
740 543 1062 601 incredibile
1091 544 1298 601 mundo
1327 553 1427 614 est,
1472 545 1636 617 gestis
1663 545 1772 602 ﬁe-
1802 548 1853 607 A
1881 544 2011 617 quia
2038 543 2172 601 ﬁdes
2209 543 2434 600 illorum
2464 542 2523 598 in
2551 541 2704 598 omni
2745 541 2866 599 loco
2892 541 3182 612 currebat;
3224 541 3479 616 quamvis

196 642 271 692 ret
322 631 604 690 credibile.
660 633 855 691 Missos
901 633 1071 705 igitur
1122 635 1401 706 apostolos
1464 644 1644 703 vocat,
1712 644 1775 693 ut

195 724 550 800 praedicarent
579 725 699 799 (24)
734 725 898 782 ﬁdem
923 724 1181 782 omnibus
1210 725 1482 798 gentibus,
1504 734 1568 782 ut
1589 725 1773 783 obedi-

195 823 329 882 rent,
369 822 424 871 et
465 816 809 872 salvarentur
836 833 850 882 ;
881 822 943 871 ut
985 814 1194 872 donum
1239 817 1338 872 Dei
1368 832 1479 874 non
1501 815 1617 888 jam
1643 816 1776 873 solis

192 903 410 973 ludatis,
443 921 635 960 verum
665 904 831 961 etiam
865 904 1124 961 omnibus
1166 905 1417 978 gentibus
1456 921 1774 963 concessum

194 992 469 1049 videretur
488 1011 500 1060 ;
519 1001 572 1049 et
600 993 742 1050 hanc
760 1010 875 1050 esse
905 993 1004 1050 Dei
1035 995 1395 1064 voluntatem,
1428 1002 1490 1051 ut
1519 995 1576 1050 in
1605 994 1777 1053 Chri-

192 1089 292 1151 sto,
323 1089 377 1138 et
413 1098 509 1154 per
537 1081 821 1140 Christum
869 1083 1128 1141 omnibus
1165 1084 1508 1153 misereatur,
1555 1083 1777 1140 vicariis

193 1172 303 1246 ejus
346 1174 792 1246 pradicantibus,
843 1173 950 1231 hoc
977 1183 1094 1232 est:
1150 1200 1167 1223 σ
1212 1175 1317 1232 Pro
1361 1175 1582 1232 nomine
1627 1175 1773 1249 ejus;

191 1262 327 1318 sicut
371 1263 504 1319 alibi
548 1262 716 1321 dicit:
763 1265 870 1320 Pro
917 1280 1027 1338 quo
1071 1265 1342 1337 legatione
1371 1265 1654 1338 fungimur
1693 1267 1776 1335 (ΙΙ

197 1352 318 1409 Cor.
350 1370 408 1422 v,
442 1353 558 1424 20).
590 1378 608 1400 ι

259 1450 438 1516 (Vers.
487 1452 568 1524 6.)
633 1477 651 1500 ι
698 1453 761 1509 In
810 1452 1009 1526 quibus
1052 1453 1182 1510 estis
1227 1461 1281 1510 et
1318 1470 1416 1510 vos
1445 1453 1625 1510 vocati
1653 1436 1780 1509 Jesu

189 1539 410 1598 Christi.
452 1564 471 1589 ι
533 1542 646 1598 Hoc
697 1551 796 1611 est,
833 1543 1108 1616 legatione
1138 1543 1299 1600 nobis
1339 1543 1695 1614 fungentibus
1721 1542 1778 1597 in

189 1628 444 1685 omnibus
487 1629 740 1702 gentibus
786 1649 884 1704 pro
930 1633 1157 1689 nomine
1200 1634 1329 1689 Jesu
1358 1632 1590 1700 Christi,
1636 1632 1780 1686 inter

189 1733 319 1790 quos
361 1719 498 1775 estis
525 1727 578 1775 et
607 1737 706 1776 vos
735 1721 917 1777 vocati
943 1739 956 1787 ;
995 1722 1124 1795 quia
1152 1721 1358 1777 donum
1393 1721 1489 1777 Dei
1523 1719 1780 1776 omnibus

190 1808 410 1867 missum
455 1813 555 1875 est,
606 1819 668 1868 ut
715 1829 841 1870 cum
884 1812 1120 1869 audiunt
1166 1830 1222 1870 se
1251 1813 1396 1869 inter
1421 1821 1645 1870 caeteros
1672 1829 1777 1868 vo-

1883 650 1994 690 non
2020 632 2322 691 secundum
2353 632 2597 704 regulam
2630 629 2700 687 ab
2728 629 3050 688 auctoribus
3074 629 3291 688 traditae
3321 629 3480 687 veri-

1889 724 2016 779 tatis
2047 724 2189 796 (28),
2226 732 2412 781 tamen
2458 721 2587 796 quia
2628 721 2775 795 quod
2819 720 2886 778 ab
2929 736 3040 777 uno
3069 722 3182 778 Deo
3214 727 3350 789 erat,
3382 719 3480 776 in-

1883 815 2148 888 terposito
2176 811 2384 873 Christi
2425 810 2670 879 nomine,
2715 817 2993 884 cmperant
3051 809 3324 880 venerari,
3363 825 3478 881 gra-

1886 907 2113 973 tulatur,
2145 903 2323 961 sciens
2354 902 2478 959 illos
2506 917 2662 974 posse
2688 900 2971 973 proﬁcere.
3005 901 3107 956 Per
3135 898 3283 974 quod
3311 897 3478 954 etiam

1885 993 2209 1051 charitatem
2238 1007 2391 1047 suam
2416 991 2564 1048 circa
2600 991 2727 1046 illos
2775 989 3034 1059 ostendit,
3083 989 3302 1064 quando
3352 1003 3480 1044 con-

1886 1084 2083 1156 gaudet
2124 1081 2271 1139 bono
2312 1088 2490 1154 coepto
2531 1081 2778 1148 illorum,
2819 1089 2874 1137 et
2921 1079 3175 1136 hortatur
3210 1078 3279 1136 ad
3303 1077 3482 1152 profe-

1884 1179 2057 1230 ctum.

1967 1271 2062 1329 29
2111 1275 2326 1331 Gratias
2370 1290 2497 1347 ergo
2543 1289 2700 1346 agere
2729 1290 2786 1331 se
2814 1274 2952 1333 dicit
2991 1275 3104 1332 Deo
3131 1290 3232 1330 suo
3267 1272 3482 1330 dumta-

1887 1371 2002 1431 xat,
2025 1363 2156 1437 quia
2183 1364 2366 1420 adhuc
2387 1364 2611 1419 illorum
2634 1379 2745 1419 non
2767 1371 2882 1420 erat
2898 1364 3092 1436 plene;
3121 1363 3251 1438 quia
3267 1379 3338 1420 ex
3363 1362 3482 1435 ipso

1885 1465 1969 1513 est
2023 1456 2208 1513 omnis
2263 1457 2560 1530 paternitas
2610 1458 2831 1529 (Ephes.
2875 1473 2970 1524 nr,
3029 1455 3138 1526 15).
3193 1455 3298 1512 Sed
3353 1453 3484 1528 quia

1888 1546 2068 1600 omnis
2112 1545 2401 1618 dispositio
2438 1545 2632 1601 salutis
2673 1552 2872 1601 nostra
2900 1561 2933 1600 a
2968 1545 3081 1601 Deo
3112 1543 3358 1618 quidem,
3387 1541 3482 1599 sed

1890 1650 1984 1707 per
2011 1633 2294 1692 Christum
2321 1643 2424 1703 est,
2449 1651 2558 1691 non
2588 1651 2684 1708 per
2703 1635 2898 1707 legem,
2921 1649 3098 1708 neque
3128 1649 3224 1706 per
3241 1632 3482 1706 aliquem

1888 1724 2237 1798 prophetam,
2272 1724 2470 1796 gratias
2500 1725 2720 1798 quidem
2751 1741 2909 1797 agere
2934 1740 2992 1780 se
3028 1723 3167 1781 dicit
3204 1725 3339 1792 Deo,
3388 1722 3484 1780 sed

1889 1829 1985 1887 per
2003 1813 2309 1882 Christum,
2331 1815 2461 1887 quia
2481 1813 2626 1870 fama
2655 1812 2784 1869 ﬁdei
2811 1813 3035 1869 illorum
3064 1821 3180 1869 erat
3207 1812 3484 1885 profectus

186 1906 350 1967 catos,
410 1901 616 1957 scirent
662 1916 718 1956 se
765 1900 868 1956 sub
910 1901 1027 1973 lege
1073 1917 1230 1974 agere
1259 1917 1370 1957 non
1401 1901 1619 1970 debere,
1653 1901 1780 1976 quia
1807 1924 1853 1985 Β
1891 1905 2232 1972 multorum;
2283 1911 2344 1959 ut
2394 1901 2499 1960 hoc
2527 1903 2706 1976 ipsum
2746 1902 2816 1960 ad
2843 1903 2944 1962 Dei
2969 1901 3371 1976 providentiam
3402 1918 3483 1959 re-

186 1987 302 2044 sine
354 1989 474 2062 lege
513 1989 690 2062 Moysi
739 1999 1095 2061 susceperunt
1140 1998 1348 2048 caateraa
1390 1999 1576 2064 gentes
1605 1992 1777 2062 legem

185 2076 410 2135 Christi.

255 2175 440 2246 (Vers.
489 2177 568 2249 7.)
637 2203 654 2227 ι
685 2176 956 2236 Omnibus
997 2178 1092 2250 qui
1141 2186 1271 2234 sunt
1324 2180 1530 2248 Romae,
1561 2177 1777 2236 dilectis

185 2263 281 2322 Dei
317 2265 463 2337 (25),
503 2267 713 2325 vocatis
741 2266 964 2325 sanctis.
988 2290 1006 2315 ι
1047 2267 1312 2335 Quamvis
1341 2267 1600 2325 Romanis
1629 2269 1776 2325 scri-

182 2354 293 2423 bat,
323 2355 440 2412 illis
469 2364 651 2414 tamen
678 2358 914 2415 scribere
944 2374 1000 2415 se
1030 2357 1322 2432 signiﬁcat,
1355 2360 1447 2433 qui
1478 2360 1536 2416 in
1583 2361 1776 2418 chari-

183 2451 288 2500 tate
328 2445 429 2501 Dei
479 2453 626 2502 sunt.
674 2447 778 2515 Qui
820 2457 949 2504 sunt
995 2446 1075 2516 hi,
1125 2449 1234 2504 nisi
1275 2448 1370 2522 qui
1399 2449 1465 2505 de
1492 2449 1593 2506 Dei
1631 2451 1774 2506 Filio

184 2540 324 2590 recte
353 2534 604 2590 sentiunt
630 2534 658 2590 ‘l
686 2536 780 2592 Isti
817 2537 991 2592 sancti
1021 2545 1170 2606 sunt,
1199 2544 1253 2592 et
1269 2538 1448 2594 vocati
1477 2537 1770 2607 dicuntur;

183 2623 282 2680 sub
311 2624 451 2696 Lege
480 2624 626 2680 enim
662 2633 881 2697 agentes
914 2626 1052 2681 male
1084 2626 1404 2699 intelligunt
1451 2627 1731 2685 Christum
1759 2642 1769 2679 :

182 2719 235 2768 et
260 2711 524 2784 injuriam
553 2715 666 2770 Deo
697 2715 840 2770 Patri
881 2715 1115 2782 faciunt,
1164 2732 1291 2772 cum
1331 2732 1399 2771 an
1441 2717 1498 2772 in
1553 2716 1774 2774 Christo

182 2809 418 2882 perfecta
454 2826 575 2883 spes
595 2810 789 2866 salutis
819 2810 912 2878 sit,
943 2811 1220 2867 dubitant.
1269 2812 1398 2868 Ideo
1445 2811 1619 2868 sancti
1663 2828 1772 2866 non

183 2906 326 2968 sunt,
362 2915 543 2973 neque
567 2899 748 2956 vocati
780 2899 1062 2956 dicuntur.

261 3016 277 3036 -
321 2991 515 3046 Gratia
544 2991 701 3046 vobis
730 3000 783 3048 et
812 2992 927 3046 Pax
955 3009 984 3045 a
1018 2994 1130 3047 Deo
1160 2992 1314 3047 Patre
1354 2998 1560 3061 nostro,
1592 3000 1645 3048 et
1671 2994 1771 3047 Do-

184 3079 331 3136 mino
361 3079 494 3135 Jesu
533 3078 775 3138 Christo.
810 3103 828 3126 ι
873 3079 1116 3135 Gratiam
1148 3089 1202 3136 et
1233 3095 1418 3152 pacem
1448 3097 1572 3138 cum
1604 3081 1672 3135 iis
1693 3081 1772 3136 di-

185 3168 256 3228 cit
307 3185 448 3236 esse,
508 3169 601 3242 qui
661 3177 804 3225 recte
857 3169 1110 3227 credunt.
1171 3169 1356 3227 Gratia
1407 3179 1506 3238 est,
1570 3171 1698 3244 quia
1745 3189 1775 3227 a

1887 1994 2026 2051 ferat
2056 2009 2152 2065 per
2181 1992 2488 2050 Christum.
2522 1992 2632 2048 Aut
2670 1992 2817 2048 enim
2864 1991 3172 2064 gaudebant
3217 1990 3482 2058 roborati,

1886 2085 1981 2158 qui
2032 2083 2411 2143 crediderant:
2460 2083 2665 2152 caeteri,
2713 2082 2844 2156 quia
2890 2081 3156 2139 videbant
3207 2081 3484 2155 principes

1885 2190 2012 2230 suos
2069 2174 2273 2230 factos:
2325 2179 2421 2228 aut
2465 2180 2612 2229 certe
2639 2171 2736 2245 qui
2779 2186 2893 2227 non
2927 2169 3294 2240 crediderant,
3334 2179 3482 2244 pote-

1885 2272 2008 2320 rant
2061 2262 2252 2320 cedere
2313 2261 2512 2318 horum
2558 2260 2828 2334 exemplo.
2895 2259 3077 2319 Facile
3139 2259 3292 2318 enim
3349 2258 3484 2317 facit

1886 2351 2138 2420 inferior,
2170 2351 2317 2426 quod
2346 2350 2465 2406 ﬁeri
2493 2349 2700 2407 viderit
2726 2365 2758 2406 a
2786 2351 2969 2424 priore
3003 2349 3143 2422 (29).

1959 2451 2140 2522 (Vers.
2173 2449 2255 2520 9.)
2301 2474 2319 2497 ι
2349 2449 2526 2506 Testis
2555 2449 2701 2505 enim
2732 2449 2873 2506 mihi
2904 2458 2986 2507 est
3001 2451 3167 2518 Deus,
3189 2447 3280 2506 cui
3302 2447 3484 2506 servio

1884 2539 1941 2595 in
1975 2539 2174 2612 spiritu
2204 2555 2345 2607 meo,
2385 2538 2444 2594 in
2475 2540 2776 2613 Evangelio
2805 2540 2935 2596 Filii
2988 2538 3126 2610 ejus,
3174 2537 3321 2612 quod
3363 2538 3484 2595 sine

1884 2629 2297 2687 intermissione
2351 2632 2674 2688 memoriam
2724 2633 2891 2689 vestri
2957 2632 3100 2690 facio
3156 2647 3370 2704 semper
3424 2631 3483 2687 in

1883 2725 2227 2781 orationibus
2269 2724 2426 2781 meis.
2471 2749 2488 2772 ι
2539 2725 2608 2781 Ut
2647 2723 2870 2780 suadeat
2919 2723 3265 2792 charitatem,
3306 2724 3482 2780 Deum

1882 2823 2074 2872 testem
2114 2816 2226 2884 dat,
2258 2818 2347 2872 cui
2388 2816 2576 2883 servit,
2610 2816 2678 2872 ad
2723 2833 2883 2888 quem
2932 2823 2986 2870 et
3015 2830 3229 2886 precem
3264 2831 3362 2887 pro
3391 2814 3482 2870 his

1883 2905 2036 2974 facit,
2067 2922 2178 2961 non
2210 2905 2267 2962 in
2299 2907 2415 2977 lege
2444 2905 2754 2973 serviendo,
2787 2904 2879 2960 sed
2911 2905 2968 2960 in
2999 2903 3302 2975 Evangelio
3351 2902 3480 2959 Filii

1884 2993 2022 3064 ejus,
2057 2993 2161 3050 hoc
2192 3002 2294 3062 est,
2322 3010 2432 3049 non
2459 2995 2517 3049 in
2555 3010 2621 3049 eo
2645 2992 2791 3066 quod
2822 2994 3036 3066 Moyses
3080 3009 3270 3049 servus
3312 2991 3476 3049 tradi-

1883 3082 1987 3150 dit,
2042 3082 2136 3138 sed
2195 3081 2251 3138 in
2309 3099 2372 3138 eo
2421 3083 2566 3155 quod
2615 3081 2791 3138 Filius
2831 3081 3225 3138 dilectissimus
3252 3081 3473 3147 docuit;
3571 3147 3576 3152 ι

1883 3179 2149 3245 quantum
2168 3172 2315 3229 enim
2343 3171 2510 3228 distat
2530 3187 2722 3228 servus
2751 3187 2782 3227 a
2801 3171 3048 3239 domino,
3072 3180 3287 3229 tantum
3311 3170 3478 3227 distat

186 3265 419 3336 peccatis
448 3262 684 3319 absoluti
716 3272 880 3320 sunt:
929 3281 1033 3336 pax
1062 3279 1212 3332 vero,
1259 3263 1386 3337 quia
1427 3280 1496 3319 ex
1533 3264 1774 3322 inimicis
1809 3289 1852 3346 ε
1886 3261 2231 3333 evangelium
2263 3277 2294 3316 a
2323 3261 2438 3333 lege
2464 3279 2474 3316 :
2510 3277 2621 3316 non
2652 3260 2799 3333 quod
2826 3261 2970 3316 mala
2997 3260 3069 3316 sit
3097 3261 3208 3330 lex,
3239 3260 3480 3334 sedquia

187 3353 524 3413 reconciliati
545 3361 672 3409 sunt
693 3352 959 3422 Creatori,
983 3353 1126 3410 sicut
1151 3353 1287 3411 dicit
1309 3355 1578 3411 Dominus
1607 3374 1618 3412 :
1669 3378 1688 3405 ε
1716 3357 1776 3412 In

186 3462 566 3522 quamcunque
600 3444 826 3501 domum
858 3445 1206 3514 introieritis,
1237 3453 1290 3501 et
1320 3447 1624 3518 receperint
1657 3463 1774 3514 vos,

187 3535 347 3594 dicite
381 3555 392 3592 :
443 3537 559 3592 Pax
607 3535 738 3592 huic
783 3534 972 3592 domui
1024 3536 1176 3607 (Luc.
1207 3553 1268 3604 x;
1299 3536 1382 3607 5).
1414 3560 1433 3584 ι
1479 3539 1549 3593 Et
1567 3545 1630 3592 ut
1660 3537 1778 3592 sine

188 3624 403 3686 Christo
429 3627 641 3682 nullam
674 3641 788 3682 esse
816 3641 1001 3697 pacem
1035 3632 1088 3681 et
1112 3641 1262 3699 spem
1293 3623 1535 3692 doceret,
1580 3624 1779 3697 adjecit

189 3717 409 3788 gratiam
441 3726 498 3773 et
524 3732 710 3789 pacem
742 3731 854 3771 non
888 3715 1066 3772 solum
1096 3731 1126 3770 a
1156 3716 1272 3772 Deo
1318 3715 1476 3771 Patre
1507 3731 1642 3784 esse,
1685 3717 1780 3773 sed

189 3813 238 3861 et
268 3821 298 3860 a
326 3805 549 3862 Christo
577 3805 722 3861 Jesu.
757 3806 931 3861 Deum
963 3805 1177 3861 Patrem
1209 3811 1459 3861 nostrum
1491 3804 1628 3862 dicit
1659 3822 1777 3878 pro-

190 3902 303 3966 pter
325 3893 620 3967 originem,
651 3893 780 3967 quia
806 3894 874 3950 ab
906 3892 1022 3966 ipso
1063 3901 1191 3949 sunt
1234 3895 1454 3949 omnia:
1498 3893 1778 3950 Christum

189 3991 364 4040 autem
394 3984 723 4053 Dominum,
750 3983 879 4058 quia
907 3981 1026 4056 ejus
1052 3983 1318 4056 sanguine
1357 3983 1645 4056 redempti,
1689 3984 1781 4040 fa—

190 4074 260 4130 cti
298 4090 490 4132 sumus
531 4075 634 4130 ﬁlii
665 4074 794 4134 Dei.

259 4164 439 4235 (Vers.
475 4165 560 4236 8.)
600 4189 617 4212 ι
640 4164 887 4220 Primum
915 4162 1136 4238 quidem
1167 4163 1366 4234 gratias
1396 4179 1496 4236 ago
1521 4165 1633 4220 Deo
1661 4178 1782 4220 meo

192 4271 280 4328 per
308 4257 494 4312 Iesum
533 4255 815 4314 Christum
847 4272 944 4328 pro
973 4240 1232 4310 omnibus
1257 4253 1415 4310 vobis
1440 4272 1453 4320 ;
1487 4253 1617 4328 quia
1647 4252 1781 4308 ﬁdes

192 4354 366 4402 vestra
418 4347 785 4403 annuntiatur
828 4345 887 4401 in
942 4345 1202 4400 universo
1243 4343 1470 4400 mundo.
1521 4368 1539 4392 ι
1599 4342 1783 4400 Finita

194 4436 505 4509 praefatione
529 4443 655 4492 ante
685 4436 871 4492 omnia
900 4435 1158 4506 gaudium
1189 4452 1348 4490 suum
1382 4451 1496 4491 esse
1527 4442 1779 4500 testatur,

195 4533 374 4599 utpote
411 4526 658 4600 gentium
689 4526 1004 4599 Apostolus,
1059 4525 1205 4598 quod
1249 4543 1375 4583 cum
1425 4526 1654 4582 Romani
1688 4540 1782 4580 re-

196 4633 413 4694 gnarent
437 4624 498 4679 in
540 4621 766 4690 mundo,
808 4619 1141 4692 subjecerint
1169 4636 1224 4676 se
1265 4620 1392 4676 ﬁdei
1433 4621 1780 4690 Christianae,
1807 4650 1854 4708 Ι)

197 4727 308 4783 quae
358 4711 727 4786 prudentibus
774 4710 960 4766 saeculi
1010 4711 1236 4765 humilis
1283 4717 1336 4764 et
1384 4710 1553 4766 stulta
1617 4709 1783 4766 vide-

197 4808 281 4856 tur
309 4801 446 4874 (26).
483 4801 622 4858 Cum
658 4817 786 4872 ergo
809 4801 980 4854 multa
1001 4806 1179 4854 essent
1205 4815 1273 4854 ex
1304 4799 1502 4872 quibus
1527 4799 1785 4872 gauderet

200 4887 252 4945 in
277 4891 541 4948 Romanis
578 4891 758 4962 (erant
786 4890 933 4945 enim
963 4888 1212 4945 doctrina
1251 4889 1633 4944 memorabiles
1665 4889 1782 4960 (27)

201 4991 251 5038 et
275 4981 406 5039 boni
436 4982 624 5056 operis
654 4980 865 5054 cupidi,
896 4980 1239 5053 studiosique
1278 4982 1451 5052 magis
1475 4979 1667 5053 agendi
1697 4981 1782 5036 be-

203 5087 283 5140 ne,
315 5089 477 5146 quam
509 5071 803 5141 sermonis,
835 5071 981 5145 quod
1021 5087 1130 5126 non
1166 5072 1324 5144 longe
1353 5080 1434 5127 est
1462 5087 1493 5126 a
1523 5071 1785 5143 religione

202 5158 430 5235 divina),
476 5163 535 5218 in
582 5163 687 5220 hoc
737 5170 920 5218 tamen
973 5162 1212 5235 primum
1259 5161 1490 5233 gaudere
1533 5180 1589 5218 se
1627 5162 1784 5230 dicit,

270 5279 382 5350 (24)
417 5282 579 5337 Rom.
628 5279 786 5346 edit.,
840 5278 983 5336 Mitti
1014 5278 1177 5348 igitur
1218 5280 1503 5349 apostolos,
1555 5285 1612 5333 ut
1648 5296 1785 5349 prie-

207 5349 450 5406 dicarant.

273 5420 383 5490 (25)
413 5422 603 5479 Codex
632 5421 824 5488 Mich.,
855 5422 1032 5477 Roma:
1061 5421 1116 5474 in
1147 5421 1403 5474 charitate
1441 5421 1555 5476 Dei.

271 5491 383 5559 (26)
419 5495 577 5549 Rom.
609 5492 741 5548 edit.
785 5493 918 5557 sola,
949 5491 1126 5546 διεθηὶὶ
1175 5492 1330 5561 hujus
1377 5493 1538 5548 stulta
1559 5492 1785 5546 videtur.

272 5561 385 5633 (27)
417 5564 624 5620 Eadem
677 5563 834 5630 edit.,
868 5563 1176 5634 disciplina:
1216 5564 1468 5628 moralis;
1502 5571 1610 5618 vet.
1652 5562 1783 5618 edit.

208 5640 254 5686 et
287 5635 465 5703 plures
498 5651 652 5703 mss,
705 5633 1275 5707 doctrime;qui_dam,
1323 5635 1626 5707 disciplina,
1677 5651 1791 5687 mc-

210 5707 498 5778 morabiles.
550 5707 621 5761 At
676 5706 904 5761 omnino
938 5705 1232 5778 legendum
1276 5723 1402 5778 cum
1468 5706 1628 5763 Carn.
1688 5723 1789 5761 ms.

211 5775 444 5834 doctrina
475 5779 860 5846 memorabiles,
891 5775 1151 5852 nisi'quis
1175 5777 1332 5834 malit
1353 5794 1478 5834 cum
1509 5778 1634 5835 Vat.
1667 5778 1789 5834 cod.

1888 3349 2086 3405 melius
2111 3358 2193 3406 est
2231 3350 2614 3422 Evangelium.
2648 3351 2762 3405 Deo
2789 3349 2973 3422 itaque
3000 3351 3171 3406 servit
3203 3350 3261 3406 in
3298 3351 3478 3406 Evan-

1887 3438 2028 3510 gelio
2075 3439 2202 3496 Filii
2246 3437 2384 3510 ejus,
2433 3447 2496 3496 ut
2541 3437 2793 3495 ostendat
2839 3439 2938 3494 Dei
2968 3455 3082 3495 esse
3110 3439 3473 3508 voluntatem,

1887 3536 1948 3583 ut
1975 3527 2227 3584 credatur
2256 3528 2314 3584 in
2344 3527 2646 3586 Christum.

1970 3651 1990 3674 ι
2025 3625 2127 3684 Cui
2162 3635 2215 3682 et
2235 3628 2434 3684 servio.
2477 3652 2496 3677 ι
2539 3625 2868 3696 Quomodo?
2907 3651 2925 3675 ι
2954 3625 3012 3683 in
3041 3627 3242 3697 spiritu
3262 3641 3402 3693 meo,
3445 3652 3463 3676 ι

1889 3716 2090 3790 inquit,
2132 3733 2244 3772 non
2289 3718 2344 3773 in
2396 3719 2817 3776 circumcisione
2851 3717 3183 3786 manufacta,
3215 3731 3390 3791 neque
3419 3716 3478 3772 in

1889 3813 2215 3881 neomeniis,
2247 3820 2300 3868 et
2328 3813 2587 3883 Sabbato,
2619 3821 2672 3868 et
2702 3812 3034 3869 discretione
3067 3828 3314 3868 escarum
3340 3829 3352 3867 :
3385 3809 3478 3867 sed

1891 3902 1946 3958 in
1980 3904 2198 3975 spiritu,
2237 3903 2294 3959 id
2323 3912 2426 3972 est,
2459 3905 2516 3961 in
2552 3913 2756 3960 mente.
2795 3904 2935 3972 Quia
2961 3905 3104 3960 Deus
3122 3903 3349 3976 spiritus
3375 3909 3476 3971 est,

1889 3994 2088 4066 spiritu
2117 3995 2202 4048 vel
2232 3993 2417 4049 animo
2448 3995 2632 4067 potius
2651 3993 2811 4050 debet
2838 3992 2919 4048 illi
2950 3993 3144 4048 serviri
3170 4011 3184 4059 ;
3215 3993 3303 4049 cui
3330 3991 3480 4048 enim

1890 4081 2074 4137 animo
2105 4081 2365 4150 servitur,
2397 4100 2464 4138 ex
2497 4083 2602 4138 ﬁde
2633 4083 2716 4138 illi
2748 4081 3007 4138 servitur.
3042 4081 3169 4136 Haec
3197 4089 3252 4137 et
3279 4081 3482 4138 Domi-

1890 4189 1996 4229 nus
2032 4171 2209 4228 factus
2256 4179 2338 4228 est
2380 4173 2445 4228 ad
2491 4171 2897 4240 Samaritidem,
2937 4179 3220 4242 putantem
3246 4169 3393 4244 quod
3423 4170 3482 4226 in

1894 4269 2077 4318 monte
2107 4261 2322 4318 adorari
2354 4279 2408 4318 se
2440 4264 2584 4318 Deus
2616 4262 2774 4330 velit,
2804 4261 2994 4316 dicens
3019 4279 3031 4317 :
3079 4283 3097 4307 ε
3125 4260 3294 4317 Venit
3323 4259 3479 4328 hora,

1889 4359 1944 4408 et
1971 4368 2118 4408 nunc
2147 4360 2247 4415 est.
2297 4351 2515 4425 quando
2548 4351 2663 4407 veri
2701 4351 3013 4408 adoratores
3055 4349 3360 4406 adorabunt
3389 4350 3481 4405 Pa-

1892 4449 2029 4497 trem
2047 4440 2105 4495 in
2127 4441 2330 4513 spiritu
2351 4451 2398 4494 et
2422 4441 2672 4497 veritate.
2704 4441 2925 4496 Etenim
2947 4440 3105 4495 Pater
3129 4439 3266 4495 tales
3285 4437 3484 4510 quaerit

1891 4530 1986 4602 qui
2037 4530 2268 4586 adorent
2315 4547 2460 4586 eum.
2493 4529 2729 4602 Spiritus
2771 4537 2851 4585 est
2881 4531 3024 4585 Deus
3055 4529 3242 4600 (Joan.
3281 4543 3358 4594 1v,
3392 4525 3481 4582 23»

1890 4620 2005 4690 24).
2038 4645 2056 4668 ι
2111 4620 2415 4676 Adorantes
2454 4637 2602 4692 ergo,
2637 4620 2692 4676 in
2726 4619 2925 4692 spiritu
2954 4627 3008 4675 et
3052 4619 3282 4674 veritate
3329 4631 3484 4687 opor-

1891 4722 1969 4769 tet
2018 4715 2265 4782 adorare,
2324 4722 2378 4769 et
2423 4729 2534 4769 non
2581 4715 2734 4770 locus
2780 4713 3082 4768 orationem
3116 4706 3482 4778 commendet,

1893 4804 1985 4860 sed
2033 4805 2264 4859 devotus
2305 4805 2541 4860 animus.
2602 4803 2718 4860 Hoc
2763 4810 2862 4869 est,
2914 4801 2969 4856 in
3001 4797 3230 4854 veritate
3260 4796 3486 4852 adorare

1895 4892 1951 4947 in
1982 4891 2181 4965 spiritu
2213 4892 2386 4947 Deum
2429 4891 2694 4961 Spiritum
2733 4898 2787 4944 et
2839 4886 3142 4953 Christum,
3193 4901 3367 4942 unum
3418 4900 3487 4940 ex

1895 4998 2002 5053 quo
2032 4980 2238 5048 omnia,
2271 4990 2324 5036 et
2353 4996 2523 5035 unum
2556 4995 2650 5050 per
2679 4992 2840 5051 quem
2871 4975 3059 5032 omnia
3101 4974 3159 5046 (Ι
3179 4973 3307 5030 Cor.
3362 4991 3485 5039 vni,

1895 5071 1973 5139 6).
2010 5071 2117 5126 Hos
2153 5069 2349 5142 quaerit
2378 5068 2690 5124 adoratores
2729 5067 2906 5122 Pater.
2949 5065 3246 5122 Memorem
3277 5079 3404 5136 ergo
3432 5080 3489 5120 se

1898 5159 2122 5216 illorum
2156 5160 2213 5214 in
2259 5157 2602 5214 orationibus
2645 5157 2759 5213 suis
2807 5156 3033 5228 ﬂagitat,
3078 5164 3140 5212 ut
3167 5155 3397 5212 seminet
3432 5154 3488 5210 in

1894 5278 2149 5332 doctrina:
2184 5275 2565 5331 memorabilis.

1995 5349 2085 5415 28)
2122 5347 2306 5404 Codex
2343 5347 2574 5416 Remig,
2626 5347 2729 5402 ista
2779 5345 3005 5402 inserit:
3047 5345 3191 5402 Mira
3243 5343 3375 5397 enim
3406 5360 3490 5416 re:

1896 5415 2192 5486 videbatur,
2227 5427 2282 5474 ut
2333 5415 2533 5475 domini
2559 5419 2790 5491 gentium
2819 5417 3209 5472 inclinarentur
3259 5415 3490 5486 promis-

1899 5492 2389 5566 sionijudceorum.
2434 5562 2466 5566 __
2965 5557 2978 5566 ‘
3239 5555 3255 5566 _
3268 5554 3280 5566 ,

1973 5563 2089 5633 (29)
2123 5564 2201 5618 lta
2232 5571 2340 5619 vet.
2383 5562 2516 5618 edit.
2549 5578 2612 5617 ac
2642 5577 2770 5633 mss.
2801 5557 3142 5629 complures:
3192 5555 3328 5633 edit.
3362 5572 3492 5612 vero

1901 5628 2031 5708 Gill.
2066 5634 2139 5708 in
2181 5641 2456 5708 marg._et
2501 5631 2768 5708 Romtin
2815 5628 2965 5708 corp.
2996 5644 3123 5708 cum
3166 5628 3491 5708 aliis_m§s.,

1899 5706 2163 5778 principes
2191 5699 2328 5762 suo;
2350 5705 2549 5776 fratres
2593 5703 2694 5759 sibi
2736 5699 2989 5773 factos'in
3018 5701 3188 5772 ﬁdo...
3239 5699 3430 5755 uiderit
3457 5716 3494 5753 α

1899 5778 2110 5834 notiore.
