3980 6424
451 422 522 479 55
1458 420 1554 476 AD
1591 419 1826 478 OPERA
1863 420 1918 476 S.
1959 419 2292 478 AMBROSII
2329 420 2712 477 APPENDIX.

3695 421 3769 484 56

447 543 566 605 Illis
591 545 953 613 cbaritatem;
1006 541 1136 601 facit
1172 544 1320 600 enim
1369 544 1482 602 illis
1527 544 1862 601 desiderium
1910 546 2020 602 sui.
2065 549 2114 606 A
2145 544 2420 615 humanae,
2450 546 2565 602 sola
2595 545 2702 602 ﬁde
2749 544 2938 602 addita
2983 544 3092 618 legi
3139 544 3406 613 naturali,
3465 545 3760 605 hominum

447 635 584 704 Quis
630 635 777 691 enim
822 649 932 690 non
973 641 1118 690 amet
1173 651 1299 690 eum
1351 651 1512 709 quem
1557 635 1712 692 audit
1752 651 2048 692 memorem

445 728 532 784 sui
580 725 740 782 esse?
773 724 830 781 Si
882 724 1031 780 enim
1080 724 1148 780 ab
1194 724 1264 781 iis
1300 725 1396 799 qui
1430 724 1584 781 missi
1623 741 1735 782 non
1766 735 1940 794 erant,
1973 725 2052 781 li-

444 816 640 873 benter
691 822 1012 886 acceperant
1055 814 1362 871 doctrinam
1414 801 1518 872 sub
1565 815 1789 871 nomine
1819 815 2049 880 Christi,

446 905 769 963 adulteratis
817 904 1036 972 verbis;
1088 912 1298 977 quanto
1345 903 1517 977 magis
1545 903 1613 959 ab
1653 921 1716 960 eo
1757 921 1919 977 quem
1950 906 2052 962 sci-

447 1003 570 1053 rent
615 1011 731 1052 esse
776 995 1104 1067 apostolum,
1157 1002 1212 1051 et
1258 993 1416 1066 cujus
1468 992 1634 1049 verba
1688 993 2050 1050 comitaretur

446 1086 645 1154 virtus,
676 1083 1050 1140 desiderarent
1079 1083 1268 1139 audire
1305 1085 1316 1139 l

519 1176 706 1248 (Vers.
761 1175 874 1247 l0.)
927 1194 952 1226 «
1005 1173 1307 1230 Obsecrans
1349 1173 1393 1229 si
1440 1189 1550 1246 quo
1608 1173 1772 1230 modo
1819 1173 2044 1230 tandem

447 1266 742 1340 aliquando
806 1282 1124 1339 prosperum
1190 1265 1294 1321 iter
1349 1263 1579 1321 habeam
1637 1263 1695 1321 in
1761 1266 2045 1322 voluntate

443 1357 563 1425 Dei,
597 1355 854 1412 veniendi
895 1354 961 1410 ad
992 1371 1109 1410 vos.
1141 1377 1159 1402 ι
1205 1353 1483 1410 Orationis
1511 1370 1621 1409 sua
1655 1370 1754 1426 pro
1783 1353 1897 1410 illis
1925 1371 2044 1409 sen-

445 1463 565 1502 sum
591 1444 864 1511 ostendit;
897 1446 1072 1501 Deum
1091 1443 1236 1499 enim
1269 1460 1325 1500 se
1353 1443 1491 1500 dicit
1516 1451 1718 1515 petere,
1740 1451 1803 1499 ut
1831 1445 2046 1500 veniret

443 1534 512 1591 ad
544 1535 743 1590 Urbem
777 1535 893 1606 (30)
920 1533 987 1589 ad
1016 1533 1320 1605 profectum
1354 1533 1577 1589 illorum
1619 1549 1746 1588 cum
1787 1535 1887 1590 Del
1934 1550 2045 1588 vo—

444 1627 675 1695 luntate,
708 1625 865 1698 cujus
906 1625 1164 1699 praedicat
1209 1625 1438 1681 donum.
1473 1625 1627 1681 Tunc
1670 1624 1818 1680 enim
1846 1624 2040 1697 profe-

441 1723 564 1770 ctus
591 1714 764 1782 adest,
795 1714 842 1768 si
871 1713 1018 1787 quod
1037 1713 1308 1786 agendum
1335 1719 1436 1780 est,
1466 1729 1592 1768 cum
1624 1712 1724 1769 Dei
1756 1713 2042 1769 voluntate

439 1812 649 1875 agatur.
692 1804 825 1860 Orat
867 1820 992 1874 ergo
1023 1809 1085 1858 ut
1133 1818 1457 1875 quacunque
1488 1817 1557 1858 ex
1595 1818 1755 1858 causa
1778 1801 1893 1874 jam
1933 1802 2042 1859 da-

2161 652 2330 707 genus
2362 636 2573 691 salvare
2603 635 2848 716 deqrevit
2862 679 2874 692 .

2231 726 2376 794 Quid
2418 735 2500 783 est
2545 734 2729 782 tamen
2758 735 2820 783 ut
2849 743 2974 783 cum
3005 727 3227 798 scriptis
3259 727 3386 783 illos
3415 729 3676 801 corrigat,
3709 737 3765 786 et

2158 830 2188 870 a
2217 816 2422 870 carnali
2452 831 2615 872 sensu
2640 815 2941 884 abstrahat,
2973 817 3320 888 praesentiam
3369 833 3524 874 suam
3576 835 3764 876 neces-

2157 904 2353 960 sariam
2404 904 2570 970 dicat,
2625 913 2686 960 ut
2716 905 2944 977 gratiam
2979 906 3094 963 illis
3127 905 3434 979 spiritalem
3467 909 3761 966 ministra-

2156 1001 2272 1058 ret;
2306 1009 2431 1048 cum
2461 1008 2525 1048 ea
2554 1009 2674 1066 quae
2703 993 2920 1061 scribit,
2952 995 3224 1066 spiritalia
3261 996 3409 1051 sint:
3461 997 3568 1052 nisi
3618 1013 3760 1069 pro-

2157 1091 2276 1155 pter
2303 1082 2408 1140 hoc
2436 1085 2565 1157 quia
2593 1084 2754 1139 aliter
2781 1083 2930 1139 dicta
2954 1083 3022 1140 ad
3052 1085 3205 1141 aliud
3229 1087 3410 1142 solent
3439 1087 3578 1159 rapi,
3611 1088 3760 1145 sicut

2155 1171 2222 1226 ab
2252 1171 2526 1228 haereticis
2555 1172 2618 1227 fit
2642 1173 2670 1228 τ
2701 1173 2829 1228 Ideo
2861 1171 3134 1228 desiderat
3162 1183 3223 1230 ut
3278 1191 3515 1246 praesens
3543 1174 3758 1232 doctri-

2157 1277 2280 1316 nam
2331 1261 2705 1332 evangelicam
2749 1277 2915 1319 sensu
2965 1280 3075 1337 quo
3122 1262 3336 1332 scribit,
3400 1263 3488 1320 his
3533 1263 3751 1331 tradat;

2155 1365 2223 1404 ne
2269 1350 2371 1405 sub
2435 1351 2760 1406 auctoritate
2811 1351 3118 1408 litterarum
3171 1369 3288 1423 ejus
3333 1369 3446 1408 non
3477 1353 3757 1409 auferetur

2153 1457 2322 1508 error,
2379 1440 2472 1496 sed
2517 1441 2862 1497 ﬁrmaretur:
2914 1441 3116 1514 quippe
3165 1459 3293 1499 cum
3352 1460 3588 1514 presens
3633 1460 3755 1517 quae

2153 1530 2336 1587 verbis
2382 1531 2610 1588 suadere
2668 1549 2779 1588 non
2823 1539 3055 1606 poterat,
3111 1533 3364 1590 suaderet
3412 1535 3642 1604 virtute,
3693 1542 3757 1592 ut

2153 1620 2322 1691 magis
2353 1620 2464 1676 illis
2494 1621 2748 1693 proﬁciat
2785 1620 2977 1678 aditis.

2225 1711 2407 1781 (Vers.
2441 1711 2554 1783 12.)
2603 1736 2620 1760 ι
2645 1712 2707 1769 Id
2731 1720 2838 1782 est,
2865 1712 3030 1769 simul
3059 1713 3337 1770 consolari
3388 1713 3447 1770 in
3473 1715 3632 1772 vobis
3658 1732 3757 1788 per

2151 1815 2268 1856 eam
2299 1817 2419 1874 quae
2450 1801 2690 1859 invicem
2714 1811 2814 1871 est,
2849 1803 3013 1859 ﬁdem
3046 1813 3282 1860 vestram
3303 1811 3466 1877 atque
3497 1821 3698 1861 meam.
3721 1831 3740 1853 ι

441 1901 590 1950 retur
640 1895 877 1964 occasio,
935 1911 1042 1968 qua
1086 1895 1301 1951 veniret
1333 1894 1402 1950 ad
1435 1894 1672 1961 Urbem;
1706 1893 1836 1967 quia
1864 1910 2037 1952 occu-
2074 1915 2119 1974 Β
2151 1889 2434 1947 Consolari
2466 1907 2524 1947 se
2554 1891 2691 1948 dicit
2716 1909 2843 1949 cum
2886 1892 3018 1961 illis,
3049 1893 3093 1949 si
3128 1892 3551 1966 apprehendant
3589 1894 3753 1965 spiri-

440 1993 600 2058 patus
651 1993 769 2042 erat
818 1985 942 2040 aliis
997 1985 1380 2057 pradicando:
1434 1984 1514 2040 sic
1569 2000 1889 2056 prosperum
1937 1987 2040 2040 iter

440 2083 722 2149 reputans,
755 2074 802 2130 si
838 2076 951 2130 Deo
980 2075 1205 2129 volente
1230 2073 1482 2141 veniret;
1514 2073 1644 2147 quia
1675 2073 1906 2146 provida
1959 2082 2040 2130 est

439 2165 540 2222 Dei
571 2165 848 2221 voluntas.
894 2163 1221 2236 Prosperum
1266 2179 1394 2234 ergo
1425 2163 1532 2218 iter
1582 2170 1662 2219 est
1707 2179 1819 2218 non
1850 2163 2040 2220 incas-

440 2271 562 2311 sum
601 2252 844 2309 laborem
892 2251 1108 2308 itineris
1153 2251 1361 2308 subire.
1426 2253 1553 2309 Haac
1601 2259 1754 2324 rogat
1801 2259 1862 2308 ut
1891 2253 2038 2308 Deus

441 2342 686 2416 impleat,
719 2340 968 2399 vocando
998 2341 1124 2397 illos
1165 2340 1234 2397 ad
1263 2358 1415 2398 suam
1461 2342 1711 2415 gratiam.
1754 2341 2036 2399 Aviditate

439 2433 613 2490 animi
641 2431 920 2505 loquitur;
965 2431 1237 2489 desiderat
1265 2431 1413 2488 enim
1443 2431 1590 2501 illos,
1623 2432 1800 2488 sciens
1841 2438 1894 2488 et
1922 2431 2037 2488 illis

437 2531 494 2580 et
525 2523 631 2580 sibi
679 2523 954 2595 prodesse,
1005 2522 1149 2578 sicut
1190 2521 1324 2578 alibi
1353 2521 1488 2577 dicit
1517 2538 1528 2576 :
1578 2547 1595 2568 ι
1617 2521 1772 2589 Quod
1801 2529 1882 2577 est
1910 2537 2035 2592 gau-

437 2614 592 2671 dium
640 2621 890 2670 nostrum
939 2619 993 2668 et
1021 2627 1222 2669 corona
1242 2611 1270 2667 Ὺ
1296 2612 1489 2669 Nonne
1516 2627 1615 2666 vos
1644 2609 1702 2665 in
1736 2609 2036 2666 adventum

436 2702 660 2762 Domini
694 2704 753 2775 (I
786 2703 958 2759 Thess.
992 2718 1054 2769 II,
1089 2701 1178 2774 19)
1202 2701 1231 2757 7
1258 2724 1276 2750 ι
1321 2701 1557 2757 Fructus
1599 2699 1746 2755 enim
1780 2700 2033 2772 Apostoli

435 2800 518 2851 est
544 2791 790 2860 uberior,
822 2791 866 2846 si
899 2791 1144 2848 lucretur
1187 2791 1409 2846 multos.
1445 2790 1713 2846 Praeterea
1749 2789 1878 2863 quia
1907 2805 2036 2845 ma-

432 2886 525 2960 jus
557 2883 818 2958 gaudium
853 2891 954 2952 est,
998 2883 1041 2939 si
1093 2890 1342 2954 potentes
1397 2880 1592 2937 mundi
1638 2887 2035 2938 convertantur

437 2975 506 3032 ad
551 2976 750 3042 Deum,
797 2971 926 3046 quia
967 2979 1173 3044 quanto
1223 2971 1439 3026 inimici
1483 2986 1672 3042 graves
1703 2979 1851 3038 sunt,
1880 2975 2033 3025 tanto

438 3064 612 3136 magis
649 3061 992 3120 reconciliati
1021 3059 1334 3117 necessarii.
1385 3057 1674 3116 Voluntati
1703 3058 1887 3131 itaque
1915 3055 2033 3128 ejus

439 3154 520 3211 sic
548 3152 763 3211 occasio
789 3151 918 3208 data
943 3159 1044 3218 est,
1079 3157 1140 3205 ut
1169 3157 1388 3206 coactus
1421 3149 1717 3220 appellaret
1742 3147 2029 3213 Caesarem,

439 3252 494 3300 et
526 3243 857 3315 dirigeretur
897 3257 967 3297 ex
993 3239 1102 3296 alia
1131 3255 1292 3296 causa
1319 3239 1387 3296 ad
1418 3238 1607 3294 urbem
1638 3239 1886 3305 Romam,
1918 3239 2032 3294 Deo

439 3335 700 3400 volente;
752 3338 814 3388 ut
857 3330 1109 3403 impleret
1155 3328 1495 3411 propositum
1548 3327 1851 3382 voluntatis
1897 3343 2028 3382 suae.

439 3424 689 3497 Denique
717 3422 774 3478 in
801 3420 1089 3493 naufragio
1109 3419 1290 3493 posito
1318 3417 1782 3474 astititDominus
1802 3415 1991 3472 dicens
2017 3433 2028 3470 :

451 3540 470 3562 ι
497 3514 623 3571 Noli
669 3513 888 3580 timere,
936 3511 1122 3580 Paule,
1168 3509 1313 3567 sicut
1343 3511 1492 3566 enim
1526 3509 1850 3566 testiﬁcatus
1880 3525 1938 3566 es
1967 3508 2034 3564 de

439 3620 526 3661 me
556 3602 978 3675 Hierosolymis,
1008 3602 1084 3657 ita
1104 3610 1158 3658 et
1185 3603 1372 3658 Romae
1404 3602 1547 3671 (Act.
1585 3617 1752 3669 xxm,
1783 3600 1895 3670 11).
1921 3623 1939 3647 ι

512 3695 675 3768 (Vers
729 3695 843 3765 11.)
892 3717 910 3740 ε
939 3692 1200 3749 Desidero
1229 3692 1377 3748 enim
1406 3692 1595 3748 videre
1638 3708 1758 3759 vos,
1807 3697 1869 3746 ut
1911 3705 2034 3762 gra-

439 3785 575 3840 tiam
602 3781 969 3855 spiritutalem
1003 3781 1163 3838 vobis
1191 3780 1574 3837 administrem
1604 3780 1673 3837 ad
1703 3779 2034 3838 conﬁrman-

441 3871 542 3929 dos
571 3888 690 3928 vos.
723 3896 741 3920 ι
786 3871 1150 3928 Conﬁrmatio
1190 3869 1308 3927 haec
1337 3877 1447 3926 tres
1486 3885 1744 3942 personas
1781 3868 2035 3941 requirit,

443 3961 737 4019 annuentis
765 3961 886 4032 Dei,
926 3960 1365 4018 administrantis
1407 3960 1682 4032 Apostoli,
1717 3959 2039 4031 accipientis

444 4052 655 4127 populi.
685 4053 848 4108 Nunc
865 4067 994 4122 ergo
1015 4049 1274 4107 desiderii
1296 4051 1382 4107 sui
1408 4052 1750 4106 voluntatem
1773 4049 2036 4117 ostendit,

446 4157 683 4215 quonam
732 4149 874 4197 esset
912 4147 1042 4196 voto
1087 4141 1234 4197 circa
1279 4141 1442 4208 illos;
1493 4157 1618 4196 cum
1669 4139 1818 4195 enim
1863 4138 2036 4195 dicit:

459 4256 478 4280 ι
517 4233 588 4288 Ut
605 4230 832 4305 gratiam
864 4230 1207 4302 spiritualem
1237 4229 1396 4285 vobis
1425 4228 1830 4296 administrem,
1863 4251 1880 4274 ι
1927 4243 2038 4283 car-

446 4322 628 4378 nalem
667 4320 795 4376 illos
837 4335 1056 4375 sensum
1109 4327 1384 4375 assecutos
1425 4317 1734 4390 signiﬁcat;
1767 4317 1897 4390 quia
1938 4315 2040 4372 sub

388 4398 392 4402 ’
446 4411 672 4466 nomine
717 4409 922 4467 Christi
978 4424 1090 4464 non
1136 4408 1233 4464 illa
1288 4424 1409 4480 quae
1459 4406 1709 4464 Christus
1759 4406 2038 4472 docuerat,

421 4500 664 4556 fuerant
710 4497 966 4566 assecuti,
1007 4497 1102 4554 sed
1133 4513 1195 4553 ea
1223 4513 1344 4569 quae
1374 4497 1592 4553 fuerant
1620 4512 1651 4551 a
1687 4495 1890 4552 Iudaeis
1921 4504 2042 4551 tra-

445 4597 579 4656 dita.
639 4597 707 4654 Se
762 4603 944 4652 autem
1000 4611 1197 4668 cupere
1246 4596 1412 4652 citius
1469 4595 1679 4663 venire,
1738 4603 1800 4651 ut
1843 4591 1937 4649 30
1973 4595 2041 4651 ab

445 4688 550 4746 hac
599 4687 724 4744 illos
776 4685 1077 4744 traditione
1122 4685 1485 4752 abstraheret,
1520 4695 1574 4742 et
1600 4684 1886 4758 spirituale
1928 4684 2041 4740 illis

444 4776 685 4834 traderet
730 4777 963 4845 donum,
1009 4783 1072 4831 ut
1107 4775 1355 4849 acquirat
1400 4773 1527 4830 illos
1563 4776 1697 4842 Deo,
1750 4774 2039 4845 participes

447 4865 573 4920 illos
616 4866 819 4922 faciens
863 4866 1049 4938 gratiae
1097 4865 1384 4937 spiritalis,
1423 4873 1484 4920 ut
1526 4863 1585 4919 in
1615 4863 1956 4936 professione
1984 4870 2039 4919 et

448 4953 553 5009 ﬁde
583 4969 681 5008 sua
707 4963 886 5011 essent
915 4955 1165 5027 perfecti.

521 5040 664 5096 Hinc
704 5041 866 5097 datur
900 5042 1134 5115 intelligi
1180 5043 1432 5116 superius
1479 5059 1592 5099 non
1623 5041 1785 5098 ﬁdem
1811 5041 2037 5098 illorum

448 5129 716 5198 laudasse,
747 5130 841 5186 sed
873 5130 1194 5186 facilitatem
1225 5142 1276 5188 et
1316 5141 1504 5188 votum
1538 5131 1686 5189 circa
1715 5131 1994 5189 Christum
2020 5148 2032 5198 ;

447 5218 791 5276 Christianos
829 5218 976 5274 enim
1017 5236 1073 5275 se
1112 5220 1449 5292 proﬁtentes,
1501 5221 1603 5277 sub
1649 5222 1764 5293 lege
1807 5220 2038 5293 agebant

444 5308 795 5380 simpliciter,
827 5307 972 5363 sicut
1001 5306 1116 5363 illis
1141 5308 1319 5364 fuerat
1348 5309 1633 5366 traditum.
1661 5309 1799 5365 Nam
1826 5310 2036 5365 miseri-

444 5397 632 5462 cordia
679 5398 778 5454 Dei
819 5397 887 5454 ad
933 5396 1039 5453 hoc
1082 5396 1206 5454 data
1254 5405 1355 5467 est,
1387 5408 1449 5455 ut
1474 5400 1565 5454 lex
1602 5407 1856 5468 cessaret,
1889 5399 2035 5472 quod

444 5501 585 5559 saepe
606 5485 722 5558 jam
749 5485 898 5554 dixi;
933 5485 1062 5558 quia
1093 5485 1208 5558 (31)
1241 5488 1386 5542 Deus
1414 5487 1709 5543 consulens
1725 5487 2035 5545 inﬁrmitati

515 5701 631 5775 (30)
681 5701 830 5758 Edit.
884 5703 1016 5760 Gill.
1048 5719 1112 5762 ac
1161 5704 1342 5770 Rom.,
1387 5703 1693 5760 utRomam
1730 5703 1928 5759 vmiret
1964 5703 2037 5760 ad

434 5773 752 5850 proiectum,
793 5780 896 5832 etc.

2149 1980 2317 2047 talia;
2369 1980 2499 2054 quia
2544 1981 2800 2055 quamvis
2837 1982 3176 2053 congaudeat
3206 1983 3334 2039 ﬁdei
3368 1983 3613 2051 illorum,
3651 1984 3753 2040 do-

2150 2069 2257 2124 leat
2286 2077 2468 2126 tamen
2497 2071 2626 2143 quia
2653 2088 2764 2126 non
2793 2079 2997 2128 rectam
3028 2071 3373 2144 accipiebant
3403 2071 3588 2128 ﬁdem.
3633 2073 3752 2132 Hoc

2148 2158 2346 2215 affectu
2374 2159 2487 2216 fuit
2519 2160 2838 2232 Apostolus,
2869 2167 2931 2216 ut
2968 2160 3146 2215 aliena
3176 2160 3312 2215 vitia
3343 2162 3498 2234 quasi
3529 2177 3627 2217 sua
3656 2161 3752 2218 do-

2149 2247 2303 2302 leret.
2349 2246 2431 2302 Ac
2471 2263 2566 2320 per
2615 2247 2720 2305 hoc
2765 2249 3132 2316 consolemur,
3181 2247 3384 2322 inquit,
3438 2265 3536 2321 per
3581 2266 3753 2308 unam

2147 2343 2307 2409 atque
2339 2336 2586 2394 eamdem
2614 2337 2805 2406 ﬁdem,
2837 2346 2900 2394 ut
2928 2344 3063 2394 tunc
3105 2338 3409 2394 consolatio
3437 2354 3548 2394 una
3575 2339 3668 2408 sit,
3701 2339 3751 2397 si

2146 2425 2313 2481 unius
2359 2425 2488 2482 ﬁdei
2532 2427 2879 2483 efﬁcerentur
2908 2427 2966 2483 in
2996 2426 3221 2485 Christo
3250 2445 3263 2495 ;
3307 2435 3368 2483 ut
3397 2427 3750 2484 administra-

2147 2515 2224 2570 tio
2273 2515 2459 2587 gratiaa
2498 2517 2785 2590 spiritalis,
2837 2517 3246 2592 evangelizante
3275 2519 3563 2590 Apostolo,
3595 2518 3752 2579 hunc

2146 2612 2426 2675 praestaret
2457 2606 2731 2662 eﬁ'ectum.

2220 2703 2400 2773 (Vers.
2435 2704 2547 2777 13.)
2594 2730 2611 2752 ι
2642 2705 2761 2760 Non
2805 2713 2988 2762 autem
3043 2705 3282 2762 arbitror
3326 2707 3576 2780 ignorare
3623 2724 3746 2783 vos,

2143 2789 2358 2860 fratres,
2391 2794 2520 2864 quia
2567 2810 2709 2867 saepe
2755 2795 3014 2870 proposui
3048 2795 3238 2851 venire
3270 2795 3338 2852 ad
3386 2813 3506 2864 vos,
3541 2805 3595 2853 et
3622 2813 3748 2869 pro-

2144 2879 2354 2936 hibitus
2399 2899 2521 2938 sum
2571 2900 2742 2956 usque
2783 2884 2984 2942 adhuc.
3018 2909 3036 2932 ι
3076 2885 3426 2957 Propositum
3467 2894 3521 2941 et
3552 2895 3744 2944 votum

2142 2986 2303 3025 suum
2331 2971 2596 3041 ostendit,
2633 2973 2780 3046 quod
2815 2975 3036 3048 quidem
3075 2975 3216 3032 scire
3245 2975 3371 3031 illos
3403 2992 3514 3032 non
3563 2975 3741 3033 ambi-

2143 3059 2221 3129 git
2250 3075 2344 3131 per
2370 3076 2462 3116 eos
2488 3061 2703 3130 fratres,
2739 3064 2834 3136 qui
2865 3066 2931 3120 ab
2975 3065 3274 3120 Jerusalem
3306 3066 3392 3120 vel
3425 3064 3745 3122 conﬁnibus

2141 3146 2462 3204 civitatibus
2499 3165 2660 3206 causa
2699 3168 2810 3206 suae
2863 3153 3148 3224 religionis
3201 3152 3270 3208 ad
3317 3153 3514 3210 Urbem
3560 3155 3744 3211 venie-

2142 3240 2295 3308 bant,
2345 3239 2488 3296 sicut
2531 3239 2736 3314 Aquila
2780 3249 2834 3297 et
2875 3242 3154 3310 Priscilla,
3203 3251 3393 3298 votum
3437 3242 3554 3314 ejus
3609 3245 3742 3301 insi-

2143 3337 2374 3385 nuantes
2397 3329 2694 3386 Romanisr
2714 3329 2853 3388 Cum
2884 3331 3032 3387 enim
3065 3349 3205 3404 sape
3235 3334 3401 3389 vellet
3440 3333 3650 3402 venire,
3686 3341 3742 3390 et

2145 3423 2550 3495 prohiberetur,
2575 3423 2655 3481 sic
2678 3422 2884 3480 factum
2921 3429 3001 3478 est
3033 3431 3094 3478 ut
3120 3423 3384 3480 scriberet
3413 3425 3735 3497 epistolam;

2145 3530 2212 3570 ne
2260 3513 2358 3570 diu
2407 3514 2465 3569 in
2513 3513 2654 3569 mala
2709 3513 3103 3569 exercitatione
3145 3513 3377 3582 detenti,
3429 3531 3542 3571 non
3585 3514 3748 3572 facile

2145 3603 2568 3675 corrigerentur.
2593 3603 2665 3658 Et
2695 3603 2890 3659 fratres
2918 3619 3010 3659 eos
3041 3611 3219 3672 vocat,
3265 3620 3377 3659 non
3407 3605 3585 3661 solum
3616 3604 3748 3677 quia

2147 3692 2322 3747 renati
2370 3699 2563 3760 erant;
2610 3691 2704 3749 sed
2751 3699 2806 3748 et
2861 3692 2990 3766 quia
3042 3701 3198 3750 erant
3247 3693 3392 3749 inter
3439 3710 3549 3762 eos,
3618 3694 3749 3751 licet

2145 3781 2326 3852 pauci,
2377 3780 2473 3853 qui
2521 3787 2668 3837 recte
2713 3781 3004 3838 sentirent.
3053 3780 3206 3837 Unde
3234 3780 3416 3837 dixit:
3473 3805 3491 3830 ι
3522 3783 3748 3840 Vocatis

2147 3870 2350 3929 sanctis
2391 3870 2568 3942 (Rom.
2614 3888 2654 3940 ι,
2708 3873 2784 3944 7).
2825 3895 2844 3920 ι
2894 3872 3038 3939 Quid
3086 3879 3270 3928 tamen
3317 3879 3420 3938 est,
3477 3898 3494 3920 ι
3523 3873 3747 3931 Vocatis

2149 3960 2395 4016 sanctis?
2427 3984 2444 4008 ι
2485 3960 2542 4016 Si
2595 3959 2742 4016 enim
2782 3959 2894 4032 jam
2945 3961 3120 4018 sancti
3165 3971 3314 4030 sunt,
3346 3961 3623 4035 quomodo
3652 3980 3749 4018 vo-

2149 4057 2343 4106 cantur
2383 4057 2445 4106 ut
2494 4050 2906 4107 sanctiﬁcantur
2932 4052 2959 4108 ‘l
2990 4051 3094 4108 Sed
3139 4049 3246 4108 hoc
3273 4051 3339 4108 ad
3376 4052 3476 4108 Dei
3507 4053 3748 4124 pertinet

2150 4141 2572 4213 praescientiam,
2604 4143 2734 4215 quia
2758 4158 2894 4215 quos
2924 4143 3028 4199 scit
3072 4143 3217 4199 Deus
3249 4143 3464 4199 futuros
3507 4150 3746 4213 sanctos,

2144 4229 2258 4302 jam
2288 4230 2433 4304 apud
2462 4230 2623 4286 illum
2649 4231 2836 4287 sancti
2852 4241 2999 4299 sunt,
3033 4239 3086 4287 et
3117 4233 3294 4289 vocati
3328 4242 3669 4305 permanent.

2222 4323 2568 4379 Prohibitum
2627 4330 2810 4378 tamen
2872 4338 2928 4378 se
2985 4321 3122 4379 dicit
3177 4339 3349 4395 usque
3409 4322 3475 4378 ad
3529 4330 3748 4396 tempus

2149 4409 2289 4466 datae
2323 4411 2587 4482 epistolae,
2617 4427 2649 4466 a
2677 4411 2790 4466 Deo
2819 4411 3030 4484 utique,
3065 4410 3180 4484 qui,
3225 4411 3403 4468 sciens
3435 4411 3616 4468 adhuc
3645 4412 3748 4468 im-

2150 4507 2368 4571 paratos
2397 4499 2541 4567 illos,
2567 4488 2635 4554 ad
2662 4499 2797 4554 alias
2827 4499 2990 4555 urbes
3014 4499 3220 4555 direxit
3246 4500 3594 4572 Apostolum,
3624 4519 3749 4574 qua;

2070 4631 2117 4689 D
2151 4588 2257 4660 jam
2316 4588 2384 4645 ad
2441 4588 2811 4662 recipiendam
2879 4589 3163 4646 veritatem
3242 4596 3421 4644 essent
3487 4607 3745 4662 capaces;

2149 4677 2402 4750 quamvis
2447 4679 2548 4735 sub
2597 4680 2821 4736 nomine
2867 4689 3088 4752 agerent
3116 4680 3434 4749 Salvatoris,
3467 4679 3560 4735 sed
3592 4680 3748 4738 vitiis

2148 4768 2583 4841 prohibebantur
2629 4770 2990 4838 carnalibus;
3066 4787 3135 4827 ne
3196 4769 3348 4842 digni
3391 4770 3506 4842 jam
3565 4781 3775 4849 essent_

2146 4858 2426 4915 addiscere
2452 4859 2741 4931 spiritalia.
2773 4859 3024 4934 Denique
3065 4860 3316 4916 volentes
3355 4859 3651 4933 aliquando
3687 4860 3746 4918 in

2148 4948 2470 5021 Bithyniam
2503 4949 2603 5015 ire,
2633 4950 2902 5021 prohibiti
2931 4960 3063 5008 sunt
3091 4967 3121 5006 a
3150 4959 3340 5007 sancto
3367 4950 3580 5023 Spiritu
3609 4951 3748 5007 Pau-

2147 5039 2234 5094 lus
2288 5045 2343 5093 et
2393 5036 2533 5093 Silas
2585 5037 2726 5108 (Act.
2779 5056 2899 5108 xvi,
2943 5039 3036 5111 7):
3071 5057 3190 5108 cur,
3234 5039 3342 5096 nisi
3372 5039 3536 5097 sciret
3565 5037 3749 5095 adhuc

2146 5127 2402 5183 affectum
2432 5127 2664 5185 deesse?
2692 5129 2856 5201 Apud
2901 5129 3218 5188 Corinthios
3264 5137 3447 5186 autem
3489 5145 3748 5185 commo—

2147 5223 2309 5272 netur
2353 5218 2667 5290 Apostolus,
2710 5218 2924 5276 dicente
2967 5221 3242 5277 Domino:
3312 5245 3329 5266 ε
3363 5219 3624 5294 Loquere,
3674 5235 3746 5274 ne

2146 5306 2416 5373 tacueris;
2458 5307 2587 5379 quia
2623 5309 2860 5380 populus
2908 5308 3046 5364 mihi
3096 5310 3303 5365 multus
3340 5317 3421 5364 est
3450 5309 3506 5363 in
3539 5309 3641 5363 hac
3669 5308 3744 5362 ci-

2147 5395 2315 5450 vitate
2346 5396 2488 5467 (Act.
2516 5414 2678 5465 xvm,
2709 5398 2764 5464 9,
2799 5397 2911 5465 10).
2934 5422 2950 5442 ι
2994 5397 3115 5453 Non
3144 5414 3272 5470 ergo
3301 5399 3474 5453 otiose
3497 5397 3744 5468 prohibi-

2144 5493 2261 5542 tum
2307 5501 2364 5540 se
2396 5485 2552 5554 dicit,
2599 5485 2692 5540 sed
2723 5493 2775 5540 et
2804 5501 2994 5541 causas
3047 5503 3326 5543 morarum
3366 5486 3652 5555 discrevit,
3685 5494 3744 5542 et

2178 5703 2334 5832 ’,(31)
2366 5705 2494 5760 Mss.
2526 5703 2756 5779 aliquot,
2798 5709 2856 5760 ut
2883 5711 3144 5763 cessarent
3180 5722 3344 5764 onera
3389 5708 3535 5781 legis,
3587 5705 3739 5781 quia,

2198 5793 2248 5832 ο.

2142 5793 2248 5834 θιο.
