3980 6372
231 429 294 488 57
1326 419 1687 478 COMMENT.
1760 421 1830 478 IN
1865 419 2084 478 EPIST.
2125 422 2222 477 AD
2261 422 2428 478 ROM.
3451 422 3524 479 58

234 557 326 611 hos
351 559 410 607 ut
441 566 497 606 se
527 556 894 622 praepararent
939 545 1261 604 adhortatus
1293 555 1404 614 est;
1446 555 1508 603 ut
1536 545 1823 604 audientes
1851 549 1900 608 A
1929 546 2043 602 illis
2072 546 2416 613 dicebantur,
2449 545 2505 602 in
2536 545 2734 620 quibus
2757 553 2910 602 tanta
2931 546 3110 603 virtus
3130 548 3329 604 inesset
3356 547 3521 620 (nulli

232 641 327 700 sibi
357 639 586 712 gratiam
616 639 918 711 spiritalem
969 636 1387 693 ministrandam
1438 635 1574 706 fore,
1625 636 1818 708 dignos

231 748 282 787 se
309 730 602 798 edicerent,
629 745 660 784 a
689 728 842 784 vitiis
866 726 1178 784 carnalibus
1197 726 1553 796 abstinentes,
1580 726 1649 782 ad
1673 726 1819 784 exci-

231 819 478 895 piendam
509 835 649 874 eam.

311 935 326 958 ι
355 910 420 965 Ut
449 909 687 980 aliquem
729 905 971 962 fructum
1019 904 1246 962 habeam
1278 914 1331 962 et
1361 905 1418 961 in
1450 905 1626 973 vobis,
1678 903 1822 962 sicut

230 1009 280 1058 et
307 998 360 1054 in
392 996 603 1054 caeteris
630 995 901 1068 gentibus.
937 1019 954 1042 ι
998 994 1104 1050 Pro
1132 995 1373 1052 utilitate
1404 995 1684 1050 communi
1714 1011 1822 1052 cu-

230 1087 411 1162 pidum
443 1102 498 1140 se
521 1083 778 1140 veniendi
810 1083 879 1138 ad
914 1083 1014 1140 hos
1041 1083 1301 1152 declarat,
1334 1091 1395 1139 ut
1417 1093 1470 1140 et
1502 1084 1557 1138 hi
1589 1092 1818 1140 salutem

229 1174 483 1250 spiritalis
512 1174 697 1246 gratiae
728 1183 1152 1246 consequantur,
1197 1183 1370 1229 ratam
1402 1173 1664 1229 habentes
1693 1172 1821 1229 ﬁdei

227 1282 331 1322 suae
388 1263 820 1336 professionem;
877 1269 938 1317 ut
991 1261 1081 1316 hic
1128 1261 1371 1317 fructum
1427 1260 1624 1317 haheat
1679 1259 1823 1332 apud

227 1357 392 1412 Deum
424 1352 717 1409 ministerii
748 1351 854 1419 sui,
888 1369 982 1424 per
1010 1351 1156 1424 quod
1183 1351 1397 1406 lacessit
1421 1351 1547 1406 illos
1567 1349 1633 1404 ad
1657 1349 1821 1405 ﬁdem

227 1451 447 1511 rectam,
503 1442 757 1514 exemplo
813 1450 1131 1496 caeterarum
1181 1441 1467 1512 gentium:
1521 1439 1825 1511 promptior

226 1532 367 1589 enim
400 1531 462 1586 ﬁt
491 1531 614 1604 quis
635 1529 703 1585 ad
733 1545 846 1586 rem
869 1529 975 1586 sibi
1003 1529 1284 1598 traditam,
1318 1529 1364 1604 si
1396 1529 1481 1584 illi
1511 1529 1716 1584 multos
1743 1527 1822 1582 vi-

224 1621 342 1678 deat
369 1620 645 1676 assentiri.

293 1708 474 1782 (Vers.
514 1707 626 1779 14.)
677 1731 694 1754 ι
726 1707 929 1764 Graecis
967 1715 1022 1764 et
1063 1706 1336 1776 Barbaris,
1387 1705 1726 1780 sapientibus
1772 1713 1826 1762 et

225 1796 613 1868 insipientibus
666 1796 883 1852 debitor
935 1813 1077 1853 sum.
1135 1822 1154 1844 ι
1227 1795 1539 1852 Debitorem
1586 1811 1640 1851 se
1689 1795 1825 1852 dicit

1928 635 2074 693 enim
2107 635 2335 692 dubium
2369 636 2535 692 verba
2563 636 2758 693 virtuti
2794 636 3002 702 cedere,
3041 653 3103 693 ac
3132 654 3227 708 per
3257 637 3362 695 hoc
3391 655 3523 711 quo-

1927 725 2082 780 nium
2115 724 2336 780 illorum
2361 726 2513 780 nulla
2545 725 2663 780 visa
2691 734 2845 780 erant
2875 734 3125 797 portenta
3159 726 3297 795 (34),
3331 726 3523 798 praedi-

1929 815 2071 870 catio
2105 815 2323 870 illorum
2354 815 2470 870 sine
2501 814 2706 870 virtute
2737 817 2834 871 Dei
2868 816 3030 886 erat),
3064 814 3296 888 ideoque
3325 833 3435 872 non
3465 835 3524 875 se

1929 905 2066 962 dicit
2093 905 2407 962 erubescere
2434 905 2795 977 Evangelium
2823 905 2944 971 Dei,
2997 905 3121 960 illos
3177 911 3357 960 autem
3406 923 3526 962 eru-

1930 995 2176 1061 bescere;
2216 995 2345 1067 quia
2369 993 2516 1068 quod
2547 995 2630 1050 illi
2663 995 3001 1050 tradiderant
3054 994 3193 1065 (35),
3245 994 3302 1048 in
3347 1009 3527 1067 repre-

1932 1083 2249 1140 hensionem
2281 1085 2553 1153 veniebat,
2602 1099 2700 1140 nec
2742 1101 3016 1158 quoquam
3073 1083 3392 1140 testimonio
3435 1083 3525 1138 ﬁr-

1933 1173 2202 1241 mabatur,
2243 1181 2296 1228 et
2333 1173 2680 1230 discordabat
2709 1190 2740 1229 a
2769 1173 3021 1229 doctrina
3049 1173 3371 1245 apostolica.
3402 1172 3526 1228 Vir-

1931 1268 2020 1317 tus
2049 1262 2218 1334 igitur
2245 1263 2342 1319 Dei
2365 1271 2464 1332 est,
2497 1281 2618 1336 quae
2639 1263 2838 1318 invitat
2863 1262 2929 1317 ad
2961 1261 3233 1329 ﬁdem,\et
3262 1261 3355 1317 dat
3383 1261 3526 1316 salu-

1935 1359 2041 1406 tem
2068 1352 2218 1408 omni
2248 1351 2514 1420 credenti,
2542 1351 2674 1408 dum
2695 1361 2914 1425 peccata
2929 1352 3118 1420 donat,
3144 1359 3198 1407 et
3217 1351 3523 1424 justiﬁcat;

1933 1451 1993 1498 ut
2022 1461 2052 1500 a
2081 1444 2317 1501 secunda
2345 1451 2519 1500 morte
2547 1444 2779 1500 detineri
2803 1462 2902 1501 nos
2931 1446 3099 1518 possit
3123 1445 3369 1515 signatus
3382 1459 3527 1514 mys-

1931 1534 2071 1588 terio
2101 1535 2298 1591 crucis.
2330 1533 2651 1590 Praedicatio
2697 1534 2845 1590 enim
2889 1534 3070 1592 crucis
3119 1531 3324 1590 Christi
3382 1530 3526 1586 indi-

1933 1623 2080 1679 cium
2154 1633 2234 1682 est
2292 1623 2408 1696 (36)
2473 1624 2664 1680 mortis
2719 1625 2930 1693 evictze,
3004 1623 3221 1680 dicente
3279 1621 3528 1696 apostolo

1933 1711 2137 1768 Joanne
2172 1732 2182 1768 :
2233 1737 2250 1760 ι
2280 1713 2366 1769 Ad
2397 1713 2500 1770 hoc
2525 1714 2670 1770 enim
2702 1714 2854 1770 venit
2875 1712 3049 1770 Filius
3064 1711 3184 1782 Dei,
3210 1719 3272 1768 ut
3291 1712 3530 1767 solveret

1932 1817 2094 1874 opera
2125 1802 2328 1859 diaboli
2382 1804 2434 1874 (ι
2460 1803 2617 1859 Joa-n.
2650 1821 2732 1872 ιιι,
2765 1804 2848 1875 8),
2895 1827 2915 1851 ι
2977 1810 3037 1859 ut
3075 1801 3256 1858 omnis
3302 1799 3530 1857 credens

223 1886 440 1955 horum,
474 1904 611 1961 quos
644 1894 929 1954 memorat,
971 1886 1100 1959 quia
1147 1885 1216 1942 ad
1259 1885 1364 1942 hoc
1394 1885 1592 1941 missus
1620 1893 1720 1953 est,
1761 1894 1822 1941 ut
1857 1911 1900 1971 Β
1932 1907 2044 1946 non
2069 1900 2316 1949 teneatur
2341 1908 2372 1948 a
2393 1900 2600 1959 morte;
2629 1892 2757 1964 quia
2776 1891 2994 1964 signum
3022 1890 3186 1946 habet
3205 1889 3353 1964 quod
3380 1889 3530 1944 victa

223 1976 479 2032 omnibus
509 1975 829 2047 praedicaret
863 1993 874 2030 :
931 1991 1025 2048 per
1065 1975 1211 2048 quod
1241 1974 1406 2029 etiam
1437 1990 1628 2030 omnes
1656 1974 1820 2046 signi-

222 2063 344 2121 ﬁcat
373 2064 687 2130 debitores;
721 2064 970 2120 conﬁteri
1006 2063 1154 2118 enim
1185 2063 1494 2120 Creatorem
1527 2064 1722 2130 Deum,
1751 2079 1820 2118 ex

223 2171 328 2229 quo
360 2154 570 2222 omnia,
603 2163 655 2210 et
685 2169 780 2225 per
809 2169 969 2226 quem
1020 2152 1227 2220 omnia,
1276 2159 1329 2207 et
1374 2151 1592 2207 debitus
1644 2151 1822 2208 honor

221 2253 319 2312 est,
345 2251 398 2299 et
419 2243 566 2299 salus
585 2242 918 2298 conﬁtentis.
950 2241 1166 2298 Graecos
1197 2258 1324 2313 ergo
1355 2242 1584 2313 gentiles
1615 2243 1816 2313 posuit,

221 2331 310 2389 sed
360 2347 454 2388 eos
499 2331 594 2405 qui
642 2330 875 2388 Romani
929 2331 1185 2388 dicantur
1238 2330 1355 2386 sive
1412 2330 1653 2399 natione,
1705 2331 1821 2386 sive

222 2419 514 2492 adoptione
548 2438 558 2475 :
593 2420 858 2475 Barbaros
880 2437 1008 2475 vero
1029 2437 1121 2476 eos
1141 2419 1234 2494 qui
1266 2420 1494 2477 Romani
1529 2437 1640 2476 non
1670 2427 1818 2489 sunt,

220 2527 451 2585 quorum
484 2527 652 2584 genus
681 2510 972 2567 adversum
1001 2520 1101 2580 est,
1139 2519 1190 2566 et
1218 2520 1347 2568 sunt
1395 2511 1627 2583 gentiles
1674 2511 1816 2582 (32).

222 2609 506 2681 Sapientes
535 2618 715 2666 autem
750 2611 875 2666 illos
904 2610 1068 2678 dixit,
1092 2608 1178 2664 31
1207 2611 1302 2684 qui
1334 2611 1627 2667 mundanis
1659 2611 1822 2667 ratio-

222 2699 384 2755 nibus
409 2701 636 2768 eruditi,
681 2701 952 2774 sapientes
1000 2711 1264 2758 vocantur
1311 2703 1368 2758 in
1415 2703 1642 2768 saeculo;
1689 2701 1820 2756 dum

221 2795 313 2843 aut
343 2789 588 2844 siderum
639 2790 1006 2862 speculatores
1054 2798 1201 2858 sunt,
1245 2799 1339 2847 aut
1389 2791 1679 2858 mensuris,
1730 2799 1824 2846 aut

222 2879 486 2946 numeris,
533 2888 627 2936 aut
669 2881 773 2936 arti
811 2883 1178 2952 grammaticae
1221 2882 1463 2950 student,
1512 2881 1820 2949 rhetoricae,

221 2976 312 3024 aut
346 2970 590 3026 musicae.
624 2970 718 3026 His
745 2971 1003 3026 omnibus
1032 2971 1272 3028 ostendit
1293 2971 1434 3027 nihil
1464 2971 1581 3026 haec
1607 2971 1825 3043 prodes-

223 3072 296 3124 se,
330 3073 434 3113 nec
467 3075 594 3114 vere
620 3059 889 3129 sapientes
913 3075 1046 3127 esse,
1073 3058 1178 3114 nisi
1200 3059 1424 3116 credant
1441 3059 1499 3114 in
1517 3058 1819 3115 Christum:

223 3143 418 3200 stultos
452 3160 581 3216 vero
609 3145 708 3200 hos
735 3145 899 3214 dixit,
941 3146 1036 3219 qui
1078 3146 1485 3218 simplicitatem
1517 3156 1822 3220 sequentes,

1931 1999 2076 2038 mors
2105 1991 2204 2039 est.

2013 2103 2030 2125 ι
2060 2079 2248 2135 Judaeo
2281 2079 2543 2152 primum,
2571 2088 2625 2136 et
2651 2080 2860 2137 Graeco.
2899 2103 2916 2125 ι
2959 2079 3019 2135 Id
3047 2086 3150 2146 est,
3176 2077 3310 2135 huic
3337 2077 3431 2152 qui
3461 2093 3531 2133 ex

1930 2186 2122 2242 genere
2151 2178 2232 2226 est
2264 2170 2518 2240 Abrahae,
2565 2177 2619 2226 et
2668 2170 2800 2226 huic
2851 2171 2946 2243 qui
2998 2185 3067 2225 ex
3124 2169 3410 2241 gentibus;
3471 2167 3531 2224 in

1931 2259 2117 2316 Graeco
2157 2259 2306 2316 enim
2355 2260 2613 2332 gentilem
2665 2259 2972 2331 signiﬁcat:
3039 2257 3097 2314 in
3154 2257 3343 2313 ,1υόωο
3399 2273 3531 2313 vero

1929 2365 2055 2405 eum
2085 2349 2178 2422 qui
2218 2366 2285 2405 ex
2316 2367 2509 2422 genere
2536 2349 2704 2405 fuerit
2753 2348 3008 2406 Abrahae.
3057 2349 3191 2404 Nam
3239 2347 3414 2404 Judaei
3462 2363 3532 2403 ex

1931 2445 2174 2510 tempore
2201 2437 2352 2495 Iudae
2384 2438 2679 2495 Machabaei
2701 2437 2809 2494 dici
2840 2444 3144 2510 cmperunt,
3171 2436 3344 2510 quiin
3369 2451 3534 2494 causa

1930 2528 2103 2585 cladis
2154 2529 2358 2586 restitit
2413 2527 2712 2600 sacrilegiis
2759 2527 3024 2599 gentium,
3079 2533 3133 2582 et
3189 2525 3395 2582 ﬁducia
3430 2525 3532 2582 Dei

1931 2618 2151 2691 collegit
2180 2619 2466 2691 populum,
2497 2625 2550 2674 et
2580 2617 2826 2673 defendit
2857 2633 3024 2689 genus
3053 2633 3234 2672 suum.
3267 2616 3393 2672 Fuit
3421 2630 3532 2670 au-

1933 2714 2041 2761 tem
2071 2722 2139 2761 ex
2169 2705 2302 2762 ﬁliis
2333 2707 2536 2762 Aaron.
2562 2706 2824 2774 Quamvis
2843 2721 2970 2777 ergo
2987 2712 3263 2776 praeponat
3280 2703 3531 2758 Judaeum

1933 2811 2095 2849 causa
2124 2801 2362 2865 patrum,
2396 2803 2578 2850 tamen
2607 2794 2866 2849 similiter
2885 2794 3054 2848 etiam
3078 2793 3258 2864 ipsum
3284 2790 3531 2862 indigere

1933 2883 2067 2939 dicit
2099 2884 2243 2940 dono
2269 2885 2554 2956 Evangelii
2587 2883 2811 2940 Christi.
2845 2884 2900 2938 Si
2933 2899 3058 2954 ergo
3088 2889 3141 2938 et
3170 2881 3390 2936 Iudaeus
3419 2897 3532 2936 non

1927 2971 2282 3044 justiﬁcatur,
2334 2973 2441 3029 nisi
2471 2990 2565 3046 per
2595 2974 2757 3030 ﬁdem
2781 2973 2986 3030 Christi
3018 2974 3165 3040 Jesu,
3215 2971 3351 3044 quid
3396 2987 3533 3042 opus

1933 3071 2014 3117 est
2039 3079 2153 3118 esse
2184 3063 2284 3118 sub
2319 3062 2478 3134 lege?

2008 3162 2187 3231 (Vers.
2228 3160 2340 3231 17.)
2380 3183 2396 3207 ι
2426 3159 2646 3215 Justitia
2673 3159 2820 3214 enim
2844 3160 2939 3216 Dei
2975 3159 3249 3215 revelatur
3283 3157 3342 3215 in
3371 3173 3434 3214 eo
3463 3173 3534 3213 ex

225 3233 414 3288 harum
443 3249 630 3330 [9mm
670 3234 1101 3330 impériti_$l1n_t-
1126 3236 1243 3330 _Hi3
1290 3236 1547 3292 omnibus
1594 3238 1823 3330 {nissum
1862 3272 1904 3330 ρ
1935 3249 2042 3306 ﬁde
2072 3250 2130 3306 in
2159 3251 2342 3306 ﬁdem.
2379 3274 2397 3298 ›
2441 3251 2556 3306 Hoc
2583 3248 2738 3316 dicit,
2771 3250 2899 3322 quia
2938 3249 2995 3303 in
3041 3248 3137 3304 illo
3184 3247 3280 3321 qui
3335 3247 3532 3315 credit,

226 3338 280 3377 se
314 3322 609 3394 praedicare
642 3331 890 3379 testatur.
934 3325 1011 3380 De
1040 3324 1243 3380 Iudaeis
1269 3333 1448 3380 autem
1480 3327 1671 3392 tacuit,
1701 3326 1828 3398 quia

234 3415 490 3482 magister
515 3411 759 3484 gentium
789 3421 890 3470 est.
926 3413 1004 3469 Ac
1033 3431 1126 3486 per
1157 3415 1261 3472 hoc
1289 3415 1594 3472 debitorem
1627 3432 1681 3471 se
1711 3433 1831 3487 pro-

233 3499 446 3566 ﬁtetur;
482 3503 613 3574 quia
643 3502 711 3558 ad
742 3501 846 3557 hoc
875 3502 1083 3575 accepit
1120 3503 1452 3570 doctrinam,
1494 3512 1556 3559 ut
1607 3503 1786 3560 tradat
1815 3523 1825 3560 :

233 3599 284 3646 et
309 3609 434 3647 cum
465 3592 656 3660 tradit,
691 3594 957 3666 acquirat.

307 3690 490 3762 (Vers.
529 3690 643 3762 15.)
691 3715 708 3738 ι
738 3692 925 3765 Itaque
963 3692 1109 3766 quod
1157 3693 1216 3749 in
1265 3710 1351 3749 me
1401 3703 1502 3764 est,
1554 3701 1837 3767 promptus

238 3795 377 3847 sum,
428 3787 483 3836 et
540 3780 698 3837 vobis
749 3782 843 3854 qui
910 3783 1095 3839 Romae
1153 3783 1304 3851 estis,
1365 3785 1755 3856 evangelizare.
1806 3809 1823 3831 ι

237 3867 498 3936 Quamvis
529 3885 584 3925 se
618 3869 845 3926 missum
878 3870 1174 3942 praedicare
1204 3871 1460 3928 omnibus
1506 3873 1653 3929 dicat
1699 3888 1839 3943 gen-

239 3957 403 4026 tibus,
437 3968 753 4031 promptum
782 3966 965 4015 tamen
994 3976 1050 4016 se
1079 3961 1342 4017 Romanis
1389 3961 1582 4018 asserit
1628 3962 1838 4017 tradere

242 4047 604 4119 Evangelium
638 4048 824 4120 gratia
870 4049 988 4117 Dei,
1043 4049 1188 4122 apud
1231 4067 1368 4122 quos
1415 4052 1564 4123 regni
1610 4050 1839 4108 Romani

243 4135 355 4206 (33)
385 4145 552 4209 caput
581 4145 634 4192 et
663 4135 815 4192 sedes
845 4143 944 4193 est.
977 4135 1060 4192 Ad
1094 4139 1465 4195 membrorum
1497 4140 1644 4194 enim
1686 4139 1836 4194 utili-

239 4232 400 4279 tatem
439 4225 527 4282 vel
557 4225 797 4298 requiem
831 4225 1084 4298 pertinet,
1119 4227 1163 4282 si
1202 4235 1363 4300 caput
1390 4227 1698 4301 inquietum
1732 4245 1841 4283 non

242 4313 423 4368 fuerit.
457 4313 587 4369 Ideo
618 4315 986 4371 Romanorum
1025 4332 1208 4388 pacem
1241 4325 1410 4387 optat,
1449 4326 1511 4374 ut
1550 4335 1660 4373 non
1707 4318 1842 4372 mul-

243 4409 356 4458 tum
387 4419 444 4459 se
467 4403 641 4474 jactet
679 4405 922 4473 Satanas,
975 4415 1028 4463 et
1075 4407 1356 4464 uberiores
1396 4408 1610 4464 fructus
1651 4408 1845 4464 habeat

245 4508 422 4563 operis
453 4510 563 4549 sui.

1939 3340 2055 3396 sive
2081 3339 2300 3395 Judaaus
2323 3339 2416 3406 sit,
2447 3340 2560 3394 sive
2591 3337 2828 3404 Graecus,
2860 3337 3078 3409 justitia
3105 3337 3204 3393 Dei
3234 3337 3533 3392 revelatur.

1940 3427 2217 3485 Justitiam
2262 3428 2358 3484 Dei
2411 3428 2567 3495 dicit,
2624 3427 2753 3500 quia
2795 3427 2960 3498 gratis
2997 3425 3264 3498 justiﬁcat
3301 3426 3532 3498 impium

1942 3535 2038 3590 per
2077 3517 2264 3586 ﬁdem,
2315 3517 2432 3573 sine
2481 3516 2737 3588 operibus
2793 3516 2948 3588 legis,
2997 3516 3139 3572 sicut
3177 3515 3310 3571 alibi
3357 3514 3533 3570 dicit:

1960 3633 1976 3654 ι
2006 3608 2074 3663 Ut
2107 3605 2361 3662 inveniar
2404 3605 2460 3660 in
2513 3605 2612 3660 illo
2648 3621 2758 3661 non
2790 3603 2996 3660 habens
3035 3620 3207 3660 meam
3234 3603 3534 3676 justitiam,

1945 3711 2064 3768 quae
2090 3711 2157 3751 ex
2187 3696 2302 3766 lege
2329 3703 2431 3763 est,
2455 3694 2549 3750 sed
2580 3695 2730 3750 illam
2765 3711 2885 3768 qua:
2915 3711 2982 3750 ex
3028 3694 3134 3750 ﬁde
3159 3703 3240 3750 est
3273 3693 3534 3765 (Philipp.

1947 3802 2031 3853 III,
2071 3786 2158 3856 9).
2189 3810 2206 3831 -
2261 3786 2390 3853 Quae
2421 3801 2488 3840 ex
2527 3786 2639 3841 Deo
2687 3794 2768 3841 est
2801 3784 3021 3857 justitia
3077 3785 3134 3839 in
3183 3783 3310 3850 ﬁde,
3362 3782 3538 3856 ipsam

1942 3873 2218 3945 justitiam
2258 3872 2396 3928 dicit
2432 3874 2663 3928 revelari
2714 3873 2772 3928 in
2820 3873 3140 3945 Evangelio,
3191 3871 3323 3928 dum
3371 3870 3541 3926 donat

1949 3963 2163 4020 homini
2208 3962 2372 4021 ﬁdem
2433 3980 2526 4035 per
2577 3981 2737 4037 quam
2807 3961 3164 4034 justiﬁcetur.
3219 3959 3542 4017 Ostenditur

1949 4054 2096 4109 enim
2149 4053 2204 4108 in
2263 4069 2328 4108 eo
2367 4053 2568 4107 veritas
2620 4061 2674 4108 et
2709 4051 2927 4123 justitia
2973 4051 3094 4120 Dei,
3127 4050 3258 4106 dum
3288 4049 3464 4105 credit
3489 4057 3542 4105 et

1951 4141 2280 4213 proﬁtetur:
2330 4141 2546 4214 justitia
2593 4151 2671 4198 est
2711 4143 2829 4210 Dei,
2895 4142 3024 4215 quia
3071 4139 3218 4214 quod
3267 4140 3541 4212 promisit,

1952 4231 2122 4286 dedit.
2169 4231 2296 4286 Ideo
2329 4232 2556 4288 credens
2604 4232 2708 4288 hoc
2763 4249 2879 4288 esse
2925 4249 2981 4288 se
3011 4237 3362 4287 consecutum
3399 4228 3539 4298 (37),

1953 4321 2098 4392 quod
2148 4320 2470 4394 promiserat
2509 4324 2654 4378 Deus
2697 4339 2792 4393 per
2838 4321 3130 4393 prophetas
3158 4336 3305 4385 suos,
3329 4316 3541 4388 justum

1953 4415 2126 4468 Deum
2152 4413 2365 4484 probat,
2389 4421 2442 4468 et
2473 4413 2626 4468 testis
2655 4421 2736 4468 est
2760 4411 2976 4483 justitia
3005 4411 3141 4482 ejus.
3190 4434 3206 4455 ι
3237 4411 3323 4464 Ex
3350 4407 3456 4463 ﬁde
3485 4407 3542 4461 in

1954 4503 2138 4558 ﬁdem.
2176 4526 2201 4555 υ
2235 4503 2380 4570 Quid
2427 4503 2581 4558 aliud
2622 4511 2724 4571 est,
2771 4527 2788 4549 ι
2819 4518 2887 4557 ex
2931 4501 3037 4557 ﬁde
3068 4501 3124 4555 in
3156 4499 3340 4566 ﬁdem,
3374 4523 3393 4547 ›
3435 4495 3543 4554 nisi

315 4581 497 4652 (Vers.
531 4583 730 4684 .16.);
757 4584 877 4684 Non
928 4583 1076 4684 enim
1128 4583 1390 4682 erubesco
1437 4585 1798 4684 Evangelium
1827 4605 1839 4653 ;
1873 4627 1920 4684 D
1956 4591 2084 4662 quia
2128 4591 2262 4648 ﬁdes
2297 4591 2394 4649 Dei
2443 4601 2524 4648 est
2575 4593 2630 4648 in
2681 4607 2768 4660 eo,
2815 4589 2962 4664 quod
3008 4588 3074 4645 de
3110 4603 3166 4643 se
3219 4582 3539 4684 repomiiit‘;

249 4669 424 4726 virtus
453 4672 603 4727 enim
635 4673 734 4728 Dei
756 4673 914 4729 estin
937 4673 1166 4728 salutem
1201 4673 1352 4727 omni
1383 4674 1646 4732 credenti.
1676 4700 1694 4721 ι
1731 4676 1844 4731 Hoc

247 4756 392 4814 dicto
420 4760 550 4815 illos
594 4763 787 4833 tangit,
819 4779 850 4817 a
879 4761 1080 4835 quibus
1117 4769 1437 4833 acceperant
1485 4779 1595 4818 non
1643 4772 1844 4820 rectam

250 4845 430 4915 ﬁdem,
467 4850 839 4922 apostolorum
889 4859 1072 4908 tamen
1121 4850 1431 4906 doctrinam
1476 4852 1655 4907 virtus
1701 4870 1846 4907 como

251 4937 570 5006 mendabat;
633 4947 694 4996 ut
746 4941 876 5014 quia
935 4941 1260 4997 incredibile
1327 4941 1636 5010 videbatur,
1701 4942 1847 5015 quod

252 5028 664 5098 pradicabatur,
697 5032 850 5104 signa
883 5041 937 5088 et
981 5031 1227 5103 prodigia
1272 5032 1340 5087 ab
1391 5033 1654 5104 apostolis
1707 5033 1850 5088 facta

253 5117 569 5176 testimonio
599 5129 797 5190 essent,
831 5138 940 5177 non
982 5120 1342 5178 dilﬁdendum
1390 5123 1457 5178 de
1501 5123 1570 5178 iis
1615 5139 1734 5195 quae
1781 5121 1848 5177 ab

326 5250 440 5321 (32)
473 5252 625 5334 Edit.
655 5253 879 5334 Amerb.
929 5261 1089 5334 atque
1143 5253 1411 5334 Erasmac
1462 5256 1645 5334 plures
1693 5273 1845 5324 mss.,

257 5326 300 5372 et
325 5339 429 5394 non
459 5331 584 5378 sunt
609 5326 861 5394 gentiles:
893 5323 1090 5380 melius
1121 5323 1254 5380 edit.
1288 5325 1418 5380 Gill.
1451 5323 1504 5381 et
1536 5327 1692 5383 Rom.
1721 5343 1846 5383 cum

257 5391 372 5467 cod.
395 5394 576 5467 ΔΜίοιι.
608 5391 662 5450 et
695 5396 837 5452 Vall.
875 5396 1217 5467 negationem
1250 5396 1570 5454 excludunt.

263 5532 273 5542 ο
328 5465 443 5532 (33)
477 5467 700 5542 Ita__vet_.
735 5467 868 5523 edit.
901 5465 1144 5542 ac_mss.,
1176 5467 1284 5523 nisi
1316 5467 1461 5541 quod
1491 5471 1849 5542 proARomani

260 5537 319 5616 in
332 5537 628 5616 nonnullis
656 5539 824 5595 Roma
853 5539 1112 5612 ponitur;
1160 5547 1214 5597 at
1242 5537 1435 5596 neutra
1463 5537 1574 5596 v‘ox
1600 5539 1657 5596 in
1689 5542 1844 5598 Rom.

260 5604 388 5662 edit.
421 5608 661 5665 admissa
687 5618 786 5666 est.

331 5677 445 5760 (34)
482 5680 607 5760 Mss.
643 5681 788 5760 Flor.
822 5688 876 5736 et
905 5681 1103 5760 Vind.,_
1127 5683 1281 5740 nulla
1310 5684 1424 5742 visa
1455 5690 1571 5741 erat
1592 5684 1849 5760 potentia;

261 5745 444 5821 Corb.,
476 5753 633 5809 nulla
661 5753 738 5808 vis
767 5759 882 5810 erat
904 5745 1166 5829 potentiae.

1957 4688 2009 4735 et
2039 4680 2173 4736 ﬁdes
2205 4681 2467 4748 hominis,
2510 4681 2602 4754 qui
2633 4680 2807 4737 credit
2837 4675 3176 4752 promittenti
3208 4692 3220 4740 ;
3253 4679 3315 4726 ut
3337 4686 3407 4725 ex
3437 4667 3544 4724 ﬁde

1955 4769 2054 4824 Dei
2097 4769 2472 4842 promittentis
2526 4769 2583 4824 in
2639 4769 2800 4824 ﬁdem
2844 4763 3084 4820 hominis
3125 4759 3400 4818 credentis
3446 4757 3544 4813 Dei

1950 4855 2171 4927 justitia
2217 4857 2538 4913 reveletur?
2569 4859 2628 4912 In
2677 4853 2930 4910 credente
2968 4851 3115 4907 enim
3162 4848 3348 4921 justus
3398 4848 3546 4902 Deus

1955 4954 2204 5018 apparet:
2248 4948 2306 5002 in
2336 4963 2400 5001 eo
2438 4955 2616 5001 autem
2650 4944 2744 5016 qui
2775 4959 2885 4998 non
2907 4941 3100 5008 credit,
3127 4938 3363 5011 injustas
3394 4937 3544 4993 vide-

1956 5043 2084 5102 tur;
2129 5043 2289 5107 negat
2335 5035 2480 5089 enim
2528 5049 2773 5089 veracem
2821 5033 3017 5099 Deum,
3067 5031 3161 5104 qui
3215 5046 3326 5086 non
3371 5025 3548 5084 credit

1956 5125 2129 5180 Deum
2161 5123 2372 5179 dedisse
2423 5122 2568 5195 quod
2615 5121 2886 5194 promisit.
2940 5121 3054 5176 Hoc
3094 5125 3289 5177 contra
3330 5120 3546 5178 Iudaeos

2029 5257 2148 5332 (35)
2173 5257 2294 5312 Vet.
2332 5256 2465 5332 edit.
2499 5263 2552 5312 et
2583 5257 2766 5332 plures
2786 5271 2950 5332 _mss.,
2981 5253 3120 5332 quod
3149 5253 3260 5306 illis
3300 5253 3547 5332 tradidef

1954 5334 2044 5382 rat
2072 5345 2091 5392 ;
2117 5325 2273 5384 Rom.
2303 5328 2437 5383 edit.
2468 5325 2598 5384 cuni
2625 5328 2747 5384 cod.
2782 5329 2930 5382 Prat.
2970 5333 3026 5380 et
3055 5325 3215 5380 Gem.
3255 5325 3458 5394 aptius,
3484 5331 3545 5379 ut

1958 5398 2014 5454 in
2044 5407 2326 5455 contextu.

1994 5470 2147 5551 ⁸(36)
2178 5471 2380 5597 ‘Codex
2418 5471 2586 5529 Mich.
2634 5477 2689 5526 et
2739 5471 2988 5542 quaedam
3017 5465 3150 5521 edit.
3180 5463 3376 5532 Paris.,
3399 5465 3547 5534 judi-

1994 5559 2094 5596 lum
2123 5560 2173 5597 es
2203 5585 2214 5596 .

1956 5558 2094 5596 etum
2123 5558 2214 5598 ειςι.

2024 5613 2146 5740 ί(37)
2198 5615 2324 5671 Mss.
2375 5616 2534 5671 Gem.
2590 5630 2653 5670 ac
2699 5613 2868 5678 Prat.,
2923 5611 3013 5665 hoc
3053 5625 3158 5663 esse
3189 5611 3543 5664 constitutum.

1957 5686 2017 5741 In
2048 5685 2559 5761 ra_vero,_ubi_ivet.
2593 5685 2726 5761 edit.
2758 5697 3076 5761 cum_mss.,
3105 5680 3247 5761 quod
3284 5680 3346 5734 de
3372 5696 3423 5734 se
3461 5696 3541 5735 re-

1955 5758 2232 5830 promisit;
2260 5751 2394 5817 edit.
2416 5758 2574 5816 Rom.
2603 5757 2739 5826 sola,
2778 5754 2920 5827 quod
2937 5751 3224 5829 promittit.
