3980 6364
411 401 494 462 '89
1444 405 1541 461 AD
1581 404 1815 462 OPERA
1853 403 1909 460 S.
1950 403 2286 465 AMBROSII
2325 407 2709 466 APPENDIX.
3653 411 3726 472 60

417 529 689 604 loquitur,
741 530 839 602 qui
885 535 1087 601 negant
1125 529 1276 586 hunc
1324 545 1440 587 esse
1483 530 1788 601 Christum,
1837 548 2000 606 quem
2035 531 2088 593 Α

422 621 679 696 promisit
708 623 876 678 Deus.
921 645 941 668 ι
979 621 1134 678 Sicut
1162 620 1428 694 scriptum
1452 629 1533 678 est
1567 640 1578 678 :
1621 622 1808 679 Justus
1833 633 2016 681 autem

417 726 489 766 ex
516 711 626 768 ﬁde
653 709 797 766 vivit
849 711 1072 782 (Habac.
1125 727 1186 779 ιι,
1217 710 1298 783 4).
1346 735 1364 760 ι
1427 712 1684 784 Proptere
1721 713 1789 770 ad
1820 729 2018 769 exem-

419 803 575 875 plum
603 800 883 875 prophetae
914 801 1170 860 Habacuc
1196 818 1253 858 se
1295 803 1590 873 convertit,
1627 813 1689 860 ut
1719 804 2019 863 declararet

419 899 516 957 82
557 899 692 957 olim
739 907 1017 958 ostensum
1055 898 1270 972 justum
1330 917 1398 956 ex
1438 901 1567 970 ﬁde,
1617 919 1730 959 non
1776 919 1846 959 ex
1900 905 2016 978 lege

419 989 627 1057 vivere,
678 989 785 1046 hoc
829 995 931 1056 est,
985 1003 1097 1045 non
1146 987 1446 1060 justiﬁcari
1522 991 1804 1049 hominem
1869 993 2016 1065 apud

419 1083 595 1140 Deum
625 1097 719 1154 per
749 1082 942 1153 legem,
973 1081 1068 1138 sed
1094 1098 1189 1154 per
1225 1082 1390 1138 ﬁdem
1417 1099 1428 1136 :
1463 1082 1580 1138 vita
1632 1084 1779 1140 enim
1809 1100 1878 1140 ex
1909 1083 2017 1140 ﬁde

420 1189 534 1229 non
581 1173 698 1230 haec
743 1189 980 1246 praesens
1027 1181 1128 1238 est,
1178 1174 1272 1231 sed
1317 1175 1545 1243 futura;
1579 1176 1708 1249 quia
1731 1174 1915 1248 justus
1947 1192 2016 1232 ex

419 1261 528 1319 ﬁde
566 1262 731 1331 vivit,
763 1263 857 1319 sed
884 1262 1028 1336 apud
1059 1265 1256 1320 Deum.

495 1352 678 1423 (Yers.
733 1352 848 1423 18.)
895 1377 913 1400 ι
945 1354 1240 1411 Revelatur
1269 1354 1416 1410 enim
1448 1354 1529 1411 ira
1565 1355 1664 1412 Dei
1695 1355 1761 1412 de
1787 1357 1925 1412 coelo
1956 1357 2015 1412 in

421 1455 640 1498 omnem
663 1440 1003 1513 impietatem
1033 1451 1086 1499 et
1125 1441 1453 1514 injustitiam
1484 1441 1770 1500 hominum
1801 1462 2010 1513 eorum,

420 1529 516 1604 qui
564 1528 848 1585 veritatem
900 1531 996 1587 Dei
1045 1531 1104 1586 in
1161 1531 1387 1604 injustia
1432 1533 1727 1590 destinent.
1779 1560 1797 1583 ›
1862 1534 2014 1591 Sicut

419 1617 569 1675 enim
610 1619 667 1675 in
699 1619 798 1675 illo
825 1619 922 1692 qui
953 1621 1152 1690 credit,
1176 1620 1395 1693 justitia
1420 1624 1519 1679 Dei
1552 1623 1845 1690 reveletur,
1870 1624 2014 1680 sicut

419 1723 584 1781 supra
613 1711 913 1766 memoravi
937 1729 951 1778 ;
985 1710 1061 1766 ita
1089 1719 1144 1766 et
1173 1711 1230 1768 in
1261 1728 1324 1767 eo
1347 1711 1439 1786 qui
1476 1729 1586 1769 non
1620 1703 1794 1770 credit
1823 1715 2011 1787 impie-

415 1805 500 1855 tas
519 1806 574 1855 et
594 1798 871 1870 injustitia
901 1801 1196 1856 revelatur.
1219 1801 1307 1857 Ex
1337 1801 1453 1874 ipsa
1473 1803 1620 1859 enim
1650 1804 1772 1860 cmli
1805 1804 2014 1860 fabrica

415 1884 588 1944 iratus
617 1887 730 1944 illis
750 1889 895 1946 Deus
927 1889 1181 1957 videtur;
1221 1890 1430 1948 idcirco
1458 1893 1604 1948 enim
1635 1901 1747 1948 tam
1784 1892 2013 1965 pulchra
2041 1895 2088 1956 B

416 1984 562 2033 astra
591 1977 859 2046 condidit,
883 1985 945 2033 ut
963 1994 1034 2034 ex
1054 1978 1124 2033 iis
1144 1986 1384 2052 quantus
1409 1987 1465 2035 et
1483 1996 1643 2052 quam
1668 1981 2014 2038 admirabilis

417 2074 638 2126 creator
665 2082 857 2124 eorum
886 2075 988 2136 est,
1020 2067 1194 2141 possit
1227 2070 1471 2142 agnosci,
1515 2078 1568 2126 et
1597 2072 1746 2128 solus
1775 2072 2011 2130 adorari.

418 2158 575 2217 Unde
603 2158 872 2230 scriptum
915 2167 996 2215 est
1052 2159 1112 2215 in
1166 2159 1421 2218 Psalmo:
1495 2186 1513 2209 ι
1567 2161 1705 2220 Coeli
1759 2173 2014 2222 enarrant

417 2247 649 2322 gloriam
695 2248 818 2317 Dei,
849 2256 903 2304 et
941 2263 1104 2322 opera
1125 2264 1390 2306 manuum
1429 2249 1548 2323 ejus
1578 2252 1871 2309 annuntiat
1909 2252 2016 2309 ﬁr-

419 2344 760 2395 mamentum
793 2339 968 2410 (Psal.
1004 2355 1168 2409 xvm,
1204 2339 1284 2411 2).
1318 2364 1337 2389 ι
1392 2340 1495 2397 Per
1543 2343 1848 2400 naturalem
1885 2360 2014 2417 ergo

418 2427 593 2501 legem
623 2443 778 2484 reum
811 2427 942 2486 facit
971 2444 1141 2502 genus
1166 2429 1470 2487 humanum
1499 2475 1514 2500 ,
1544 2440 1840 2505 potuerunt
1865 2433 2011 2490 enim

419 2515 477 2573 id
510 2533 606 2590 per
635 2519 806 2591 legem
838 2527 1052 2575 natura:
1079 2517 1508 2592 apprehendere,
1557 2522 1764 2580 fabrica
1819 2525 2013 2583 mundi

417 2607 768 2679 tostiﬁcante,
787 2617 1067 2668 auctorem
1088 2611 1262 2667 Deum
1285 2613 1463 2670 solum
1485 2613 1850 2688 diligendum,
1866 2620 2013 2692 quod

415 2699 632 2772 Moyses
653 2701 854 2758 litteris
883 2702 1111 2759 tradidit
1143 2704 1321 2774 (Deut.
1353 2723 1429 2775 vr,
1451 2707 1544 2780 5):
1579 2708 1673 2765 sed
1703 2709 1860 2784 impii
1881 2711 2014 2768 facti

416 2796 545 2845 sunt
595 2806 705 2847 non
751 2791 983 2849 colendo
1034 2793 1371 2864 Creatorem,
1413 2803 1467 2853 et
1505 2797 1782 2870 injustitia
1827 2800 1886 2856 in
1934 2800 2013 2858 eis

414 2889 654 2952 apparet,
687 2881 818 2938 dum
858 2883 1111 2942 videntes
1160 2885 1516 2948 dissimulant
1543 2907 1576 2947 a
1619 2894 1869 2962 veritate,
1901 2910 2012 2950 non

415 2967 648 3026 fatentes
675 2988 847 3028 unum
873 2975 1045 3030 Deum
1081 2974 1221 3045 (38).

489 3068 673 3139 (Vers.
719 3070 832 3142 19.)
877 3095 896 3119 ι
940 3073 1081 3139 Quia
1123 3074 1272 3146 quod
1314 3084 1509 3132 notum
1555 3085 1636 3133 est
1661 3079 1782 3148 Dei,
1825 3080 2014 3136 mani-

415 3155 618 3213 festum
659 3167 741 3216 est
793 3159 853 3217 in
901 3161 1033 3218 illis.
1068 3187 1086 3212 ι
1129 3163 1339 3220 Notitia
1389 3166 1488 3222 Dei
1521 3167 1809 3224 manifesta
1835 3177 1916 3225 est
1943 3186 2013 3225 ex

2203 554 2223 580 ι
2250 531 2591 603 Sempiterna
2618 547 2836 606 quoque
2860 531 2978 604 ejus
3006 531 3186 590 virtus
3215 541 3270 590 et
3311 534 3609 605 divinitas,
3647 539 3732 595 ita

2123 629 2187 678 ut
2213 620 2327 678 sint
2346 622 2769 680 inexcusabiles.
2795 649 2814 672 ι
2851 625 2920 682 Ut
2940 626 3172 681 omnino
3191 627 3444 683 excusari
3465 626 3731 700 impietas

2124 724 2238 766 non
2275 711 2466 783 possit,
2497 711 2698 784 adjecit
2725 714 2890 770 etiam
2921 715 3194 770 virtutum
3221 715 3344 784 Dei,
3381 723 3435 772 et
3464 717 3728 774 divinita-

2125 805 2233 853 tem
2271 800 2658 873 sempiternam
2691 801 2968 873 cognitam
3008 818 3123 858 esse
3166 802 3235 858 ab
3283 799 3629 872 hominibus,
3671 812 3730 860 et

2124 895 2346 960 stupore
2390 891 2629 962 quodam
2671 891 2952 948 hebetasse
2993 892 3061 949 ad
3104 892 3493 950 honorandum
3526 895 3728 963 Deum,

2125 993 2285 1049 quem
2335 985 2389 1034 et
2445 995 2580 1048 esse,
2620 987 2676 1037 et
2719 979 2931 1053 operari
2981 980 3049 1036 ad
3098 981 3398 1038 utilitatem
3427 999 3581 1040 suam
3613 1000 3728 1042 non

2123 1068 2479 1141 ignorarent;
2527 1087 2589 1127 ea
2635 1072 2783 1129 enim
2820 1085 2941 1146 qua:
2980 1072 3241 1129 humanis
3278 1073 3472 1130 usibus
3501 1075 3728 1132 evoluto

2123 1174 2268 1215 anno
2297 1159 2618 1231 gignuntur,
2652 1161 2831 1234 ipsum
2874 1160 3182 1219 decrevisse
3222 1161 3363 1217 nulli
3394 1161 3454 1218 in
3491 1161 3726 1220 dubium

2123 1258 2306 1313 venit.
2347 1258 2577 1314 IEterna
2614 1275 2742 1332 ergo
2772 1259 2951 1316 virtus
3003 1261 3121 1334 ejus
3168 1260 3422 1319 Christus
3475 1267 3576 1329 est,
3632 1277 3730 1335 per

2123 1362 2284 1420 quem
2331 1345 2593 1414 instituit,
2644 1363 2764 1421 quas
2811 1365 2923 1407 non
2974 1357 3150 1416 erant,
3182 1358 3235 1406 et
3285 1356 3509 1406 manent
3552 1349 3611 1406 in
3639 1366 3726 1406 eo.

2125 1432 2293 1506 Cujus
2345 1436 2392 1491 si
2452 1435 2662 1493 dudum
2716 1454 2949 1510 persona
2995 1440 3181 1512 agnita
3249 1457 3361 1496 non
3409 1449 3512 1510 est,
3565 1457 3731 1516 opera

2120 1531 2306 1580 tamen
2355 1527 2644 1584 manifesta
2691 1538 2857 1586 sunt:
2931 1529 3208 1588 Divinitas
3261 1547 3415 1601 vero,
3481 1532 3612 1605 quia
3669 1531 3728 1588 in

2122 1627 2282 1684 opere
2311 1613 2418 1669 sibi
2456 1615 2675 1673 decreto
2702 1617 3000 1689 perdurant
3021 1620 3295 1675 elementa
3328 1636 3536 1677 rerum.

2207 1725 2224 1749 ι
2255 1703 2325 1760 Ut
2373 1703 2485 1760 sint
2536 1706 2964 1764 inexcusabiles.
3015 1709 3204 1766 Multis
3232 1710 3379 1766 enim
3418 1709 3598 1768 modis
3629 1711 3727 1784 qui

2121 1808 2245 1847 reus
2272 1795 2632 1852 convincitur
2661 1798 2914 1854 excusari
2944 1815 3054 1854 non
3083 1805 3280 1872 potest.

2197 1883 2376 1955 (Vers.
2410 1884 2523 1954 21.)
2578 1909 2596 1935 ι
2625 1887 2896 1956 Quoniam
2945 1905 3071 1946 cum
3103 1887 3490 1963 cognovissent
3525 1891 3722 1961 Deum,

2125 1987 2236 2028 non
2280 1972 2425 2030 sicut
2459 1976 2634 2032 Deum
2679 1978 3191 2050 magnificaverunt,
3235 1987 3330 2036 aut
3377 1980 3578 2052 gratias
3607 1995 3726 2052 ege-

2126 2067 2274 2118 runt.
2307 2084 2326 2109 ι
2371 2063 2550 2136 Usque
2578 2066 2713 2122 adeo
2743 2082 2854 2122 non
2886 2066 3300 2139 ignoraverunt,
3330 2075 3391 2123 ut
3418 2067 3728 2125 faterentur

2125 2165 2298 2207 unum
2339 2169 2454 2210 esse
2482 2153 2840 2227 principium,
2864 2171 2895 2210 a
2923 2171 3032 2228 quo
3060 2155 3247 2211 omnia
3278 2156 3500 2214 initium
3530 2155 3728 2214 sortita

2124 2239 2257 2310 sint,
2312 2243 2559 2300 caelestia
2611 2251 2666 2300 et
2734 2244 3016 2301 terrestria
3068 2251 3121 2300 et
3168 2244 3420 2300 inferna:
3470 2252 3524 2301 et
3576 2245 3728 2304 hunc

2124 2346 2298 2386 unum
2328 2346 2444 2388 esse
2485 2332 2578 2405 qui
2612 2331 2870 2388 omnibus
2918 2331 3226 2389 decreverit
3272 2333 3630 2406 proprietates
3671 2340 3725 2390 et

2124 2418 2304 2476 olﬁcia
2347 2421 2710 2489 naturaliter,
2761 2429 2816 2477 et
2861 2420 2978 2478 haec
3028 2420 3266 2478 scientes
3324 2438 3436 2478 non
3495 2431 3724 2495 egerunt

2124 2512 2341 2583 gratias.
2393 2514 2469 2569 De
2518 2513 2884 2570 anterioribus
2913 2513 3202 2588 loquitur,
3255 2521 3315 2570 ut
3346 2521 3639 2586 praesentes
3668 2522 3723 2571 et

2123 2601 2341 2658 futuros
2363 2603 2619 2675 corrigat.

2211 2715 2229 2738 ι
2259 2691 2364 2748 Sed
2391 2700 2736 2749 evanuerunt
2776 2693 2835 2748 in
2864 2693 3295 2765 cogitationibus
3334 2693 3468 2750 suis.
3501 2717 3520 2741 ι
3562 2695 3722 2750 Eva-

2125 2791 2399 2838 nuerunt:
2457 2782 2710 2839 videntes
2763 2782 2908 2838 enim
2965 2782 3234 2839 mundum
3317 2783 3456 2840 miro
3520 2792 3718 2841 ornatu

2123 2877 2368 2941 aptatum
2416 2871 2486 2928 ab
2538 2889 2622 2941 eo,
2673 2889 2834 2946 quem
2883 2871 3001 2944 ejus
3039 2873 3292 2946 opiﬁcem
3321 2882 3715 2946 cognoverant,

2123 2959 2617 3018 dissimulaverunt
2648 2962 2788 3034 (42).

2210 3073 2228 3096 ι
2257 3051 2329 3105 Et
2357 3049 2707 3107 obscuratum
2739 3059 2821 3106 est
2849 3051 3117 3123 insipiens
3144 3067 3240 3108 cor
3269 3067 3480 3109 eorum.
3525 3075 3546 3102 ι
3603 3055 3722 3111 Ne-

2124 3136 2256 3193 bula
2285 3138 2486 3193 erroris
2525 3139 2668 3194 texit
2696 3156 2792 3195 cor
2819 3139 3068 3208 illorum,
3100 3139 3231 3212 quia
3249 3155 3374 3195 cum
3404 3141 3720 3201 Creatorem

416 3248 610 3305 mundi
641 3248 880 3319 fabrica;
913 3259 975 3308 ut
1004 3252 1150 3308 enim
1185 3255 1348 3323 Deus,
1380 3255 1474 3328 qui
1518 3263 1714 3313 natura
1743 3257 2012 3316 invisibi-
2041 3264 2086 3325 α
2118 3244 2192 3328 _ex
2222 3227 2312 3328 ίίὲθ
2344 3244 2463 3328 qui?
2497 3228 2629 3328 Ῑθίξίι
2658 3229 2908 3328 pulchra,
2942 3229 3182 3328 amplius
3221 3228 3584 3290 honoriﬁcare
3614 3234 3722 3292 de-

417 3337 486 3394 lis
539 3345 636 3407 est,
669 3339 834 3398 etiam
859 3341 1176 3399 visibilihus
1205 3344 1376 3416 possit
1421 3346 1573 3412 sciri,
1622 3363 1758 3420 opus
1802 3348 2008 3406 factum

415 3437 496 3486 est
521 3429 592 3486 ab
619 3446 705 3499 eo,
743 3431 891 3504 quod
919 3432 1168 3505 opiﬁcem
1200 3433 1528 3493 visibilitate
1555 3454 1653 3494 sua
1683 3439 2010 3497 manifesta-

412 3527 514 3589 ret,
563 3529 624 3577 ut
673 3537 769 3595 per
795 3531 1006 3579 certum
1055 3524 1326 3582 incertum
1358 3537 1539 3600 posset
1599 3528 1768 3586 sciri:
1818 3547 1882 3588 ac
1916 3547 2052 3602 per,

412 3610 519 3667 hoc
565 3611 712 3684 quod
758 3613 970 3668 caeteris
1017 3614 1362 3687 impossibile
1405 3625 1506 3685 est,
1559 3618 1655 3676 ille
1697 3636 1815 3680 esse
1865 3622 2011 3678 Deus

411 3700 662 3757 omnium
699 3702 1032 3772 crederetur,
1073 3705 1168 3777 qui
1202 3705 1306 3763 hoc
1333 3724 1471 3780 opus
1509 3709 1663 3767 fecit.

497 3814 517 3838 ε
552 3791 699 3849 Deus
727 3793 874 3849 enim
905 3793 1018 3850 illis
1067 3795 1462 3867 manifestavit,
1506 3823 1524 3847 ι
1569 3799 1677 3857 hoc
1723 3809 1825 3870 est,
1875 3818 2013 3875 opus

409 3877 562 3949 fecit,
593 3896 691 3953 per
715 3885 859 3956 quod
892 3885 1064 3958 possit
1093 3887 1314 3960 agnosci
1340 3903 1435 3960 per
1466 3888 1638 3947 ﬁdem
1672 3890 1810 3964 (39).

484 3969 662 4042 (Vers.
721 3971 838 4048 20.)
904 4001 921 4023 ι
965 3978 1278 4036 Invisibilia
1332 3981 1479 4037 enim
1535 3979 1654 4052 ejus
1692 3997 1724 4038 a
1765 3987 2014 4038 creatura

412 4058 607 4116 mundi
637 4079 730 4134 per
753 4081 815 4121 ea
844 4082 965 4139 quas
993 4067 1139 4125 facta
1169 4077 1320 4136 sunt,
1352 4069 1636 4128 intellecta
1663 4071 2011 4143 conspiciun-

411 4154 521 4205 tur.
555 4175 573 4199 ι
616 4152 766 4210 Idem
795 4171 986 4214 sensus
1015 4166 1123 4226 est,
1151 4176 1315 4233 quem
1345 4147 1548 4233 repetit
1570 4180 1583 4229 ;
1618 4169 1679 4216 ut
1707 4161 2013 4218 absolutius

411 4235 606 4296 doceat
647 4243 777 4318 quia
814 4262 940 4303 cum
990 4264 1087 4322 per
1132 4266 1188 4306 se
1231 4251 1479 4324 potentia
1515 4259 1570 4308 et
1609 4251 1864 4323 majestas
1911 4254 2011 4325 Dei

411 4336 673 4414 creaturae
720 4336 897 4393 oculis
943 4338 1114 4411 aspici
1161 4357 1273 4396 non
1320 4342 1552 4413 possint,
1606 4358 1768 4414 opere
1815 4342 2010 4398 mundi

412 4413 691 4478 intellecta
747 4423 863 4497 (40)
916 4427 1356 4500 conspiciuntur.
1420 4431 1536 4486 Hoc
1591 4413 1764 4502 igitur
1821 4448 2014 4504 genere

409 4519 531 4563 reos
577 4509 711 4568 facit
758 4530 850 4570 eos
877 4517 971 4590 qui
1019 4517 1136 4573 sine
1183 4519 1298 4591 lege
1339 4519 1604 4576 vixerunt
1632 4527 1686 4576 et
1713 4527 1926 4577 natura)
1962 4531 2015 4578 et

2117 3325 2360 3393 huerint,
2393 3323 2576 3381 obtusi
2616 3331 2768 3394 sunt,
2800 3325 2992 3383 relicto
3019 3325 3136 3395 illo,
3170 3326 3288 3383 haec
3324 3328 3441 3399 sola
3473 3328 3722 3387 dicentes

2121 3416 2227 3473 sibi
2257 3414 2504 3472 suﬂiccre
2531 3415 2600 3471 ad
2629 3415 2924 3484 culturam,
2961 3433 3082 3489 quae
3125 3417 3406 3474 videntur.

2194 3515 2376 3587 (Vers.
2408 3514 2536 3585 22.)
2603 3538 2621 3562 ι
2650 3515 2908 3572 Dicentes
2955 3515 3101 3572 enim
3153 3531 3210 3572 se
3251 3532 3366 3573 esse
3427 3517 3718 3590 sapientes,

2120 3604 2275 3661 stulti
2306 3603 2436 3660 facti
2472 3611 2619 3660 sunt.
2653 3627 2671 3649 ι
2716 3603 2998 3676 Sapientes
3051 3605 3200 3661 enim
3244 3621 3301 3663 se
3347 3606 3716 3677 arbitrantur;

2124 3694 2253 3769 quia
2281 3694 2522 3751 rationes
2551 3694 2808 3767 physicas
2837 3693 3194 3769 investigasse
3228 3713 3285 3753 se
3324 3705 3538 3770 putant,
3571 3715 3721 3755 scru-

2119 3792 2296 3841 tantes
2323 3801 2517 3842 cursus
2546 3784 2809 3850 siderum,
2859 3791 2913 3842 et
2952 3786 3244 3859 qualitates
3293 3788 3717 3857 elementorum,

2120 3880 2420 3938 Dominum
2454 3890 2636 3937 autem
2664 3880 2863 3937 horum
2893 3889 3250 3955 spernentes;
3284 3884 3408 3942 ideo
3439 3882 3532 3940 33
3563 3887 3721 3943 stulti

2120 3979 2280 4038 sunt;
2304 3988 2430 4029 cum
2450 3972 2496 4027 si
2513 3972 2633 4028 haec
2648 3971 2922 4028 laudanda
2937 3973 3283 4047 sint,quanto
3306 3976 3478 4048 magis
3499 3975 3724 4034 Creator

2122 4062 2346 4117 illorum
2383 4062 2394 4117 l
2428 4061 2620 4118 Solent
2649 4068 2834 4117 tamen
2863 4062 3128 4134 pudorem
3157 4063 3321 4136 passi,
3357 4065 3590 4138 neglecti
3620 4066 3724 4122 Dei

2123 4153 2322 4211 misera
2351 4155 2432 4211 uti
2464 4155 2842 4224 excusatione,
2874 4155 3116 4212 dicentes
3158 4172 3254 4229 per
3285 4156 3417 4213 istos
3457 4174 3612 4230 posse
3641 4157 3725 4213 ire

2123 4245 2190 4301 ad
2217 4247 2414 4313 Deum,
2453 4244 2597 4301 sicut
2624 4261 2720 4317 per
2767 4245 2998 4302 comites
3056 4246 3376 4318 pervenitur
3421 4245 3489 4302 ad
3517 4262 3720 4318 regem.

2123 4338 2257 4408 Age,
2308 4335 2582 4408 numquid
2625 4343 2736 4391 tam
2766 4335 2992 4393 demens
3039 4345 3122 4393 est
3151 4337 3373 4411 aliquis,
3407 4347 3502 4394 aut
3529 4340 3724 4396 salutis

2124 4443 2234 4482 suae
2289 4425 2602 4493 immemor,
2653 4433 2714 4480 ut
2765 4425 3242 4482 honoriﬁcentiam
3295 4427 3435 4499 regis
3477 4428 3724 4484 vindicet

2123 4517 2313 4574 comiti
2346 4534 2360 4584 ;
2392 4532 2521 4572 cum
2559 4515 2626 4571 de
2669 4515 2773 4572 hac
2807 4532 2864 4570 re
2915 4515 2962 4571 si
2992 4515 3086 4588 qui
3117 4515 3283 4571 etiam
3331 4525 3565 4573 tractare
3594 4517 3724 4574 fue—

409 4596 587 4673 Moysi
611 4619 626 4671 ;
682 4605 1082 4664 consuetudine
1145 4608 1290 4664 enim
1366 4609 1628 4680 peccandi
1711 4610 2017 4685 obruerunt
2046 4635 2093 4693 ι)
2126 4607 2239 4660 rint
2284 4603 2519 4672 inventi,
2561 4603 2686 4675 jure
2715 4611 2778 4660 ut
2809 4603 2889 4660 rei
2920 4603 3252 4693 damnentur
3281 4604 3578 4676 majestatis
3598 4605 3626 4662 ?
3652 4607 3725 4662 Et

411 4694 582 4768 legem
651 4705 881 4768 naturae,
953 4697 1223 4772 oblitique
1280 4700 1604 4756 memoriam
1661 4699 1779 4773 ejus
1839 4701 2006 4774 (41);

408 4786 582 4856 legem
629 4798 809 4846 autem
848 4806 969 4864 quae
1016 4790 1085 4846 ad
1124 4790 1573 4846 reformationem
1628 4790 1756 4848 data
1806 4791 2005 4861 fuerat,

410 4876 690 4950 percipere
720 4881 1038 4950 noluerunt,
1062 4889 1124 4938 ut
1144 4881 1356 4954 duplici
1376 4880 1539 4938 modo
1562 4880 1795 4937 obnoxii
1814 4881 2010 4938 ﬁerent

413 4964 777 5024 damnationi.

487 5111 596 5188 (38)
622 5111 772 5188 Edit.
808 5113 1119 5188 Amerbqet
1140 5115 1307 5188 Eras:
1319 5132 1445 5188 cum
1473 5133 1603 5188 mss.
1626 5115 1774 5173 haud
1797 5117 2007 5188 paucis,

411 5201 520 5240 non
546 5183 798 5253 facientes
826 5200 989 5240 unum
1021 5186 1188 5241 Deum
1209 5205 1228 5250 ,'
1248 5187 1383 5243 edit.
1416 5187 1548 5246 Gill.
1596 5205 1658 5246 ac
1688 5183 1846 5246 Rom.
1881 5183 2008 5245 cum

412 5255 624 5312 caeteris
655 5271 809 5323 mss.,
843 5273 949 5310 non
967 5257 1206 5326 fatentes,
1240 5266 1344 5314 etc.

487 5327 604 5400 (39)
631 5327 712 5382 Ita
733 5328 1112 5404 vet._edit.gac
1130 5345 1283 5397 mss.,
1315 5329 1420 5404 nisi
1448 5332 1592 5404 quod
1625 5331 1684 5387 in
1711 5331 1825 5388 illis
1847 5331 2008 5386 habe-

414 5399 526 5474 tur,
555 5399 766 5474 agnosci
792 5400 941 5472 ﬁdes,
974 5401 1070 5474 hin
1098 5401 1164 5468 is,
1193 5402 1403 5472 agnosci
1433 5399 1528 5473 per
1552 5404 1705 5474 ﬁdem
1729 5421 1741 5468 ;
1766 5410 1822 5458 at
1848 5405 2006 5459 Rom.

413 5470 548 5545 edit.
577 5470 657 5527 sic
681 5470 861 5545 locum
900 5473 1155 5545 praefert:
1190 5470 1560 5544 Manifesfavit
1599 5490 1651 5528 se
1689 5475 1832 5529 Deus
1874 5474 2008 5542 illis,

413 5543 539 5617 dum
562 5558 693 5614 opus
721 5541 861 5612 fecit,
890 5541 988 5616 per
1033 5545 1174 5616 quod
1218 5541 1384 5617 possit
1427 5545 1658 5614 agnosci.
1707 5541 2011 5602 Invisibilia

417 5613 576 5680 enim,
595 5613 709 5670 "etc.

488 5685 606 5759 (40)
643 5686 776 5744 Gill.
828 5703 891 5743 ac
934 5685 1092 5746 Rom.
1146 5687 1279 5761 edit.
1325 5703 1456 5761 cum
1482 5702 1630 5761 Amss.
1679 5686 2008 5761 quibusdam

415 5757 604 5835 opere;
659 5775 815 5829 mss.,
863 5775 1045 5833 opera,
1089 5759 1372 5818 mundanas
1415 5757 1670 5831 fabrica;
1695 5757 1928 5819 'Amerb.
1960 5768 2013 5820 et

2125 4693 2218 4749 isti
2244 4711 2299 4750 se
2328 4709 2440 4749 non
2470 4701 2665 4765 putant
2710 4709 2850 4760 reos,
2903 4693 2996 4766 qui
3045 4692 3309 4748 honorem
3341 4694 3586 4751 nominis
3623 4694 3723 4750 Dei

2118 4784 2373 4840 deferunt
2419 4792 2702 4850 creaturae,
2755 4791 2809 4838 et
2852 4782 3047 4840 relicto
3109 4785 3372 4850 Domino,
3426 4801 3723 4841 conservos

2117 4873 2368 4937 adorant,
2420 4872 2576 4946 quasi
2624 4871 2697 4926 sit
2734 4871 2947 4944 aliquid
3004 4872 3148 4944 plus,
3204 4873 3352 4946 quod
3405 4883 3723 4931 reservetur

2117 4966 2250 5021 Deo.
2282 4965 2416 5020 Nam
2448 4971 2501 5019 et
2530 4962 2655 5019 ideo
2684 4962 2753 5019 ad
2784 4978 2962 5034 regem
3004 4981 3100 5037 per
3129 4965 3384 5021 tribunos
3419 4973 3515 5022 aut
3543 4967 3718 5023 comi-

2119 5115 2250 5173 Gill.
2283 5130 2411 5170 cum
2442 5110 2671 5185 reliquis
2701 5110 2848 5180 cod.,
2873 5128 3030 5182 opere
3049 5130 3070 5177 ;
3099 5112 3284 5184 plures
3324 5128 3481 5182 mss.,
3533 5129 3721 5185 opera,

2120 5187 2323 5242 mundi.

2193 5259 2310 5329 (41)
2343 5256 2433 5313 Sic
2462 5255 2594 5312 edit.
2629 5254 2856 5329 Ame‘rb.
2889 5262 2942 5311 et
2971 5256 3130 5329 Eras.
3157 5271 3283 5329 cum
3315 5255 3509 5329 multis
3539 5273 3669 5312 mss.
3706 5273 3721 5321 ;

2119 5325 2250 5387 Gill.
2286 5325 2415 5384 vero
2444 5336 2498 5383 et
2527 5330 2684 5385 Rom.
2716 5325 2851 5382 edit.
2884 5343 3008 5382 cum
3038 5328 3184 5394 aliis,
3217 5327 3573 5384 oblitterando
3609 5343 3728 5382 me-

2123 5402 2347 5457 moriam
2376 5400 2508 5466 ejus.

2195 5473 2312 5545 (42)
2344 5473 2471 5528 Mss.
2514 5469 2771 5526 nonnulli
2803 5475 2857 5526 et
2887 5469 3018 5526 Gill.
3057 5471 3114 5526 in
3145 5470 3316 5526 variis
3344 5471 3516 5545 _lect.,
3565 5486 3726 5545 vere-

2118 5542 2374 5602 vauitatis
2416 5549 2492 5597 est
2527 5545 2641 5607 hoc,
2698 5547 2777 5608 ut,
2835 5548 3190 5612 cognoscentes
3238 5543 3539 5610 veritatem,
3571 5542 3724 5614 cogi-

2122 5623 2295 5672 tarent
2323 5615 2476 5670 aliud
2504 5615 2812 5682 colendum,
2843 5615 2985 5684 quod
3024 5615 3319 5670 nesciebant
3367 5630 3554 5668 verum
3582 5630 3722 5681 esse;

2118 5695 2179 5744 ut
2223 5687 2618 5742 dissimulantes
2672 5687 2738 5742 ab
2790 5703 2868 5755 eo,
2899 5688 3126 5743 colerent
3169 5687 3337 5743 idola.
3370 5687 3446 5744 Et
3479 5692 3727 5742 contene-

2120 5761 2333 5819 bratu-m
2363 5763 2457 5824 est,
2488 5765 2592 5816 etc.
3689 5780 3695 5786 ·
