3980 6372
245 439 315 499 81
1340 429 1704 491 COMMENT.
1745 433 1816 491 IN
1856 431 2073 490 EPIST.
2114 432 2211 489 AD
2251 433 2424 492 ROM.
3477 431 3548 496 62

251 569 329 618 tes
357 558 505 626 itur;
537 558 668 632 quia
696 558 862 616 homo
893 556 1084 631 utique
1103 565 1184 614 est
1201 571 1322 624 rex,
1353 564 1408 614 et
1433 557 1609 616 nescit
1635 557 1835 631 quibus
1862 559 1914 620 A
1941 563 2203 614 raverunt
2233 555 2338 612 ista
2362 557 2635 628 faciendo,
2665 575 2767 616 nec
2786 559 2845 616 in
2875 560 2943 617 iis
2971 578 3093 636 quae
3117 563 3367 621 visibilis
3386 573 3545 634 sunt,

251 653 442 710 debeat
496 651 895 725 rempublicam
953 649 1196 707 credere.
1254 649 1341 707 Ad
1403 651 1578 708 Deum
1631 659 1838 718 autem,

249 755 408 814 quem
438 739 632 813 utique
669 738 812 795 nihil
846 739 978 795 latet
1009 738 1285 809 (omnium
1315 739 1464 796 enim
1497 739 1694 796 merita
1730 755 1841 796 no-

248 829 374 899 vit),
409 827 857 900 promerendum,
887 827 1249 900 suffragatore
1276 844 1389 884 non
1431 845 1568 901 opus
1611 838 1712 897 est,
1745 828 1840 885 sed

249 923 428 972 mente
456 915 673 972 devota.
707 915 1030 988 Ubicunque
1059 916 1209 972 enim
1237 916 1364 974 talis
1415 917 1630 973 locutus
1674 915 1840 974 fuerit

247 1004 318 1074 ei,
349 1004 702 1078 respondebit
730 1004 836 1061 illi.

318 1103 499 1175 (Vers.
533 1103 650 1174 23.)
695 1126 714 1151 ι
746 1103 816 1158 Et
846 1112 1202 1162 mutaverunt
1231 1105 1463 1178 gloriam
1495 1104 1840 1176 incorrupti-

246 1192 372 1250 bilis
420 1191 520 1248 Dei
569 1191 628 1247 in
675 1191 1100 1249 similitudinem
1151 1193 1409 1266 imaginis
1465 1195 1842 1268 corruptibilis

247 1280 512 1340 hominis.
541 1303 564 1330 ι
606 1281 698 1338 Sic
725 1281 1062 1338 obcaecatum
1087 1291 1170 1340 est
1197 1300 1291 1341 cor
1327 1285 1578 1348 illorum.
1618 1293 1681 1341 ut
1730 1301 1840 1341 ma-

240 1371 494 1444 jestatem
526 1369 828 1427 invisibilis
857 1372 977 1440 Dei,
1009 1388 1170 1446 quem
1196 1391 1265 1430 ex
1293 1373 1382 1430 his
1410 1375 1567 1432 factis
1593 1391 1842 1448 agnove-

246 1468 388 1528 rant,
420 1476 532 1516 non
563 1459 887 1518 hominibus
920 1461 1059 1533 (43),
1109 1463 1204 1518 sed
1242 1463 1392 1536 quod
1448 1463 1604 1536 pejus
1653 1472 1755 1532 est,
1788 1475 1843 1522 et

246 1547 626 1606 inexcusabile
679 1548 914 1616 crimen,
963 1551 1021 1606 in
1071 1551 1498 1608 similitudinem
1553 1553 1840 1610 hominum

244 1644 542 1704 mutarent,
572 1647 633 1694 ut
661 1639 840 1694 forma
870 1640 1252 1712 corruptibilis
1297 1641 1543 1698 hominis
1588 1643 1734 1698 Deus
1773 1643 1842 1698 ab

244 1723 330 1780 his
360 1733 613 1794 vocetur,
643 1725 748 1782 hoc
776 1736 878 1795 est,
909 1727 1265 1786 simulacrum
1298 1730 1542 1787 hominis
1573 1746 1584 1784 :
1619 1738 1680 1786 ut
1706 1747 1843 1804 quos

243 1816 402 1873 vivos
449 1815 556 1873 hoc
593 1815 819 1873 nomine
853 1815 1057 1873 donare
1096 1834 1207 1874 non
1236 1817 1460 1886 audent,
1498 1827 1841 1877 mortuorum

1945 661 2133 718 sapere
2161 655 2476 719 potuerunt.
2511 647 2749 706 Diﬂicile
2777 649 2925 706 enim
2974 651 3033 707 in
3072 653 3375 724 majoribus
3403 671 3546 728 pru-

1947 732 2102 802 dens,
2133 734 2192 790 in
2221 736 2535 792 minoribus
2555 752 2666 792 non
2693 738 2836 809 sapit
2869 737 3008 809 (48).

2021 821 2204 894 (Vers.
2258 823 2375 896 24.)
2427 847 2446 873 ι
2505 825 2733 898 Propter
2774 829 2922 900 quod
2966 828 3194 886 tradidit
3236 829 3365 886 illos
3400 831 3547 888 Deus

1948 910 2008 966 in
2032 911 2303 970 desideria
2346 915 2530 972 cordis
2586 916 2835 985 illorum,
2891 918 2952 975 in
2999 919 3436 991 immunditiam,
3485 930 3548 980 ut

1948 1002 2302 1059 contumeliis
2345 1003 2590 1061 aﬂiciant
2633 1022 2864 1078 corpora
2905 1024 3004 1064 sua
3048 1008 3106 1064 in
3151 1009 3480 1082 semetipsis.
3511 1033 3531 1058 ι

1949 1090 2241 1159 Quoniam,
2273 1091 2479 1165 inquit,
2506 1093 2574 1150 ad
2604 1093 2867 1166 injuriam
2897 1097 3160 1154 creatoris
3187 1099 3287 1155 Dei
3318 1097 3545 1170 ﬁgmen-

1950 1189 2005 1237 ta
2031 1189 2084 1236 et
2112 1181 2508 1240 similitudines
2539 1200 2718 1240 rerum
2749 1183 3164 1256 deiﬁcaverunt,
3195 1187 3389 1244 traditi
3416 1195 3546 1245 sunt

1950 1271 2262 1340 illudendi;
2298 1281 2352 1330 et
2384 1273 2570 1342 traditi
2601 1291 2713 1331 non
2745 1284 2804 1331 ut
2838 1275 2936 1332 illa
2962 1285 3204 1349 agerent,
3236 1294 3357 1352 quas
3383 1278 3547 1335 uole-

1950 1361 2119 1429 bant;
2159 1362 2256 1418 sed
2303 1371 2365 1419 ut
2413 1363 2514 1420 illa
2569 1364 2914 1437 perﬁcerent,
2964 1382 3085 1439 qua)
3130 1365 3538 1424 desiderabant.

1949 1452 2020 1507 Et
2049 1451 2142 1508 hic
2177 1452 2395 1510 bonitas
2439 1454 2539 1511 Dei
2582 1464 2700 1522 est;
2737 1473 2864 1514 cum
2909 1457 3060 1513 enim
3089 1456 3320 1530 dignum
3351 1457 3545 1515 fuisset

1951 1540 2148 1612 subjici
2181 1543 2328 1610 illos,
2364 1551 2426 1600 ut
2463 1543 2706 1601 facerent
2733 1563 2853 1619 quae
2905 1545 3170 1602 nolebant
3216 1555 3271 1604 et
3316 1548 3541 1605 crucia-

1952 1639 2168 1699 rentur;
2200 1635 2348 1708 quia,
2378 1635 2507 1692 licet
2526 1636 2755 1696 bonum.
2782 1637 2829 1692 si
2850 1645 3042 1694 contra
3063 1640 3403 1697 voluntatem
3425 1639 3544 1709 ﬁat,

1950 1736 2198 1777 amarum
2224 1731 2278 1778 et
2317 1725 2520 1780 malum
2562 1733 2660 1781 est.
2693 1727 2790 1783 Isti
2820 1734 3028 1796 autem,
3081 1735 3389 1786 avertentes
3431 1745 3488 1786 se
3515 1744 3548 1784 a

1950 1813 2084 1881 Deo,
2125 1812 2311 1869 traditi
2341 1823 2470 1871 sunt
2500 1814 2738 1874 diabolo.
2771 1816 3004 1874 Tradere
3055 1827 3238 1876 autem
3287 1831 3368 1879 est
3413 1838 3547 1894 per-

243 1903 517 1977 imagines
548 1903 607 1960 in
637 1904 865 1976 gloriam
891 1905 987 1962 Dei
1006 1906 1527 1979 recipiant.Quanta
1546 1908 1838 1977 hebetudo,
1869 1922 1916 1983 Β
1956 1903 2196 1970 mittere.
2229 1919 2341 1960 non
2374 1903 2607 1962 incitare
2637 1914 2733 1963 aut
2758 1907 3098 1978 immittere;
3131 1918 3195 1967 ut
3221 1927 3284 1968 ea
3323 1928 3444 1985 quas
3487 1913 3547 1970 in

241 1999 450 2065 quanta
499 1991 758 2061 stultitia,
804 1993 906 2050 bos
950 1995 1222 2068 sapientes
1266 1997 1540 2068 appellare
1581 1998 1650 2054 ad
1686 2015 1840 2054 suam

241 2079 683 2148 damnationem,
713 2081 857 2153 apud
887 2098 1023 2156 quos
1053 2084 1177 2155 plus
1220 2092 1399 2156 potest
1452 2086 1630 2158 imago
1677 2103 1841 2160 quam

241 2170 485 2238 veritas;
513 2176 570 2226 et
597 2170 803 2226 mortui
833 2172 1076 2244 potiores
1102 2181 1235 2229 sunt
1264 2173 1410 2230 vivis
1446 2174 1564 2249 (44)
1592 2177 1603 2232 l
1635 2179 1684 2233 A
1710 2177 1841 2232 vivo

241 2264 391 2322 enim
420 2266 536 2322 Deo
585 2264 922 2336 recedentes,
969 2267 1204 2324 mortuis
1244 2266 1453 2337 favent,
1500 2270 1558 2326 in
1606 2286 1840 2344 quorum

241 2370 474 2412 numero
502 2364 654 2424 sunt,
684 2356 828 2414 sicut
855 2357 1122 2430 scriptum
1152 2365 1233 2414 est
1271 2357 1332 2414 in
1377 2358 1649 2430 sapientia
1678 2359 1842 2416 Salo-

242 2442 424 2500 monis
461 2460 474 2500 :
514 2469 533 2492 ι
570 2444 818 2502 Mortalis
844 2445 1004 2518 ﬁngit
1033 2453 1317 2502 mortuum
1347 2447 1606 2504 manibus
1635 2447 1842 2522 iniquis

244 2530 400 2602 (Sap.
435 2548 534 2601 xv,
567 2532 680 2604 17).
715 2558 734 2582 .

325 2661 344 2686 ι
374 2640 448 2696 Et
473 2639 784 2707 volucrum,
811 2649 866 2698 et
894 2639 1337 2716 quadrupedum,
1365 2651 1420 2700 et
1446 2644 1827 2716 serpentium.-

243 2727 340 2784 l-lis
369 2727 634 2800 subjectis
661 2730 967 2786 cumulavit
995 2731 1063 2787 ad
1092 2748 1306 2804 pinnam
1341 2731 1840 2806 hebetudinis(45),

243 2825 305 2874 ut
362 2817 511 2873 ultra
553 2819 847 2874 stultitiam
890 2827 944 2875 et
991 2821 1293 2878 vanitatem
1341 2822 1453 2878 sint
1499 2821 1838 2893 hujusmodi.

241 2905 330 2963 Sic
367 2906 519 2962 enim
550 2907 649 2963 Dei
680 2908 1015 2980 majestatem
1047 2918 1100 2965 et
1139 2910 1367 2982 gloriam
1410 2911 1748 2981 minuerunt,
1782 2922 1844 2969 ut

248 2994 452 3052 horum
482 3011 603 3068 qua
635 2997 866 3053 minima
895 3005 949 3054 et
977 3015 1145 3070 parva
1169 3009 1300 3056 sunt
1331 2999 1444 3070 (46)
1485 3000 1841 3058 similitudini

250 3084 352 3142 Dei
383 3084 865 3143 honoriﬁcentiam
895 3089 1126 3156 darent;
1162 3089 1328 3162 primi
1361 3089 1509 3145 enim
1548 3089 1841 3163 Babylonii

250 3175 423 3231 Deum
455 3184 797 3232 vocaverunt
828 3177 1154 3249 ﬁgmentum
1182 3177 1300 3234 Beli
1330 3177 1615 3250 cujusdam
1654 3195 1842 3252 quon-

1953 1989 2242 2046 desideriis
2285 2001 2669 2064 conceperant,
2714 1995 2890 2067 adjuti
2931 2013 2963 2052 a
2998 1997 3220 2055 diabolo
3261 2001 3549 2073 explerent

1948 2077 2009 2134 in
2037 2093 2238 2152 opere:
2274 2096 2376 2138 nec
2395 2081 2545 2138 enim
2578 2090 2800 2156 possent
2824 2084 3144 2156 hujusmodi
3171 2087 3378 2145 bonum
3405 2087 3548 2162 cogi-

1948 2175 2120 2224 tatum
2154 2167 2376 2226 habere.

2019 2255 2234 2314 Traditi
2278 2274 2407 2332 ergo
2440 2268 2571 2317 sunt
2611 2285 2630 2310 ι
2673 2263 2731 2318 in
2775 2263 3211 2334 immunditiam,
3251 2273 3312 2322 ut
3353 2275 3544 2326 contu~

1948 2346 2131 2403 meliis
2157 2347 2401 2407 aﬁiciant
2437 2366 2674 2424 corpora
2716 2369 2816 2409 sua
2860 2353 2919 2410 in
2967 2355 3295 2428 semetipsis.
3343 2377 3364 2407 ι
3405 2357 3543 2414 Cum

1947 2435 2226 2508 praeterita
2281 2439 2506 2510 recolat,
2568 2441 2732 2498 etiam
2792 2447 2890 2505 34
2938 2444 3222 2516 praesentis
3276 2446 3546 2518 temporis

1948 2531 2094 2588 mala
2149 2533 2462 2604 signiﬁcat;
2519 2536 2648 2610 quia
2703 2537 2998 2596 traduntur
3052 2555 3203 2598 nunc
3259 2557 3434 2615 usque
3481 2549 3546 2599 ut

1950 2623 2306 2680 contumeliis
2352 2625 2593 2682 afﬁciant
2648 2644 2878 2701 corpora
2922 2646 3038 2687 sua.
3091 2629 3336 2703 Originis
3394 2631 3543 2688 enim

1951 2711 2105 2768 illius
2133 2728 2284 2771 nunc
2313 2730 2484 2787 usque
2511 2723 2642 2772 sunt
2670 2717 2922 2774 homines
2964 2718 3060 2790 qui
3107 2718 3370 2776 dicuntur
3425 2737 3540 2778 cor-

1949 2817 2081 2875 pora
2109 2820 2206 2860 sua
2244 2805 2604 2864 dehonestare
2632 2808 2892 2866 invicem.
2943 2808 3080 2867 Cum
3124 2811 3384 2882 cogitatio
3425 2811 3541 2869 ani-

1950 2907 2052 2947 mae
2085 2893 2157 2949 sit
2193 2893 2254 2951 in
2290 2895 2544 2965 crimine,
2575 2913 2804 2970 corpora
2849 2899 3112 2957 dicuntur
3153 2901 3540 2972 dehonestari;

1950 2995 2138 3055 quare,
2171 2986 2278 3041 nisi
2309 2987 2436 3060 quia
2468 2988 2680 3044 macula
2707 2991 2952 3062 corporis
2981 2990 3250 3047 indicium
3289 3000 3372 3048 est
3405 3007 3541 3063 pec-

1948 3075 2056 3132 cati
2085 3077 2282 3134 animae
2304 3077 2332 3134 7
2363 3077 2498 3136 Cum
2523 3080 2673 3136 enim
2703 3097 2902 3152 corpus
2929 3081 3354 3152 contaminatur,
3377 3098 3539 3140 nemo

1947 3163 2177 3237 ambigit
2205 3166 2404 3222 animae
2439 3183 2554 3224 esse
2580 3177 2889 3241 peccatum.

246 3261 368 3319 dam
399 3263 648 3320 hominis
677 3265 901 3335 mortui,
933 3267 1029 3333 qui
1060 3266 1428 3340 principatum
1462 3267 1518 3323 in
1565 3284 1658 3324 eos
1687 3269 1833 3326 dici-

2020 3255 2200 3326 (Vers.
2232 3256 2345 3329 25.)
2391 3279 2410 3303 ε
2455 3257 2561 3324 Qui
2607 3267 3089 3316 commutaverunt
3115 3259 3406 3318 veritatem
3437 3261 3537 3318 Dei

244 3359 336 3408 tur
360 3353 558 3424 egisse.
578 3353 882 3412 Coluerunt
908 3364 963 3412 et
992 3365 1294 3428 serpentem
1328 3357 1642 3425 draconem,
1675 3373 1835 3430 quem

246 3439 449 3497 occidit
470 3441 666 3498 Daniel
689 3443 856 3501 homo
881 3445 979 3501 Dei
1004 3445 1170 3516 (Dan.
1193 3461 1314 3514 xiv,
1341 3444 1432 3516 21)
1455 3443 1614 3517 cujus
1640 3446 1836 3503 simili-

246 3529 494 3587 tudinem
527 3531 750 3589 habent.
780 3533 1030 3607 IEgyptii
1061 3541 1242 3590 autem
1263 3533 1836 3608 colebantquadrupe-

245 3618 388 3688 dem,
410 3636 578 3694 quam
608 3621 866 3678 dicebant
893 3622 1061 3696 Apin,
1083 3622 1142 3678 in
1172 3622 1595 3679 similitudinem
1627 3639 1830 3691 vaccae;

245 3709 388 3782 quod
432 3711 642 3766 malum
691 3711 942 3769 imitatus
989 3719 1071 3769 est
1112 3713 1400 3769 Jeroboam
1432 3713 1549 3783 (III
1574 3714 1697 3785 Reg.
1727 3730 1832 3783 xu,

246 3797 357 3869 28),
388 3815 584 3858 vaccas
611 3799 890 3858 instruens
919 3801 978 3857 in
1021 3801 1266 3858 Samaria
1297 3800 1441 3873 (47),
1491 3800 1692 3873 quibus
1736 3819 1834 3858 sa-

244 3886 552 3946 criﬁcarent
577 3889 784 3958 Judaei;
813 3898 867 3946 et
896 3891 1170 3959 volucres,
1219 3889 1350 3964 quia
1391 3889 1656 3948 Coracina
1682 3908 1835 3948 sacra

245 3973 513 4034 habebant
541 3978 758 4051 pagani.
790 3980 996 4036 Harum
1026 3989 1209 4037 tamen
1244 3995 1426 4036 rerum
1457 3996 1591 4052 quas
1629 3996 1832 4037 memo-

245 4067 377 4135 ravi,
430 4068 727 4126 simulacra
789 4071 1081 4126 coluerunt
1129 4070 1402 4144 Egyptii,
1452 4078 1506 4126 et
1550 4071 1659 4126 alia
1710 4087 1830 4144 qua

242 4171 385 4214 nunc
413 4157 597 4216 dicere
638 4175 750 4214 non
801 4168 886 4216 est
943 4175 1184 4217 necesse.
1243 4161 1371 4217 Haec
1421 4159 1489 4216 ab
1546 4159 1634 4215 his
1688 4161 1830 4216 facta

242 4255 386 4315 sunt,
422 4248 520 4320 qui
569 4263 628 4304 se
670 4248 944 4322 sapientes
993 4250 1408 4306 aestimaverunt
1461 4249 1520 4305 in
1579 4249 1824 4317 mundo;

241 4336 366 4409 quia
387 4338 538 4394 enim
571 4337 912 4395 invisibilem
938 4341 1085 4396 Deus
1113 4345 1469 4411 agnoscentes
1501 4354 1612 4394 non
1642 4338 1828 4396 hono-

303 4515 426 4642 (43)
463 4516 624 4573 Rom.
657 4513 792 4570 edit.
833 4531 897 4571 ac
926 4517 1086 4588 pauci
1131 4533 1284 4584 mss.,
1328 4531 1435 4568 non
1479 4513 1538 4568 in
1575 4513 1822 4570 homines.

325 4604 383 4642 ra
410 4603 543 4642 vero
582 4585 677 4641 ubi
708 4585 894 4642 eadem
929 4604 1054 4642 cum
1095 4587 1218 4642 aliis
1263 4585 1395 4642 edit.
1446 4601 1509 4642 ac
1557 4602 1684 4642 mss.
1727 4586 1822 4642 ali-

240 4585 383 4643 Infra
406 4585 543 4643 vero
582 4585 677 4641 ubi
708 4585 894 4642 eadem
929 4585 1054 4643 cum
1095 4587 1218 4643 aliis
1263 4585 1395 4642 edit.
1446 4601 1509 4642 ac
1557 4602 1684 4642 mss.
1727 4586 1824 4642 ali-

1945 3344 2006 3401 in
2034 3344 2406 3415 mendacium,
2439 3355 2493 3403 et
2521 3349 2812 3405 coluerunt
2839 3358 2893 3406 et
2919 3352 3229 3409 servierunt
3275 3361 3538 3410 creatura:

1945 3435 2130 3508 potius
2161 3451 2323 3508 quam
2357 3436 2622 3503 Creatori,
2655 3438 2749 3511 qui
2776 3446 2858 3494 est
2881 3439 3204 3498 benedictus
3230 3441 3288 3498 in
3316 3443 3536 3500 saecula.

1945 3525 2144 3582 Amen.
2177 3548 2195 3573 ι
2239 3525 2733 3584 Commutaverunt
2758 3530 3044 3585 veritatem
3083 3531 3184 3588 Dei
3211 3531 3269 3586 in
3302 3532 3535 3588 menda-

1945 3615 2114 3684 cium,
2146 3616 2251 3674 hoc
2275 3625 2358 3674 est
2391 3633 2589 3674 nomen
2630 3619 2728 3676 Dei
2770 3619 2866 3692 qui
2912 3636 3074 3677 verus
3119 3628 3219 3689 est,
3267 3621 3537 3679 dederunt

1943 3708 2014 3765 iis
2041 3708 2138 3782 qui
2182 3725 2293 3765 non
2322 3717 2452 3766 sunt
2481 3708 2582 3766 dii.
2615 3709 2916 3782 Lapidibus
2945 3711 3096 3768 enim
3139 3719 3194 3768 et
3231 3712 3413 3784 lignis,
3447 3711 3536 3769 vel

1943 3801 2154 3858 caneris
2187 3801 2426 3858 metallis
2443 3802 2755 3858 auferentes
2773 3802 2920 3876 quod
2940 3810 3087 3871 sunt,
3101 3802 3233 3861 dant
3258 3803 3370 3859 illis
3389 3800 3536 3876 quod

1945 3905 2055 3945 non
2086 3899 2235 3956 sunt,
2265 3896 2319 3944 et
2358 3888 2464 3947 hoc
2491 3899 2573 3946 est
2621 3891 2915 3947 immutare
2965 3907 3156 3947 verum
3203 3891 3261 3947 in
3308 3891 3530 3949 falsum.

1941 3981 2062 4036 Non
2093 3980 2242 4036 enim
2275 3987 2545 4038 vocantur
2558 3979 2674 4052 jam
2708 3981 2846 4053 lapis
2874 3990 2970 4039 aut
2999 3981 3231 4054 lignum,
3260 3983 3356 4040 sed
3373 3983 3528 4041 deus:

1941 4067 2047 4124 hoc
2073 4077 2155 4125 est
2181 4069 2392 4125 servire
2422 4069 2606 4141 potius
2631 4078 2895 4126 creaturae
2919 4087 3083 4144 quam
3107 4071 3372 4129 Creatori.
3412 4073 3531 4129 Non

1940 4157 2088 4214 enim
2146 4165 2346 4230 negant
2392 4160 2588 4227 Deum,
2635 4159 2729 4215 sed
2779 4160 3031 4216 serviunt
3070 4169 3378 4218 creaturae:
3425 4179 3533 4236 quo

1939 4263 2049 4302 non
2075 4256 2428 4316 excusantur,
2461 4248 2557 4306 sed
2580 4257 2908 4306 accusantur
2929 4251 3136 4323 magis;
3173 4251 3303 4324 quia
3335 4267 3531 4324 coguo-
3590 4305 3595 4310 .

1937 4347 2148 4396 scentes
2177 4338 2319 4412 (49),
2352 4357 2462 4397 non
2493 4339 2769 4396 honorant
2801 4343 2996 4400 Deum.

1935 4515 2197 4569 instruens
2226 4521 2320 4569 aut
2348 4513 2577 4586 instituit
2628 4529 2725 4584 pro
2754 4512 3050 4586 instituens.
3084 4513 3236 4569 Infra
3253 4530 3416 4586 vero
3431 4530 3530 4586 pro

1939 4587 2204 4658 Coracina
2249 4593 2343 4640 aut
2395 4583 2643 4658 coronica
2687 4601 2863 4652 sacra,
2916 4584 3140 4658 quidam
3170 4583 3294 4641 cod.
3328 4583 3532 4641 habent

241 4668 388 4731 quot,
419 4657 697 4731 utgforma
755 4659 1128 4731 corruptibilis
1185 4657 1412 4731 hominis
1433 4675 1454 4721 ;
1513 4673 1642 4712 mss.
1695 4672 1828 4712 nou-
1859 4651 1906 4707 D
1939 4657 2134 4731 Latina
2164 4673 2297 4731 voce
2326 4658 2545 4731 corvina
2569 4655 2744 4711 iacra.

240 4727 373 4786 nulli
394 4729 662 4786 omittunt
679 4727 932 4800 hominis,
941 4730 1036 4786 alii
1057 4730 1290 4786 efferunt
1306 4735 1364 4784 ut
1381 4727 1558 4799 forma
1573 4735 1826 4800 corrupta

279 4802 336 4856 lii
364 4802 611 4857 hominis.

239 4802 336 4871 ﬁlii
364 4802 611 4857 hominis.

259 4944 272 4946 Α
308 4872 421 4942 (44)
472 4873 602 4946 Vet.
663 4870 797 4946 edit.
852 4888 914 4929 ac
963 4872 1365 4946 propemodum
1422 4883 1613 4946 omnes
1669 4886 1822 4937 mss.,

308 4890 421 4942 (44)
479 4890 597 4930 vet.
663 4890 797 4927 eun.
852 4890 914 4929 ac
1006 4890 1365 4946 ropemouum
1422 4890 1613 4926 omnes
1669 4890 1820 4937 mss.,

242 4944 442 5010 Quanta
472 4943 797 5023 aegritudo...
829 4890 1002 5023 αριᾳῇ
1002 4962 1130 5023 quos
1167 4946 1292 5016 plus
1342 4943 1539 5023 mortui
1578 4947 1820 5023 possunt,

273 5031 390 5070 nam
451 5012 578 5088 ciui;
636 5021 684 5068 et
738 5012 936 5071 mortui
979 5012 1216 5088 potiores
1251 5023 1374 5070 sunt
1417 5014 1568 5088 civis.
1607 5012 1824 5083 Optime

273 5031 390 5070 nam
451 5033 578 5083 υιυι;
636 5031 684 5068 et
738 5031 935 5071 mortui
985 5031 1216 5088 potiores
1251 5031 1374 5070 sunt
1417 5031 1568 5067 vivis.
1607 5031 1678 5083 up

239 5031 558 5164 ἵὶοῳλρᾴίι.
591 5102 716 5142 cum
754 5103 865 5164 mss
916 5087 1148 5160 aliquot,
1180 5095 1242 5164 ut
1275 5103 1378 5164 nos
1417 5086 1473 5164 in
1498 5090 1678 5164 textu.

306 5157 420 5230 (45)
453 5161 533 5237 Ita
555 5165 670 5237 _vet.
707 5157 865 5237 edit_.,
895 5175 958 5216 ac
990 5153 1147 5224 mss.,
1183 5158 1289 5237 nisi
1320 5157 1467 5237 quod
1486 5155 1550 5237 in
1583 5153 1822 5237 quibus-

237 5226 350 5284 dam
383 5226 666 5286 omittitur
690 5230 786 5295 ad;
807 5226 967 5286 Rom.
999 5238 1180 5286 autem
1203 5226 1353 5286 edit:
1373 5229 1454 5286 sic
1483 5226 1816 5281 imuiutavit:

240 5299 328 5355 His
354 5303 591 5356 cumulat
617 5317 800 5356 eorum
829 5302 1202 5370 hebetudinem,
1235 5307 1311 5366 ut,
1342 5308 1446 5356 etc.

305 5371 414 5442 (46)
437 5375 606 5451 _I_lom.
638 5373 799 5451 e_dit.,
835 5389 952 5444 qua
983 5374 1196 5451 inimica
1223 5378 1272 5428 et
1292 5388 1470 5451 praua
1506 5375 1676 5451 sunt:
1691 5378 1816 5451 let.

240 5455 360 5518 vero
389 5444 523 5500 edit.
565 5453 627 5500 ut
655 5445 715 5500 in
743 5442 1032 5518 contextu,
1057 5445 1166 5501 nisi
1195 5442 1546 5518 quod__Eras.
1601 5449 1655 5497 et
1685 5442 1816 5497 Gill.

240 5511 292 5568 in
317 5531 484 5589 marg.
515 5523 569 5572 et
597 5532 728 5572 mss.
758 5516 923 5574 Corb.
968 5511 1026 5572 in
1063 5511 1230 5590 corp:
1262 5515 1513 5572 scribunt
1556 5518 1604 5568 et
1645 5529 1820 5584 prava

239 5592 371 5641 sunt.

305 5657 416 5728 (47)
448 5658 613 5716 Corb.
645 5659 793 5726 cod.,
824 5660 1062 5716 imitatus
1112 5659 1392 5716 Jeroboam
1441 5674 1625 5715 vaccas
1671 5656 1818 5712 insti-

239 5729 330 5810 tuit
364 5731 496 5810 etin
525 5732 668 5810 Dan,
700 5737 749 5786 et
773 5732 953 5810 B_eth_el
987 5749 998 5788 :
1030 5731 1212 5788 caeteri
1256 5748 1320 5789 ac
1360 5728 1818 5810 edit._nobiscum

237 5797 456 5870 faciunt,
521 5797 662 5860 nisi
690 5802 837 5876 quod
887 5803 945 5861 in
1006 5819 1137 5862 mss.
1198 5819 1309 5861 non
1366 5802 1555 5877 paucis
1621 5799 1819 5877 legitur

2012 4728 2247 4808 ('48)._l_ta
2273 4737 2381 4808 iet.
2413 4728 2547 4808 edit.
2579 4745 2641 4783 ac
2669 4728 2992 4808 mss.._long_e
3023 4725 3250 4808 plurimi
3285 4741 3297 4778 :
3337 4733 3402 4806 _at
3427 4725 3526 4808 alii

1934 4797 2189 4855 nonnulli
2236 4799 2490 4866 afferunt,
2530 4799 2585 4852 in
2621 4797 2914 4866 majoribus
2947 4797 3276 4866 imprudens,
3328 4797 3386 4852 in
3430 4797 3526 4852 mi-

1933 4871 2151 4926 noribus
2181 4872 2360 4942 sapit;
2391 4871 2546 4926 Rom.
2589 4869 2722 4923 edit.
2753 4868 2897 4942 sola,
2951 4867 3007 4922 in
3057 4867 3353 4923 minoribus
3394 4885 3527 4941 pru-

1932 4943 2076 5008 dens,
2112 4943 2165 4996 in
2194 4938 2488 5010 majoribus
2511 4957 2617 4992 non
2644 4939 2806 5008 sapit,
2841 4938 3027 5010 inepto
3069 4955 3251 4994 sensu.
3332 4956 3346 4978 ι

2006 5012 2122 5139 (49)
2171 5009 2300 5100 Quae
2362 5011 2812 5090 subseq_uuntur,_
2843 5009 2965 5066 cod.
3019 5009 3226 5092 .Corb.,
3284 5011 3521 5095 Bemigp

2006 5085 2090 5139 ~b.
2121 5091 2176 5139 et
2196 5083 2326 5139 (ull.
2361 5098 2419 5135 in
2450 5097 2620 5136 variis
2641 5081 2765 5136 lect.
2798 5089 2875 5136 ita
2901 5080 3201 5138 exhibent:
3234 5082 3381 5139 Dant
3406 5085 3520 5139 illis

1932 5080 2176 5140 Colbfet
2196 5083 2326 5139 Gill.
2361 5081 2419 5135 in
2450 5080 2620 5136 variis
2641 5081 2765 5136 lect.
2798 5080 2875 5136 ita
2901 5080 3201 5138 exhibent:
3234 5082 3381 5139 Dant
3406 5080 3520 5139 illis

1931 5156 2070 5226 quod
2101 5171 2209 5209 non
2240 5159 2382 5226 sunt,
2415 5152 2588 5208 utDei
2611 5152 2810 5226 veritas
2830 5153 2901 5208 sit
2928 5154 3274 5221 mendacium,
3307 5155 3522 5225 quando

1933 5224 2070 5296 lapis
2097 5226 2295 5282 dicitur
2327 5225 2468 5280 Deus
2489 5242 2510 5288 ;
2537 5225 2749 5294 quando
2780 5224 2981 5293 factum
3007 5227 3190 5296 pulsat
3219 5224 3417 5296 Deum,
3430 5226 3524 5296 qui

1929 5295 2084 5352 verus
2121 5304 2195 5353 est
2212 5315 2231 5361 ;
2262 5302 2320 5350 ut
2346 5296 2473 5366 quia
2505 5296 2766 5350 comm-uni
2787 5295 3364 5350 nomine’arbitrantur
3389 5295 3525 5364 falsi

1929 5375 1977 5423 et
2013 5369 2147 5436 veri,
2189 5368 2354 5422 simili
2400 5367 2553 5422 modo
2581 5384 2732 5422 verus
2765 5368 2906 5422 Deus
2935 5368 3209 5434 habeatur,
3237 5373 3296 5420 ut
3323 5366 3518 5436 falsus.

1929 5441 2038 5497 Hoc
2081 5446 2155 5495 est
2190 5441 2468 5494 immutare
2509 5456 2692 5494 verum
2736 5441 2792 5492 in
2827 5439 3047 5508 falsum.
3103 5438 3189 5494 Sic
3226 5439 3525 5494 servierunt

1928 5518 2186 5568 creaturae
2233 5511 2410 5582 potius
2461 5527 2622 5580 quam
2666 5510 2945 5582 Creatori;
2986 5526 3110 5582 non
3147 5509 3285 5563 enim
3331 5516 3523 5581 negant

1931 5583 2202 5657 (quidam,
2233 5580 2498 5657 invocant)
2524 5583 2710 5657 Deum,
2740 5581 2828 5635 sed
2842 5580 3098 5657 _serviu_nt_
3118 5587 3376 5657 creatura
3403 5580 3420 5636 ':
3445 5588 3522 5657 _ut

1927 5651 2066 5733 enim
2093 5656 2400 5711 viderentur
2438 5654 2731 5733 dignehagc
2761 5653 2958 5733 colere,
3002 5651 3099 5708 Dei
3127 5653 3393 5733 honorem

1925 5727 2309 5800 imposuerunt,
2344 5733 2404 5782 ut
2435 5723 2644 5793 injuria
2672 5723 2770 5800 Dei
2790 5723 2986 5800 [torum
3011 5730 3138 5780 esset
3159 5725 3388 5780 cultura.
3430 5723 3515 5800 Id-

1921 5793 2061 5858 circo
2081 5800 2153 5857 ad
2170 5793 2382 5875 panum
2405 5811 2588 5854 eorum
2609 5793 2842 5868 proﬁcit,
2859 5794 2991 5868 quia
3017 5801 3392 5868 cognoscentes,
3405 5799 3511 5854 etc.
