3980 6368
411 414 482 474 63
1415 410 1510 468 AD
1546 410 1781 469 OPERA
1819 410 1874 467 S.
1915 409 2250 469 AMBROSII
2285 410 2666 469 APPENDIX.
3647 409 3722 471 6i:

490 567 510 591 α
537 541 645 612 Qui
687 548 770 600 est
799 539 1127 598 benedictus
1155 540 1213 596 in
1243 541 1465 598 saecula.
1500 543 1716 611 Amen;
1759 543 1866 598 hoc
1895 549 1999 612 est,
2036 544 2085 604 Α
2113 557 2239 598 eum
2288 559 2470 611 usum,
2531 559 2626 614 per
2672 557 2834 618 quem
2890 541 3404 612 dehonestarentur,
3457 557 3539 599 rei
3586 540 3722 599 facti

411 649 627 691 verum.
651 633 799 690 Dens
824 647 956 688 vero
989 631 1066 688 ait
1101 650 1113 689 :
1167 656 1185 680 ε
1215 630 1544 688 Benedictus
1589 631 1648 687 in
1691 631 1926 699 saecula;
1973 655 1994 680 ι

413 725 544 800 quia
569 729 853 796 permanet
874 723 1048 790 Deus;
1080 721 1190 778 diis
1207 729 1389 778 autem
1421 721 1665 795 gentium
1697 721 1764 778 ad
1792 728 2009 794 tempus

414 811 714 884 impietatis
733 809 828 867 dat
855 810 1122 868 honorem
1148 829 1162 878 ;
1205 810 1330 867 ideo
1351 826 1465 866 non
1488 818 1570 866 est
1591 828 1794 866 verum.
1811 811 1873 868 In
1895 813 2009 868 Deo

413 910 596 960 autem
625 908 810 958 manet
838 894 1061 957 veritas.
1094 899 1247 956 Hanc
1279 899 1718 956 benedictionem
1745 900 1856 956 alio
1887 902 2008 959 loco

416 990 560 1048 Filio
600 990 700 1047 Dei
730 989 990 1062 assignat,
1042 987 1188 1044 inter
1229 996 1425 1044 caetera
1477 987 1711 1046 dicens:
1759 1013 1778 1038 ε
1822 990 1894 1046 Et
1938 1005 2007 1047 ex

415 1079 618 1154 quibus
650 1077 902 1137 Christus
938 1077 1239 1134 secundum
1285 1093 1528 1148 carnem,
1572 1078 1669 1152 qui
1718 1086 1800 1135 est
1845 1095 2010 1151 super

414 1169 604 1226 omnia
629 1170 775 1226 Deus
797 1166 1121 1225 benedictus
1149 1166 1206 1222 in
1247 1169 1467 1224 saicula.
1500 1169 1678 1225 Amen
1711 1171 1886 1238 (Rom.
1924 1186 2006 1238 rx,

414 1259 498 1330 5).
537 1283 557 1307 ι
599 1261 713 1314 Aut
742 1265 970 1331 uterque
1009 1255 1079 1312 ad
1109 1255 1391 1315 Christum
1424 1256 1738 1330 pertinens;
1777 1266 1874 1316 aut
1923 1275 2006 1316 ea-

414 1347 538 1404 dem
565 1347 712 1404 dixit
740 1347 806 1403 de
833 1346 1000 1416 Filio,
1032 1361 1152 1420 quae
1183 1355 1237 1403 et
1265 1345 1332 1402 de
1361 1347 1542 1404 Patre.

489 1447 672 1518 (Vers.
696 1446 811 1519 26.)
844 1471 862 1494 ι
892 1446 1188 1520 Propterea
1214 1445 1446 1504 tradidit
1470 1447 1598 1504 illos
1625 1448 1772 1504 Deus
1799 1447 1858 1504 in
1888 1465 2005 1522 pas-

415 1532 599 1590 siones
617 1533 938 1607 ignominiai
961 1535 1097 1590 Nam
1121 1535 1340 1591 feminae
1361 1551 1548 1592 eorum
1575 1537 1646 1592 im
1657 1545 2008 1594 mutaverunt

414 1625 720 1680 naturalem
751 1640 912 1681 usum
941 1625 999 1680 in
1029 1641 1154 1680 eum
1185 1641 1345 1682 usum
1376 1626 1471 1699 qui
1509 1636 1591 1683 est
1617 1635 1807 1683 contra
1833 1633 2008 1682 natu-

408 1729 548 1772 ram.
582 1739 603 1764 ι
645 1716 772 1771 Haec
800 1716 945 1773 irato
965 1718 1077 1773 Deo
1105 1725 1326 1790 propter
1354 1717 1729 1774 idololatriam
1760 1717 2006 1774 humano

413 1804 596 1877 generi
643 1805 962 1876 provenisse
1012 1813 1263 1875 testatur,
1324 1813 1386 1862 ut
1447 1807 1650 1864 mulier
1714 1805 2004 1864 mulierem

2117 633 2312 690 mortis
2357 633 2631 691 secundm.
2683 632 2955 702 Quoniam
2999 649 3132 688 vero
3175 632 3340 688 aliam
3387 633 3561 704 legem
3589 631 3723 689 dare

2117 740 2229 779 non
2260 729 2438 796 potest
2484 723 2729 790 Satanas,
2770 720 2913 777 nihil
2962 721 3109 776 enim
3156 719 3341 789 habet,
3382 737 3639 796 concessa
3666 728 3724 777 et

2117 811 2271 868 licita
2318 812 2377 868 in
2427 811 2590 867 aliam
2621 811 2872 868 ordinem
2902 818 3104 879 versat,
3132 819 3195 868 ut
3221 811 3353 868 dum
3387 809 3548 868 aliter
3575 809 3723 867 ﬁunt

2117 918 2280 976 quam
2309 917 2566 958 concessa
2585 907 2735 969 sunt,
2767 900 2881 958 sint
2911 907 3216 973 peccatum.

2203 1016 2221 1040 ι
2249 993 2321 1048 Et
2374 991 2875 1065 compensationem
2935 989 3202 1048 mercedis
3239 1005 3404 1065 quam
3449 993 3716 1064 oportuit,

2117 1081 2344 1137 terroris
2374 1081 2458 1137 sui
2490 1081 2549 1136 in
2579 1089 2752 1137 semet
2781 1079 2916 1152 ipsis
2941 1080 3293 1153 recipientes.
3340 1104 3360 1130 ι
3401 1080 3557 1138 Hanc
3581 1081 3722 1139 dicit

2116 1173 2616 1244 compensationem
2653 1171 2772 1244 (53)
2833 1186 2949 1228 esse
2995 1171 3298 1245 contempti
3345 1172 3467 1242 Dei,
3519 1173 3578 1230 id
3614 1181 3717 1243 est,

2117 1263 2519 1335 turpitudinem
2566 1271 2621 1319 et
2667 1262 3240 1330 contaminationem;
3287 1261 3407 1320 hac
3443 1271 3526 1320 est
3567 1265 3719 1322 enim

2117 1353 2295 1426 prima
2335 1368 2498 1408 causa
2544 1351 2712 1426 hujus
2741 1353 2970 1426 peccati.
3012 1351 3158 1420 Quid
3186 1350 3334 1408 enim
3368 1351 3542 1424 pejus,
3583 1353 3721 1426 quid

2117 1442 2358 1498 deterius
2407 1442 2512 1499 hoc
2558 1450 2780 1515 peccato
2813 1441 2932 1514 (54)
2956 1441 2986 1498 τ
3034 1440 3310 1508 Quantum
3351 1441 3500 1498 enim
3532 1442 3722 1498 idolo-

2118 1531 2276 1587 latria
2305 1531 2637 1605 perimpium
2677 1539 2772 1596 35
2811 1542 2866 1590 et
2893 1531 3283 1604 gravissimum
3311 1530 3574 1588 delictum
3596 1541 3717 1601 est;

2115 1636 2332 1686 tantum
2363 1638 2418 1687 et
2443 1633 2818 1706 compensatio
2846 1633 2964 1706 ejus
2994 1632 3290 1702 horrenda,
3321 1640 3376 1689 et
3401 1631 3724 1706 persordida

2116 1721 2298 1794 passio
2329 1731 2428 1779 est.

2191 1812 2372 1885 (Vers.
2415 1814 2533 1888 28.)
2588 1838 2608 1863 ι
2647 1815 2718 1871 Et
2737 1815 2880 1873 sicut
2900 1833 3010 1873 non
3033 1815 3408 1891 probaverunt
3430 1815 3605 1872 Deum
3625 1811 3721 1869 ba-

408 1893 560 1966 turpi
606 1893 880 1952 desiderio
920 1895 988 1952 ad
1035 1913 1193 1953 usum
1237 1904 1534 1970 appeteret.
1584 1897 1743 1964 Quod
1783 1897 2006 1971 quidam
2038 1902 2084 1962 B
2113 1900 2240 1958 bere
2273 1903 2330 1958 in
2361 1903 2578 1974 notitia,
2602 1904 2833 1962 tradidit
2864 1905 2990 1961 illos
3020 1907 3165 1962 Deus
3195 1903 3254 1960 in
3282 1902 3576 1976 reprobum
3600 1915 3722 1958 sen-

410 1983 572 2040 aliter
609 1985 1061 2057 interpretantur,
1094 2002 1207 2042 non
1250 1985 1642 2060 perspicientes
1685 1986 1799 2042 vim
1845 1985 2004 2042 dicti.

412 2071 559 2140 Quid
587 2082 668 2130 est
695 2073 843 2130 enim
873 2075 1168 2132 immutare
1215 2077 1518 2132 naturalem
1568 2093 1729 2132 usum
1777 2075 1834 2131 in
1881 2092 2008 2132 eum

412 2177 574 2220 usum
631 2164 724 2238 qui
773 2173 856 2221 est
899 2172 1092 2222 contra
1144 2171 1422 2236 naturam,
1465 2165 1575 2222 nisi
1625 2165 1842 2222 sublato
1881 2181 2007 2222 con.

413 2267 568 2308 cesso
595 2269 698 2309 usu
721 2253 884 2311 aliter
909 2253 992 2309 uti
1025 2254 1168 2326 (50),
1202 2263 1266 2311 ut
1293 2271 1404 2312 una
1451 2263 1616 2329 atque
1653 2255 1842 2312 eadem
1883 2271 2010 2329 pars

413 2341 662 2414 corporis
689 2341 1125 2418 uniuscujusque
1162 2343 1309 2403 inter
1338 2361 1395 2402 se
1427 2345 1668 2402 invicem
1701 2361 1866 2402 sexus
1912 2344 2011 2402 ali-

413 2437 500 2488 ter
523 2447 580 2488 se
607 2431 677 2488 ad
704 2447 864 2489 usum
896 2433 1154 2506 praebeat,
1185 2449 1346 2508 quam
1377 2450 1696 2492 concessum
1725 2434 1852 2492 est?
1875 2434 2011 2490 Nam

414 2521 464 2578 si
519 2519 618 2577 illa
661 2529 745 2578 est
787 2538 914 2596 pars
954 2524 1202 2597 corporis
1248 2541 1410 2599 quam
1453 2531 1681 2598 putant,
1733 2523 2012 2599 quomodo

413 2609 852 2668 immutaverunt
878 2611 996 2684 (5t)
1020 2629 1178 2670 usum
1209 2621 1441 2682 naturas,
1471 2630 1594 2671 cum
1629 2629 1741 2668 non
1775 2612 2014 2669 habeant

414 2697 733 2772 hujusmodi
781 2717 944 2759 usum
989 2701 1178 2760 datum
1220 2719 1253 2760 a
1298 2702 1544 2760 natura?
1579 2703 1842 2776 Superius
1894 2702 2011 2775 jam

410 2787 626 2846 dixerat
657 2790 889 2848 traditos
915 2789 977 2848 in
1004 2790 1437 2861 immunditiam,
1465 2808 1578 2850 non
1607 2798 1791 2850 tamen
1825 2791 2014 2866 quali-

413 2885 582 2935 tatem
640 2879 822 2951 operis
875 2879 1246 2936 immunditiis
1288 2879 1462 2952 ipsius
1508 2881 1864 2948 ostenderat,
1912 2897 2012 2953 pro

411 2982 524 3040 quo
551 2983 704 3024 nunc
723 2967 1000 3024 declarat:

487 3064 672 3137 (Vers.
704 3064 820 3135 27.)
863 3088 882 3112 ι
910 3063 1178 3122 Similiter
1203 3073 1385 3121 autem
1432 3072 1487 3122 et
1536 3067 1788 3137 masculi,
1819 3067 2014 3124 relicto

415 3153 654 3212 naturali
685 3170 790 3211 usu
815 3151 1056 3222 feminas,
1091 3163 1415 3212 exarserunt
1456 3155 1514 3210 in
1561 3155 1851 3213 desideriis
1898 3156 2014 3214 suis

2117 2009 2260 2062 sum,
2283 2001 2346 2050 ut
2366 1994 2570 2050 faciant
2591 2012 2652 2051 ea
2672 2012 2792 2070 quas
2815 2012 2925 2052 non
2946 1996 3307 2052 conveniunt.
3327 2019 3345 2043 ι
3382 1993 3609 2063 Propter
3637 2006 3720 2046 er-

2119 2097 2268 2138 rores
2304 2083 2724 2140 simulacrorum
2755 2084 2946 2140 traditi
2976 2091 3107 2140 sunt
3141 2083 3212 2139 ad
3256 2081 3441 2155 turpia
3469 2079 3723 2137 facienda

2123 2171 2379 2241 invicem,
2405 2172 2547 2229 sicut
2571 2171 2683 2245 jam
2705 2171 2914 2230 dictum
2944 2179 3046 2228 est.
3071 2173 3142 2227 Et
3170 2175 3300 2245 quia
3331 2167 3720 2242 impunitatem

2120 2259 2321 2316 horum
2363 2261 2796 2330 aestimaverunt,
2822 2261 3160 2318 incuriosum
3191 2261 3364 2315 Deum
3385 2257 3719 2331 judicantes,

2120 2365 2182 2406 ac
2203 2366 2298 2423 per
2317 2349 2420 2406 hoc
2449 2349 2858 2422 negligendum.
2891 2351 3032 2406 Hinc
3062 2349 3311 2406 additum
3341 2354 3441 2415 est,
3465 2354 3527 2402 ut
3549 2346 3722 2419 magis

2121 2455 2184 2496 ac
2213 2439 2386 2512 magis
2413 2438 2676 2508 hebetati,
2694 2439 2763 2495 ad
2785 2439 2973 2496 omnia
2995 2439 3139 2494 mala
3164 2435 3506 2494 admittenda
3524 2434 3722 2492 ﬁerent

2122 2532 2504 2604 promptiores,
2551 2541 2613 2589 ut
2655 2531 2796 2588 facta
2824 2548 2944 2606 qua
2973 2529 3295 2586 hominibus
3322 2545 3433 2585 non
3465 2526 3721 2599 ambige—

2122 2630 2244 2679 rent
2259 2621 2569 2695 displicere,
2594 2623 2769 2679 Deum
2799 2621 3082 2679 crederent
3103 2635 3213 2676 non
3234 2617 3537 2674 vindicem.
3561 2617 3721 2674 Nunc

2121 2719 2406 2768 enumerat
2459 2711 2647 2767 omnia
2676 2712 2818 2766 mala
2867 2727 2987 2784 quae
3018 2709 3131 2764 illis
3187 2705 3538 2780 superaddita
3565 2712 3716 2774 sunt,

2123 2808 2184 2857 ut
2212 2800 2300 2856 vel
2330 2799 2410 2858 sic
2437 2798 2690 2856 conversi
2719 2799 2789 2855 ad
2820 2797 3125 2854 naturalem
3156 2795 3520 2861 intellectum,
3553 2791 3716 2848 intel-

2122 2890 2372 2962 ligerent,
2406 2889 2546 2945 irato
2573 2891 2708 2957 Deo,
2741 2887 2858 2945 haec
2885 2886 2991 2943 sibi
3022 2885 3358 2958 provenisse.

2197 2978 2378 3050 (Vers.
2412 2977 2500 3046 29,
2533 2977 2650 3049 30.)
2686 3001 2705 3023 ι
2735 2977 3008 3049 Repletos,
3035 2975 3133 3043 ait,
3161 2975 3314 3030 omni
3344 2970 3652 3046 iniquitate.
3683 2996 3705 3020 ι

2125 3065 2227 3122 Hic
2256 3065 2569 3122 summatim
2603 3066 2820 3122 locutus
2846 3074 2946 3132 est,
2994 3073 3048 3119 et
3075 3061 3300 3134 subjicit
3327 3061 3566 3118 membra
3600 3060 3719 3117 ini-

2122 3154 2350 3230 quitatis
2375 3172 2386 3210 :
2407 3175 2425 3200 ε
2447 3153 2676 3221 Malitia,
2701 3151 3071 3224 impudicitia,
3101 3149 3303 3224 inquit,
3334 3149 3587 3218 avaritia,
3610 3164 3719 3206 ne-

415 3241 474 3299 in
505 3241 764 3312 invicem,
799 3243 1030 3300 masculi
1061 3243 1119 3299 in
1153 3245 1426 3302 masculos
1450 3245 1852 3318 turpitudinem
1887 3262 2010 3318 ope-
2043 3265 2092 3329 C
2122 3244 2319 3317 quitia,
2337 3243 2528 3316 plenos
2548 3241 2781 3310 invidia,
2801 3241 3138 3310 homicidiis,
3162 3241 3533 3310 contentione,
3565 3241 3714 3310 dolo,

413 3339 616 3390 rantes.
648 3357 668 3380 -
709 3333 872 3390 Nunc
918 3333 1293 3391 manifestavit
1341 3336 1638 3408 quomodo,
1680 3336 1827 3410 quod
1855 3353 2011 3410 supe-

413 3423 531 3480 rius
558 3422 626 3480 de
651 3422 986 3481 mulieribus
1015 3423 1182 3490 dixit,
1234 3423 1472 3498 intelligi
1523 3424 1739 3482 debeat.
1782 3426 2016 3494 Quando

411 3520 594 3572 autem
645 3512 922 3586 subjecit:
984 3537 1002 3564 ε
1057 3513 1346 3584 Similiter,
1387 3521 1443 3572 et
1501 3515 1752 3585 masculi,
1801 3516 2010 3584 dicens,

410 3612 736 3662 exarserunt
761 3602 820 3659 in
851 3603 1187 3660 desiderium
1208 3605 1294 3661 sui
1319 3605 1467 3678 (52);
1500 3627 1520 3654 ι
1561 3608 1804 3666 ostendit
1831 3593 2014 3680 aperte

410 3699 696 3766 peccatum
736 3692 1057 3748 mulierum.
1113 3693 1363 3766 Denique
1405 3710 1518 3751 non
1567 3694 1715 3752 dixit
1762 3695 1832 3752 de
1876 3696 2016 3754 viris

411 3780 561 3855 quod
591 3781 1032 3837 immutaverunt
1075 3783 1382 3839 naturalem
1430 3799 1592 3841 usum
1639 3785 1696 3840 in
1735 3784 2008 3854 invicem;

413 3872 546 3946 quia
571 3871 894 3944 hujusmodi
921 3888 1052 3929 usus
1079 3871 1211 3930 huic
1249 3873 1389 3946 parti
1432 3889 1724 3932 concessus
1765 3892 1878 3932 non
1908 3885 2009 3947 est,

413 3961 510 4018 sed
537 3961 606 4018 de
635 3960 880 4019 feminis.
907 3962 980 4020 Et
999 3963 1131 4036 quid
1162 3963 1385 4035 mirum,
1417 3980 1543 4022 cum
1579 3964 1853 4040 hodieque
1876 3967 2013 4023 tales

415 4049 676 4108 mulieres
704 4050 1083 4122 reperiantur;
1115 4061 1179 4110 ut
1205 4053 1350 4110 sicut
1391 4054 1533 4112 illud
1571 4071 1602 4111 a
1639 4057 1799 4126 viris,
1827 4057 2012 4130 itaque

415 4146 472 4196 et
495 4138 603 4196 hoc
629 4155 662 4194 a
681 4141 1008 4198 mulieribus
1026 4140 1099 4199 sit
1117 4142 1408 4200 inventum
1428 4145 1458 4201 7
1484 4146 1734 4219 Denique
1754 4148 2013 4204 mulieres

415 4229 562 4286 inter
605 4244 664 4286 se
715 4238 995 4298 accusant,
1043 4238 1098 4288 et
1143 4230 1252 4289 viri
1297 4233 1592 4302 similiter;
1655 4236 2009 4294 manifestum

416 4327 498 4376 est
523 4335 650 4394 ergo
679 4329 743 4378 ut
789 4322 885 4397 qui
923 4322 1040 4394 jam
1087 4324 1378 4382 veritatem
1422 4325 1522 4383 Dei
1576 4327 2013 4385 immutaverunt

417 4409 477 4468 in
509 4409 879 4483 mendacium,
910 4412 1276 4472 immutarent
1304 4423 1358 4472 et
1386 4416 1695 4474 naturalem
1743 4433 1907 4474 usum
1953 4418 2010 4474 in

489 4557 619 4634 (50)
640 4560 723 4617 Ita
749 4567 859 4617 vet.
892 4559 1026 4618 edit.
1058 4578 1122 4618 ac
1149 4560 1334 4634 plures
1363 4577 1519 4634 mss.,
1559 4577 1591 4634 a
1616 4560 1831 4634 quibus
1846 4563 2004 4620 Rom.

2128 3333 2486 3405 malignitate,
2519 3339 2906 3401 susurratores,
2941 3331 3293 3400 detractores,
3325 3333 3440 3388 Deo
3458 3331 3715 3401 odibiles,

2125 3422 2572 3492 contumeliosos,
2622 3420 2902 3494 superbos,
2950 3421 3140 3490 elatos,
3181 3420 3500 3476 inventores
3541 3419 3718 3476 malo-

2124 3530 2268 3570 rum.
2301 3537 2320 3561 ›
2356 3513 2534 3586 Caput
2566 3512 2880 3586 iniquitatis
2904 3511 3171 3569 malitiam
3203 3511 3370 3578 dixit,
3393 3509 3552 3582 cujus
3579 3525 3720 3581 opus

2125 3602 2548 3660 fornicationem
2581 3601 2765 3675 posuit
2789 3610 2950 3674 atque
2977 3599 3288 3656 avaritiam.
3331 3600 3457 3657 Haec
3483 3599 3718 3656 fornica-

2123 3693 2202 3749 tio
2225 3693 2343 3765 (55)
2378 3691 2542 3749 habet
2566 3691 2623 3748 in
2654 3708 2710 3748 se
2739 3700 2792 3748 et
2820 3690 3148 3747 adulterium
3185 3708 3197 3746 :
3229 3690 3278 3747 si
3310 3689 3456 3745 enim
3486 3687 3719 3746 dixisset

2121 3783 2476 3852 adulterium,
2495 3783 2786 3840 videbatur
2804 3797 3090 3839 excusasse
3108 3780 3550 3848 fornicationem,
3573 3779 3721 3836 sicut

2122 3873 2266 3945 leges
2302 3873 2589 3940 Romanae;
2640 3871 2764 3928 ideo
2785 3871 2930 3945 quod
2952 3870 3136 3926 minus
3155 3878 3237 3926 est
3255 3866 3458 3941 posuit,
3477 3873 3541 3923 ut
3567 3866 3718 3941 quod

2123 3961 2300 4035 majus
2327 3971 2409 4018 est
2436 3961 2679 4018 inultum
2707 3977 2817 4017 non
2845 3959 3016 4033 possit
3040 3957 3188 4016 credi
3217 3957 3358 4028 (56).

2192 4051 2402 4108 Deinde
2430 4049 2652 4122 adjecit,
2700 4049 2953 4120 nequitia,
2997 4046 3156 4120 cujus
3186 4045 3413 4103 aﬁ‘ectus
3442 4042 3716 4100 invidiam

2121 4139 2265 4213 parit
2317 4146 2372 4198 et
2432 4137 2754 4206 homicidia,
2797 4136 3206 4195 contentionem
3235 4150 3298 4192 ac
3327 4134 3540 4192 dolum.
3587 4133 3718 4189 Post

2123 4229 2240 4286 haec
2292 4227 2530 4300 subjecit
2581 4227 2910 4300 malignitate
2938 4268 2957 4292 ,
2997 4241 3120 4298 qua
3162 4223 3337 4296 gignit
3387 4221 3716 4279 susurratio-

2121 4333 2218 4374 nes
2273 4325 2436 4391 atque
2490 4315 2856 4374 detractiones
2905 4333 2920 4382 ;
3003 4322 3058 4370 et
3109 4312 3371 4386 quoniam
3430 4310 3548 4367 haec
3603 4311 3716 4366 Deo

2121 4424 2233 4464 non
2259 4407 2550 4480 displicere
2600 4423 2712 4463 non
2768 4412 3016 4478 possunt,
3047 4402 3127 4460 ait
3155 4421 3167 4459 :
3219 4424 3238 4450 ι
3270 4403 3384 4459 Deo
3413 4400 3648 4458 odibiles
3681 4424 3702 4449 ι

2195 4552 2312 4626 (55)
2343 4552 2425 4626 Ita
2444 4547 2754 4626 Rom.e.1it.
2786 4563 2912 4626 cum
2928 4542 3516 4626 iussaquibusdamﬂac
3544 4540 3714 4626 variis

489 4577 609 4632 (ou;
640 4577 723 4617 ita
749 4577 859 4617 vet.
892 4577 1026 4618 eoit.
1058 4578 1122 4618 ac
1189 4577 1334 4618 iures
1363 4577 1519 4631 mss.,
1559 4577 1591 4616 a
1616 4577 1818 4634 quibus
1846 4577 2004 4620 item.
2195 4577 2312 4626 tuo)
2344 4577 2425 4632 19a
2445 4577 2754 4632 ιιυιξιιωιιη
2786 4577 2912 4630 ρυιιι
2933 4577 3061 4602 ιιιδθ·
3095 4577 3516 4624 ιιιιιυιωιιαιξιέιυ
3553 4577 3714 4598 vuum

415 4628 548 4706 edit.
604 4631 712 4706 hoc
758 4639 974 4706 tantum
1025 4577 1249 4702 recegit,
1302 4632 1448 4706 quod
1499 4631 1678 4706 prima
1721 4633 1886 4706 verba
1927 4635 2008 4692 sic
2038 4629 2086 4688 D
2116 4625 2242 4706 lect.
2299 4623 2432 4706 edit.
2493 4622 2657 4706 the.,
2711 4617 3039 4706 quibusdam
3069 4613 3714 4706 tamenuadd‘tﬁtls-et‘mu-

413 4701 752 4773 immutavit,
783 4705 891 4761 nisi
917 4705 1162 4761 naturali
1187 4701 1523 4775 cencessoque
1546 4721 1648 4759 usu
1673 4705 1835 4761 aliter
1871 4708 1951 4762 uti
1991 4725 2003 4762 :

417 4780 596 4830 totum
627 4793 760 4833 vero
789 4777 974 4835 locum
1022 4793 1153 4833 mss.
1203 4777 1460 4833 nonnulli
1508 4776 1614 4833 hoc
1659 4775 1820 4833 modo
1866 4795 2012 4834 con-

417 4844 668 4972 ;qgigmtt,
717 4848 824 4904 nisi
867 4849 1077 4906 sublato
1105 4865 1340 4905 concesso
1370 4865 1471 4904 usu
1493 4849 1654 4904 aliter
1681 4865 1734 4904 se
1755 4849 1828 4904 ad
1858 4866 2011 4905 usum

561 4932 618 4971 ea
653 4959 666 4972 .

411 4931 762 5068 “(25033135.
784 4993 1071 5068 nonnulli,
1103 4993 1239 5049 Nam
1271 4993 1318 5048 si
1344 4991 1460 5048 alia
1487 4996 1569 5068 est
1582 5007 1732 5068 _pars
1769 4993 2010 5068 corporis

453 5073 577 5138 uam
607 5061 923 5144 immutavit.
957 5063 1107 5144 Infra
1134 5080 1264 5119 vero
1288 5081 1480 5144 omnes
1507 5061 1665 5131 edit.,
1689 5081 1806 5118 cum
1825 5061 2013 5144 habeat

419 5131 766 5258 :ujuimoai;
795 5133 1138 5203 reposuimus
1173 5151 1202 5190 e
1231 5136 1444 5192 cunctis
1476 5152 1605 5192 mss.
1638 5151 1757 5190 cum
1783 5152 1888 5189 non
1917 5137 2009 5190 ha-

451 5216 549 5256 ean
578 5245 591 5259 .
628 5218 658 5259 e
721 5245 733 5258 .

629 5245 804 5348 Pauci
835 5290 1000 5348 mss.,
1031 5277 1213 5348 relicto
1240 5279 1479 5334 naturali
1508 5295 1608 5333 usu
1635 5277 1878 5348 femineo,
1909 5295 2011 5334 ac—

415 5346 556 5404 censi
583 5351 710 5402 sunt
735 5346 792 5401 in
818 5347 1132 5403 desiderium
1161 5348 1245 5404 sui
1272 5349 1328 5404 in
1356 5351 1591 5405 invicem.

491 5417 608 5492 (53)
641 5419 768 5492 Mss.
803 5418 946 5476 Corb
975 5463 991 5488 ,
1024 5421 1096 5476 Et
1122 5421 1444 5492 reciprocam
1479 5421 1826 5478 mercedem...
1861 5423 2010 5478 Hanc

419 5489 548 5547 dicit
573 5491 896 5562 reciprocam
914 5489 1355 5560 mercedem,etc.;
1383 5492 1477 5547 alii
1500 5493 1756 5562 nonnulli
1777 5501 1832 5549 et
1847 5493 2006 5560 edit.,

417 5563 493 5619 Et
517 5561 799 5619 mercedem
831 5579 844 5618 :
891 5563 986 5622 sed
1026 5564 1122 5620 alii
1165 5563 1415 5620 omnium
1446 5561 1672 5636 optime,
1703 5571 1764 5618 ut
1791 5564 1850 5619 in
1881 5580 2008 5620 con-

418 5640 611 5779 ωἲὲὶ)
644 5705 792 5779 Idem
824 5705 1018 5775 codex,
1067 5708 1160 5762 hoc
1193 5711 1424 5779 peccato,
1453 5705 1593 5776 quod
1623 5705 1834 5779 diabolo
1862 5705 2010 5760 deci-

414 5777 610 5855 pients,
637 5778 897 5838 hominem
921 5777 1205 5852 mortiﬁcet
1219 5777 1506 5835 obnoxium
1525 5779 1554 5834 ἵ
1581 5777 1656 5839 Et
1701 5777 1854 5846 sicut,
1901 5783 2006 5836 etc.

2117 4696 2286 4764 tatis;
2348 4701 2459 4750 vet.
2516 4686 2692 4749 autsm
2727 4686 2912 4764 Teditg
2943 4704 3029 4764 ac‘
3063 4705 3193 4764 mss.
3251 4686 3426 4764 nostri
3474 4691 3714 4764 contra-

2119 4754 2573 4851 ctius'exhibent,
2605 4762 2840 4830 Malitia,
2879 4759 3252 4831 fornicatione.
3313 4759 3436 4814 Haec
3461 4754 3715 4827 fornica-

2121 4847 2465 4982 mfs‘nget.
2499 4905 2631 4962 edit.
2663 4903 3130 4982 ac_plures_mss.,
3185 4917 3290 4956 non
3336 4898 3510 4982 Possit
3546 4898 3710 4982 credi.

2067 4985 2082 5050 ί
2123 4971 2392 5038 Είοωέενα
2421 4995 2536 5048 qua:
2565 4971 2846 5050 manifesta
2873 4975 3154 5050 videntur;
3189 4971 3708 5050 avaritiamequitia,

2119 5056 2297 5125 plenos
2319 5042 2540 5106 invidia.
2577 5042 2894 5125 homicidiis,
2923 5043 3266 5125 contentione,
3293 5044 3435 5125 dolo,
3468 5042 3712 5125 maligni-

2121 5115 2242 5190 tate,
2289 5127 2682 5186 susurratores,
2732 5121 3068 5182 detractores,
3104 5117 3209 5171 Deo
3239 5115 3479 5190 odibiles,
3535 5118 3714 5168 contu-

2117 5187 2380 5258 meliosos,
2435 5193 2706 5267 superbos,
2762 5193 2926 5267 elatos
2955 5190 3248 5267 inventores
3276 5187 3564 5267 malorum,
3590 5201 3704 5256 pa-

2117 5257 2474 5323 rentibus’non
2497 5257 2808 5320 obedientes.
2839 5263 3048 5328 Quanta
3077 5264 3252 5314 autem
3279 5257 3580 5312 insolentia.

2191 5347 2353 5404 Corb.
2393 5345 2516 5403 cod.
2550 5351 2671 5417 post
2697 5343 2756 5395 τὸ
2785 5358 2890 5417 non
2919 5339 3205 5417 obedientes
3232 5335 3538 5417 subjungit,
3571 5334 3715 5417 insi-

2112 5419 2332 5492 pientes,
2366 5405 2772 5492 incompositos._
2792 5413 2903 5467 sine
2931 5413 3152 5492 aﬂiectu,
3197 5410 3308 5463 sine
3324 5405 3712 5492 misericordia,

2117 5479 2210 5562 qui
2242 5479 2360 5546 cum
2379 5479 2648 5562 justitiam
2678 5483 2773 5540 Dei
2801 5479 3174 5562 cognouisse-nt,
3204 5479 3715 5562 non_intellexer_unt

2116 5549 2498 5634 qztoniodojqui
2529 5557 2662 5614 talia
2681 5549 3016 5634 aguntdigni
3043 5559 3168 5608 sunt
3187 5557 3517 5634 morte;an
3541 5549 3714 5634 solum

2117 5620 2209 5705 qui
2235 5635 2334 5688 illa
2355 5620 2695 5705 faciunt,_sed
2720 5620 2877 5683 Etiam
2903 5620 2996 5698 q'ui
3031 5620 3709 5705 consentiunt

2122 5691 2294 5776 Caput
2321 5691 2802 5776 iniquitaiis,_etc.,
2831 5691 3107 5776 utsupra.
3134 5697 3244 5752 Nos
3263 5693 3454 5776 varias
3481 5691 3612 5772 Gill.
3639 5691 3711 5746 le-

2117 5768 2326 5836 ctiones
2346 5768 2638 5834 iii—textum
2656 5771 2936 5835 Rom.edit
2955 5768 3072 5843 jam
3097 5773 3341 5842 receptas
3353 5768 3706 5823 retinuimus.
