3980 6396
205 412 269 469 es
1297 362 1659 464 comitum.
1701 407 1773 463 1N
1810 405 2027 461 EPIST.
2068 407 2164 461 AD
2206 406 2373 463 non.
3422 407 3496 464 66

198 543 248 592 et
300 532 427 606 quia
465 547 567 587 nec
608 531 929 588 hominibus
974 533 1210 604 placent,
1273 557 1291 580 ι
1321 531 1769 600 contumeliosos,
1798 534 1849 594 Α
1874 530 1993 587 [ιωο
2015 529 2301 586 emendata
2329 530 2553 597 fuerint,
2585 529 2743 587 facile
2771 533 3119 604 corrigantur
3145 541 3201 589 et
3272 548 3489 590 morum

200 621 393 693 inquit,
469 620 758 692 superbos,
835 621 1026 689 elatos,
1104 620 1441 690 inventores,
1499 646 1518 669 ι
1589 620 1647 677 id
1712 628 1794 677 est

199 717 459 776 auctores,
526 711 815 765 malorum.
891 709 1013 764 Non
1079 726 1208 783 ergo
1270 726 1487 783 semper
1560 711 1789 767 malum.

201 802 290 859 Isti
319 809 503 857 autem
548 802 855 858 imitatores
886 802 1017 859 facti
1047 803 1218 876 patris
1246 805 1331 860 sui
1361 803 1590 872 diaboli,
1621 804 1791 860 idolo-

200 890 371 948 latriae
411 892 616 947 malum
674 891 1023 960 invenerunt,
1084 909 1179 966 per
1230 892 1377 965 quod
1431 892 1618 949 omnia
1657 892 1796 949 vitia

198 985 254 1041 in
304 984 513 1039 mundo
570 992 700 1040 sunt
756 992 905 1053 nata,
961 993 1017 1041 et
1063 986 1301 1058 perditio
1351 987 1612 1042 maxima.
1657 987 1792 1042 Nam

195 1071 463 1139 diabolus,
496 1088 658 1146 quem
707 1073 777 1129 ab
807 1073 972 1131 initio
999 1075 1291 1147 Scriptura
1318 1091 1540 1146 peccare
1568 1084 1798 1131 testatur

198 1163 254 1236 (Ι
276 1162 432 1217 Joan.
475 1178 559 1230 III,
588 1162 673 1234 8),
703 1179 1017 1236 quanquam
1045 1164 1354 1236 tyrannicas
1377 1160 1794 1237 praesumptioni

193 1250 424 1316 studeat,
455 1266 566 1306 non
596 1259 783 1308 tamen
817 1253 875 1309 id
902 1269 1069 1311 ausus
1101 1262 1186 1311 est
1210 1254 1478 1327 proﬁteri,
1510 1263 1572 1312 ut
1598 1254 1746 1311 dicat
1775 1274 1788 1313 :

206 1360 227 1390 ι
258 1341 374 1413 Ego
429 1356 551 1397 sum
600 1343 767 1399 Deus.
807 1367 827 1391 ι
880 1343 1139 1418 Denique
1191 1346 1337 1402 inter
1393 1352 1588 1404 cetera
1650 1344 1795 1401 dixit

192 1429 258 1486 ad
309 1429 641 1486 Dominum:
708 1456 726 1480 ι
782 1432 910 1489 Haec
964 1432 1153 1490 omnia
1207 1434 1347 1489 mihi
1405 1434 1606 1491 tradita
1664 1439 1793 1489 sunt

194 1518 343 1589 (Luc.
392 1536 472 1586 ιν,
498 1519 580 1590 ϐ).
612 1543 630 1567 ι
673 1520 796 1577 Non
849 1521 1027 1578 dicit:
1062 1525 1111 1579 A
1164 1539 1257 1579 me
1305 1530 1471 1591 sunt;
1513 1522 1623 1591 vel,
1675 1536 1795 1576 mea

190 1616 334 1663 sunt.
368 1605 441 1662 Et
469 1607 527 1662 in
559 1607 703 1665 libro
730 1609 832 1666 Job
862 1619 1190 1683 potestatem
1231 1612 1339 1668 sibi
1370 1612 1503 1668 dari
1544 1604 1793 1684 exposcit

191 1694 310 1768 (Job
364 1713 407 1764 ι,
464 1697 580 1770 12).
637 1697 1000 1765 Quamobrem
1056 1701 1173 1774 (57)
1231 1701 1443 1775 pejores
1496 1700 1589 1757 isti
1640 1706 1792 1767 sunt,

194 1785 286 1859 qui
320 1801 434 1842 non
462 1793 677 1843 tantum
701 1787 1011 1855 elementis,
1031 1789 1127 1846 sed
1156 1799 1211 1848 et
1236 1790 1513 1864 figmentis
1540 1789 1795 1847 tribuunt

190 1873 469 1933 deitatem.

259 1964 448 2037 (Vers.
481 1965 600 2039 31.)
638 1965 996 2023 «Parentibus
1024 1981 1137 2023 non
1158 1966 1498 2025 ohedientes.
1520 1992 1539 2017 ι
1573 1965 1790 2035 Quanta

188 2060 371 2112 autem
402 2054 702 2111 insolentia
727 2055 934 2128 arrepti
966 2064 1115 2125 sunt,
1142 2064 1204 2112 ut
1232 2073 1334 2115 nec
1360 2064 1612 2131 parentes
1638 2071 1788 2125 suos,

188 2160 324 2217 quos
376 2152 631 2201 auctores
673 2143 732 2199 in
797 2143 1087 2200 nativitate
1130 2144 1354 2214 habent,
1414 2153 1787 2219 agnoscerent,

188 2233 396 2307 quique
441 2249 500 2290 se
543 2241 702 2291 natos
731 2233 1068 2306 gauderent:
1117 2235 1246 2292 illos
1295 2243 1481 2292 tamen
1530 2252 1626 2309 per
1655 2252 1791 2309 quos

186 2338 303 2379 esse
354 2329 657 2396 coeperant,
707 2322 1131 2379 contemnebant
1181 2324 1344 2397 (δεμ
1399 2325 1516 2381 Hoc
1553 2332 1634 2382 est
1677 2340 1792 2381 esse

187 2413 299 2468 sine
325 2413 617 2482 intellectu,
648 2413 761 2468 sine
803 2412 1079 2482 charitate,
1112 2412 1208 2469 sed
1235 2414 1336 2470 Dei
1362 2431 1376 2482 ;
1414 2430 1538 2471 nam
1570 2422 1689 2471 erat
1734 2414 1793 2469 in

186 2503 315 2560 illos
343 2502 590 2561 charitas
620 2502 819 2561 carnis.
855 2503 945 2572 Hi,
976 2504 1077 2561 Dei
1100 2504 1376 2577 justitiam
1406 2512 1793 2579 cognoscentes

186 2608 282 2665 per
319 2592 497 2665 legem
543 2599 754 2649 natura;
785 2591 1092 2666 (sciverunt
1135 2594 1281 2651 enim
1315 2593 1434 2651 haec
1460 2596 1574 2651 Deo
1606 2593 1793 2666 displi-

185 2703 329 2757 cere,
388 2687 489 2744 sed
532 2687 591 2743 in
639 2686 825 2743 animo
866 2703 1068 2759 ponere
1110 2689 1430 2759 noluerunt,
1475 2714 1494 2737 ι
1523 2688 1795 2755 Quoniam

189 2776 288 2850 qui
341 2775 468 2833 haec
513 2783 704 2848 agunt,
743 2775 897 2848 digni
947 2782 1077 2832 sunt
1123 2778 1348 2848 morte),
1380 2802 1398 2825 ι
1445 2792 1619 2851 usque
1662 2776 1797 2833 adeo

181 2864 469 2937 justitiam
527 2864 628 2921 Dei
673 2872 1071 2936 cognoverunt,
1133 2872 1196 2921 ut
1255 2882 1366 2921 non
1435 2872 1634 2937 negent
1681 2863 1799 2920 haec

186 2953 401 3022 omnia,
435 2967 558 3025 quas
595 2950 822 3021 faciant,
864 2969 1025 3025 poena
1054 2952 1220 3026 digna
1249 2963 1304 3010 et
1334 2962 1509 3010 morte
1547 2954 1686 3026 (59).
1727 2954 1802 3008 Et

186 3060 288 3098 non
330 3042 516 3098 solum
561 3042 655 3113 qui
680 3042 889 3112 faciunt
913 3060 994 3112 ea,
1039 3044 1128 3099 sed
1174 3044 1330 3099 etiam
1354 3044 1447 3115 qui
1476 3044 1801 3114 censentium

186 3132 536 3204 facientibus.
565 3132 835 3189 Assensus
865 3134 1011 3188 enim
1045 3134 1393 3206 participatio
1422 3143 1520 3192 est.

264 3222 459 3295 (Vers.
493 3220 611 3293 32.)
648 3246 667 3269 ι
690 3221 796 3291 Qui
826 3238 949 3278 cum
967 3221 1243 3294 justitiam
1263 3223 1362 3280 Dei
1392 3226 1796 3297 cognovissent,
1831 3247 1875 3308 ρ

191 3325 303 3366 non
354 3310 783 3378 intellexerunt,
816 3310 1077 3383 quoniam
1114 3312 1209 3385 qui
1258 3311 1376 3368 haec
1422 3320 1610 3385 agunt,
1647 3311 1802 3385 digni

192 3408 324 3456 sunt
376 3406 596 3455 morte:
657 3407 711 3455 et
754 3415 866 3455 non
913 3399 1092 3456 solum
1133 3400 1345 3458 faciunt
1385 3417 1467 3469 ea,
1515 3401 1609 3458 sed
1636 3402 1802 3459 etiam

191 3488 562 3544 consentiunt
634 3487 986 3545 facientibus.
1047 3512 1066 3536 ι
1157 3489 1283 3546 Haec
1372 3490 1559 3546 omnia
1661 3490 1804 3545 mala

190 3592 397 3650 corpus
450 3584 538 3634 est
591 3585 976 3648 peccatorum;
1021 3577 1112 3634 cui
1159 3578 1456 3651 mancipati
1501 3579 1630 3636 facti
1675 3588 1804 3637 sunt

193 3666 491 3738 potestatis
525 3665 792 3739 ejusdem,
826 3676 888 3724 ut
937 3666 1143 3724 faciant
1172 3667 1468 3739 punienda.
1502 3669 1627 3727 Haec
1654 3670 1802 3726 enim

193 3756 476 3812 malorum
524 3770 691 3812 causa
735 3772 767 3812 a
811 3754 1112 3813 Sodomitis
1156 3764 1332 3829 cmpta
1375 3765 1457 3814 est
1502 3758 1803 3815 offensione

191 3846 293 3902 Dei
328 3846 482 3903 sicut
548 3861 713 3918 supra
748 3844 959 3902 dictum
998 3852 1098 3913 est,
1144 3853 1199 3901 et
1254 3846 1312 3902 in
1369 3863 1587 3904 omnem
1636 3863 1804 3922 prope

190 3943 405 4008 partem
440 3935 643 3992 mundi
671 3950 851 3992 ramos
879 3951 1006 3991 suos
1035 3936 1305 4005 extendit,
1332 3937 1470 3993 iram
1498 3938 1599 3997 Dei
1631 3937 1803 3994 idolo-

194 4023 373 4081 latrize
413 4040 640 4081 causam
674 4023 957 4091 nuntians,
986 4039 1107 4096 quae
1134 4023 1313 4096 prima
1341 4041 1466 4098 pars
1494 4033 1575 4082 est
1602 4027 1803 4084 erroris

191 4122 245 4171 et
297 4114 636 4188 impietatis,
689 4129 853 4187 quam
904 4114 1143 4187 primum
1173 4114 1534 4185 condemnat;
1572 4124 1633 4173 ut
1675 4133 1801 4174 cum

266 4239 390 4311 (57)
422 4236 533 4296 Ms.
569 4237 757 4312 Corb.,
787 4239 1037 4310 exposcit.
1071 4240 1147 4312 Et
1171 4240 1229 4295 in
1247 4242 1504 4312 propheta
1534 4240 1803 4300 Zacharia

192 4312 564 4366 contradicere
608 4327 661 4366 se
704 4311 863 4366 ducat
909 4311 1184 4380 sacerdoti,
1234 4311 1364 4366 non"
1381 4313 1482 4368 sibi
1526 4314 1803 4372 vindicans

188 4389 524 4454 potestatem.
564 4383 732 4450 Quam
761 4383 822 4437 ob
850 4398 982 4449 rem,
1012 4390 1116 4438 etc.

263 4455 385 4525 (58)
416 4453 576 4529 Gil],
597 4455 887 4529 varietates
914 4470 1037 4509 cum
1057 4471 1173 4529 _ms.
1205 4453 1368 4529 C_orb.
1400 4462 1454 4510 et
1479 4455 1690 4529 Remig.
1734 4457 1803 4514 ad

195 4523 371 4581 finem
399 4524 609 4598 capitis
638 4526 808 4598 ferme
836 4525 1195 4581 conveniunt.
1230 4526 1415 4598 Potior
1442 4534 1625 4584 tamen
1641 4523 1725 4585 cst
1749 4539 1804 4587 et

1901 617 2056 674 vitia.
2080 616 2306 674 Sublato
2325 618 2471 675 enim
2504 618 2729 676 malitiae
2743 619 2973 688 semine,
2995 621 3256 693 nequitiae
3278 621 3491 679 fructus

1901 718 2148 767 arescent
2173 728 2187 778 ;
2216 727 2327 767 non
2357 710 2505 766 enim
2536 711 2629 767 dat
2658 710 2822 767 arbor
2846 711 3079 779 fructus,
3109 709 3268 782 cujus
3294 711 3491 769 excisae

1902 809 2030 857 sunt
2076 800 2285 856 radices
2337 800 2452 872 (60)
2506 804 2603 863 36
2648 800 2784 857 Nam
2821 800 2945 857 ideo
2989 808 3043 856 et
3089 799 3304 873 Moyses
3335 802 3490 873 (Gen.

1902 914 2022 965 χιχ,
2053 896 2143 965 24,
2173 896 2265 969 25)
2289 897 2537 953 Sodomae
2554 906 2608 953 et
2634 896 2954 953 Gomorrhas
2976 904 3124 969 gesta
3145 898 3491 963 memoravit,

1902 986 2247 1060 exitiumque
2278 1002 2387 1042 non
2430 987 2621 1055 tacuit,
2654 996 2714 1044 ut
2760 987 3019 1056 timorem
3066 996 3293 1060 poneret
3328 984 3495 1059 hujus

1904 1073 1983 1129 rei
2032 1074 2291 1131 vitandae.
2321 1075 2432 1133 Nec
2460 1093 2588 1149 ergo
2620 1076 2725 1134 hoc
2751 1076 2955 1133 artium
3006 1084 3061 1133 et
3100 1074 3495 1133 contaminatio

1903 1162 2274 1222 debonestataa
2303 1165 2432 1221 vitae
2474 1165 2543 1222 ab
2585 1181 2650 1223 eo
2687 1165 3022 1235 admittitur,
3073 1164 3170 1240 qui
3218 1165 3277 1222 in
3307 1163 3494 1222 animo

1903 1250 2107 1322 cogitat
2132 1252 2328 1308 Deum.

1973 1343 2115 1398 Sunt
2145 1342 2370 1416 quidam
2400 1343 2495 1417 qui
2526 1358 2582 1399 se
2607 1359 2729 1400 reos
2755 1360 2867 1401 non
2895 1350 3112 1416 putant,
3141 1343 3187 1401 si
3215 1359 3328 1400 non
3356 1359 3489 1417 ope-

1903 1439 2096 1487 rentur
2113 1448 2234 1505 quaa
2257 1433 2399 1488 mala
2424 1441 2571 1502 sunt,
2600 1432 2905 1490 assentiant
2931 1441 3115 1491 autem
3141 1432 3492 1491 facientibus.

1902 1520 2183 1577 Assentire
2231 1530 2413 1579 autem
2457 1531 2560 1592 est,
2605 1523 2673 1591 si,
2716 1539 2842 1579 cum
2874 1523 3046 1595 possit
3075 1521 3496 1596 reprehendere,

1902 1616 2105 1669 taceat:
2141 1621 2236 1669 aut
2279 1612 2507 1669 audiens
2542 1612 2642 1669 has
2696 1612 2932 1682 fabulas,
2976 1612 3249 1670 aduletur.
3300 1612 3495 1669 Sciens

1901 1700 2048 1756 enim
2094 1702 2345 1775 impurus
2392 1710 2448 1759 et
2490 1701 2766 1775 malignus
2804 1718 2916 1759 non
2943 1703 3185 1776 ignorari
3215 1719 3336 1777 quae
3363 1702 3496 1775 agit,

1900 1797 1955 1847 et
1984 1789 2215 1847 minime
2244 1807 2301 1848 se
2342 1790 2529 1859 vitari,
2567 1790 2662 1848 sed
2691 1792 2856 1847 etiam
2886 1791 3087 1847 honori
3115 1807 3254 1859 esse,
3287 1791 3499 1863 gloria-

1820 1890 1868 1951 Β
1903 1886 1993 1935 tur
2020 1880 2161 1937 forte
2188 1897 2244 1937 se
2273 1881 2439 1939 talem
2470 1880 2586 1955 (61)
2614 1898 2626 1937 :
2662 1896 2764 1937 nec
2789 1878 3060 1937 confundi
3091 1885 3271 1953 potest
3299 1878 3359 1934 in
3387 1877 3497 1944 his,

1897 1969 2116 2043 quando
2146 1970 2300 2027 videt
2348 1969 2525 2028 faveri
2555 1970 2682 2039 sibi,
2723 1977 2778 2027 et
2807 1967 3169 2026 obsecundari
3207 1967 3277 2024 ab
3305 1967 3375 2023 iis
3403 1967 3501 2040 qui

1897 2075 2010 2116 non
2039 2066 2168 2116 sunt
2191 2058 2367 2128 tales;
2400 2066 2456 2115 et
2484 2059 2563 2115 ita
2590 2066 2694 2128 est,
2724 2065 2787 2114 ut
2823 2057 2918 2130 qui
2947 2056 3196 2114 fomitem
3221 2055 3502 2129 prmbeant

1899 2147 2118 2205 delictis
2160 2148 2424 2205 illorum:
2478 2147 2712 2221 ideoque
2752 2145 2979 2219 dignum
3010 2152 3092 2203 est
3122 2153 3186 2203 ut
3213 2145 3333 2220 pari
3380 2143 3502 2201 cri-

1899 2237 2049 2294 mine
2094 2237 2175 2294 rei
2227 2237 2557 2294 habeantur.
2590 2236 2731 2293 Sunt
2775 2236 2980 2293 iterum
3010 2234 3125 2303 alii,
3158 2234 3255 2309 qui
3278 2248 3390 2291 non
3416 2249 3500 2291 so-

1900 2326 2016 2382 lum
2047 2325 2260 2383 faciunt
2282 2327 2446 2395 mala,
2465 2326 2560 2383 sed
2585 2325 2750 2382 etiam
2773 2323 3129 2383 consentiunt
3148 2322 3497 2393 facientibus,

1900 2424 1966 2472 ut
2008 2431 2120 2472 non
2164 2416 2343 2472 solum
2380 2414 2605 2484 faciant,
2638 2414 2734 2472 sed
2782 2421 2836 2471 et
2882 2412 3089 2470 talibus
3131 2411 3497 2470 consentiant.

1902 2505 2118 2578 Duplex
2166 2520 2296 2579 ergo
2344 2505 2543 2562 horum
2589 2512 2671 2562 est
2714 2504 3002 2579 nequitia:
3050 2520 3163 2561 non
3210 2504 3357 2561 enim
3385 2513 3501 2561 tam

1905 2593 2035 2649 mali
2063 2600 2212 2662 sunt,
2247 2595 2341 2668 qui
2373 2594 2607 2664 faciunt,
2639 2603 2692 2651 et
2722 2593 3059 2650 facientibus
3075 2592 3497 2659 contradicunt;

1904 2682 2138 2739 scientes
2166 2682 2315 2739 enim
2345 2683 2575 2751 nefaria,
2606 2698 2720 2739 non
2766 2683 2861 2738 illa
2908 2681 3199 2739 vindicant
3228 2681 3346 2754 (62)
3374 2699 3386 2737 :
3415 2678 3500 2736 illi

1906 2787 2037 2826 vero
2085 2779 2197 2827 tam
2242 2771 2569 2844 nequissimi
2615 2779 2765 2840 sunt,
2797 2770 2892 2843 qui
2921 2779 2976 2827 et
3003 2770 3237 2840 faciunt,
3290 2778 3345 2826 et
3375 2783 3503 2827 con-

1907 2860 2155 2917 sentiunt
2185 2860 2548 2928 facientibus,
2588 2868 2650 2918 ut
2677 2876 2780 2917 nec
2804 2861 2977 2917 Deum
3006 2860 3272 2928 timeant;
3305 2858 3400 2917 sed
3424 2858 3503 2913 in-

1906 2965 2147 3007 crescere
2192 2950 2476 3022 cupientes
2523 2950 2684 3017 mala,
2728 2948 2852 3005 ideo
2898 2948 3015 3005 haec
3062 2948 3292 3005 minime
3318 2944 3499 3004 vindi-

1907 3048 2052 3110 cant,
2085 3048 2147 3097 ut
2175 3039 2443 3098 suadeant
2472 3055 2583 3097 non
2615 3040 2714 3097 illa
2741 3054 2858 3097 esse
2897 3037 3142 3099 vitanda.

2535 3247 2766 3310 CAPUT
2799 3248 2868 3307 II.

1984 3398 2167 3472 (Vers.
2208 3398 2281 3471 1.)
2328 3424 2347 3447 ι
2376 3398 2716 3470 Quapropter
2745 3390 3140 3452 inexcusabilis
3165 3409 3241 3461 es,
3273 3407 3308 3448 o
3335 3391 3503 3449 homo

1910 3489 2111 3558 omnis,
2140 3488 2236 3561 qui
2279 3487 2516 3560 judicas.
2565 3487 2629 3543 In
2677 3502 2786 3560 quo
2825 3486 2971 3541 enim
2990 3482 3208 3556 judicas
3243 3483 3502 3549 alterum,

1910 3590 1963 3638 te
2018 3582 2200 3654 ipsum
2243 3578 2613 3646 condemnas;
2655 3576 2841 3633 eadem
2872 3576 3020 3632 enim
3049 3575 3184 3648 agis,
3214 3590 3334 3647 quae
3352 3571 3501 3645 judi-

1910 3688 2019 3728 cas.
2049 3696 2068 3720 ι
2115 3669 2388 3738 Quoniam
2442 3668 2732 3725 facientem
2763 3665 3022 3738 maligna,
3054 3671 3109 3721 et
3145 3660 3502 3720 consentien-

1910 3766 2019 3814 tem
2068 3757 2416 3827 facientibus,
2451 3766 2626 3814 morte
2678 3754 2875 3828 dignos
2914 3752 3193 3820 ostendit;
3240 3765 3310 3807 ne
3360 3748 3502 3805 forte

1910 3848 2003 3904 hic
2032 3848 2126 3921 qui
2161 3848 2314 3917 facit,
2345 3854 2399 3904 et
2429 3863 2541 3905 non
2570 3845 2844 3903 consentit
2872 3841 3224 3910 facientibus,
3240 3853 3502 3897 excusare

1909 3953 1966 3994 se
2023 3953 2179 4010 posse
2225 3944 2439 4010 putare,
2488 3934 2650 3993 docet
2694 3930 3016 4007 hujusmodi
3068 3927 3502 3987 inexcusabilem

1911 4027 2046 4083 fore.
2077 4028 2218 4085 Nom
2246 4026 2394 4083 enim
2423 4024 2635 4098 justum
2666 4032 2768 4095 est,
2800 4031 2863 4081 ut
2889 4022 3024 4079 huic
3060 4021 3287 4093 impune
3313 4033 3499 4076 conce-

1910 4115 2108 4184 datur;
2141 4116 2273 4191 quia
2299 4132 2395 4189 per
2423 4114 2746 4189 hypocrisin
2781 4110 3024 4169 ostendit
3051 4127 3108 4167 se
3148 4108 3335 4177 talem,
3375 4121 3502 4164 cum

1905 4242 2112 4315 publice
2139 4244 2352 4315 gerere?
2382 4239 2516 4315 Cod.
2561 4239 2776 4294 Thuan.
2824 4244 2878 4315 et
2918 4234 3075 4315 Colb.
3121 4233 3236 4315 illis
3280 4244 3505 4289 consen-

1909 4309 2059 4370 tiunt
2088 4309 2259 4385 usque
2286 4313 2354 4369 ad
2379 4311 2547 4367 verba
2574 4326 2764 4383 ponere
2788 4309 3108 4364 noluerunt:
3137 4313 3333 4361 caetera
3371 4315 3506 4358 vero

1911 4385 2178 4441 exhibent
2206 4392 2268 4439 ut
2298 4385 2354 4439 in
2383 4390 2561 4439 textu.
2678 4451 2715 4457 __
2852 4450 2862 4457 _
2901 4450 2911 4457 _
3069 4448 3086 4457 _
3288 4445 3299 4457 ,

1986 4457 2102 4527 (59)
2134 4457 2216 4511 Ita
2243 4472 2371 4511 mss.
2402 4471 2465 4510 ac
2488 4462 2597 4527 vet.
2632 4451 2788 4527 edi_t.,
2808 4450 2916 4527 nisi
2944 4448 3092 4527 quod
3113 4448 3490 4527 praemittunt:

1912 4519 2239 4599 Insipientes,
2268 4526 2653 4599 incompositos,
2683 4524 2793 4599 sine
2815 4519 3506 4599 ρχγεοῐὶοη-είξὶηελῃὶεςνίῖ

193 4585 507 4653 correctior
556 4594 723 4668 hujus
766 4599 954 4664 series,
1008 4611 1170 4668 quam
1204 4596 1566 4654 exhibemus:
1608 4600 1671 4655 Ut
1720 4585 1810 4657 nec
1842 4608 1891 4667 D
1913 4585 2134 4666 cordia;
2206 4585 2287 4653 uae
2315 4585 2481 4653 verba
2509 4585 2785 4652 cum'cod.
2814 4585 2987 4660 F'l'or.,
3032 4585 3219 4657 COrb.,
3252 4585 3420 4645 Vind.
3451 4590 3506 4639 et

193 4676 441 4725 parentes
502 4684 630 4724 suos
674 4675 1032 4725 coanoscerent
1073 4669 1461 4725 honorandos:
1508 4670 1620 4724 ideo
1662 4673 1806 4725 insi—
1913 4671 2072 4725 Rom.
2138 4613 2271 4725 egit.
2329 4668 2646 4725 recidimus.
2716 4663 3068 4721 Retinuimus
3120 4675 3269 4725 vero,
3338 4657 3506 4725 Usque

2138 4686 2168 4726 Θ

188 4676 441 4739 parentes
502 4684 630 4724 suos
674 4675 1032 4739 cognoscerent
1073 4669 1409 4725 honorandos
1439 4687 1461 4734 ;
1508 4670 1620 4724 ideo
1662 4673 1806 4727 insi-

187 4740 392 4867 pientes
422 4742 799 4811 incompositos
829 4757 935 4795 esse
962 4740 1122 4807 dixit,
1150 4757 1239 4795 nec
1278 4740 1374 4795 Dei
1402 4758 1492 4795 nec
1518 4742 1806 4799 (hominum

266 4813 441 4867 bentes
502 4813 767 4867 affectum.
810 4811 946 4866 Hinc
989 4817 1064 4865 est
1103 4811 1240 4866 unde
1276 4818 1324 4866 et
1368 4811 1806 4867 immisericordes

266 4813 441 4867 bentes
502 4813 767 4881 a/fectum.
810 4811 946 4866 Hinc
989 4817 1064 4865 est
1103 4811 1240 4866 unde
1276 4818 1324 4866 et
1368 4811 1806 4871 immisericordes

194 4891 377 4956 essent.
441 4884 555 4950 Qui
599 4884 740 4956 enim,
770 4882 838 4956 in
866 4899 986 4937 suos
1033 4883 1259 4956 crudelis
1291 4890 1382 4950 est,
1414 4891 1611 4953 quanto
1639 4887 1807 4956 magis

190 4953 251 5008 in
306 4956 563 5010 alienos!
613 4956 679 5009 In
723 4954 803 5008 his
835 4954 1231 5026 ergo_omnibus
1269 4962 1592 5010 contumaces
1623 4953 1802 5026 effecti,

195 5027 487 5108 cognitam-
513 5026 760 5105 habentes
808 5024 908 5079 Dei
952 5024 1241 5108 justitiam,
1280 5026 1339 5079 in
1383 5027 1565 5108 animo
1613 5024 1807 5108 ponere

195 5098 511 5163 noluerunt,
595 5097 847 5166 quoniam
920 5097 1013 5165 qui
1067 5096 1172 5150 hzec
1231 5104 1415 5166 agunt,
1476 5096 1630 5168 digni
1686 5105 1809 5154 sunt

194 5176 360 5224 morte
383 5188 405 5235 ;
435 5176 488 5224 et
518 5185 615 5223 nec
642 5170 735 5223 hos
763 5168 1015 5222 immunes
1044 5184 1149 5220 esse
1176 5185 1210 5222 a
1230 5174 1395 5222 morte
1423 5169 1535 5238 qui,
1566 5186 1679 5224 cum
1701 5172 1808 5225 hac

194 5256 299 5293 non
325 5239 573 5309 faciunt,
623 5240 947 5294 consentiunt
983 5238 1315 5308 facientibus.
1368 5240 1492 5295 Istis
1537 5242 1672 5295 enim
1703 5259 1808 5296 non

195 5310 574 5392 horrentibus,
602 5327 694 5365 nec
714 5310 1091 5392 arguentibus,
1130 5310 1216 5364 illi
1244 5309 1477 5392 tnpeius
1497 5313 1805 5392 proﬁciunt.

200 5383 425 5449 Quando
478 5382 629 5438 enim
668 5381 807 5437 videt
833 5381 1091 5437 honorari
1124 5398 1176 5435 se
1202 5382 1268 5436 ab
1301 5382 1382 5436 his
1414 5381 1508 5451 qui
1552 5381 1658 5437 non
1703 5385 1811 5439 sint

199 5455 347 5523 tales,
390 5454 592 5510 crescit
642 5454 699 5508 in
725 5454 958 5519 malitia,
992 5460 1040 5508 et
1081 5453 1346 5523 gloriatur
1373 5451 1489 5521 fore
1530 5471 1582 5508 se
1611 5456 1812 5523 talem;

196 5523 393 5582 idcirco
423 5527 655 5598 dignum
683 5531 759 5598 est
794 5542 904 5598 una
948 5526 1042 5598 hos
1064 5540 1221 5598 pauiu
1257 5524 1578 5598 multandos.
1629 5525 1812 5598 Omnis

199 5602 371 5654 tamen
393 5596 728 5654 conscientia
746 5596 892 5653 novit
914 5597 1010 5652 Dei
1015 5596 1043 5665 j
1050 5596 1283 5651 nstitiam
1306 5596 1560 5651 creditam
1580 5597 1812 5663 mundo;

198 5670 403 5726 occulte»
419 5669 571 5726 enim
597 5684 715 5739 quae
734 5667 1008 5740 punienda
1036 5673 1178 5740 sunt,
1203 5673 1511 5739 operantur.
1538 5668 1810 5736 Quomodo

198 5755 318 5815 ergo
370 5736 622 5799 credunt
654 5736 761 5796 ista
814 5738 1026 5812 impune
1079 5736 1291 5811 futura,
1322 5756 1441 5811 quae
1465 5756 1574 5798 non
1612 5740 1812 5799 audent

1913 4671 2072 4727 Rom.
2120 4657 2271 4726 edit.
2329 4668 2646 4725 recidimus.
2716 4657 3068 4739 Retinuimus
3100 4675 3285 4739 _ver_o,‘
3338 4657 3507 4739 Usque

1912 4741 2304 4813 adeo...rdigna
2323 4747 2447 4813 sunt
2474 4745 2522 4793 et
2546 4743 2735 4804 morte,
2766 4733 3073 4813 quaa_ver;ba
3097 4732 3155 4785 in
3184 4727 3377 4813 iisdem
3407 4727 3503 4813 tri-

1911 4814 2018 4869 bus
2042 4812 2164 4869 cod.
2198 4799 2597 4883 desiderantur,
2631 4799 2859 4883 quaeque
2888 4804 2945 4883 in
2984 4805 3139 4883 Rom.
3180 4799 3329 4883 edit.
3351 4811 3507 4883 rese-r

1913 4885 2051 4941 catis
2097 4884 2222 4939 aliis
2263 4899 2435 4954 usque
2475 4881 2544 4936 ad
2583 4871 2714 4951 "Qui,
2754 4871 2870 4954 Eun}
2905 4872 3181 4954 justitiam
3230 4871 3329 4926 Dei
3386 4874 3508 4941 post

1914 4956 2169 5012 eumdem
2196 4952 2490 5025 Scriptum
2520 4952 3112 5025 textum_rejiciunt_ur.
3230 5022 3240 5025 _
3334 5012 3374 5025 ἢ
3431 5011 3481 5025 μ

1989 5028 2106 5108 (69)
2137 5027 2272 5108 .Voai
2302 5012 2505 5108 ιῗαάίοςε
2539 5037 2667 5108 [res
2704 5012 3290 5108 ἓ¹ίί1ἓίὶξ³ίυξι¹ξεέωέέ
3326 5012 3508 5108 ’ἐξέξε

1916 5083 2010 5169 qui
2036 5083 2275 5169 reiciunt,
2295 5092 2761 5169 et‘coutradicunt;
2792 5083 2967 5169 unus,
2981 5083 3051 5169 ea:
3074 5083 3507 5169 his,_etc.‘Sirni-

1918 5153 2047 5225 liter
2072 5169 2235 5223 etiam
2249 5153 2427 5224 infra.
2459 5153 2773 5239 postverba
2796 5160 3089 5239 assentiant
3113 5163 3287 5239 autent
3311 5153 3507 5224 facien-

1917 5240 2071 5306 tibus,
2105 5239 2423 5303 adnectunt,
2459 5230 2540 5290 De
2581 5236 2662 5290 his
2705 5235 2875 5306 (unus
2909 5232 2995 5306 Υω
3035 5230 3164 5297 his),
3195 5230 3288 5297 qui
3331 5239 3508 5305 assen-

1882 5293 2422 5379 'tiunt'facientibus.'
2453 5307 2658 5379 verum
2702 5293 2761 5360 bi
2798 5303 2948 5379 tituli
2995 5293 3157 5378 sunt,
3186 5293 3508 5379 margini-

1916 5383 2020 5439 bus
2048 5367 2106 5435 ἰὴ
2146 5380 2363 5436 textum
2390 5395 2421 5436 a
2451 5377 2693 5434 librariis
2721 5373 2998 5431 incautius
3022 5367 3255 5439 trajecti.

1992 5452 2110 5524 (61)
2142 5452 2266 5508 Vet.
2296 5451 2455 5528 e_dit.,
2502 5450 2790 5528 gloriatur-
2807 5444 2924 5528 fore
2949 5460 3001 5528 se
3219 5455 3241 5503 ;
3265 5437 3424 5495 Rom.
3455 5442 3511 5492 et

1920 5515 2241 5652 msszprope
2270 5523 2339 5580 ad
2372 5515 2568 5587 unum,
2593 5515 3038 5598 gtoriaturforte,
3073 5518 3178 5591 etc.
3219 5580 3230 5591 .
3380 5577 3391 5589 .
3477 5576 3488 5587 '

1988 5596 2051 5668 (6
2089 5596 2294 5669 )Rom.
2324 5593 2483 5662 edit.,
2509 5593 2759 5664 facientes
2792 5603 2929 5645 enim
2947 5582 3181 5653 nefaria,
3209 5580 3312 5638 illa
3337 5575 3509 5635 mndi-

2280 5638 2294 5653 ο
2325 5636 2483 5662 νυιυο,

1919 5674 2061 5725 cant.
