3980 6364
428 369 498 426 67
1445 368 1540 421 AD
1581 365 1818 422 OPEBA
1853 364 1910 420 S.
1951 363 2286 420 AMBROSII
2324 318 2711 420 APPDNDIX.
3657 363 3730 420 68

429 490 583 562 pejor
619 506 734 546 esse
761 469 1225 562 deprehendatur.
1257 488 1422 546 Fallit
1447 488 1618 555 enim,
1645 497 1708 544 ut
1736 487 1868 544 dum
1907 503 2022 560 pu-
2045 490 2098 548 Α
2129 487 2608 557 contemnendam,
2639 503 2796 561 quasi
2844 501 2956 543 non
2984 493 3268 542 curantem
3312 500 3399 540 res
3432 483 3739 550 humanas:

428 577 665 634 niendus
689 577 782 646 sit,
813 577 1022 634 honore
1052 577 1253 649 dignus
1285 585 1558 650 appareat.

499 669 684 740 (Vers.
742 668 823 740 2.)
896 692 915 716 ι
955 668 1172 724 Scimus
1217 676 1397 724 autem
1451 665 1713 740 quoniam
1750 665 2029 737 judicium

425 758 525 815 Dei
557 767 638 815 est
657 757 960 814 secundum
993 757 1280 814 veritatem
1314 757 1370 811 in
1391 771 1482 812 eos
1510 756 1604 828 qui
1634 755 1765 811 talia
1783 765 1972 826 agunt.
1997 779 2016 804 ι

427 847 543 905 Hoc
569 857 671 916 est,
719 865 831 904 non
876 847 1192 920 ignoramus
1234 849 1406 904 Deum
1434 845 1811 918 judicaturum
1844 846 1912 901 de
1943 845 2032 900 his

425 937 486 993 in
527 937 782 1006 veritate,
824 937 1044 1010 quando
1089 953 1189 992 nos
1230 936 1334 1010 ipsi
1381 936 1449 992 de
1488 935 1574 991 his
1602 933 1938 1006 judicamus.
1972 933 2030 990 Si

426 1025 573 1082 enim
611 1025 773 1082 nobis
806 1025 1084 1098 displicet,
1116 1032 1322 1098 quanto
1363 1023 1536 1097 magis
1563 1025 1696 1092 Deo,
1728 1022 1824 1096 qui
1858 1023 2032 1094 magis

421 1114 604 1188 justus
649 1125 731 1173 est
769 1123 824 1172 et
869 1133 1008 1189 opus
1055 1132 1216 1172 suum
1259 1116 1506 1172 zelatur!
1546 1115 1608 1170 In
1639 1114 1870 1171 veritate
1903 1129 2030 1185 ergo

427 1220 553 1260 cum
587 1205 724 1261 dicit
749 1203 1129 1276 judicaturum
1169 1205 1343 1260 Deum
1383 1204 1452 1260 de
1489 1203 1599 1272 his,
1641 1211 1906 1259 terrorem
1933 1203 2032 1258 in-

425 1294 604 1360 cutit;
654 1302 716 1350 ut
754 1309 914 1366 quem
958 1293 1016 1348 hi
1055 1292 1250 1365 perﬁdi
1297 1293 1638 1350 incuriosum
1676 1293 1894 1362 dicunt,
1927 1295 2032 1352 iste

430 1384 607 1440 malos
652 1383 957 1440 secundum
993 1384 1284 1440 veritatem
1327 1384 1474 1440 dicat
1495 1383 1898 1455 judicaturum,
1927 1383 2034 1442 hoc

429 1481 532 1541 est,
567 1473 854 1530 verissime
899 1473 1127 1529 reddere
1160 1473 1460 1530 secundum
1491 1489 1804 1530 mensuram
1842 1474 2031 1531 unius-

429 1562 718 1638 cujusque,
742 1573 795 1621 et
825 1580 937 1620 non
963 1580 1203 1636 parcere.

457 1717 466 1734 Γ
504 1653 686 1726 (Vers.
721 1654 802 1726 3.)
868 1677 886 1700 ι
916 1653 1220 1708 Existimas
1250 1662 1429 1709 autem
1471 1653 1597 1722 hoc,
1637 1671 1670 1709 o
1716 1654 1901 1722 homo,
1934 1652 2030 1726 qui

422 1735 644 1818 judicas
672 1745 739 1801 de
778 1745 848 1800 iis
889 1744 986 1816 qui
1017 1744 1148 1799 talia
1175 1753 1365 1814 agunt,
1410 1751 1464 1800 et
1508 1744 1643 1800 facis
1673 1761 1771 1810 ea;
1814 1744 1945 1818 quia
1970 1751 2032 1800 tu

428 1835 657 1907 effugies
688 1834 966 1906 judicium
1006 1833 1158 1889 Dei?
1201 1856 1219 1880 ι

425 1925 529 1982 tibi
551 1941 781 1981 examen
811 1924 1000 1980 datum
1037 1930 1118 1979 est
1140 1924 1424 1995 potestatis
1449 1922 1743 1995 judicandi
1775 1924 1842 1980 de
1871 1924 2034 1979 malis

427 2023 483 2072 et
516 2016 739 2088 stupris,
790 2031 916 2084 cum
959 2013 1148 2070 eadem
1181 2030 1326 2086 agas,
1369 1999 1424 2070 et
1470 2031 1582 2071 non
1629 2021 1711 2071 est
1753 2013 1850 2088 qui
1880 2023 1934 2071 te
1964 2013 2033 2070 ad

427 2120 668 2178 praesens
697 2102 935 2176 judicet,
973 2102 1198 2174 effugies
1239 2101 1516 2174 judicium
1561 2103 1711 2159 Dei?
1742 2105 1862 2160 Non
1909 2102 2033 2158 uti-

426 2209 569 2267 que;
611 2193 740 2266 quia
785 2193 832 2249 si
857 2192 1134 2266 judicium
1174 2193 1272 2248 Dei
1306 2193 1363 2248 in
1389 2192 1596 2249 mundo
1627 2193 1873 2261 evasisti,
1904 2192 2035 2265 quia

431 2289 614 2345 omnis
657 2289 774 2345 haec
819 2297 1058 2360 potestas
1097 2296 1151 2344 et
1193 2286 1467 2359 judicium
1499 2285 1566 2342 ab
1613 2302 1676 2342 eo
1715 2293 1817 2353 est,
1862 2285 1917 2340 in
1950 2285 2032 2340 fu-

429 2387 616 2436 turum
658 2394 770 2434 non
817 2378 1015 2434 evades
1065 2376 1207 2448 (63).
1259 2377 1360 2430 Per
1405 2393 1461 2432 se
1507 2375 1653 2430 enim
1681 2374 2035 2446 judicaturus

427 2478 512 2526 est
554 2470 720 2536 Deus,
750 2466 894 2538 apud
925 2481 1088 2538 quem
1118 2473 1293 2521 cessat
1317 2464 1564 2520 adulatio
1584 2471 1638 2520 et
1676 2480 2032 2536 personarum

428 2557 694 2630 acceptio.
718 2561 831 2612 Aut
850 2564 994 2612 certe
1017 2555 1061 2610 si
1079 2554 1293 2626 justum
1315 2555 1483 2611 alicui
1505 2555 1746 2623 videtur,
1765 2563 1826 2610 ut
1849 2553 1940 2625 huj
1951 2571 2034 2609 us-

429 2646 580 2704 modi
609 2646 876 2702 immunis
901 2662 932 2701 a
964 2661 1123 2718 paena
1143 2646 1236 2710 sit,
1261 2645 1430 2701 dicat.
1463 2645 1622 2712 Quod
1646 2644 1692 2700 si
1717 2643 1930 2715 justum
1953 2652 2035 2699 est

429 2743 492 2792 ut
521 2752 632 2792 non
663 2736 876 2804 evadat,
901 2735 1086 2792 credat
1107 2736 1281 2790 Deum
1298 2733 1678 2806 judicaturum
1706 2743 1799 2801 ;ut
1815 2741 1868 2788 et
1887 2733 2035 2806 quod

426 2823 635 2898 justum
666 2841 780 2882 esse
795 2824 1009 2896 judicat
1033 2841 1227 2880 verum
1250 2823 1343 2891 sit,
1372 2833 1427 2879 et
1446 2823 1760 2896 impleatur,
1784 2832 1838 2878 et
1858 2825 2034 2878 Deum

433 2914 778 2970 conditorem
841 2913 1034 2969 mundi
1080 2913 1436 2984 providenter
1482 2921 1538 2968 et
1589 2913 1804 2969 curiose
1855 2911 2036 2984 operis

437 3001 525 3057 sui
582 3002 782 3058 merita
831 3001 1110 3073 requirere
1167 3001 1424 3057 fateatur.
1476 3001 1533 3056 Si
1590 3001 1736 3056 enim
1792 3001 1924 3056 fecit
1983 3008 2038 3057 et

433 3090 688 3161 negligit,
738 3091 918 3146 malus
965 3089 1152 3161 opifex
1205 3089 1413 3144 dicitur
1445 3107 1458 3157 ;
1499 3091 1630 3162 quia
1670 3105 1766 3162 per
1805 3089 1863 3145 id
1889 3090 2035 3162 quod

429 3180 681 3253 negligit,
729 3195 841 3235 non
882 3178 1028 3234 bona
1074 3194 1130 3234 se
1160 3178 1372 3246 fecisse,
1405 3195 1525 3252 qua;
1570 3178 1720 3247 fecit,
1755 3179 2031 3246 ostendit;

431 3269 524 3327 sed
553 3270 684 3343 quia
725 3269 870 3325 bona
913 3267 1107 3324 fecisse
1137 3267 1323 3338 negari
1355 3283 1466 3322 non
1506 3275 1684 3340 potest
1717 3267 2033 3340 (indignum

430 3369 511 3418 est
543 3362 688 3416 enim
717 3367 772 3416 et
797 3358 1161 3432 improbabile
1180 3357 1390 3414 bonum
1412 3359 1557 3414 mala
1583 3358 1822 3430 fecisse),
1845 3375 2032 3415 curam

429 3466 619 3507 eorum
665 3466 885 3508 necesse
913 3457 996 3506 est
1037 3458 1099 3506 ut
1145 3448 1366 3506 dicatur
1409 3464 1604 3520 agere;
1647 3449 1778 3522 quia
1827 3455 2035 3503 contu-

429 3541 594 3598 melia
637 3538 756 3611 ejus
800 3541 907 3596 erit
951 3548 1005 3595 et
1052 3538 1352 3607 accusatio,
1403 3537 1452 3594 si
1486 3539 1755 3594 bonorum
1803 3555 1836 3594 a
1871 3553 1928 3594 se
1958 3537 2034 3592 fa-

428 3646 644 3694 ctorum
677 3637 960 3707 negligens
993 3633 1324 3702 inducatur;
1366 3633 1566 3706 quippe
1595 3649 1720 3690 cum
1746 3632 1866 3705 ejus
1894 3641 2036 3689 nutu

431 3740 495 3782 ac
523 3724 873 3797 providentia
900 3723 1017 3779 vita
1045 3723 1164 3794 ipsa
1197 3731 1533 3779 sustentetur
1563 3723 1871 3779 ministerio
1915 3722 2036 3777 ele—

431 3821 766 3884 mentorum,
809 3814 953 3870 sicut
997 3813 1111 3885 ipse
1149 3812 1420 3869 Dominus
1449 3812 1624 3870 dicit:
1680 3836 1698 3860 -
1726 3812 1831 3880 Qui
1861 3813 2034 3868 solem

432 3919 592 3961 suum
619 3903 755 3959 oriri
801 3904 934 3960 facit
961 3918 1125 3975 super
1151 3901 1325 3960 bonos
1364 3912 1419 3960 et
1451 3903 1646 3970 malos,
1687 3910 1741 3958 et
1766 3907 1862 3964 37
1892 3901 2036 3974 pluit

432 4015 596 4072 super
622 3999 802 4072 justos
830 4009 885 4058 et
930 3999 1166 4072 injustos
1205 4000 1421 4072 (Matth.
1451 4017 1506 4068 v,
1541 3999 1658 4072 45).
1697 4025 1716 4049 ι
1770 4001 1877 4068 Qui
1907 4015 2035 4069 ergo

432 4098 656 4162 prestat
709 4105 919 4160 curam,
972 4105 1084 4147 non
1132 4089 1244 4163 agit
1304 4104 1630 4147 conservare
1680 4089 1828 4162 quod
1877 4089 2033 4157 fecit,

432 4188 495 4237 ut
555 4191 802 4240 amantes
874 4198 931 4239 86
1002 4191 1338 4252 remaneret,
1409 4192 1834 4256 spernentesque
1905 4198 2033 4239 con-

431 4269 657 4330 demnet
674 4274 702 4330 ‘P

505 4362 688 4436 (Vers.
708 4363 792 4437 4.)
836 4387 854 4412 ι
875 4365 962 4420 An
989 4363 1216 4420 divitias
1235 4363 1500 4420 bonitatis
1521 4361 1659 4435 ejus,
1679 4370 1734 4419 et
1754 4363 2032 4436 patientia:

430 4465 485 4512 et
551 4456 986 4528 longanimitatis
1051 4456 1380 4525 contemnis,
1447 4456 1706 4528 ignorans
1769 4456 2030 4530 quoniam

427 4543 649 4604 bonitas
691 4547 791 4603 Dei
839 4546 908 4603 ad
961 4546 1341 4620 penitentiam
1395 4553 1448 4602 te
1494 4546 1801 4619 provocat?
1830 4571 1848 4595 ι
1901 4546 2029 4602 Hinc

428 4635 586 4705 dicit,
615 4645 678 4694 ut
707 4653 820 4692 non
842 4635 957 4708 jam
988 4652 1045 4692 se
1080 4645 1235 4708 putet
1259 4635 1517 4702 evasisse,
1543 4637 1589 4692 si
1621 4635 1781 4692 illum
1809 4635 2029 4691 bonitas

427 4727 528 4782 Dei
549 4728 759 4800 patitur
770 4727 871 4784 diu
891 4735 1208 4800 peccantem
1237 4745 1249 4784 :
1281 4741 1382 4783 nec
1394 4725 1713 4799 patientiam
1735 4724 1856 4798 ejus
1875 4734 2030 4800 putet

505 4939 622 5014 (63)
662 4940 762 4997 Ms.
811 4942 997 5012 Corb.,
1048 4944 1167 5001 Non
1203 4944 1315 4999 vult
1343 4942 1502 5013 hujus
1546 4941 1628 4999 rei
1662 4941 2030 5014 impunitatem

429 5011 497 5095 ab
521 5011 607 5095 liis
631 5011 1024 5095 sperare,_quia
1045 5015 1122 5095 inj
1128 5023 1301 5095 ustum
1331 5011 1628 5095 est‘quilgus
1643 5011 1861 5095 examen
1881 5021 2027 5095 pote-

431 5085 582 5139 statis
613 5083 800 5160 datum
819 5090 893 5138 est
910 5083 982 5160 de
1007 5087 1168 5160 matis
1188 5090 1267 5142 vel
1296 5083 1496 5160 stupris
1534 5087 1847 5160 hujusmodi
1861 5083 2028 5156 judi-

430 5171 571 5230 care,
609 5171 726 5208 cum
755 5155 871 5230 sint
904 5158 1052 5230 uites,
1076 5159 1334 5230 effugere.
1369 5155 1507 5227 Quia
1547 5155 1611 5214 si
1630 5161 1787 5228 deest,
1831 5155 2024 5230 inquit,

431 5227 503 5308 ad
519 5227 873 5308 prasens‘qui
1002 5227 1277 5308 tejudicct,
1308 5233 1528 5303 effugere
1567 5239 1738 5287 tamen
1758 5227 2027 5301 judicium

429 5297 534 5352 Dei
553 5315 660 5370 non
691 5298 894 5370 poteris
923 5299 981 5353 in
1006 5298 1211 5370 futuro.

506 5369 634 5450 (ᾧ).
655 5369 782 5426 Mss.
827 5369 1063 5450 Remig,
1109 5371 1310 5450 Corb.,_
1343 5372 1556 5450 Thuan.
1584 5374 1880 5450 _et_‘Colb.,
1916 5391 2027 5430 non

431 5441 735 5514 credidisse,
759 5443 853 5513 qui
899 5450 959 5497 ut
985 5441 1239 5498 terrorem
1278 5443 1456 5514 futuri
1494 5443 1692 5512 judicii
1734 5446 1819 5500 sui
1846 5441 2026 5501 osten-

431 5511 590 5579 deret,
623 5518 687 5586 φεῖ
695 5511 1007 5584 patientiam
1052 5532 1159 5570 non
1186 5511 1633 5580 contemnendam,
1663 5518 1744 5571 ait
1774 5535 1786 5572 :
1840 5518 2022 5586 Tacui,

430 5584 688 5667 numquid
718 5601 916 5667 semper
961 5586 1538 5667 tacebo?__lfujuequi
1565 5589 1785 5667 ergo_in
1817 5584 2026 5667 judicio

425 5656 632 5730 positus
680 5656 793 5730 sine
821 5656 1019 5730 "fructu
1057 5659 1344 5730 pwnitebit,
1394 5657 1573 5730 videns
1607 5656 1873 5730 judicium
1903 5659 2021 5727 Dei,

430 5725 572 5797 quod
609 5725 843 5798 negavit,
881 5725 1174 5798 futurum;
1211 5735 1272 5783 ut
1306 5745 1396 5783 nec
1431 5725 1687 5801 pudorem
1731 5729 1918 5786 habeat
1941 5725 2026 5784 de?

2060 4596 2110 4656 D

2137 577 2411 650 intelligat
2439 588 2624 636 autem
2655 578 2778 634 ideo
2817 593 2848 632 a
2893 593 2948 633 se
2991 573 3349 642 dissimulari,
3379 576 3510 648 quia
3541 591 3653 631 non
3683 577 3744 632 in

2139 667 2241 723 hac
2270 668 2385 724 vita
2407 667 2680 740 judicium
2714 667 2812 723 Dei
2842 665 3172 739 promissum
3197 671 3278 720 est
3300 663 3572 733 futurum,
3605 665 3744 721 utin

2139 767 2372 814 ventura
2402 759 2518 814 vita
2545 757 2810 831 pmniteat
2840 756 2999 811 illum
3023 754 3268 828 judicem
3297 755 3473 810 Deum
3497 769 3608 810 non
3629 769 3744 810 cre-

2140 846 2345 903 didisse
2377 846 2497 919 (61s)
2530 866 2540 903 :
2577 848 2635 903 in
2664 863 2822 919 pmna
2851 846 2997 901 enim
3030 846 3244 918 positus
3272 844 3391 900 sine
3421 845 3604 899 fructu
3634 861 3744 917 pm-

2141 937 2408 1004 nitentias,
2465 937 2789 1008 paenitebit;
2848 933 2978 1008 quia
3022 951 3133 991 non
3180 932 3419 990 credidit
3459 931 3741 1004 judicium

2140 1026 2260 1092 Dei,
2290 1025 2436 1099 quod
2467 1026 2620 1082 videt
2648 1042 2861 1081 verum.
2897 1025 3122 1081 Necesse
3153 1032 3236 1079 est
3279 1022 3426 1078 enim
3467 1029 3529 1078 ut
3559 1022 3745 1078 acrius

2141 1117 2483 1186 emendetur,
2568 1119 2681 1172 imo
2758 1117 2933 1190 poenis
3001 1115 3336 1189 perennibus
3398 1121 3739 1186 torqueatur,

2141 1222 2303 1280 quem
2333 1207 2614 1280 patientia
2646 1207 3037 1280 longanimitas
3065 1223 3178 1262 non
3208 1204 3543 1262 emendavit.
3579 1204 3742 1262 Seve-

2142 1297 2356 1351 rissime
2386 1297 2650 1371 loquitur,
2673 1297 2853 1354 sciens
2873 1297 3169 1368 malignam
3192 1303 3431 1354 mentem
3453 1310 3563 1351 non
3585 1308 3746 1367 posse

2142 1385 2249 1441 nisi
2279 1385 2477 1440 timore
2504 1402 2535 1441 a
2563 1385 2719 1443 vitiis
2746 1386 2907 1443 facile
2937 1384 3204 1443 revocari.

2215 1475 2399 1548 (Vers.
2432 1476 2489 1544 5,
2524 1475 2606 1547 6.)
2653 1500 2673 1523 ε
2705 1476 3019 1534 Secundum
3047 1475 3310 1532 duritiam
3353 1485 3535 1534 autem
3567 1488 3740 1547 tuam,

2139 1572 2194 1620 et
2231 1563 2583 1638 impaenitens
2619 1583 2714 1623 cor
2741 1566 3079 1623 thezaurizas
3117 1564 3220 1622 tibi
3247 1564 3386 1621 iram
3413 1567 3470 1622 in
3500 1565 3591 1623 die
3623 1567 3742 1637 ira,

2141 1661 2195 1710 et
2223 1654 2578 1713 revelationis
2614 1655 2752 1728 justi
2780 1655 2980 1729 judicii
3013 1655 3137 1723 Dei,
3167 1653 3264 1728 qui
3294 1653 3485 1712 reddet
3511 1655 3745 1712 unicui—

2139 1760 2245 1817 que
2281 1745 2587 1802 secundum
2633 1761 2798 1819 opera
2848 1762 2964 1802 sua.
3004 1770 3024 1795 ι
3080 1744 3471 1818 lmpunitatem
3519 1760 3745 1818 sperans

1283 1834 1398 1889 Hoc
1445 1841 1546 1902 est,
1592 1835 1865 1907 numquid
1903 1834 2034 1907 quia
2065 1860 2110 1920 Β
2140 1845 2508 1906 peccatorum,
2567 1853 2678 1893 non
2738 1838 2916 1893 solum
2976 1836 3138 1893 durat
3196 1835 3638 1892 inconvertibilis
3688 1843 3748 1892 et

2143 1925 2510 1984 intractabilis
2544 1944 2808 1985 manens:
2859 1926 2954 1984 sed
2997 1925 3181 1983 adhuc
3228 1923 3483 1982 acerbius
3529 1933 3740 1996 peccat,

2142 2030 2366 2072 securus
2392 2017 2540 2089 quod
2584 2034 2696 2074 non
2743 2017 2815 2073 sit
2842 2017 2986 2074 ultio
3022 2016 3228 2084 futura,
3265 2031 3360 2072 cor
3396 2012 3602 2070 habens
3626 2015 3746 2070 im-

2142 2106 2436 2178 pmnitens,
2496 2106 2753 2177 ignorans
2807 2107 2937 2180 quia
2981 2105 3119 2161 iram
3175 2106 3282 2161 sibi
3336 2113 3629 2178 congregat
3682 2103 3744 2160 in

2143 2200 2234 2256 die
2255 2200 2370 2256 irae.
2403 2199 2630 2256 Necesse
2663 2205 2745 2255 est
2774 2197 2921 2254 enim
2939 2198 3158 2255 saeviori
3191 2213 3351 2271 poma
3369 2209 3430 2254 ut
3451 2199 3744 2270 plectatur,

2143 2288 2256 2346 imo
2296 2290 2531 2346 ﬂammis
2583 2289 2918 2363 perennibus
2957 2296 3294 2363 torqueatur,
3329 2288 3423 2362 qui
3456 2287 3616 2361 longa
3643 2287 3745 2344 Dei

2145 2380 2410 2453 patientia
2449 2397 2559 2437 non
2590 2381 2766 2436 solum
2799 2396 2855 2436 se
2885 2379 3173 2436 emendare
3201 2379 3400 2445 noluit,
3431 2377 3524 2434 sed
3562 2377 3747 2435 adhuc

2143 2470 2348 2526 addens
2385 2471 2452 2526 ad
2503 2477 2878 2543 contemptum
2929 2470 3280 2541 exaggeravit
3324 2477 3564 2541 peccata.
3614 2468 3747 2526 Dies

2145 2562 2238 2616 iraa
2271 2571 2351 2617 est
2382 2561 2782 2634 peccatoribus,
2833 2577 2941 2634 quo
2972 2561 3297 2634 punientur;
3331 2559 3455 2616 ideo
3490 2560 3624 2632 ipsis
3661 2568 3746 2616 est

2143 2650 2245 2718 ira,
2275 2651 2405 2724 quia
2445 2651 2561 2722 (65)
2610 2650 2858 2707 sentiunt
2897 2667 3111 2723 poenam
3161 2651 3220 2706 in
3267 2651 3358 2706 die
3388 2649 3744 2706 revelationis

2137 2737 2276 2810 justi
2311 2739 2509 2810 judicii
2542 2738 2661 2795 Dei.
2697 2739 3049 2796 Revelabitur
3076 2739 3244 2807 enim,
3281 2739 3337 2795 id
3375 2747 3456 2795 est
3488 2754 3744 2809 agnosce-

2142 2835 2254 2896 tur,
2282 2827 2430 2901 quod
2464 2828 2627 2884 modo
2665 2827 2913 2884 futurum
2945 2837 3211 2899 negatur;
3246 2827 3476 2900 ideoque
3502 2843 3627 2882 cum
3659 2843 3746 2882 os-

2144 2917 2410 2986 tenditur,
2469 2917 2618 2990 quod
2666 2933 2777 2973 non
2823 2933 2938 2974 esse
2987 2918 3253 2985 creditur,
3303 2917 3598 2972 revelatur.
3645 2913 3747 2970 His

2143 3006 2289 3062 enim
2319 3006 2650 3075 ostenditur,
2681 3007 2774 3079 qui
2809 3016 3028 3077 negant,
3062 3006 3208 3080 quod
3255 3005 3606 3062 credentibus
3632 3019 3748 3060 ma-

2144 3099 2403 3154 nifestum
2445 3104 2565 3164 est;
2618 3103 2681 3151 ut
2721 3097 3089 3152 conﬁteantur
3132 3094 3298 3151 etiam
3331 3095 3494 3151 inviti
3528 3093 3743 3166 justum

2065 3226 2109 3288 c
2137 3187 2412 3262 judicium
2484 3187 2606 3255 Dei,
2661 3203 2789 3243 cum
2838 3185 3140 3259 unicuique
3193 3185 3385 3243 reddet
3438 3185 3740 3243 secundum

2143 3295 2308 3351 opera
2360 3294 2476 3336 sua.
2534 3277 2818 3351 Numquid
2865 3293 2977 3334 non
3044 3276 3163 3333 haec
3211 3276 3532 3334 fatebuntur
3592 3275 3743 3348 juste

2142 3368 2263 3425 fieri
2295 3369 2434 3441 (66),
2462 3385 2587 3426 cum
2616 3367 2858 3424 viderint
2888 3367 3033 3422 mala
3058 3366 3299 3423 invicem
3328 3366 3472 3425 facta
3498 3365 3746 3423 ulcisci?

2218 3459 2398 3530 (Vers.
2425 3459 2502 3530 7.)
2544 3483 2562 3506 ι
2582 3459 2655 3515 Iis
2685 3457 2780 3530 qui
2799 3456 3100 3514 secundum
3124 3457 3442 3529 patientiam
3466 3456 3594 3512 boni
3617 3471 3741 3528 ope-

2145 3549 2242 3617 ris,
2260 3549 2489 3620 gloriam
2513 3557 2567 3604 et
2593 3547 2880 3614 honorem,
2903 3557 2958 3603 et
2980 3546 3472 3618 incorruptionem,
3496 3562 3742 3620 quaren-

2142 3639 2291 3695 tihus
2311 3641 2479 3696 vitam
2495 3648 2799 3696 aeternam»
2834 3637 3104 3704 Quoniam
3115 3636 3391 3710 judicium
3413 3638 3510 3694 Dei
3527 3636 3740 3709 justum

2143 3728 2496 3802 praedicatum
2520 3735 2620 3796 est,
2653 3727 2812 3800 quale
2840 3737 3023 3784 autem
3045 3727 3207 3784 bonis
3236 3728 3485 3784 futurum
3511 3735 3611 3795 est,
3633 3726 3744 3782 de-

2143 3821 2374 3878 claravit
2404 3821 2521 3892 (67)
2550 3839 2561 3877 :
2585 3819 2687 3876 hos
2715 3820 2854 3878 dicit
2873 3821 2992 3894 qui,
3021 3820 3340 3894 patientiam
3363 3821 3460 3878 Dei
3483 3821 3737 3890 scientes,

2144 3911 2342 3984 partim
2359 3909 2426 3966 ad
2441 3910 2863 3983 correptionem,
2882 3910 3080 3982 partim
3103 3910 3168 3968 ad
3191 3910 3450 3983 majorem
3467 3911 3741 3966 ultionem

2144 4017 2255 4057 non
2279 4017 2335 4057 se
2355 4000 2749 4072 corrigentium
2781 4001 3064 4073 protelari,
3096 4001 3343 4074 priorum
3373 4015 3599 4074 operum
3621 4017 3740 4072 pm-

2143 4091 2380 4147 nitentes
2416 4090 2554 4146 bene
2590 4099 2898 4159 versantur,
2931 4091 3058 4148 freti
3097 4091 3300 4148 fiducia
3328 4089 3456 4147 ﬁdei
3487 4109 3500 4158 ;
3542 4106 3610 4146 ne
3640 4088 3742 4146 diu

2141 4181 2234 4238 hic
2257 4181 2421 4254 positi
2459 4180 2722 4236 damnum
2763 4180 3048 4238 incurrant
3087 4181 3370 4255 promissae
3390 4181 3541 4238 vitai.
3571 4178 3739 4236 Dabit

2141 4285 2268 4343 ergo
2315 4271 2393 4326 eis
2451 4294 2469 4317 ι
2501 4269 2728 4340 gloriam
2779 4278 2833 4326 et
2870 4269 3210 4328 honoremv.
3254 4272 3325 4328 Et
3372 4285 3441 4326 ne
3481 4285 3593 4325 non
3631 4267 3740 4327 hoc

2140 4362 2301 4418 valde
2352 4377 2610 4432 magnum
2656 4359 2723 4417 ad
2769 4362 3234 4434 comparationem
3276 4360 3562 4434 praesentis
3606 4360 3738 4418 vitae

2141 4451 2442 4520 videretur,
2472 4449 2601 4524 quia
2629 4456 2683 4506 et
2717 4449 2810 4506 hic
2841 4450 3063 4523 gloriosi
3085 4450 3346 4508 videntur
3373 4458 3428 4507 et
3455 4449 3733 4519 honorati,

2140 4539 2341 4612 adjecit
2382 4559 2393 4598 :
2451 4563 2470 4588 ι
2522 4540 2592 4596 Et
2650 4539 3142 4612 incorruptionem,
3188 4565 3208 4590 ι
3281 4547 3342 4596 ut
3390 4555 3460 4596 ex
3515 4556 3578 4596 eo
3627 4538 3738 4596 alia

2141 4629 2314 4703 gloria
2361 4639 2416 4688 et
2443 4631 2582 4688 alter
2613 4631 2792 4689 honor
2835 4631 3257 4703 intelligeretur,
3286 4629 3505 4704 quando
3540 4630 3737 4686 incor-

2137 4720 2321 4794 ruptio
2349 4721 2516 4778 simul
2545 4721 2922 4780 comitabitur.
2969 4721 3031 4777 In
3070 4720 3325 4794 praesenti
3370 4719 3518 4775 enim
3558 4718 3737 4776 honor

2133 4940 2400 5014 peccandi,
2433 4939 2561 5014 quia
2590 4937 3035 5008 longanimitatem
3066 4937 3315 4994 bonitatis
3335 4937 3432 4994 Dei
3453 4934 3732 4992 ridendum

2132 5014 2361 5086 putavit.
2396 5014 2641 5086 Necesse,
2661 5019 2763 5086 etc.

2212 5086 2327 5156 (65)
2369 5087 2523 5140 Rom.
2558 5083 2714 5150 edit.,
2747 5081 2860 5136 ideo
2895 5079 3056 5156 lapsis
3098 5087 3172 5136 est
3197 5080 3449 5156 iga,_qu_i,
3489 5079 3733 5156 etc._Se-

2137 5151 2326 5228 quenti
2360 5165 2539 5211 autem
2581 5169 2742 5210 versu
2766 5170 2867 5209 ms.
2892 5152 3108 5228 Bemig.
3142 5160 3199 5228 _et
3219 5151 3378 5208 Corb.
3405 5152 3522 5208 hac
3546 5151 3727 5206 effert:

2134 5223 2571 5297 Manifestabilur
2599 5231 2736 5281 enim
2765 5225 2905 5297 quod
2947 5223 3374 5297 modofuturum
3402 5229 3642 5297 negatur,
3675 5229 3733 5276 ut

2133 5294 2483 5372 conﬁteantur
2506 5299 2665 5372 etiam
2695 5297 2847 5351 inviti
2866 5294 3074 5372 justum
3092 5294 3360 5364 judicium
3391 5295 3511 5372 D_e_i,
3540 5294 3734 5372 viden-

2137 5379 2208 5428 tes
2233 5365 2390 5426 'reddi
2420 5371 2699 5440 unicuique
2741 5367 3023 5422 secundum
3063 5383 3225 5439 opera
3269 5383 3388 5423 sua.
3422 5367 3499 5423 Iis
3523 5365 3733 5438 quidem

2133 5443 2228 5515 qui
2255 5444 2534 5500 secundum
2559 5440 2888 5515 patientiam,
2922 5448 3027 5515 etc“.

2209 5516 2326 5587 (66)
2361 5508 2808 5587 Nonnulli_mss.,_
2827 5528 2933 5566 non
2959 5509 3260 5587 effabuntur
3278 5508 3423 5587 juste

2371 5588 2528 5665 Rom.
2579 5583 2752 5665 edit.,.
2778 5578 3358 5665 justum—praedicavit,
3404 5578 3544 5636 nunc
3573 5578 3734 5650 quale

2133 5653 2285 5713 bonis
2309 5653 2558 5727 futurum
2593 5661 2685 5724 est,
2718 5655 2976 5721 declarat,
3001 5653 3070 5709 iis
3092 5654 3350 5710 videlicet.
