3980 6380
212 375 275 432 69
1303 380 1663 438 COMMENT.
1705 382 1774 438 IN
1813 383 2028 439 EPIST.
2070 387 2164 442 AD
2204 387 2368 443 ROM.
3445 401 3514 458 76

211 500 291 557 vel
319 498 489 570 gloria
520 500 838 574 frequenter
864 501 1140 559 amittitur
1169 521 1184 572 ;
1233 505 1362 578 quia
1407 507 1788 580 corruptibilis
1809 513 1859 572 Α
1890 509 2036 581 apud
2063 511 2256 567 Deum.
2290 537 2307 557 ι
2359 512 2628 580 Quoniam
2658 517 2898 573 ostendit
2925 519 3176 578 Judaeum
3208 522 3330 580 sive
3349 524 3499 583 Grai.

209 599 283 647 est
309 588 400 660 qui
430 588 545 656 dat,
577 599 632 646 et
660 590 808 664 quod
827 590 940 659 dat,
969 600 1022 648 et
1051 593 1149 665 qui
1177 594 1415 667 accipit;
1450 597 1508 652 in
1529 597 1618 654 die
1637 599 1785 656 enim

203 677 394 750 jndicii
441 679 541 734 Dei
598 680 1032 752 incorruptibilis
1072 681 1186 753 jam
1233 683 1456 741 dabitur
1508 685 1686 744 honor
1734 696 1789 744 et

208 765 393 839 gloria,
425 773 487 822 ut
517 767 630 823 sint
656 775 770 823 tota
794 776 996 825 (eterna
1027 769 1143 843 (68)
1178 790 1190 828 :
1232 772 1350 844 ipsa
1399 775 1546 831 enim
1587 777 1788 848 gloriﬁ-

207 856 418 913 cabitnr
456 857 778 926 substantia,
837 858 1068 932 quadam
1119 862 1504 923 immutatione
1552 868 1788 924 merito-

206 961 342 1002 rum.
400 946 467 1002 Hi
512 963 638 1019 ergo
689 957 943 1020 quaerunt
997 950 1167 1008 vitam
1212 962 1491 1024 aeternam,
1539 957 1634 1030 qui
1676 973 1790 1014 non

207 1035 377 1093 solum
407 1033 564 1092 bonae
596 1037 951 1108 professionis
979 1049 1129 1109 sunt,
1159 1042 1254 1097 sed
1283 1051 1335 1098 et
1365 1045 1514 1101 vitae.

274 1134 454 1205 (Vers.
483 1135 564 1206 8.)
621 1161 638 1184 ι
670 1137 743 1193 Iis
773 1155 904 1195 vero
948 1139 1042 1212 qui
1091 1156 1159 1196 ex
1188 1143 1560 1213 contentione,
1603 1151 1656 1201 et
1694 1145 1789 1217 qui

207 1220 459 1280 difﬁdunt
486 1227 728 1298 veritati,
763 1231 1029 1288 obediunt
1068 1242 1248 1290 autem
1280 1234 1580 1310 iniquitati,
1629 1236 1710 1293 ira
1737 1247 1792 1295 et

205 1313 526 1386 indignatio,
557 1319 844 1378 tribulatio
871 1331 926 1379 et
952 1327 1225 1398 angustia,
1263 1352 1280 1375 ι
1333 1328 1438 1385 hoc
1467 1336 1549 1386 est
1598 1329 1792 1386 iterata

204 1405 466 1474 angustia.
517 1408 839 1469 Diiﬁdentes
887 1412 953 1469 de
1005 1414 1192 1471 futuro
1257 1417 1355 1474 Dei
1421 1417 1636 1490 judicio
1695 1435 1792 1491 per

203 1495 502 1567 Christum,
534 1516 636 1558 nac
671 1519 765 1575 per
793 1503 898 1563 hoc
917 1515 972 1564 et
1002 1508 1325 1580 patientiam
1356 1517 1786 1578 contemnentes,

201 1587 540 1645 contendunt
559 1608 823 1651 evacuate
843 1596 1005 1664 illud,
1029 1615 1156 1655 cum
1178 1599 1252 1656 sit
1281 1617 1470 1658 verum
1493 1608 1548 1657 et
1571 1601 1786 1658 stabile.

213 1701 230 1725 ε
259 1677 504 1736 Crednnt
541 1689 723 1739 autem
764 1684 1076 1758 iniquitati;
1110 1713 1128 1737 ιι
1192 1689 1456 1763 iniquitas
1505 1699 1587 1748 est
1640 1690 1788 1747 enim

202 1782 390 1838 negare
448 1769 596 1840 quod
652 1771 797 1827 Deus
853 1773 1101 1832 futurum
1159 1779 1436 1851 praedixit.
1490 1780 1617 1837 Tria
1661 1797 1789 1854 ergo

1895 621 2020 660 cum
2039 620 2150 661 non
2179 605 2385 678 despici
2407 624 2438 662 a
2456 609 2590 678 Deo,
2617 609 2663 666 si
2685 617 2870 668 tamen
2893 613 3080 672 credat
3104 616 3163 673 in
3189 618 3494 690 Christum,

1897 696 1991 752 sed
2019 706 2241 770 accepto
2271 698 2401 754 ferri
2433 700 2701 758 ambobus
2725 702 3002 775 justitiam
3052 706 3182 763 ﬁdei
3209 726 3224 777 ;
3257 709 3337 767 sic
3383 712 3499 768 ite-

1897 802 2021 842 rum
2071 803 2180 843 non
2241 788 2524 846 credentes
2573 792 2777 862 pariter
2818 811 2939 850 reos
2987 811 3123 863 esse,
3168 797 3299 870 quia
3325 801 3499 872 magis

1900 874 2080 932 oberit
2109 877 2464 934 circumcisio
2490 879 2609 935 sine
2639 880 2766 950 ﬁde,
2807 892 2861 940 et
2891 884 3136 955 proderit
3164 888 3496 959 praeputium

1897 979 1996 1036 per
2024 964 2226 1022 ﬁdem:
2262 982 2325 1023 ac
2354 983 2448 1039 per
2500 967 2606 1025 hoc
2635 970 2792 1026 docet
2835 988 3189 1044 personarum
3238 985 3500 1051 accepto-

1902 1068 2016 1109 rem
2047 1056 2220 1112 Deum
2254 1073 2365 1113 non
2394 1072 2530 1114 esse.
2562 1058 2673 1114 Nec
2701 1059 2848 1116 enim
2893 1064 3307 1136 praerogativam
3341 1084 3498 1139 gene-

1901 1140 1978 1196 ris
2015 1143 2288 1217 sequitur,
2319 1145 2753 1216 ut‘diﬂidentem
2784 1150 3049 1224 suscipiat
3070 1169 3234 1211 causa
3256 1163 3498 1227 patrum,

1902 1237 1998 1285 aut
2035 1232 2348 1290 credentem
2382 1234 2607 1306 abjiciat
2655 1253 2687 1292 a
2724 1254 2780 1294 se
2838 1248 3061 1312 propter
3109 1240 3498 1316 indignitatem

1907 1331 2237 1393 parentum;
2287 1325 2382 1382 sed
2426 1341 2874 1402 unumquemque
2920 1331 3143 1404 proprio
3178 1335 3377 1391 merito
3404 1342 3500 1392 aut

1904 1425 2219 1472 remunerat
2244 1425 2340 1474 aut
2364 1419 2713 1478 condemnat.

1973 1515 2154 1586 (Vers.
2195 1516 2308 1588 12.)
2359 1542 2377 1564 ι
2400 1517 2728 1592 Quicunque
2754 1519 2904 1577 enim
2933 1521 3052 1580 sine
3081 1524 3198 1597 lege
3222 1541 3496 1599 [peccave-

1897 1612 2049 1672 runt,
2078 1604 2196 1661 sine
2225 1606 2340 1678 lege
2359 1615 2413 1664 et
2443 1608 2719 1680 peribunt.
2752 1635 2771 1658 ι
2813 1610 3100 1678 Quomodo
3140 1623 3320 1687 potest
3378 1618 3499 1675 sine

1899 1692 2015 1763 lege
2050 1695 2285 1764 peccari,
2315 1713 2442 1753 cum
2473 1714 2664 1755 omnes
2710 1700 2878 1756 simul
2925 1701 3134 1759 subditi
3174 1704 3346 1761 simus
3390 1707 3498 1780 legi

1898 1782 2186 1839 naturali?
2216 1784 2321 1841 Sed
2350 1785 2418 1841 de
2461 1787 2668 1859 Moysis
2707 1789 2823 1859 lege
2878 1789 3035 1860 dicit,
3068 1792 3162 1848 cui
3197 1794 3371 1850 Judaei
3401 1794 3496 1851 oh-

200 1855 302 1912 alia
353 1859 540 1929 posuit
587 1859 964 1921 incredulitati
1030 1868 1323 1942 condigna,
1371 1870 1596 1928 dicens:
1663 1897 1680 1919 ι
1710 1873 1796 1928 Ira
1827 1871 1869 1931 Β
1899 1870 2056 1926 noxii
2085 1880 2234 1940 sunt,
2278 1872 2408 1930 dum
2435 1855 2849 1945 nonvcrednnt;
2897 1855 3112 1936 necnon
3141 1889 3197 1938 et
3241 1883 3494 1954 gentiles,

199 1953 248 2000 et
276 1945 610 2018 indignatio,
657 1958 714 2006 et
759 1955 1030 2024 angustia.
1067 1981 1084 2003 ι
1145 1958 1231 2014 Ira
1281 1966 1365 2016 est
1415 1960 1562 2016 enim
1596 1977 1706 2017 non
1738 1961 1790 2018 ei

199 2033 286 2106 qui
323 2033 564 2105 judicat,
619 2037 715 2096 sed
767 2040 849 2095 illi
893 2043 986 2114 qui
1016 2041 1318 2115 judicatur,
1359 2046 1492 2104 dum
1538 2048 1601 2104 ﬁt
1642 2065 1788 2107 rens.

198 2131 357 2186 Irasci
387 2133 538 2188 enim
569 2134 778 2191 dicitur
804 2139 968 2207 Deus,
1003 2147 1064 2195 ut
1096 2142 1476 2201 vindicaturus
1496 2146 1786 2218 credatur;

198 2241 319 2281 nam
365 2225 467 2282 Dei
519 2235 714 2285 natura
760 2230 828 2286 ab
855 2231 943 2288 his
995 2236 1338 2306 passionibus
1387 2241 1654 2298 immunis
1687 2251 1784 2300 est.

197 2314 264 2369 Et
301 2320 363 2368 ut
389 2329 502 2370 non
539 2317 716 2373 solum
751 2319 930 2388 irasci,
969 2322 1062 2378 sed
1091 2332 1144 2380 et
1186 2326 1469 2385 vindicare
1511 2331 1785 2402 credatur,

196 2401 433 2474 adjecit:
482 2429 500 2451 ι
536 2406 605 2460 Et
648 2406 994 2480 indignatio;
1041 2439 1072 2460 ι
1117 2414 1424 2488 indignatio
1473 2427 1575 2488 est,
1624 2401 1786 2494 quam

197 2499 430 2556 addento
505 2500 601 2556 38
663 2521 826 2577 super
874 2507 1035 2577 iram,
1093 2510 1355 2582 injuriam
1399 2533 1552 2572 suam
1612 2520 1786 2576 Deum

197 2591 606 2650 vindicaturum
638 2595 929 2669 signiﬁcat.
963 2602 1234 2673 Angustias
1252 2621 1383 2662 vero
1408 2615 1558 2678 sunt,
1588 2610 1788 2683 quibus

195 2691 465 2747 sententia
490 2693 820 2752 constrictus
850 2696 1208 2757 tribulabitur
1239 2702 1296 2759 in
1329 2722 1505 2777 poena.

264 2787 450 2858 (Vers.
492 2790 572 2861 9.)
621 2814 638 2837 ι
668 2791 841 2864 Super
868 2811 1085 2852 omnem
1117 2799 1355 2856 animam
1391 2803 1634 2862 hominis
1663 2825 1786 2881 ope-

196 2877 366 2933 rantis
420 2879 651 2936 malum.
706 2904 725 2928 ›
788 2883 850 2936 In
892 2882 998 2940 hoc
1044 2902 1207 2958 opere
1257 2905 1368 2945 non
1426 2892 1604 2950 solum
1644 2877 1786 2954 facta

193 2963 489 3036 signiﬁcat,
537 2966 632 3022 sed
677 2977 730 3024 et
780 2969 1021 3041 perﬁdiae
1052 2974 1464 3045 professionem.
1506 2983 1582 3038 De
1611 2982 1784 3041 incre-

192 3053 318 3111 dulo
353 3055 506 3111 enim
538 3055 710 3127 dicit;
744 3066 797 3114 et
819 3059 941 3115 ideo
962 3079 1124 3134 super
1143 3066 1381 3123 animam
1404 3070 1569 3140 dixit,
1596 3083 1655 3129 ut
1675 3076 1781 3148 spi-

193 3145 444 3201 ritualem
478 3161 692 3217 pmnam
723 3148 1020 3220 intelligas,
1068 3169 1179 3209 non
1226 3159 1603 3229 corporalem;
1654 3145 1784 3237 quia

192 3234 371 3289 anima
403 3233 784 3292 invisibilibus
813 3239 988 3309 poenis
1016 3242 1336 3301 arctabitur.

273 3342 494 3399 «Judaei
536 3344 798 3416 primum,
855 3353 909 3402 et
950 3347 1144 3406 Graeci.
1194 3375 1212 3398 ι
1269 3353 1493 3428 Semper
1531 3357 1780 3420 Judaeum

191 3433 476 3504 anteponit
523 3435 882 3505 praerogativa
934 3436 1178 3507 Patrum,
1233 3450 1294 3498 ut
1350 3453 1444 3500 aut
1492 3459 1784 3508 coronetur

193 3521 419 3593 primus,
469 3530 566 3577 aut
611 3522 942 3592 damnetur;
993 3527 1120 3599 quia
1148 3529 1376 3588 credens
1404 3533 1783 3596 honoriﬁcen-

193 3610 296 3666 tior
353 3619 437 3669 est
491 3621 716 3685 propter
756 3614 1054 3685 Abraham,
1111 3618 1366 3678 difﬁdens
1415 3635 1596 3684 autem
1629 3630 1784 3702 pejus

193 3702 510 3760 tractandus
554 3713 672 3772 est;
715 3705 846 3780 quia
876 3705 1097 3781 donum
1157 3712 1488 3782 promissum
1535 3720 1784 3790 patribus

193 3789 471 3849 refutavit.

261 3898 446 3968 (Vers.
482 3899 599 3971 10.)
635 3923 654 3947 ‹
701 3899 887 3958 Gloria
920 3911 1103 3961 autem
1137 3915 1193 3964 et
1233 3905 1410 3966 honor
1429 3918 1483 3968 et
1501 3929 1606 3986 pax
1628 3917 1781 3976 omni

192 3989 435 4058 aperanti
467 3987 702 4058 bonum,
732 3990 922 4047 Judaeo
950 3993 1212 4065 primum,
1243 4005 1299 4054 et
1325 3998 1536 4060 Graeco.
1575 4029 1593 4052 ι
1639 4007 1780 4074 Quo-

194 4077 352 4135 modo
380 4079 686 4138 incredulis
713 4084 818 4138 tria
838 4085 1074 4154 pmnalia
1099 4089 1304 4159 posuit,
1340 4091 1419 4148 sic
1444 4103 1498 4150 et
1525 4094 1782 4158 ﬁdelibus

192 4171 293 4224 tria
326 4169 645 4242 magniﬁca,
674 4179 736 4229 ut
765 4171 1027 4230 honorem
1048 4174 1283 4234 habeant
1325 4183 1603 4252 geminum
1638 4189 1778 4263 (69),

193 4260 341 4333 quasi
360 4261 467 4318 ﬁlii
489 4263 620 4331 Dei;
645 4263 819 4336 gloria
840 4266 914 4321 sit
933 4280 1032 4337 pro
1060 4266 1474 4340 immutatione;
1500 4291 1605 4348 pax
1627 4260 1780 4350 vero,

193 4365 253 4407 eo
280 4353 428 4426 quod
456 4353 599 4410 bene
627 4355 879 4413 viventes
906 4357 1080 4430 quieti
1105 4370 1267 4417 erunt
1295 4362 1353 4418 in
1390 4364 1598 4438 futuro,
1629 4370 1782 4427 nulla

195 4442 603 4512 perturbatione
644 4446 906 4502 commoti
937 4465 951 4514 ;
1003 4450 1206 4523 quippe
1235 4453 1366 4526 quia
1401 4458 1584 4515 omnis
1615 4459 1781 4518 homo

194 4543 224 4584 a
247 4534 540 4590 contrariis
585 4549 643 4591 se
692 4533 992 4606 abstinens,
1032 4540 1177 4612 apud
1209 4540 1458 4612 judicem
1484 4545 1648 4606 habet
1676 4566 1782 4622 pa-

194 4633 304 4685 cem
339 4622 486 4695 (70).

261 4727 443 4799 (Vers.
495 4731 610 4802 11.)
657 4755 676 4782 ι
703 4731 825 4790 Non
863 4734 1010 4792 enim
1050 4752 1404 4809 personarum
1435 4745 1679 4817 acceptio
1703 4754 1784 4804 est

264 4915 378 4988 (68)
411 4918 616 4974 Omnes
639 4920 772 4977 edit.
803 4937 866 4978 ac
895 4939 1022 4980 mss.
1052 4926 1295 4998 quidam,
1342 4936 1448 4986 tota
1484 4933 1592 4988 vita
1624 4940 1785 4990 aiter-

198 5012 295 5073 na:
314 5000 530 5073 melius
550 5017 681 5073 vero
703 5001 764 5056 in
783 5004 907 5058 aliis
925 5004 984 5056 τό
1000 5006 1110 5059 vita
1131 5007 1426 5066 omittitur.
1452 5013 1571 5068 Non
1593 5025 1784 5073 autem

200 5067 269 5151 ita
307 5069 449 5151 bene
494 5072 643 5151 quod
673 5090 771 5144 pro
798 5075 1204 5147 glori/imbitur,
1237 5067 1785 5144 nonnullilco'dlvha:

200 5136 345 5212 bent.
376 5136 650 5212 glori-abit.

267 5211 557 5295 (69))133ἶ
607 5213 752 5271 haud
799 5219 978 5295 pauci,
1035 5221 1280 5295 habeant
1330 5227 1633 5295 genuinum,
1691 5238 1786 5286 aut

201 5279 712 5372 hgnoriﬁcentiam...
771 5279 1072 5372 genuinam.
1110 5279 1423 5372 Continuo
1460 5279 1586 5354 vero
1615 5279 1782 5372 ipost,

201 5351 288 5408 ubi
329 5351 441 5412 vet.
491 5357 631 5414 edit.
673 5375 737 5442 a_c
771 5351 932 5430 lnss.,
960 5365 1155 5442 gloria
1181 5367 1250 5420 sit
1272 5384 1374 5437 pro
1402 5351 1784 5442 immutatione:

197 5438 302 5551 ﬁas:
328 5445 452 5483 vero
483 5446 542 5484 eo
569 5432 745 5501 quod;
767 5432 1044 5504 nonnulli,
1073 5454 1185 5507 pax
1216 5432 1336 5494 vero
1355 5447 1404 5494 et
1419 5440 1587 5496 honor
1613 5432 1782 5512 quod;

242 5512 347 5551 om.
419 5498 560 5551 edit-
627 5514 961 5551 renonum-aL
1021 5509 1246 5551 nlnrinm
1296 5510 1350 5551 «in
1404 5511 1764 5551 hn-nndnlinna

242 5512 347 5554 om.
419 5498 594 5556 editf
627 5514 964 5584 reposuerat,
1019 5498 1246 5578 gloriam
1296 5510 1354 5565 in
1404 5498 1782 5584 iiIi-mutatione;

197 5581 369 5644 paqgm
388 5588 514 5627 vero
543 5589 600 5628 eo
629 5575 789 5644 quod,
830 5583 934 5634 etc.

265 5638 379 5713 (70)
429 5644 594 5700 Rom.
638 5638 815 5709 'edit.,
875 5649 942 5706 ab
993 5650 1302 5710 adversario
1346 5671 1399 5710 se
1450 5655 1784 5716 abstinens...

201 5719 426 5784 acceptor
465 5720 542 5770 est
570 5717 730 5774 Deus.

1899 1958 1994 2015 sed
2037 1959 2370 2032 jamdudum
2399 1981 2413 2031 ;
2469 1965 2598 2038 quia
2639 1965 2935 2039 adjungere
2968 1985 3024 2025 se
3054 1969 3137 2025 illi
3171 1971 3492 2029 noluerunt.

1901 2047 2022 2104 Non
2075 2050 2361 2108 credentes
2407 2069 2537 2126 ergo
2585 2055 2817 2126 gentiles
2868 2057 3080 2129 duplici
3130 2075 3321 2132 genere
3354 2061 3498 2119 ﬁunt

1898 2137 1977 2192 rei
2003 2154 2014 2191 :
2045 2138 2174 2211 quia
2205 2157 2381 2214 neque
2412 2142 2518 2214 legi
2545 2142 2684 2200 datas
2730 2161 2828 2217 per
2856 2146 3084 2220 Moysen
3128 2158 3493 2221 assenserunt,

1899 2242 2074 2301 neque
2132 2227 2340 2286 Christi
2399 2231 2628 2302 gratiam
2681 2244 3042 2307 receperunt;
3092 2237 3220 2294 ideo
3266 2239 3496 2312 dignum

1898 2325 1979 2373 est
2022 2327 2083 2374 ut
2130 2329 2373 2390 pereant.
2422 2322 2596 2393 Igitur
2649 2323 2793 2381 sicut
2838 2326 2932 2398 qui
2977 2326 3094 2384 sine
3142 2328 3258 2402 lege
3288 2338 3494 2403 peccat,

1897 2417 2135 2488 peribit;
2172 2417 2247 2474 ita
2278 2427 2332 2476 et
2357 2420 2450 2494 qui
2485 2422 2603 2478 sine
2633 2423 2750 2495 lege
2782 2425 2952 2496 legem
2984 2429 3306 2499 servaverit,
3335 2429 3496 2501 justi-

1897 2505 2174 2564 ﬁcabitnr.
2207 2509 2490 2567 Justitiam
2522 2512 2667 2568 enim
2711 2515 3041 2572 naturaliter
3075 2534 3319 2589 servans,
3372 2537 3493 2578 cns-

1895 2604 1980 2652 tos
2032 2598 2164 2669 legis
2212 2609 2314 2657 est.
2361 2627 2379 2649 ι
2408 2602 2463 2659 Si
2514 2604 2661 2660 enim
2696 2603 2848 2675 justo
2901 2623 3012 2663 non
3055 2618 3136 2665 est
3185 2610 3274 2667 lex
3320 2612 3496 2684 posita

1899 2685 1956 2756 (Ι
1988 2687 2119 2742 Tim.
2153 2705 2192 2754 ι,
2225 2690 2306 2760 9),
2339 2715 2356 2736 -
2403 2691 2498 2747 sed
2539 2692 2797 2764 injustis:
2833 2696 2928 2768 qui
2959 2712 3070 2752 non
3101 2707 3312 2769 peccat,
3356 2702 3495 2757 ami-

1895 2797 1990 2838 cus
2023 2783 2160 2853 legis
2191 2791 2292 2840 est.
2327 2785 2470 2841 Huic
2509 2787 2626 2842 sola
2663 2788 2799 2844 ﬁdes
2830 2789 3006 2856 deest,
3052 2807 3149 2862 per
3178 2807 3341 2864 quam
3398 2793 3493 2852 ﬁat

1895 2870 2205 2942 perfectus;
2248 2872 2377 2945 quia
2406 2872 2549 2928 nihil
2582 2874 2664 2930 illi
2698 2877 2942 2947 proderit
2970 2878 3114 2949 apud
3166 2881 3340 2936 Deum
3370 2882 3491 2940 abs-

1893 2959 2069 3016 tinere
2111 2977 2142 3015 a
2183 2963 2496 3031 contrariis,
2549 2963 2656 3020 nisi
2709 2965 2870 3022 ﬁdem
2903 2967 2962 3022 in
2989 2969 3165 3024 Deum
3196 2973 3486 3044 acceperit,

1891 3055 1953 3102 ut
1983 3049 2054 3104 sit
2092 3047 2275 3121 justus
2329 3067 2423 3123 per
2469 3059 2738 3126 utraque;
2789 3055 2919 3128 quia
2951 3056 3050 3113 illa
3095 3060 3360 3132 temporis
3400 3059 3488 3134 ju-

1851 3151 1862 3164 ‘
1891 3137 2041 3192 stitia
2069 3147 2170 3206 est,
2200 3138 2315 3195 haec
2337 3141 2678 3198 aeternitatis.

1813 3225 1864 3289 C

1975 3252 1994 3276 ι
2023 3229 2094 3284 Et
2125 3230 2439 3304 quicunque
2489 3233 2545 3288 in
2600 3235 2714 3305 lege
2743 3246 3130 3307 peccaverunt,
3178 3255 3274 3312 per
3311 3240 3486 3312 legem

1885 3316 2285 3390 judicabuntur
2315 3323 2454 3394 (71).
2487 3348 2505 3370 ι
2549 3323 2823 3391 Quoniam
2856 3327 3030 3383 Judaei
3057 3329 3228 3400 legem
3260 3331 3486 3402 habent,

1892 3407 1949 3463 in
1980 3424 2086 3480 qua
2116 3410 2262 3465 salus
2292 3409 2406 3466 illis
2436 3413 2704 3483 promissa
2733 3421 2851 3481 est;
2885 3431 2997 3471 non
3043 3416 3346 3487 credentes,
3393 3420 3484 3476 vel

1892 3513 2002 3552 non
2031 3499 2357 3570 recipientes
2385 3501 2737 3572 promissum,
2761 3518 2856 3576 per
2874 3504 3046 3577 legem
3063 3502 3481 3578 judicabuntur,

1890 3586 1992 3643 sub
2026 3604 2132 3660 qua
2173 3589 2455 3647 vixerunt.
2506 3591 2627 3663 Ipsa
2656 3593 2803 3648 enim
2838 3603 3146 3664 accusante,
3179 3613 3366 3669 poenas
3392 3614 3484 3654 ex-

1890 3679 2141 3747 solvent;
2188 3695 2313 3736 nam
2362 3697 2528 3753 prope
2581 3683 2798 3754 gravior
2841 3684 3155 3742 Iudaeorum
3194 3703 3357 3744 causa
3404 3696 3486 3746 est

1891 3769 2035 3842 apud
2060 3787 2153 3828 eos
2182 3772 2349 3845 ipsos,
2381 3789 2544 3848 quam
2578 3775 2844 3846 gentium.
2877 3775 3031 3834 Sicut
3059 3778 3207 3834 enim
3256 3779 3481 3838 creden-

1891 3867 1972 3916 tes
2024 3861 2414 3932 praeferuntur,
2477 3863 2553 3920 ita
2622 3873 2675 3921 et
2735 3881 2860 3922 cum
2935 3865 3216 3937 diﬁidunt,
3271 3868 3485 3942 pejores

1891 3948 2290 4005 inveniuntur:
2343 3950 2467 4023 plus
2516 3953 2664 4009 enim
2695 3954 2951 4028 displicet
2983 3956 3078 4029 qui
3108 3958 3255 4030 quod
3292 3958 3488 4017 habuit

1888 4039 2095 4109 amisit,
2121 4055 2284 4112 quam
2323 4040 2417 4113 qui
2457 4043 2603 4115 quod
2635 4060 2748 4101 non
2778 4047 3036 4119 speravit,
3084 4049 3344 4123 consequi
3373 4064 3486 4106 non

1890 4128 2090 4200 potuit.
2125 4129 2232 4186 Iste
2260 4129 2407 4186 enim
2441 4148 2551 4189 non
2583 4133 2814 4192 intravit
2859 4136 2917 4192 in
2948 4137 3152 4208 regiam
3201 4137 3345 4211 (72),
3391 4138 3486 4195 ille

1891 4218 2036 4274 foras
2065 4218 2262 4276 missus
2291 4229 2392 4278 est.
2721 4229 2726 4237 '

1964 4306 2154 4378 (Vers.
2198 4310 2311 4382 13.)
2359 4333 2378 4356 ‹
2405 4310 2527 4366 Non
2557 4311 2704 4368 enim
2731 4311 3011 4370 auditores
3039 4314 3173 4388 legis
3189 4314 3326 4387 justi
3357 4323 3487 4374 sunt

1889 4397 2034 4470 apud
2081 4400 2276 4468 Deum,
2317 4401 2412 4458 sed
2458 4402 2692 4459 factores
2752 4403 2888 4477 legis
2934 4403 3412 4476 justiﬁcabuntur’.
3451 4429 3471 4453 ι

1891 4486 2008 4544 Hoc
2037 4487 2193 4556 dicit,
2217 4489 2346 4562 quia
2371 4507 2480 4546 non
2512 4491 2568 4546 hi
2585 4490 2723 4563 justi
2744 4501 2874 4549 sunt
2901 4496 2995 4566 qui
3025 4494 3258 4550 audiunt
3288 4494 3484 4566 legem,

1812 4597 1862 4656 Ι)
1892 4576 1987 4633 sed
2037 4579 2130 4651 qui
2173 4581 2405 4638 credunt
2445 4581 2502 4637 in
2556 4581 2859 4653 Christum,
2918 4601 3080 4658 quem
3158 4585 3344 4641 eadem
3393 4586 3485 4641 lex

1893 4669 2182 4740 promisit:
2223 4679 2276 4726 et
2321 4671 2426 4728 hoc
2476 4679 2559 4728 est
2600 4673 2775 4730 facere
2819 4675 3011 4746 legem.
3061 4674 3254 4730 Omnis
3300 4679 3482 4729 autem

1892 4771 2006 4812 non
2050 4757 2183 4814 facit
2223 4759 2420 4832 legem,
2473 4761 2568 4834 qui
2616 4777 2729 4818 non
2773 4763 2949 4818 credit
3005 4762 3144 4834 legi;
3189 4761 3323 4818 dum
3372 4777 3485 4820 non

1968 4946 2088 5023 (7_l)_
2127 4946 2255 5005 Mss.
2304 4948 2556 5020 aliquot.,
2593 4947 3006 5023 judicabuntur.
3075 4951 3220 5006 Sicut
3268 4953 3484 5023 gentiles

1892 5034 1954 5072 ac
1983 5018 2030 5072 si
2072 5020 2226 5092 legem
2270 5018 2477 5092 natura;
2508 5020 2825 5092 custodiant,
2867 5021 3117 5092 peribunt
3161 5018 3332 5079 tamen
3379 5024 3486 5079 nisi

1892 5091 2184 5160 acceperint
2222 5091 2374 5161 ﬁdem
2408 5090 2634 5156 Christi;
2685 5090 2885 5160 majorl
2910 5094 3048 5148 enim
3085 5111 3245 5150 causa
3274 5102 3349 5150 est
3383 5112 3480 5151 so—

1897 5161 2004 5238 lum
2032 5162 2486 5238 Deumproﬁteri,
2515 5163 2656 5238 quod
2684 5164 2830 5238 Dona
2858 5181 2995 5238 unus
3027 5165 3113 5234 sit,
3135 5184 3346 5238 quanta
3374 5183 3485 5223 cas-

1897 5233 2020 5307 teria
2075 5233 2334 5307 abstinere
2369 5233 2640 5307 peccatis;
2677 5236 2781 5290 hac
2838 5237 2974 5291 enim
3029 5233 3331 5293 Dei—causa
3386 5243 3479 5307 est,

1893 5302 1993 5358 illa
2046 5309 2274 5380 nostra.“
2310 5302 2392 5380 Ita
2449 5311 2496 5359 et
2542 5305 2714 5380 Juda'i
2758 5307 2851 5361 sub
2901 5310 3002 5378 lege
3055 5316 3275 5380 agentes,
3315 5326 3350 5380 α
3382 5302 3484 5379 lege

1894 5375 2125 5450 accusati
2148 5373 2573 5450 judicabuntur:
2605 5377 2735 5447 quia
2761 5395 2868 5434 non
2910 5373 3171 5450 rccipiunt
3213 5373 3485 5436 Christum

1894 5445 1952 5499 in
1995 5446 2097 5532 lege
2133 5448 2472 5527 promissum.
2506 5445 2686 5532 .Et,_si
2722 5467 2952 5531 quwras,
2996 5445 3174 5531 major
3205 5451 3381 5532 dolor.
3409 5455 3486 5506 est

1893 5517 2154 5587 gentibus;
2206 5519 2372 5592 pejus
2445 5525 2518 5592 est
2569 5521 2705 5575 enim
2730 5517 2746 5520 ’
2754 5517 3158 5592 promissionem
3223 5521 3478 5590 amisisse,

1894 5590 2221 5672 quiniqugd
2248 5591 2562 5672 desperavit,
2593 5608 2701 5646 non
2726 5590 3014 5672 accepisse:_
3053 5661 3062 5670 _

1969 5659 2246 5732 (72)’Mss.
2279 5659 2606 5734 complures,
2661 5679 2768 5718 non
2794 5659 3018 5718 intravit
3043 5661 3101 5717 in
3130 5678 3368 5734 regnum.
