3980 6366
480 375 545 432 71
1493 373 1589 427 ΑΙ)
1630 371 1866 427 OPERA
1904 371 1960 426 S.
2003 368 2348 425 AMBROSII
2391 367 2773 424 APPENDIX.
3717 369 3782 426 72

480 499 674 571 recipit
717 498 807 556 cui
854 497 942 553 lex
990 495 1367 553 testimonium
1415 494 1685 567 perhibet.
1733 494 1838 560 Qui
1883 501 2065 550 autem
2091 497 2140 555 A
2170 491 2496 560 Dominicis,
2525 492 2882 549 defendentes
2919 508 2976 548 se
3003 490 3342 549 conscientia
3369 491 3426 548 in
3456 490 3781 568 diejudicii,

481 588 538 643 in
584 589 699 658 lege
749 603 862 641 non
913 583 1134 641 videtur
1176 601 1310 653 esse,
1359 584 1488 656 quia
1533 583 1955 640 incircumcisus
2002 591 2083 638 est

479 690 662 740 carne,
693 672 869 728 credit
888 679 1068 727 autem
1102 671 1160 725 in
1191 669 1493 738 Christum,
1528 670 1620 726 hic
1667 671 1858 726 fecisse
1909 671 2080 744 legem

479 763 702 818 dicitur.
754 763 825 817 Et
866 761 960 815 ille
1009 761 1102 832 qui
1151 759 1289 816 dicit
1345 761 1399 814 in
1446 761 1561 830 lege
1607 776 1742 827 esse,
1775 759 1832 814 id
1864 768 1944 814 est
1974 761 2082 814 Ju—

480 851 650 918 daus,
707 850 926 905 auditor
992 850 1124 922 legis
1179 849 1260 918 ﬁt,
1328 865 1438 904 non
1497 850 1706 916 factor;
1774 848 1904 920 Quia
1969 864 2080 903 non

481 940 658 997 credit
707 940 825 1012 (73)
875 940 932 994 in
982 938 1262 995 Christum
1321 939 1585 1010 scriptum
1635 939 1692 992 in
1748 939 1886 1009 lege,
1937 937 2081 992 sicut

481 1029 628 1084 dixit
674 1028 966 1100 Philippus
1013 1027 1080 1084 ad
1135 1027 1469 1084 Nathanael:
1539 1051 1558 1074 ι
1609 1026 1784 1094 Quem
1841 1026 1900 1081 in
1965 1027 2082 1097 lege

481 1119 702 1193 scripsit
747 1119 964 1191 Moyses
1028 1125 1081 1174 et
1139 1116 1436 1190 propheta,
1511 1115 1824 1172 invenimus
1897 1115 2080 1172 Jesum

485 1209 667 1279 (Joan.
702 1227 739 1277 ι,
772 1207 890 1278 45).
925 1232 944 1256 ι

560 1303 655 1360 39
692 1305 874 1376 (Vers.
929 1305 1041 1376 14.)
1088 1329 1106 1353 ι
1139 1304 1276 1362 Cum
1319 1305 1466 1362 enim
1515 1313 1702 1377 gentes
1756 1321 1876 1378 qua
1905 1305 2080 1376 legem

482 1410 593 1450 non
646 1393 871 1461 habent,
913 1395 1239 1450 naturaliter
1267 1411 1387 1467 qua
1435 1395 1567 1466 legis
1596 1403 1744 1462 sunt,
1778 1393 2007 1449 faciunt.
2048 1418 2066 1440 ι

483 1481 682 1540 Gentes
711 1483 1054 1541 Christianos
1073 1483 1209 1539 dicit
1230 1483 1339 1538 alio
1359 1483 1477 1538 loco
1507 1499 1516 1536 :
1559 1508 1576 1529 ε
1599 1482 1770 1539 Vobis
1791 1481 2082 1551 enimfdico

479 1572 752 1642 gentibus,
777 1574 904 1645 quia
927 1571 1298 1629 incircumcisi
1323 1587 1499 1643 neque
1530 1571 1868 1640 neomenias,
1902 1587 2079 1645 neque

480 1661 797 1730 Sabbatum,
833 1678 1008 1736 neque
1037 1678 1283 1718 escarum
1306 1662 1479 1733 legem
1501 1668 1724 1717 servant
1759 1662 1990 1729 (Coloss.
2015 1677 2077 1730 ιι,

482 1750 596 1822 16),
627 1759 680 1806 et
709 1751 846 1808 duce
875 1761 1070 1808 natura
1099 1751 1331 1808 credunt
1377 1751 1435 1805 in
1465 1752 1639 1806 Deum
1691 1759 1744 1805 et
1775 1750 2077 1818 Christum,

2189 581 2319 654 quia
2360 599 2470 637 non
2523 583 2788 654 cogitavit
2818 599 2874 638 se
2927 582 3122 638 debere
3153 581 3398 651 credere,
3430 590 3485 638 et
3507 583 3784 656 judicetur

2190 687 2300 725 non
2331 671 2484 743 quasi
2518 672 2843 740 malevolus,
2900 671 2994 728 sed
3038 673 3190 744 quasi
3229 673 3522 744 ignorans:
3574 691 3682 730 non
3710 684 3781 732 ta-

2193 777 2316 815 men
2348 761 2464 815 sine
2496 777 2654 832 poena
2695 761 2947 828 futuros;
2983 761 3110 834 quia
3134 761 3189 816 id
3221 778 3330 816 non
3363 761 3493 818 licet
3515 763 3780 836 ignorare.

2191 849 2390 906 Gentes
2421 849 2568 904 enim
2599 849 2808 920 duplici
2841 867 3034 922 genere
3074 851 3367 921 significat,
3402 858 3512 908 tam
3554 855 3784 910 creden-

2189 946 2270 994 tes
2298 956 2461 1012 quam
2512 939 2750 1007 infidos;
2795 943 3046 1013 superius
3093 943 3242 998 enim
3286 943 3353 998 de
3399 943 3650 1014 gentibus
3675 961 3782 1002 cre-

2191 1027 2450 1084 dentibus
2497 1029 2670 1084 dicit:
2725 1038 2847 1102 post
2893 1039 3075 1087 autem
3125 1031 3360 1103 subjecit
3406 1032 3573 1089 etiam
3617 1034 3682 1090 de
3709 1035 3785 1090 eis

2191 1118 2464 1189 gentibus,
2497 1135 2618 1192 qua
2648 1136 2760 1175 non
2789 1120 3058 1188 credunt;
3095 1130 3156 1176 ut
3196 1122 3340 1177 sicut
3371 1139 3466 1194 per
3495 1124 3786 1181 conscien-

2190 1213 2323 1268 tiam
2387 1230 2540 1269 suam
2585 1213 2880 1269 laudantur
2926 1215 3228 1283 credentes,
3275 1215 3353 1270 ita
3405 1223 3459 1271 et
3501 1231 3597 1289 per
3647 1232 3786 1273 con-

2190 1303 2479 1358 scientiam
2523 1320 2676 1360 suam
2746 1313 3076 1362 accusantur
3132 1305 3466 1363 difﬁdentes.
3527 1307 3788 1376 Quamvis

2191 1391 2337 1446 enim
2369 1391 2474 1447 sibi
2506 1392 2760 1450 videatur
2790 1393 3020 1449 minime
3051 1411 3195 1464 reus,
3240 1395 3336 1468 qui
3366 1411 3476 1451 non
3516 1397 3781 1463 credidit;

2191 1480 2320 1552 quia
2347 1481 2492 1552 apud
2522 1498 2578 1537 se
2607 1489 2838 1540 tractare
2869 1482 3016 1539 istud
3046 1500 3158 1540 non
3207 1484 3407 1556 potuit,
3439 1487 3650 1541 ratione
3696 1493 3788 1541 ta-

2192 1584 2316 1624 men
2340 1571 2734 1639 convincitur;
2769 1573 2897 1646 quia
2927 1589 3036 1629 non
3069 1573 3173 1630 sibi
3225 1575 3398 1630 suasit
3445 1591 3636 1631 verum
3686 1575 3789 1634 hoc

2190 1674 2325 1727 esse,
2383 1661 2530 1733 quod
2579 1670 2634 1718 et
2689 1662 2961 1720 virtutum
3029 1664 3362 1722 testimoniis
3405 1665 3620 1746 viderat
3646 1682 3788 1725 con-

2191 1745 2421 1816 ﬁrmari,
2450 1757 2503 1805 et
2535 1751 2740 1808 multos
2778 1751 2954 1825 sequi.

477 1837 535 1895 id
563 1847 664 1908 est,
710 1839 770 1895 in
818 1841 1032 1896 Patrem
1081 1848 1135 1896 et
1185 1840 1390 1895 Filium
1418 1859 1431 1908 ;
1465 1839 1570 1896 hoc
1593 1849 1676 1896 est
1723 1839 1872 1896 enim
1903 1841 2079 1912 legem
2113 1860 2158 1920 Β
2263 1835 2402 1893 Puto
2431 1838 2598 1894 etiam
2646 1840 2726 1898 sic
2764 1858 2920 1913 posse
2951 1841 3209 1916 intelligi,
3241 1842 3288 1900 si
3318 1850 3435 1901 tota
3462 1843 3695 1917 quastio
3723 1842 3790 1899 de

478 1947 694 1985 servare
717 1973 731 1998 ,
766 1932 940 1986 Deum
973 1931 1107 2003 legis
1135 1947 1446 2002 agnoscere.
1481 1931 1664 1985 Prima
1695 1930 1842 1985 enim
1871 1929 2081 2002 sapien-

481 2021 569 2076 tia
613 2037 735 2093 pars
778 2021 895 2076 bac
938 2029 1040 2088 est,
1090 2019 1282 2076 timere
1337 2021 1513 2076 Deum
1560 2020 1797 2087 Patrem,
1852 2037 1920 2076 ex
1973 2035 2082 2092 quo

479 2117 611 2167 sunt
641 2109 857 2165 omnia:
900 2119 955 2166 et
1001 2108 1302 2166 Dominum
1350 2109 1533 2164 Iesum
1574 2108 1782 2165 Filium
1816 2109 1954 2181 ejus,
1988 2124 2084 2180 per

481 2218 644 2275 quem
669 2210 798 2257 sunt
821 2201 1024 2257 omnia.
1076 2203 1196 2274 Ipsa
1235 2217 1362 2274 ergo
1393 2209 1590 2256 natura
1621 2200 1846 2272 proprio
1867 2198 2082 2271 judicio

481 2292 794 2350 Creatorem
825 2307 982 2348 suum
1005 2291 1271 2364 agnoscit,
1305 2307 1417 2346 non
1467 2306 1562 2363 per
1609 2291 1807 2361 legem,
1850 2289 1944 2346 sed
1987 2307 2084 2362 per

481 2383 750 2438 rationem
781 2389 988 2437 natura
1014 2399 1026 2447 ;
1056 2397 1194 2452 opus
1220 2379 1366 2435 enim
1398 2379 1650 2451 Opificem
1682 2378 1860 2435 cernit
1901 2378 1958 2434 in
2003 2395 2078 2434 se.

555 2482 738 2554 (Vers.
772 2482 885 2552 15.)
931 2504 949 2527 ι
1000 2481 1065 2535 Hi
1118 2480 1291 2550 legem
1338 2494 1449 2532 non
1494 2477 1776 2546 habentes,
1822 2477 1927 2550 ipsi
1975 2477 2080 2533 sibi

479 2579 610 2629 sunt
638 2572 748 2640 lex,
781 2570 875 2643 qui
906 2569 1203 2626 ostendunt
1241 2583 1378 2639 opus
1409 2565 1542 2638 legis
1571 2567 1835 2638 scriptum
1863 2567 1918 2621 in
1949 2583 2081 2622 cor-

479 2662 642 2719 dibus
689 2661 822 2718 suis.
851 2687 869 2710 »
930 2660 1080 2716 Idem
1127 2675 1319 2715 sensus
1355 2665 1472 2725 est;
1525 2657 1653 2730 quia
1703 2658 1837 2713 dum
1886 2666 2082 2714 natura

483 2752 621 2810 duce
650 2752 904 2821 credunt,
939 2768 1075 2824 opus
1107 2751 1238 2822 legis
1276 2748 1575 2805 ostendunt
1621 2765 1732 2804 non
1778 2765 1873 2821 per
1920 2749 2080 2804 litte-

479 2858 620 2906 ram,
671 2841 764 2897 sed
814 2857 910 2912 per
956 2838 1372 2896 conscientiam.
1406 2837 1555 2909 Opus
1600 2845 1782 2894 autem
1830 2839 1963 2911 legis
1999 2847 2081 2896 est

492 2929 647 2996 ﬁdes,
679 2945 842 2999 quam
874 2945 995 2984 cum
1029 2928 1194 2983 dictis
1223 2926 1447 2982 exhibet
1489 2928 1621 2995 Deo,
1655 2930 1890 2982 naturali
1931 2927 2078 3000 judi-

481 3016 570 3072 cio
603 3017 844 3072 ostendit
873 3018 1223 3087 semetipsum
1254 3016 1424 3085 legem
1453 3013 1557 3068 sibi
1601 3030 1743 3080 esse;
1775 3015 1906 3086 quia
1932 3017 2079 3089 quod

482 3105 708 3161 mandat
737 3105 846 3172 lex,
879 3104 1027 3160 ultro
1057 3103 1208 3169 facit,
1241 3110 1303 3157 ut
1333 3100 1518 3156 credat
1541 3100 1598 3155 in
1628 3101 1932 3158 Christum.

2193 1929 2448 1998 gentibus
2477 1931 2828 1990 credentibus
2855 1935 2974 2006 (75)
2999 1935 3208 1991 dixisse
3237 1935 3510 2004 credatur,
3534 1935 3665 2009 quia
3690 1935 3784 1992 ait:

2207 2043 2224 2064 ε
2256 2018 2399 2086 Quid
2429 2021 2569 2076 mihi
2601 2023 2667 2079 de
2698 2023 2766 2080 iis
2807 2026 2901 2096 qui
2942 2025 3076 2082 foris
3104 2033 3252 2095 sunt,
3279 2025 3530 2098 judicare
3562 2027 3614 2097 (ι
3649 2026 3782 2088 Cor.

2191 2126 2248 2177 v,
2284 2110 2372 2180 12)
2404 2111 2431 2166 τ
2460 2137 2478 2160 ι
2518 2113 2608 2181 Et,
2641 2138 2658 2159 ι
2699 2113 2806 2181 Qui
2840 2132 2949 2170 non
2980 2115 3300 2184 crediderit,
3333 2117 3537 2190 inquit,
3563 2117 3679 2190 jam
3703 2115 3789 2189 ju-

2193 2197 2409 2256 dicatus
2430 2208 2512 2256 est
2561 2203 2743 2272 (Joan.
2785 2221 2867 2273 III,
2897 2204 3010 2275 18).
3044 2230 3062 2254 ι
3115 2207 3206 2274 Et,
3254 2231 3271 2253 ι
3301 2205 3442 2273 Quia
3460 2223 3571 2262 non
3603 2222 3792 2263 resur-

2193 2296 2327 2360 gunt
2357 2289 2515 2362 impii
2549 2290 2607 2346 in
2632 2290 2846 2363 judicio
2879 2294 3054 2365 (.Psal.
3089 2311 3126 2362 ι,
3159 2295 3240 2367 5).
3276 2320 3293 2343 ι
3337 2294 3466 2351 Sine
3497 2297 3615 2369 lege
3643 2297 3788 2352 enim

2191 2389 2497 2451 peccantes,
2545 2381 2662 2438 sine
2711 2385 2827 2454 lege
2869 2392 2922 2440 et
2962 2384 3254 2457 peribunt:
3299 2402 3362 2443 ac
3398 2402 3494 2458 per
3526 2387 3633 2445 hoc
3665 2396 3790 2444 ante

2191 2469 2434 2525 tribunal
2489 2470 2696 2528 Christi
2742 2481 2887 2530 stare
2934 2490 3045 2530 non
3116 2484 3396 2547 poterunt,
3457 2483 3511 2532 et
3565 2476 3790 2532 reddere

2190 2573 2420 2625 causas;
2472 2560 2604 2632 quia
2651 2571 2996 2634 resurgentes
3039 2563 3312 2619 ducentur
3360 2565 3426 2620 ad
3458 2565 3792 2637 gehennam.

2189 2645 2278 2701 Illi
2318 2648 2463 2702 enim
2500 2665 2636 2722 quos
2667 2649 2804 2706 dicit
2831 2651 3069 2708 invicem
3101 2652 3532 2725 cogitationibus
3557 2654 3673 2710 suis
3706 2671 3789 2711 ac-

2188 2737 2366 2792 cusari
2397 2747 2491 2794 aut
2511 2738 2733 2795 defendi
2761 2741 2818 2795 in
2849 2741 2937 2797 die
2961 2741 3160 2813 judicii
3185 2743 3305 2810 Dei,
3338 2743 3641 2802 Christiani
3663 2750 3792 2800 sunt

2189 2824 2252 2893 ii,
2281 2826 2380 2898 qui
2410 2826 2731 2886 discordant
2759 2847 2791 2886 a
2819 2830 3090 2887 catholica
3119 2833 3369 2900 veritate,
3421 2833 3643 2889 diversa
3672 2849 3789 2890 sen-

2188 2915 2392 2973 tientes
2439 2919 2505 2975 de
2549 2919 2795 2987 Christo,
2835 2928 2928 2977 aut
2963 2921 3030 2978 de
3071 2939 3235 2979 sensu
3266 2923 3400 2995 legis
3431 2923 3791 2981 intraditione

2187 3006 2469 3076 Ecclesia,
2503 3010 2618 3065 sive
2642 3011 3019 3084 Cataphryga,
3054 3013 3170 3068 sive
3197 3013 3513 3081 Novatiani,
3545 3013 3663 3069 sive
3685 3014 3787 3068 Do-

2188 3095 2425 3165 natiani,
2471 3105 2566 3152 aut
2612 3099 2793 3153 cateri
2850 3100 3116 3156 haretici.
3169 3101 3376 3156 Horum
3427 3103 3787 3173 cogitationes

565 3221 584 3245 ι
612 3195 1014 3251 Testimonium
1068 3193 1332 3249 reddente
1371 3193 1506 3263 ipsis
1553 3193 1891 3250 conscientia
1920 3195 2077 3267 ipso-
2109 3225 2152 3284 Ο
2189 3187 2429 3245 invicem
2469 3204 2524 3244 se
2555 3190 2888 3246 accusabant
2931 3192 2987 3247 in
3018 3192 3107 3249 die
3131 3191 3332 3264 judicii
3359 3212 3372 3261 ;
3406 3193 3450 3248 si
3508 3193 3786 3250 intellexit

474 3301 616 3342 rum.
676 3309 694 3332 ι
755 3284 914 3340 Teste
968 3282 1230 3338 interiore
1277 3282 1611 3338 conscientia
1674 3300 1773 3339 sua
1817 3284 2069 3354 credunt,

473 3377 603 3450 quia
631 3375 838 3432 conscii
867 3375 975 3431 sibi
997 3381 1127 3430 sunt
1154 3373 1450 3430 convenire
1480 3373 1608 3439 sibi,
1639 3373 1785 3446 quod
1815 3376 2066 3445 credunt;

471 3483 774 3538 congruum
823 3474 904 3521 est
946 3465 1092 3521 enim
1151 3472 1415 3521 creatura
1480 3463 1699 3519 credere
1736 3475 1789 3522 et
1819 3465 2070 3522 venerari

471 3569 630 3609 suum
665 3551 1018 3609 Conditorem
1046 3571 1057 3609 :
1093 3569 1194 3610 nec
1217 3550 1518 3608 absurdum
1552 3557 1653 3620 est,
1685 3560 1748 3610 ut
1778 3553 2069 3612 dominum

470 3657 663 3696 servus
690 3653 965 3714 agnoscat.

544 3740 729 3812 (Vers.
763 3741 878 3814 16.)
921 3766 939 3788 ι
970 3743 1042 3798 Et
1071 3742 1217 3799 inter
1257 3760 1314 3800 se
1361 3743 1788 3816 cogitationibus
1829 3743 2067 3800 invicem

467 3829 878 3902 accusantibus,
916 3841 1010 3888 aut
1058 3833 1222 3888 etiam
1264 3832 1709 3902 defendentibus,
1762 3833 1819 3888 in
1846 3832 1934 3888 die
1962 3847 2070 3904 qua

465 3919 746 3992 judicabit
774 3923 920 3978 Deus
949 3924 1165 3980 occulta
1195 3923 1506 3992 hominum,
1539 3923 1842 3979 secundum
1872 3923 2069 3978 Evan-

467 4013 671 4085 gelium
703 4029 905 4080 meum,
939 4029 1036 4085 per
1063 4013 1246 4069 Iesum
1279 4012 1561 4071 Christum
1611 4013 1909 4070 Dominum
1957 4027 2067 4067 no-

467 4109 664 4158 strum.
697 4125 716 4149 ›
778 4101 1048 4169 Quoniam
1117 4101 1336 4158 Judaos
1389 4102 1703 4158 diﬂideutes
1749 4118 1843 4174 per
1891 4102 2066 4173 legem

467 4190 615 4247 dixit
653 4190 984 4262 judicandos
1038 4191 1156 4246 fore
1211 4192 1328 4263 (lex
1386 4207 1534 4247 enim
1584 4192 1710 4248 illos
1765 4189 2063 4260 accusabit,

467 4297 587 4356 qua
627 4279 909 4338 Christum
942 4279 1054 4335 illis
1084 4279 1358 4352 promisit,
1390 4296 1554 4352 quem
1585 4279 1897 4336 venientem
1931 4279 2065 4336 reci-

467 4385 593 4444 pere
637 4369 996 4440 noluerunt);
1050 4378 1233 4441 gentes
1280 4377 1484 4438 autem,
1517 4385 1636 4442 qua
1670 4371 1841 4441 legem
1873 4369 2065 4441 utique

465 4475 576 4514 non
607 4457 831 4525 habent,
866 4475 960 4530 per
989 4457 1380 4516 conscientiam
1409 4457 1826 4530 judicabuntur,
1860 4458 1905 4514 si
1937 4474 2066 4514 cre-

461 4548 590 4605 dere
627 4547 929 4605 noluerint.
974 4547 1224 4602 Primum
1276 4546 1498 4620 quidem
1529 4555 1872 4604 accusatores
1901 4556 2064 4603 erunt

461 4639 693 4711 gentiles
730 4637 1013 4694 credentes
1041 4653 1153 4692 non
1183 4636 1523 4692 credentium
1556 4637 1880 4708 gentilium;
1921 4645 2065 4693 Sicut

460 4727 664 4784 Judais
689 4743 800 4782 non
830 4725 1183 4784 credentibus
1211 4725 1349 4783 dicit
1376 4726 1646 4782 Dominus
1675 4727 1742 4783 de
1772 4725 2062 4798 discipulis

463 4815 610 4870 suis:
657 4839 674 4861 ‹
709 4816 817 4886 Ipsi
844 4815 1060 4886 judices
1090 4815 1260 4872 vestri
1309 4823 1475 4871 erunt
1526 4817 1734 4886 (Matth.
1784 4833 1882 4886 xu,
1926 4817 2056 4888 27);

463 4901 592 4973 quia
639 4903 866 4974 perﬁdia
902 4905 1217 4982 Judaorum
1255 4904 1604 4978 judicabitur
1633 4906 1739 4962 ﬁde
1770 4909 2061 4980 apostolo-

462 5004 606 5056 rum,
659 4989 917 5060 quicum
962 5009 1030 5046 ex
1083 4996 1211 5066 ipsis
1261 5005 1462 5061 essent,
1509 4995 1625 5051 illis
1654 4996 2055 5065 diilidentibus,

461 5077 840 5134 crediderunt.
910 5081 1118 5137 Deinde
1164 5086 1589 5154 cogitationibus
1655 5088 1771 5142 suis
1823 5103 2059 5143 accusa-

458 5167 668 5223 buntur
720 5167 969 5239 gentiles,
1019 5171 1065 5224 si
1111 5176 1428 5243 compuncti
1473 5175 1748 5232 Creatoris
1795 5177 1957 5232 ﬁdem
2003 5185 2057 5233 et

459 5259 723 5316 virtutem
756 5257 1035 5313 noluerint
1071 5259 1325 5317 credere:
1355 5271 1450 5318 aut
1479 5263 1524 5317 si
1555 5273 1778 5336 stupore
1809 5265 2053 5338 quodam

459 5365 570 5406 non
616 5347 968 5407 considerant
1010 5347 1153 5421 (74),
1192 5358 1254 5406 ut
1308 5351 1534 5408 credant
1583 5355 1770 5410 verbis
1807 5365 1860 5412 et
1889 5356 2055 5429 gestis

531 5518 647 5590 (73)
681 5519 867 5576 Codex
899 5517 1062 5593 Corb.
1095 5525 1156 5593 e_t_
1178 5517 1272 5593 alii
1314 5519 1601 5586 nonnulli,
1634 5521 1761 5593 quia
1815 5539 1933 5593 qua;
1958 5525 2054 5581 ἀί..

455 5596 668 5666 cuntur,
701 5607 810 5666 non
845 5590 1267 5666 transfunditad
1296 5597 1534 5666 mentem,
1565 5608 1670 5645 non
1698 5590 1875 5661 factor
1927 5597 2053 5666 legis

455 5662 533 5734 ﬁt.
565 5662 654 5734 sed
679 5661 898 5734 auditor
919 5679 947 5734 ;_
963 5679 1072 5734 non
1101 5663 1238 5716 enim
1263 5662 1450 5728 credit,
1483 5671 1588 5718 etc.

527 5733 646 5806 (74)
678 5733 836 5791 Rom.
886 5731 1042 5805 edit.,
1091 5740 1303 5808 stupore
1347 5735 1578 5804 quodam
1621 5735 1844 5793 alienati
1887 5755 1923 5794 α
1962 5739 2050 5795 via

2181 3277 2304 3350 quis
2332 3294 2517 3333 veram
2549 3295 2663 3335 esse
2695 3280 3024 3337 catholicam
3066 3281 3393 3350 doctrinam,
3427 3290 3482 3338 et
3531 3301 3601 3340 ne
3631 3283 3783 3340 vide-

2180 3375 2332 3423 retur
2376 3367 2719 3438 emendatus,
2780 3371 2936 3443 sequi
2982 3371 3185 3440 noluit,
3241 3371 3570 3429 erubescens
3621 3373 3690 3429 ab
3721 3388 3784 3428 eo

2181 3457 2326 3529 quod
2355 3458 2454 3514 diu
2483 3459 2663 3515 tenuit
2704 3459 2978 3530 recedere,
3013 3461 3069 3516 in
3099 3461 3190 3518 die
3213 3461 3414 3533 judicii
3446 3462 3782 3534 cogitatione

2179 3563 2277 3602 sua
2311 3548 2676 3604 accusabitur.
2712 3551 2844 3605 Dua
2875 3549 3023 3605 enim
3054 3551 3415 3624 cogitationes
3446 3552 3506 3608 in
3555 3552 3782 3608 homine

2180 3636 2417 3692 invicem
2449 3654 2506 3694 se
2535 3638 2890 3708 accusabunt,
2930 3639 3075 3695 bona
3104 3648 3158 3696 et
3188 3641 3348 3697 mala.
3381 3642 3536 3698 Bona
3566 3648 3780 3699 accusat

2179 3727 2400 3795 malam,
2423 3727 2553 3800 quia
2579 3727 2920 3784 contradixit
2969 3729 3189 3785 veritati
3215 3748 3227 3786 :
3257 3730 3400 3786 mala
3445 3730 3652 3787 iterum
3683 3746 3781 3786 ac-

2177 3825 2331 3872 cusat
2355 3816 2577 3885 bonam,
2616 3817 2745 3889 quia
2777 3835 2888 3874 non
2917 3827 3103 3876 secuta
3131 3827 3232 3887 est,
3265 3826 3328 3874 ut
3355 3821 3562 3876 sensit:
3607 3828 3662 3876 et
3687 3835 3780 3892 per

2179 3904 2283 3962 hoc
2307 3907 2667 3962 constituitur
2697 3924 2843 3976 reus,
2875 3909 2970 3980 qui
3003 3909 3289 3980 cogitavit,
3307 3909 3555 3967 sentiens
3577 3911 3776 3967 bonam

2177 4004 2230 4052 et
2260 4012 2446 4051 veram
2494 4011 2608 4052 esse
2645 3997 2945 4054 Ecclesiam
2988 3998 3342 4066 catholicam,
3386 4007 3441 4054 et
3471 3997 3776 4072 permansit

2176 4085 2236 4141 in
2267 4085 2460 4141 haresi
2493 4086 2580 4142 vel
2602 4086 2916 4144 schismate.
2949 4086 3085 4160 Ejus
3113 4097 3295 4144 autem
3326 4088 3693 4160 cogitationes
3716 4103 3774 4144 se

2177 4177 2414 4234 invicem
2448 4178 2768 4247 defendent,
2803 4179 2897 4252 qui
2952 4196 3167 4252 semper
3200 4179 3307 4236 hoc
3342 4179 3632 4251 cogitavit,
3677 4196 3772 4252 pu-

2174 4282 2298 4331 tans
2324 4276 2463 4332 utile
2487 4274 2584 4330 40
2623 4277 2770 4350 quod
2804 4285 3026 4334 secutus
3055 4285 3156 4334 est.
3189 4277 3451 4336 Dicturus
3478 4287 3560 4336 est
3587 4277 3766 4334 enim:

2174 4364 2398 4437 Semper
2421 4365 2479 4420 in
2498 4365 2927 4437 cogitationibus
2949 4367 3085 4422 meis
3105 4365 3210 4423 hoc
3231 4367 3421 4440 putavi
3442 4368 3599 4437 utile,
3625 4362 3768 4440 quod

2173 4463 2390 4510 secutus
2419 4471 2568 4510 sum:
2604 4455 2720 4514 hac
2750 4456 2857 4513 fuit
2887 4455 3023 4512 ﬁdes
3054 4473 3192 4512 mea.
3228 4457 3328 4513 Hic
3358 4457 3625 4514 leviorem
3677 4454 3767 4510 ha-

2172 4542 2323 4599 bebit
2378 4559 2619 4613 causam,
2679 4545 2934 4617 quamvis
3000 4544 3405 4602 emendandum
3459 4545 3572 4614 sit;
3633 4543 3761 4617 quia

2171 4649 2202 4688 a
2231 4633 2570 4689 conscientia
2609 4650 2708 4690 sua
2749 4651 2860 4691 non
2913 4635 3259 4692 accusabitur
3310 4635 3368 4690 in
3427 4635 3520 4690 die
3543 4631 3767 4707 judicii.

2168 4723 2284 4780 Hoc
2331 4724 2494 4780 modo
2533 4724 2936 4797 judicabuntur
2983 4727 3197 4783 occulta
3253 4727 3540 4782 hominum
3587 4728 3642 4781 in
3678 4723 3766 4780 die

2161 4811 2362 4884 judicii
2409 4815 2510 4870 Dei
2565 4837 2584 4862 ι
2637 4831 2734 4888 per
2771 4816 2957 4872 Iesum
3010 4816 3292 4874 Christum
3323 4815 3626 4872 Dominum
3657 4830 3766 4870 no-

2167 4912 2362 4960 strum.
2398 4929 2415 4953 ι

2239 4998 2420 5069 (Vers.
2457 4997 2569 5067 17.)
2613 5022 2630 5043 α
2660 4997 2714 5053 Si
2737 5004 2917 5053 autem
2951 5005 3010 5053 tu
3032 4998 3254 5055 Judaus
3283 4998 3749 5068 cognominarisn

2166 5086 2479 5158 Cognomen
2499 5087 2672 5142 Judaei
2703 5095 2804 5152 est,
2828 5088 2956 5160 quia
2977 5105 3046 5143 ex
3077 5088 3439 5161 praerogativa
3471 5096 3761 5160 parentum

2165 5184 2264 5241 est,
2297 5180 2357 5230 ut
2388 5175 2644 5230 dicantur
2674 5176 2954 5230 Israelita.
2987 5177 3057 5231 Et
3101 5183 3282 5231 tamen
3322 5176 3367 5230 si
3402 5183 3580 5231 totum
3614 5171 3762 5228 veli—

2166 5283 2286 5321 mus
2314 5266 2460 5338 quod
2497 5265 2565 5321 ad
2596 5283 2813 5322 causam
2845 5266 3106 5337 pertinet,
3140 5266 3628 5339 comprehendere,
3657 5280 3761 5320 co-

2163 5372 2399 5428 gnomen
2445 5354 2650 5414 Judais
2684 5357 2966 5430 tripartito
3011 5373 3208 5430 genere
3237 5357 3607 5429 significatum
3641 5354 3756 5428 (76)

2160 5527 2277 5593 Dei,
2312 5543 2419 5580 non
2448 5526 2790 5594 crediderint,
2823 5533 2930 5582 etc.

2233 5599 2348 5668 (75)
2383 5597 2584 5653 Omnes
2621 5597 2777 5665 edit.,
2830 5599 2892 5652 de
2941 5595 3176 5669 gentibus
3227 5613 3337 5669 non
3389 5593 3752 5669 credentibus:

2161 5666 2516 5742 mssggcontra
2545 5666 3001 5742 propeiuniversi
3039 5668 3344 5742 excludunt
3385 5666 3751 5742 negationem.

2232 5739 2350 5811 (76)
2401 5740 2482 5797 Ita
2510 5737 2665 5798 nissf
2691 5741 2975 5815 plerique;
3019 5740 3116 5798 alii
3159 5748 3340 5797 autem
3381 5737 3662 5806 nonnulli,
3694 5752 3756 5793 ac
