3980 6404
194 432 258 490 73
1271 430 1633 489 COMMENT.
1675 432 1747 490 IN
1783 430 2003 489 EPIST.
2047 433 2143 489 AD
2181 432 2349 490 ROM.
3415 437 3483 497 74

190 555 439 615 debemus
463 555 768 613 advertere.
799 556 1047 614 Primum
1068 556 1198 630 quia
1224 556 1326 613 ﬁlii
1361 565 1490 613 sunt
1510 557 1763 626 Abrahae,
1794 564 1841 623 Α
1870 558 2225 629 promissum.
2290 583 2310 606 ι
2338 556 2444 625 Qui
2473 557 2616 614 dicis
2642 574 2755 614 non
2786 558 3196 628 mmchandnm,
3229 561 3483 621 moecha-

191 650 276 723 qui
328 664 423 720 per
478 649 607 705 ﬁdei
652 667 764 706 suae
801 650 1058 706 meritum
1091 657 1246 722 pater
1274 651 1487 723 positus
1513 661 1596 708 est
1623 668 1772 707 cun-

80 808 85 817 ι
189 746 390 796 ctarum
423 739 689 809 gentium.
710 738 920 796 Deinde
947 746 1169 812 propter
1197 740 1486 812 Jacob,qui
1509 757 1775 812 augmen-

190 827 365 885 tandai
412 826 541 883 ﬁdei
568 827 737 898 gratia
767 828 931 884 Israel
963 830 1265 900 appellatus
1294 839 1392 897 est;
1428 838 1603 902 empta
1631 831 1779 887 enim

150 916 358 991 epatris
407 917 648 989 dignitas
684 916 1009 973 nobilitatur
1036 920 1093 973 in
1123 918 1274 974 ﬁliis.
1310 919 1494 974 Tertio
1518 936 1629 974 non
1656 936 1782 975 ma-

191 1007 266 1079 gis
300 1014 520 1077 propter
552 1006 771 1075 Iudam,
810 1006 905 1063 sed
952 1015 1172 1079 propter
1197 1007 1519 1075 Christum;
1553 1009 1683 1081 quia
1711 1025 1781 1064 ex

194 1094 331 1150 Iuda
366 1102 518 1150 ortus
565 1102 645 1150 est
673 1095 979 1151 secundum
1009 1113 1251 1165 carnem,
1281 1097 1457 1154 Judmi
1488 1098 1784 1170 cognomi-

187 1192 428 1250 nantur;
484 1184 615 1255 quia
659 1184 718 1239 in
747 1183 888 1241 Juda
923 1184 1029 1241 hoc
1058 1186 1432 1258 signiﬁcatum
1482 1195 1592 1255 est,
1635 1186 1783 1259 quod

189 1274 432 1330 futurum
455 1278 570 1328 erat
597 1272 654 1327 in
685 1271 927 1330 Christo.
959 1274 1181 1331 Dictum
1212 1283 1294 1331 est
1322 1276 1470 1331 enim
1498 1294 1509 1331 :
1557 1299 1575 1323 ‹
1608 1275 1782 1331 Judas

186 1362 287 1421 erit
340 1361 455 1417 dux
518 1370 700 1418 vester
747 1362 947 1435 (ludio.
980 1380 1080 1432 xx,
1115 1364 1249 1435 18);
1292 1391 1310 1413 ι
1353 1372 1425 1434 et,
1489 1389 1506 1413 α
1539 1365 1698 1434 Juda,
1729 1376 1782 1423 te

185 1450 499 1509 collaudant
552 1451 747 1507 fratres
796 1452 875 1508 tui
929 1454 1084 1524 (Gen.
1139 1470 1294 1522 XLIX,
1324 1454 1407 1526 8).
1441 1479 1461 1503 ι
1501 1455 1634 1523 Quae
1665 1456 1784 1511 laus

185 1539 310 1595 data
356 1539 509 1595 Iudae
540 1556 652 1597 non
682 1539 966 1613 probatur,
997 1541 1094 1598 sed
1123 1542 1369 1613 Christo,
1401 1560 1563 1616 quem
1594 1561 1785 1601 omnes

185 1628 433 1701 quotidie
477 1629 813 1699 collaudant,
872 1630 912 1686 ii
955 1647 1094 1704 quos
1128 1632 1325 1690 fratres
1369 1650 1498 1690 suos
1526 1633 1784 1706 dignatus

185 1726 265 1773 est
292 1718 589 1788 appellare.
634 1719 754 1790 Ipse
783 1718 931 1775 enim
967 1720 1115 1775 dixit
1134 1721 1501 1778 mulieribus:
1550 1746 1567 1768 ‹
1599 1723 1700 1789 Ite,
1730 1730 1786 1779 et

186 1804 355 1862 dicite
388 1806 653 1863 fratribus
680 1807 838 1877 meis,
854 1807 983 1881 quia
1004 1809 1251 1881 praecedo
1281 1828 1381 1866 vos
1410 1811 1467 1866 in
1499 1810 1780 1868 Galilaeam

184 1895 393 1965 (Matth.
438 1913 640 1966 xxvm,
687 1899 760 1965 7).
810 1924 827 1945 ι
884 1900 1016 1966 Quis
1056 1900 1205 1955 enim
1247 1918 1358 1957 non
1398 1901 1584 1958 laudet
1628 1918 1778 1969 eum,
1811 1917 1857 1977 Β
1889 1897 1945 1952 in
1984 1900 2328 1956 confessione
2362 1917 2373 1955 :
2431 1924 2448 1947 ε

182 1988 337 2060 cujus
391 1988 667 2045 beneﬁcio
710 1990 900 2045 vivit?
939 1991 1238 2062 Apostolus
1283 2008 1411 2063 ergo
1443 1993 1545 2048 sub
1576 1992 1680 2049 hac
1712 1994 1783 2049 si-

182 2076 562 2150 gniﬁcatione,
596 2094 715 2150 quae
763 2079 1036 2150 posterior
1073 2095 1324 2149 numero,
1364 2080 1460 2136 sed
1489 2081 1783 2152 perfectior

182 2166 379 2222 merito
399 2173 504 2233 est,
535 2173 710 2221 totum
752 2166 931 2222 voluit
954 2168 1386 2238 comprehendi:
1420 2168 1568 2241 quod
1604 2170 1781 2226 Judaei

182 2272 295 2312 non
327 2255 728 2329 intelligentes,
758 2271 961 2312 nomen
997 2255 1103 2312 sibi
1133 2258 1371 2314 carnalis
1398 2258 1552 2315 Iudae
1581 2258 1783 2316 defen-

180 2345 344 2404 dunL

250 2436 448 2508 (Vers.
503 2437 617 2509 18.)
690 2462 707 2487 ι
756 2440 827 2494 Et
850 2438 1145 2512 requiescis
1180 2439 1237 2495 in
1278 2440 1415 2512 lege,
1448 2446 1503 2496 et
1531 2439 1783 2512 gloriaris

178 2526 237 2581 in
269 2528 412 2594 Deo,
445 2536 499 2583 et
526 2528 673 2583 nosti
702 2529 1043 2584 voluntatem
1066 2528 1205 2601 ejus,
1227 2539 1280 2585 et
1307 2529 1506 2601 probas
1534 2528 1780 2598 utiliora,

178 2616 496 2672 instructus
547 2633 643 2688 per
681 2616 875 2689 legem.
906 2638 925 2665 ›
967 2618 1089 2674 Non
1124 2634 1381 2690 magnum
1419 2619 1579 2675 valde
1602 2619 1783 2675 videri

178 2705 323 2772 vult,
369 2704 421 2760 si
469 2705 695 2762 Iudaeus
740 2706 957 2774 credat;
995 2708 1196 2780 quippe
1226 2724 1349 2763 cum
1382 2707 1455 2763 sit
1481 2708 1784 2763 instructus

178 2809 274 2865 per
303 2793 485 2866 legem
515 2812 525 2849 :
560 2795 931 2866 periculosum
961 2806 1143 2852 autem
1172 2796 1332 2852 valde
1355 2797 1401 2853 si
1433 2814 1544 2853 non
1574 2796 1780 2865 credat;

173 2884 378 2941 ducem
429 2886 581 2941 enim
613 2885 778 2942 habet
808 2888 999 2958 legem.
1051 2887 1155 2943 Sed
1186 2895 1249 2942 ut
1295 2896 1645 2959 praeponatur
1672 2904 1782 2944 cre-

176 2970 331 3040 dens,
368 2972 638 3026 meritum
669 2972 800 3028 facit
840 2973 1096 3037 Patrum;
1144 2972 1275 3045 quia
1302 2973 1555 3045 quamvis
1584 2974 1784 3046 aliquis

173 3075 265 3132 per
288 3075 351 3117 se
381 3058 602 3129 floreat,
629 3060 900 3116 erubescit
928 3068 1113 3117 tamen
1146 3062 1206 3116 in
1232 3062 1369 3117 suis.

243 3150 438 3221 (Vers.
504 3150 588 3217 19,
646 3149 761 3221 20.)
828 3174 845 3197 ε
897 3149 1249 3223 Conﬁdisque
1299 3158 1349 3206 te
1381 3150 1560 3223 ipsum
1586 3149 1782 3207 ducem

1888 647 1983 703 ris.
2043 672 2061 694 ι
2120 646 2413 703 Adulteras
2462 655 2648 704 autem
2692 647 2888 717 legem,
2938 647 3159 719 quando
3192 651 3482 710 veritatem

1888 735 2096 793 Christi
2141 737 2313 805 tollis,
2356 744 2408 792 et
2445 736 2792 793 mendacium
2820 736 2997 808 ponis.
3032 736 3187 792 Unde
3215 740 3324 795 alio
3355 741 3478 799 loco

1887 824 2060 882 dicit:
2120 852 2138 874 ι
2167 827 2580 883 Adulteratores
2609 826 2765 883 verbi
2794 827 2894 883 Dei
2926 828 3017 900 (II
3046 828 3172 883 Cor.
3205 845 3267 896 ιι,
3302 830 3415 901 17).
3448 855 3469 879 ι

1973 942 1991 965 ι
2033 916 2139 983 Qui
2187 904 2697 985 exsecraris'idola,
2730 916 3081 989 sacrilegium
3120 916 3276 974 facis.
3312 943 3331 967 ι
3375 918 3485 975 Sa-

1889 1006 2124 1078 crilegus
2170 1024 2248 1076 es,
2298 1008 2517 1081 quando
2547 1007 2828 1066 Christum
2852 1023 3012 1080 quem
3044 1008 3135 1063 lex
3164 1015 3219 1063 et
3251 1008 3484 1082 prophe-

1893 1094 2032 1151 ticus
2088 1113 2269 1152 sermo
2314 1099 2489 1157 Deum
2538 1096 2874 1170 signiﬁcant,
2931 1112 3121 1169 negas;
3171 1097 3308 1155 dicit
3335 1099 3485 1156 enim

1889 1184 2056 1241 Isaias
2080 1203 2091 1242 :
2137 1211 2155 1233 ι
2184 1186 2324 1254 Quia
2357 1187 2417 1243 in
2446 1194 2501 1244 te
2528 1196 2611 1244 est
2638 1189 2808 1257 Deus,
2837 1195 2891 1243 et
2912 1203 3026 1243 non
3053 1196 3138 1244 est
3164 1187 3309 1245 Deus
3337 1205 3487 1261 pra:-

1888 1282 1973 1330 ter
2026 1282 2099 1331 te.
2159 1276 2240 1332 Tu
2295 1293 2353 1333 es
2402 1278 2551 1333 enim
2595 1279 2763 1346 Deus,
2794 1286 2849 1333 et
2876 1277 3294 1335 nesciebamus:
3339 1281 3486 1336 Deus

1889 1365 2051 1420 Israel
2082 1364 2328 1421 salvator
2356 1366 2494 1437 (Isa.
2522 1382 2654 1435 va,
2689 1364 2776 1434 14,
2810 1366 2922 1437 15).
2956 1390 2974 1413 ι
3016 1366 3284 1441 Nunquid
3312 1367 3486 1424 Judaei

1889 1452 1956 1509 de
1985 1454 2098 1509 Deo
2128 1454 2284 1510 Patre
2322 1454 2579 1511 dicebant
2604 1472 2616 1510 :
2693 1478 2711 1501 ι
2739 1454 2821 1509 Tu
2842 1455 2991 1510 enim
3021 1471 3079 1511 es
3103 1456 3269 1522 Deus,
3298 1463 3353 1512 et
3380 1470 3488 1512 ne-

1889 1541 2232 1611 sciebamus;
2277 1568 2294 1590 ι
2351 1559 2477 1600 cum
2506 1550 2624 1599 tota
2651 1543 2743 1599 lex
2770 1543 2870 1600 Dei
2900 1543 3078 1601 Patris
3104 1545 3489 1602 auctoritatem

1890 1630 2174 1701 praedicet,
2208 1648 2278 1688 ex
2306 1649 2414 1705 quo
2444 1641 2575 1689 sunt
2603 1633 2792 1690 omnia
2820 1633 2848 1690 ‘i
2872 1632 2981 1690 Sed
3021 1634 3158 1706 quia
3185 1634 3362 1691 Filius
3389 1634 3489 1691 Dei

1889 1736 2103 1793 semper
2143 1722 2365 1795 quidem
2395 1723 2670 1794 apparuit,
2701 1721 2914 1780 latebat
2943 1733 3125 1780 autem
3156 1724 3278 1798 quis
3308 1732 3483 1780 esset:

1888 1824 2014 1866 cum
2072 1820 2196 1882 post
2243 1810 2700 1867 resurrectionem
2754 1813 3127 1883 cognoscitur,
3184 1811 3397 1869 dicitur
3436 1811 3487 1868 ei

2503 1900 2586 1954 Tu
2614 1900 2763 1972 enim
2817 1916 2874 1956 es
2919 1902 3089 1969 Deus,
3122 1907 3178 1957 et
3207 1901 3487 1959 nescieba-

1889 2004 2033 2044 mus.
2086 2011 2105 2034 ι
2165 1989 2237 2043 Et
2276 1987 2371 2060 qui
2400 1988 2697 2060 putabatur
2726 1988 2784 2042 in
2816 1987 2932 2061 lege
2960 1996 3181 2044 tantum
3238 1991 3484 2061 angelus,

1889 2086 1944 2134 et
1972 2077 2087 2132 dux
2116 2075 2392 2133 exercitus
2420 2076 2644 2133 Domini
2670 2093 2681 2131 :
2721 2084 2778 2133 at
2805 2093 2932 2132 cum
2959 2076 3292 2149 intelligitur
3309 2078 3487 2133 Filius

1889 2184 2005 2224 esse
2051 2166 2173 2234 Dei,
2226 2166 2431 2222 dicitur
2468 2167 2519 2222 ei
2547 2182 2675 2223 cum
2708 2166 3008 2239 gratiarum
3037 2168 3291 2224 actione:
3357 2191 3376 2215 ι
3404 2168 3488 2224 Tu

1891 2257 2040 2312 enim
2069 2272 2125 2312 es
2152 2258 2318 2323 Deus,
2350 2263 2404 2311 et
2429 2256 2826 2313 nesciebamus.
2862 2281 2880 2304 ι
2921 2257 3024 2313 Per
3053 2255 3159 2315 hoc
3174 2273 3304 2330 ergo
3319 2257 3487 2331 signi-

1890 2345 2019 2401 ﬁcat
2047 2345 2177 2418 quia
2204 2346 2318 2417 ipse
2357 2354 2497 2402 esset
2530 2363 2543 2413 ;
2585 2346 2679 2418 qui
2708 2353 3034 2418 apparuerat
3065 2347 3288 2420 quidem
3318 2348 3485 2421 patri-

1892 2433 2078 2491 archis
2135 2434 2250 2506 (78)
2302 2434 2361 2490 in
2412 2437 2607 2503 Deum,
2662 2443 2716 2491 et
2760 2435 3232 2508 postincarnatus
3261 2444 3363 2507 est,
3391 2435 3486 2494 sed

1890 2540 2002 2581 non
2033 2524 2213 2581 fuerat
2249 2526 2562 2582 intellectus
2590 2525 2659 2583 ab
2688 2526 2968 2584 omnibus.

1965 2614 2147 2685 (Vers.
2191 2614 2308 2687 23.)
2346 2640 2363 2661 ε
2392 2614 2497 2682 Qui
2526 2614 2585 2670 in
2615 2616 2729 2688 lege
2760 2616 3136 2690 gloriaris,per
3164 2616 3485 2689 praevarica-

1890 2702 2099 2759 tionem
2160 2703 2293 2774 legis
2335 2705 2510 2759 Deum
2554 2704 2874 2762 inhonoras.
2907 2729 2926 2752 ι
2967 2712 3059 2767 41
3092 2704 3487 2763 Praevaricator

1894 2802 2029 2873 legis
2080 2819 2159 2867 es,
2198 2803 2417 2875 quando
2444 2820 2663 2860 sensum
2695 2804 2851 2876 legis,
2885 2805 2980 2877 qui
3010 2804 3077 2859 de
3106 2804 3485 2861 incarnatione

1893 2900 1947 2948 et
1992 2892 2285 2947 divinitate
2342 2892 2547 2949 Christi
2579 2902 2682 2958 est,
2714 2893 2997 2965 praeteris:
3030 2901 3084 2948 et
3106 2895 3281 2950 Deum
3312 2893 3486 2950 inho-

1891 2995 2073 3049 noras,
2115 2979 2243 3035 dum
2276 2981 2657 3036 testimonium
2688 2981 2826 3051 ejus,
2864 2979 3011 3054 quod
3039 2980 3192 3038 dedit
3236 2982 3304 3037 de
3338 2982 3484 3038 Filio

1892 3083 2013 3137 suo,
2046 3085 2156 3124 non
2196 3070 2415 3141 recipis.
2463 3070 2583 3140 Ipse
2610 3069 2759 3125 enim
2788 3068 2934 3125 dixit
2959 3087 2971 3124 :
3029 3094 3048 3117 ι
3072 3068 3174 3125 Hic
3199 3076 3282 3126 est
3309 3070 3485 3127 Filius

1892 3174 2046 3214 meus
2066 3158 2301 3235 dilectus
2334 3160 2548 3231 (Matth.
2579 3176 2664 3228 III,
2702 3159 2814 3231 l7).
2847 3182 2866 3206 ι

170 3259 303 3334 esse,
337 3258 654 3334 caecorum,
694 3243 880 3334 lumen
919 3258 1107 3334 eorum
1139 3242 1234 3315 qui
1270 3242 1332 3334 in_
1357 3241 1600 3334 tenebris
1630 3249 1781 3334 sunt,
1815 3273 1861 3334 ο
1964 3248 2145 3319 (Vers.
2198 3248 2313 3320 24.)
2382 3274 2400 3295 ι
2441 3249 2654 3305 Nomen
2681 3248 2828 3304 enim
2857 3248 2957 3304 Dei
2986 3264 3083 3321 per
3106 3265 3206 3305 vos
3232 3247 3482 3322 blasphe-

174 3333 526 3390 eruditorem
553 3332 934 3405 insipientum,
966 3331 1288 3404 magistrum
1318 3330 1642 3396 infantium,
1672 3330 1781 3386 ha-

170 3422 397 3481 bentem
428 3424 667 3479 formam
697 3423 940 3480 scientiae
965 3432 1019 3480 et
1047 3423 1296 3479 veritatis
1327 3421 1386 3477 in
1414 3423 1549 3494 lege.
1580 3448 1598 3470 ι
1641 3422 1781 3479 Vera

167 3522 299 3570 sunt
329 3514 458 3571 haec
492 3532 506 3581 ;
542 3514 673 3586 quia
701 3514 837 3585 legis
865 3513 1261 3570 documentum
1291 3512 1398 3568 hoc
1421 3520 1525 3580 est,
1557 3511 1779 3568 erudire

170 3601 492 3675 imperitos,
527 3612 581 3659 et
608 3604 721 3659 Deo
751 3601 1020 3673 subjicere
1050 3602 1310 3675 profanos
1342 3619 1354 3657 :
1390 3601 1477 3658 vel
1509 3600 1578 3657 ab
1607 3600 1779 3656 idolo-

170 3692 347 3750 latriae
396 3694 626 3751 cultura
670 3693 871 3765 impios
917 3693 1303 3765 promissione,
1358 3708 1477 3765 quae
1529 3691 1671 3746 facta
1699 3698 1780 3747 est

168 3800 265 3856 per
313 3784 525 3857 legem,
580 3782 651 3838 ad
703 3782 949 3838 melioris
996 3781 1109 3854 spei
1158 3781 1419 3838 ﬁduciam
1459 3796 1774 3852 provocare.

164 3873 336 3930 Recte
383 3889 523 3946 ergo
563 3872 832 3945 gloriatur
869 3871 927 3926 in
965 3870 1055 3927 his
1084 3870 1218 3943 legis
1246 3870 1459 3939 doctor,
1491 3869 1619 3942 quia
1657 3870 1781 3925 for-

164 3977 310 4017 mam
367 3962 551 4018 tradit
598 3960 868 4018 veritatis.
928 3960 986 4015 Si
1039 3967 1221 4015 autem
1265 3975 1377 4015 non
1430 3957 1625 4029 recipit
1652 3974 1777 4014 eum

163 4066 329 4123 quem
387 4051 487 4106 lex
528 4049 805 4121 promisit,
860 4048 1064 4105 frustra
1098 4048 1365 4121 gloriatur
1411 4038 1479 4102 de
1521 4048 1656 4118 lege,
1687 4046 1777 4103 cui

164 4140 437 4212 injuriam
492 4138 648 4208 facit,
707 4139 839 4196 dum
884 4138 1165 4197 Christum
1209 4138 1419 4211 spernit
1446 4137 1775 4210 promissum

162 4229 219 4285 in
276 4231 450 4303 lege;
508 4237 566 4285 et
620 4246 722 4286 nec
764 4227 879 4300 jam
935 4228 1183 4284 eruditor
1237 4227 1342 4283 erit
1394 4225 1773 4297 insipientium

162 4338 262 4379 nec
310 4323 591 4395 magister
634 4321 951 4389 infantium,
1008 4337 1109 4376 nec
1138 4320 1325 4376 lumen
1354 4334 1564 4387 eorum,
1596 4316 1776 4391 quiin

161 4412 411 4469 tenebris
461 4420 639 4479 sunt;
688 4410 782 4466 sed
826 4410 941 4467 dux
970 4410 1219 4466 omnium
1251 4409 1450 4464 horum
1483 4407 1553 4464 ad
1581 4405 1777 4480 perdi-

160 4501 392 4556 tionem.

232 4591 425 4663 (Vers.
465 4591 591 4664 21.)
636 4615 654 4639 ι
681 4591 786 4659 Qui
818 4607 945 4663 ergo
960 4590 1130 4646 alium
1161 4589 1344 4657 doces,
1375 4595 1428 4645 te
1459 4588 1641 4660 ipsum
1661 4602 1775 4642 non

160 4677 339 4737 doces.
403 4706 423 4728 ι
494 4682 618 4737 Hoc
665 4688 767 4750 est,
795 4688 858 4737 tu
884 4680 979 4753 qui
1011 4678 1242 4753 gentiles
1272 4677 1454 4749 arguis
1483 4675 1629 4750 quod
1658 4676 1776 4732 sine

160 4768 273 4843 lege
326 4778 385 4827 et
444 4772 571 4828 Deo
608 4770 742 4838 sint,
790 4777 845 4825 te
893 4770 1075 4842 ipsum
1113 4784 1224 4824 non
1270 4766 1487 4839 arguis:
1519 4764 1774 4822 difﬁdens

160 4859 305 4914 enim
337 4860 409 4917 de
436 4859 673 4917 Christo
694 4859 752 4915 in
772 4860 888 4932 lege
904 4858 1195 4933 promisso,
1230 4858 1288 4913 in
1308 4857 1501 4913 iisdem
1533 4871 1653 4928 quae
1676 4871 1774 4910 ar-

161 4948 299 5020 guis,
334 4949 645 5006 inveniris.

229 5040 424 5112 (Vers.
461 5039 592 5111 22.)
640 5064 657 5087 ι
681 5037 787 5106 Qui
817 5037 1118 5112 praedicans
1146 5054 1259 5094 non
1277 5036 1597 5105 furandum,
1626 5034 1772 5091 fura-

161 5127 266 5198 ris;
323 5155 342 5179 ο
406 5129 559 5186 facis
617 5127 766 5184 enim
822 5128 970 5201 quod
995 5127 1260 5199 praedicas
1289 5126 1407 5181 ﬁeri
1435 5142 1547 5182 non
1574 5123 1771 5181 debere

164 5219 300 5291 (77).
328 5221 485 5276 Dum
519 5217 674 5274 enim
704 5216 869 5274 ﬁdem
895 5216 1103 5275 Christi
1131 5231 1225 5288 per
1263 5216 1462 5270 malam
1492 5215 1772 5287 interpre-

164 5308 433 5367 tationem
465 5306 739 5380 subripis,
768 5322 935 5380 negas
965 5304 1247 5364 Christum
1277 5313 1528 5362 nostrum
1559 5304 1617 5359 in
1653 5303 1769 5375 lege

161 5514 265 5566 vet.
312 5507 482 5577 edit.,
551 5505 826 5578 tripartito
882 5520 1065 5579 genere
1102 5502 1552 5577 signiﬁcandum;
1606 5501 1763 5560 Rom.

158 5579 335 5653 edit...
368 5581 709 5653 derivatum,
832 5650 847 5653 _
1428 5647 1476 5653 __
1534 5645 1590 5653 __
1721 5643 1732 5653 .

226 5652 349 5724 (77)
402 5653 577 5724 Rom.
622 5649 787 5724 edit.,
828 5650 1044 5724 hoc_est,
1083 5664 1198 5704 cum
1226 5645 1769 5724 negasChristamJin

160 5715 259 5793 lege
293 5715 692 5795 promissum,_
714 5715 867 5795 ﬁdem
896 5720 1008 5795 ejus
1030 5715 1128 5794 per
1155 5715 1767 5795 ntala'm_interpret_atio-

158 5788 265 5850 nim
293 5788 614 5866 subripi}:
660 5788 796 5862 facis
840 5794 979 5848 enim
1030 5788 1173 5863 quod
1210 5791 1475 5864 praedicas
1515 5788 1635 5861 ﬁeri
1661 5803 1769 5843 non

326 5894 595 5953 ΡΑτιιοι.
637 5889 818 5950 XVII.

1887 3344 2070 3393 matur
2122 3338 2265 3394 inter
2314 3345 2522 3411 gentes,
2578 3338 2722 3394 sicut
2774 3337 3041 3409 scriptum
3088 3346 3171 3393 est
3220 3338 3354 3410 (Isa.
3382 3355 3479 3408 LII,

1886 3427 1968 3496 5).
2018 3451 2037 3474 ι
2105 3427 2220 3483 Hoc
2274 3426 2420 3483 dixit
2464 3426 2629 3482 Isaias
2670 3424 2961 3497 propheta,
2992 3426 3121 3497 quia
3149 3427 3249 3482 Dei
3276 3442 3479 3483 nomen

1885 3511 2296 3585 blasphematur
2325 3514 2470 3569 inter
2495 3521 2681 3585 gentes
2702 3556 2717 3580 ,
2755 3512 2975 3584 quando
3003 3512 3219 3568 Iudaeos
3247 3529 3348 3585 pro
3383 3529 3479 3568 no-

1884 3603 1975 3659 xis
2020 3603 2135 3659 suis
2193 3601 2427 3658 traditos
2484 3601 2592 3658 sibi
2620 3617 2732 3658 non
2762 3600 3149 3657 advertebant:
3185 3602 3279 3657 sed
3316 3600 3480 3658 idolis

1886 3694 2001 3749 suis
2038 3693 2245 3749 dabant
2288 3692 2508 3764 glorias,
2564 3692 2721 3765 quasi
2766 3691 3081 3747 Iudaeorum
3111 3693 3285 3747 Deum
3314 3691 3479 3747 vicis-

1886 3789 2008 3839 sent
2046 3782 2101 3837 in
2130 3781 2333 3837 Iudaeis
2364 3782 2442 3837 Ita
2470 3788 2523 3836 et
2554 3790 2802 3853 tempore
2833 3781 3210 3852 apostolorum
3250 3781 3352 3836 Dei
3380 3796 3477 3836 no-

1886 3889 2011 3927 men
2039 3870 2520 3943 blasphemabatur
2548 3871 2606 3926 in
2638 3870 2890 3937 Christo;
2924 3870 3054 3942 quia
3079 3868 3252 3925 Judaei
3308 3868 3480 3926 Chri—

1884 3968 2030 4017 stum
2083 3963 2256 4016 Deum
2308 3960 2580 4031 negando,
2635 3958 3089 4030 blasphemabant
3126 3965 3181 4013 et
3238 3957 3476 4015 Patrem.

1884 4049 2028 4107 sicut
2056 4049 2195 4105 dicit
2216 4050 2488 4105 Dominus
2517 4066 2529 4103 :
2569 4074 2587 4096 ι
2616 4048 2719 4115 Qui
2749 4064 2833 4103 me
2860 4047 3075 4119 recipit,
3114 4064 3227 4104 non
3260 4064 3349 4105 me
3380 4063 3478 4104 re-

1883 4140 2038 4213 cipit,
2098 4139 2193 4195 sed
2254 4156 2379 4195 eum
2438 4139 2533 4212 qui
2580 4155 2667 4194 me
2714 4137 2865 4193 misit
2915 4138 3067 4209 (Luc.
3100 4137 3320 4208 1x,48).
3352 4162 3371 4185 ι
3405 4138 3478 4192 Et

1884 4227 2007 4284 ideo
2037 4228 2179 4285 inter
2209 4237 2393 4300 gentes
2420 4226 2918 4299 blasphemabatur,
2970 4227 3098 4299 quia
3127 4226 3476 4283 credentibus

1884 4317 2142 4389 gentibus
2169 4317 2341 4373 Judaei
2371 4316 2597 4373 suadere
2628 4316 2949 4372 nitebantur
2978 4314 3261 4373 Christum
3297 4317 3472 4371 Deum

1884 4425 1995 4464 non
2024 4408 2380 4475 credendum,
2414 4417 2476 4464 ut
2496 4406 2901 4479 blaspheminm
2935 4405 3190 4477 gentibus
3218 4421 3249 4462 a
3271 4406 3474 4463 Iudaeis

1882 4498 1970 4554 vel
1999 4497 2226 4553 Photini
2255 4497 2572 4553 auctoribus
2606 4496 2678 4552 sit
2707 4494 3034 4567 profectum.

1805 4622 1854 4682 D
1959 4588 2141 4660 (Vers.
2162 4585 2277 4658 25.)
2324 4611 2341 4633 ι
2374 4585 2735 4644 Circumcisio
2752 4583 2975 4656 quidem
2996 4582 3217 4682 prodest
3234 4581 3281 4682 si
3299 4582 3470 4680 legem

1884 4676 2158 4733 observes.
2218 4700 2236 4723 ι
2290 4676 2470 4731 Potest
2522 4674 2633 4730 dici
2691 4689 2719 4728 e
2767 4681 2993 4729 contra:
3027 4670 3083 4727 Si
3119 4669 3339 4742 prodest
3365 4669 3470 4725 cir-

1881 4766 2173 4834 cumcisio,
2195 4782 2294 4821 cur
2320 4763 2759 4837 praetermittitur
2794 4762 2822 4816 7
2868 4760 2973 4816 Sed
3016 4768 3147 4815 tunc
3172 4756 3392 4829 prodest
3420 4758 3467 4813 si

1883 4854 2058 4927 legem
2107 4853 2383 4910 observes.
2436 4851 2694 4907 Tenenda
2720 4865 2848 4920 ergo
2894 4846 3242 4903 circumcisio
3278 4853 3386 4913 est;
3415 4854 3469 4903 et

1880 4949 1944 4999 ut
1998 4943 2172 5015 possit
2226 4942 2502 5014 prodesse,
2551 4938 2819 4995 servanda
2863 4944 2944 4992 est
2988 4937 3098 4991 lex.
3146 4935 3288 5004 Quid
3340 4954 3468 5009 ergo

1880 5032 2165 5104 prohibuit
2195 5032 2340 5103 quod
2370 5028 2644 5101 prodesse,
2680 5026 2726 5082 si
2750 5027 2839 5081 lex
2868 5034 3137 5091 servetur,
3168 5026 3409 5082 ostendit
3438 5028 3468 5083 ?

1880 5121 2115 5179 Videtur
2142 5137 2269 5191 ergo
2299 5120 2436 5174 male
2468 5116 2829 5191 prohibitum,
2858 5115 3005 5188 quod
3034 5132 3145 5171 non
3164 5131 3328 5187 perse
3357 5114 3465 5171 dis-

1878 5210 2065 5284 plicet,
2095 5210 2191 5265 sed
2221 5225 2314 5281 per
2352 5207 2579 5264 alterius
2609 5206 2995 5279 negligentiam
3026 5203 3279 5261 frustrari
3312 5204 3464 5261 dici-

1877 5310 1987 5359 tur.
2047 5326 2064 5348 ε
2115 5299 2173 5357 Si
2202 5306 2384 5355 autem
2414 5297 2801 5371 praevaricator
2827 5295 2961 5368 legis
2995 5295 3091 5364 sis,
3112 5293 3462 5352 circumcisio

1873 5496 2069 5641 de???)
2109 5567 2238 5641 Post
2279 5580 2492 5641 νοίέξῐην
2534 5561 2882 5641 ραινίαηειιίει
2913 5565 3272 5641 “eum”?!
3296 5559 3454 5617 Rom

1875 5631 2007 5697 edit.
2046 5631 2108 5694 in
2152 5640 2338 5695 Deum.
2372 5631 2635 5694 Ubi—vero
2663 5635 2870 5700 eadem,
2907 5631 3116 5687 ac’vet.
3166 5631 3298 5688 edit.
3330 5648 3457 5687 cum

1874 5729 2005 5769 mss.
2060 5710 2625 5784 aliquot,gintellect_us
2662 5708 2733 5784 ab
2763 5703 3117 5784 (hominibus,
3150 5720 3279 5759 mss.
3311 5718 3455 5759 com-

1872 5785 2059 5857 plures
2086 5774 2284 5840 mélius
2307 5782 2516 5852 legunt,
2547 5780 2834 5834 intellectus
2865 5774 2930 5830 ab
2956 5774 3214 5829 omnibus.

3246 5871 3279 5926 3
