3980 6394
137 429 198 482 77
1239 422 1600 482 COMMENT.
1643 424 1714 482 IN
1750 423 1970 482 EPIST.
2015 425 2112 483 AD
2150 425 2297 482 non
3089 405 3094 413 ’
3357 413 3426 490 is

137 547 351 621 reliquis
401 547 754 604 credentibus
804 548 974 604 vitam
1031 555 1312 614 aeternam,
1362 563 1526 620 quam
1574 563 1714 618 pro—
1737 550 1789 610 A
1814 547 2092 619 justitiam
2137 547 2508 617 commendat,
2586 548 2722 622 quid
2783 548 3032 608 dicemus
3061 553 3090 609 ?
3141 554 3423 627 Numquid

139 639 279 696 misit
307 637 548 694 futuram
582 655 678 710 per
695 637 857 693 ﬁdem
889 636 1094 694 Christi
1128 655 1142 704 ;
1175 637 1306 709 quia
1331 637 1426 710 qui
1456 654 1568 693 non
1596 654 1711 694 cre-

136 731 406 796 diderunt,
438 729 620 801 ipsise
669 727 922 800 indignos
952 728 1200 784 fecerunt
1244 729 1364 784 sine
1393 728 1714 799 praajudicio

137 817 573 876 czeterorumﬂis
600 815 764 872 dictis
791 815 1138 873 commendat
1164 816 1444 871 credentes
1463 815 1710 882 Judasos;

139 907 259 980 quia
314 905 454 960 nihil
516 905 670 960 obest
707 903 808 970 eis,
840 903 970 976 quia
1004 904 1162 958 multi
1216 920 1285 958 ex
1325 904 1438 958 illis
1493 905 1717 960 credere

140 1000 449 1058 noluerunt.

207 1089 382 1162 (V'ers.
425 1087 506 1158 4.)
560 1112 577 1132 ι
611 1089 706 1144 Est
743 1087 888 1143 enim
931 1089 1074 1143 Deus
1128 1104 1316 1155 verax,
1369 1087 1550 1143 omnis
1608 1103 1718 1142 au-

142 1189 243 1237 tem
299 1177 464 1232 homo
515 1177 773 1245 mendax,
831 1178 977 1233 sicut
1027 1178 1291 1249 scriptum
1325 1185 1408 1232 est
1441 1177 1556 1248 (84)
1595 1196 1607 1234 :
1645 1179 1717 1234 Ut

135 1265 446 1340 justiﬁceris
473 1265 528 1321 in
558 1265 903 1322 sermonibus
927 1266 1061 1334 tuis,
1108 1274 1162 1321 et
1192 1267 1381 1322 vincas
1409 1283 1534 1322 cum
1555 1265 1719 1338 judi-

138 1355 272 1414 caris
307 1353 480 1424 (Psal.
506 1372 554 1422 ι,
585 1356 666 1424 6).
701 1380 718 1403 ι
762 1355 831 1411 Ut
862 1354 1102 1411 ﬁrmaret
1159 1354 1305 1428 quod
1361 1370 1524 1426 supra
1551 1353 1715 1422 dixit,

141 1444 279 1521 quod
306 1445 452 1501 Deus
479 1444 536 1500 in
582 1444 944 1516 promissione
972 1461 1071 1500 sua
1099 1443 1278 1499 ﬁdelis
1305 1452 1406 1512 est,
1441 1451 1495 1500 et
1530 1445 1715 1500 omnis

142 1539 300 1594 homo
355 1536 631 1593 mendax:
685 1536 999 1608 exemplum
1055 1537 1438 1608 propheticum
1469 1535 1721 1592 subdidit

141 1643 205 1682 ex
255 1626 464 1697 psalmo
529 1625 1002 1698 quinquagesimo,
1057 1641 1167 1698 quo
1221 1635 1275 1681 et
1330 1627 1504 1681 Deum
1538 1625 1720 1680 verbis

140 1715 247 1770 suis
259 1713 572 1785 justiﬁcari,
606 1722 659 1770 et
684 1714 966 1770 hominem
1000 1714 1315 1770 mendacem
1347 1713 1721 1770 incredulita-

145 1805 207 1860 tis
233 1819 392 1859 causa
421 1803 679 1874 signavit.
713 1803 1015 1876 Utrumque
1057 1803 1206 1858 enim
1239 1803 1438 1874 legitur
1467 1803 1524 1858 in
1579 1801 1722 1859 libro

1824 637 2046 711 iniquus
2074 638 2237 705 Deus,
2265 637 2360 711 qui
2392 637 2558 693 infert
2583 637 2722 694 iram
2755 639 3084 709 (secundum
3139 639 3422 698 hominem

1823 727 2030 798 dico)?n
2059 727 2362 783 Absit.Hoc
2375 727 2537 799 juxta
2551 743 2775 784 sensum
2797 727 3081 800 prophetae
3098 729 3276 786 David
3287 731 3425 788 dicit

1825 817 2120 886 Apostolus
2144 835 2155 872 :
2190 815 2365 872 David
2384 823 2564 872 autem
2585 815 2804 889 quando
2835 825 3150 888 peccaverat
3179 818 3235 874 in
3265 835 3428 876 causa

1825 907 1969 963 Uria:
1999 907 2207 962 Hethaei
2233 907 2321 978 (ΙΙ
2365 908 2485 977 Reg.
2519 924 2597 976 χι,
2630 907 2712 978 li),
2736 907 2916 964 sciens
2967 909 3097 980 quia
3133 909 3426 980 promissio

1827 995 2202 1066 peccatoribus
2215 995 2333 1052 dari
2351 1013 2461 1052 non
2483 1003 2878 1068 potest,exorat
2890 996 2975 1068 utj
2983 997 3280 1054 ustiﬁcatio
3296 1015 3418 1054 ver-

1826 1084 2022 1141 borum
2043 1087 2141 1142 Dei
2168 1087 2354 1144 vincat
2365 1087 2638 1159 judicium
2656 1103 2766 1160 quo
2791 1089 2908 1159 (87)
2921 1087 3248 1160 judicantur
3267 1087 3307 1143 ii
3329 1089 3426 1161 qui

1827 1182 2054 1247 peccant
2083 1175 2256 1246 (Psal.
2291 1194 2342 1244 L,
2380 1175 2436 1247 6)
2471 1194 2485 1243 ;
2519 1183 2573 1232 et
2603 1176 2962 1248 poenitentem
3010 1177 3277 1235 reformat
3305 1195 3430 1234 san-

1827 1265 2096 1331 ctiﬁcans,
2119 1273 2180 1322 ut
2207 1266 2298 1323 det
2326 1268 2376 1322 ei
2409 1267 2556 1340 quod
2579 1267 2746 1340 justis
2771 1283 2829 1324 se
2861 1266 3121 1324 daturum
3151 1268 3426 1340 promisit.

1828 1352 1908 1409 Ac
1934 1369 2029 1425 per
2056 1353 2160 1410 hoc
2188 1353 2423 1427 subjecit
2453 1373 2467 1411 :
2513 1378 2534 1402 ‹
2581 1355 2638 1412 Si
2689 1363 2878 1412 autem
2939 1353 3215 1427 injustitia
3243 1363 3430 1414 nostra

1827 1443 1942 1510 Dei
1977 1443 2250 1515 justitiam
2307 1443 2676 1513 commendat,
2711 1471 2729 1493 -
2799 1453 2928 1514 etc.,
2979 1445 3037 1502 id
3065 1453 3168 1514 est,
3222 1445 3268 1502 si
3298 1446 3431 1519 quia

1829 1546 1929 1588 nos
1957 1541 2265 1603 peccatores
2308 1549 2520 1602 sumus,
2572 1536 2718 1590 Deus
2758 1533 3142 1605 justiﬁcatur:
3204 1534 3431 1608 iniquus

1829 1627 1953 1694 erit,
1977 1625 2022 1680 si
2050 1625 2315 1682 vindicet.
2347 1625 2484 1682 Nam
2539 1625 2586 1682 si
2616 1624 2893 1698 injustitia
2924 1632 3114 1682 nostra
3153 1624 3204 1682 ei
3249 1624 3430 1698 profi-

1829 1722 1995 1783 ceret,
2031 1715 2149 1770 sine
2191 1713 2362 1770 dubio
2409 1713 2634 1786 iniquus
2683 1721 2801 1770 erat
2855 1713 2903 1771 si
2955 1713 3244 1770 damnaret
3303 1729 3422 1786 pec-

1829 1812 2013 1862 cantes
2043 1821 2054 1860 :
2088 1804 2218 1877 quia
2263 1802 2536 1875 injustitia
2577 1809 2766 1859 nostra
2818 1803 2992 1858 Deum
3025 1801 3160 1859 facit
3182 1801 3420 1873 justum,

144 1893 498 1960 Psalmorum,
529 1892 658 1964 quia
684 1891 1028 1963 Deusjustus
1043 1899 1097 1948 et
1117 1908 1286 1947 verax
1323 1900 1424 1960 est,
1457 1901 1510 1948 et
1536 1892 1718 1949 omnis
1748 1903 1794 1964 Β
1828 1896 1875 1952 si
1900 1895 2254 1969 peccantibus
2280 1893 2440 1950 nobis
2467 1893 2562 1950 det
2581 1893 2728 1966 quod
2755 1893 3008 1966 promisit
3040 1894 3248 1950 sanctis
3279 1893 3430 1964 (88).

145 1981 299 2036 homo
317 1979 555 2035 mendax
575 1981 748 2050 (Psal.
770 1997 958 2035 Lxxxv
976 1998 989 2046 ;
1006 1997 1135 2048 cxv,
1166 1981 1250 2048 ll,
1277 1981 1390 2052 i5).
1409 1980 1726 2039 Mendacem

147 2069 414 2125 hominem
448 2067 743 2135 dicit,dum
761 2084 872 2122 non
893 2067 1239 2141 credit,quod
1257 2068 1512 2140 promisit
1539 2070 1684 2125 Deus
1713 2087 1726 2133 ;

147 2174 335 2230 negans
363 2157 514 2212 enim
541 2155 798 2211 daturum
829 2155 975 2228 quod
1005 2157 1280 2227 promisit,
1337 2155 1573 2212 mendax
1602 2166 1684 2214 est
1714 2175 1725 2213 :

145 2255 192 2303 et
218 2245 345 2300 dum
403 2246 519 2316 ipse
567 2244 801 2300 mendax
847 2251 949 2311 est,
983 2245 1173 2300 multis
1229 2260 1298 2300 ex
1346 2245 1526 2301 causis
1555 2247 1730 2302 Deum

148 2334 455 2390 mendacem
488 2333 826 2405 pronuntiat,
868 2333 1086 2405 quando
1115 2333 1398 2406 promissis
1446 2333 1568 2405 ejus
1619 2351 1732 2390 non

147 2423 329 2480 credit.
372 2422 546 2493 Igitur
589 2438 808 2478 omnem
861 2421 1142 2477 hominem
1203 2421 1520 2480 mendacem
1569 2423 1730 2492 dicit,

150 2512 236 2584 qui
256 2510 512 2567 diﬁidens
540 2518 621 2566 est
649 2510 715 2566 de
764 2509 1048 2582 promissis
1091 2510 1211 2566 Dei.
1262 2511 1502 2567 Maxime
1549 2520 1730 2567 tamen

150 2601 247 2657 hoc
297 2599 366 2656 ad
418 2599 636 2654 Iudaeos
690 2600 946 2671 pertinet,
983 2616 1216 2672 quorum
1267 2616 1489 2656 causam
1530 2608 1733 2657 tractat

150 2690 246 2746 hoc
265 2691 386 2746 loco
439 2689 752 2761 Apostolus,
785 2689 879 2762 qui
921 2688 1170 2744 videntes
1224 2689 1528 2757 Christum,
1561 2705 1737 2761 nega-

150 2787 336 2837 verunt
385 2780 536 2835 hunc
589 2796 729 2844 esse,
787 2795 949 2852 quem
996 2779 1249 2851 promisit
1309 2782 1500 2844 Deus;
1551 2796 1614 2836 ac
1643 2796 1738 2851 per

158 2869 252 2925 hoc
281 2868 572 2925 mendaces
602 2867 1064 2939 pronuntiantur:
1098 2869 1243 2922 Deus
1263 2875 1442 2922 autem
1474 2884 1642 2922 verax
1657 2875 1738 2924 est

159 2959 242 3029 qui
296 2958 453 3012 misit
499 2955 807 3023 Christum,
865 2955 1006 3011 sicut
1036 2955 1288 3026 promisit
1319 2973 1332 3022 ;
1367 2963 1422 3010 et
1453 2955 1532 3011 sic
1564 2956 1741 3012 vincit

160 3062 271 3100 cum
291 3044 600 3115 judicatur,
625 3043 759 3116 quia
788 3041 962 3110 dabit,
1009 3041 1155 3114 quod
1205 3043 1433 3098 daturus
1466 3050 1694 3114 negatur
1723 3060 1735 3098 :

163 3149 274 3187 cum
299 3133 450 3187 enim
483 3148 594 3186 non
629 3131 677 3185 ei
707 3129 971 3197 creditur,
1025 3131 1264 3185 mendax
1288 3129 1592 3201 judicatur.
1643 3131 1742 3186 Ille

1837 1985 1978 2053 Quia
1995 1984 2248 2058 quamvis
2275 1990 2585 2054 peccatores
2612 1982 2807 2050 simus,
2838 1983 3210 2038 reformamur
3249 1989 3434 2038 tamen

1837 2089 1934 2146 per
1957 2071 2337 2144 paenitentiam
2371 2089 2382 2127 :
2416 2079 2479 2126 ut
2496 2086 2609 2126 non
2631 2069 2746 2142 jam
2777 2077 3109 2142 peccatores,
3133 2068 3231 2126 sed
3258 2067 3436 2126 abluti

1839 2161 2259 2234 promissionem
2289 2175 2596 2216 mereamur
2625 2159 2887 2230 accipere.
2921 2159 3041 2214 Non
3071 2173 3214 2230 ergo
3241 2157 3290 2213 is
3315 2173 3437 2214 sen-

1840 2267 1933 2307 sus
1947 2258 2028 2306 est
2061 2250 2119 2306 in
2144 2249 2328 2306 verbis
2352 2249 2628 2322 prophetas
2653 2247 2856 2317 David,
2883 2264 3010 2304 cum
3030 2247 3167 2304 dicit
3202 2266 3213 2304 :
3259 2271 3278 2294 ι
3313 2247 3438 2306 Tibi

1841 2345 1945 2401 soli
1973 2345 2274 2416 peccavi,et
2301 2345 2507 2401 malum
2527 2361 2710 2401 coram
2741 2353 2794 2401 te
2823 2344 2928 2400 feci
2956 2362 2968 2400 :
3002 2353 3064 2400 ut
3107 2342 3438 2415 justiﬁceris

1842 2434 1900 2490 in
1965 2433 2312 2491 sermonibus
2373 2434 2504 2502 tuis,
2579 2443 2634 2490 et
2705 2434 2896 2490 vincas
2957 2449 3084 2490 cum
3161 2431 3436 2504 judicaris

1845 2523 2060 2595 (Ibid.),
2093 2549 2112 2572 ι
2149 2523 2244 2596 qui
2292 2524 2689 2580 malevolorum
2720 2522 3008 2580 hominum
3054 2538 3224 2595 prava
3258 2522 3443 2578 inter-

1845 2612 2146 2684 pretatione
2198 2612 2512 2679 asseritur;
2591 2619 2654 2669 ut
2726 2620 2946 2684 peccata
3006 2610 3296 2680 hominum
3385 2615 3442 2665 et

1845 2701 1974 2756 mali
2006 2709 2159 2756 actus
2191 2700 2289 2755 Dei
2331 2699 2717 2771 justiﬁcationi
2734 2701 3047 2772 proﬁciant,
3077 2708 3133 2755 et
3160 2717 3256 2772 per
3297 2698 3442 2754 mala

1845 2796 2033 2843 nostra
2075 2787 2253 2843 bonus
2299 2796 2574 2859 appareat,
2605 2796 2660 2844 et
2712 2787 2987 2858 injustitia
3044 2796 3230 2842 nostra
3277 2786 3438 2841 illum

1842 2875 2054 2948 justum
2085 2876 2355 2932 ostendat.
2392 2876 2664 2944 Quoniam
2712 2877 2894 2948 itaque
2925 2875 3150 2948 iniquus
3195 2891 3307 2930 non
3357 2882 3441 2931 est

1850 2967 2017 3033 Deus,
2067 2982 2192 3020 cum
2237 2966 2441 3037 irrogat
2490 2965 2652 3033 iram,
2677 2963 2793 3036 jam
2821 2980 2934 3020 non
2963 2964 3200 3035 peccatis
3237 2964 3439 3021 nostris

1844 3055 2180 3127 justiﬁcatur
2213 3075 2224 3112 :
2259 3055 2388 3128 quia
2415 3055 2461 3110 si
2491 3053 2726 3126 peccatis
2773 3055 2976 3110 nostris
3020 3053 3435 3126 justiﬁcaretur,

1850 3145 2077 3218 iniquus
2122 3153 2282 3212 esset,
2323 3145 2371 3200 si
2421 3143 2759 3211 vindicaret;
2825 3142 2920 3200 sed
2977 3142 3109 3214 quia
3165 3159 3276 3199 non
3355 3152 3438 3199 est

161 3230 329 3277 autem
359 3237 488 3277 cum
535 3225 633 3282 43
680 3219 774 3274 dat
829 3217 975 3291 (Ιαοά
1027 3215 1309 3288 iudicatur
1352 3233 1463 3273 non
1491 3217 1741 3299 daturus,
1777 3252 1820 3312 ο
1852 3215 2096 3306 iniquus,
2155 3249 2282 3288 cum
2339 3231 2606 3300 vindicat,
2665 3231 3018 3287 manifestum
3075 3241 3162 3288 est
3195 3231 3324 3304 quia
3377 3230 3438 3286 in

164 3319 344 3386 vincit,
375 3317 668 3374 ostendens
697 3334 752 3374 se
781 3334 1050 3386 veracem,
1082 3319 1241 3373 illum
1279 3326 1460 3374 autem
1510 3319 1747 3375 menda—
1849 3319 2068 3393 justitia
2121 3330 2308 3378 nostra
2353 3320 2452 3376 Dei
2495 3318 2771 3390 justitiam
2799 3336 2912 3375 non
2957 3318 3331 3376 commendat.
3379 3318 3440 3374 Si

165 3424 292 3476 cem,
325 3409 418 3482 qui
451 3425 564 3464 non
615 3407 789 3464 credit
836 3407 1020 3464 verbis
1047 3406 1183 3477 ejus.
1217 3407 1442 3464 Videbit
1471 3409 1618 3464 enim
1646 3409 1745 3465 Dei

166 3495 356 3551 Filium
384 3496 442 3552 in
479 3495 781 3568 majestate,
817 3513 979 3570 quem
1013 3505 1172 3569 negat
1206 3516 1216 3553 :
1251 3497 1465 3554 videbit
1486 3506 1539 3554 et
1566 3499 1746 3554 carnis

169 3586 633 3654 resurrectionem,
655 3595 710 3643 et
738 3587 873 3644 sciet
894 3588 1096 3644 victam
1127 3603 1242 3644 esse
1271 3587 1554 3660 perﬁdiam
1573 3588 1746 3662 polli-

167 3672 410 3730 citatione
430 3684 484 3731 et
511 3676 740 3731 veritate
773 3676 864 3732 Dei
900 3675 1038 3747 (85).
1068 3675 1204 3731 Nam
1235 3683 1288 3730 et
1317 3675 1573 3732 Christus
1617 3693 1741 3734 cum

165 3763 426 3835 judicatus
456 3775 539 3822 est
568 3768 704 3823 vicit
735 3785 748 3833 ;
784 3767 971 3840 inique
991 3767 1138 3823 enim
1155 3767 1368 3824 occisus
1389 3775 1489 3836 est,
1517 3776 1570 3824 et
1591 3783 1744 3824 reum

171 3853 291 3908 fecit
331 3855 635 3924 diabolum,
690 3872 850 3930 quem
897 3855 1012 3928 jam
1069 3873 1180 3912 non
1210 3856 1486 3928 peccando
1515 3873 1749 3930 supera-

173 3951 336 4008 verat,
390 3952 452 4000 ut
493 3944 738 4001 secundo
783 3945 966 4002 victus
1012 3946 1311 4012 amitteret,
1344 3963 1482 4016 quos
1529 3947 1749 4004 tenebat

238 4122 255 4190 (
287 4123 436 4180 Vers.
464 4125 499 4181 5
520 4131 577 4180 et
604 4124 658 4180 6.
702 4127 722 4198 )
767 4148 785 4172 ι
814 4124 872 4182 Si
891 4132 1076 4181 autem
1107 4123 1385 4197 injustitia
1427 4133 1614 4182 nostra
1646 4125 1745 4182 Dei

224 4262 350 4341 (Si)
375 4265 544 4341 _Corb.
597 4265 726 4341 _cod.
780 4267 987 4341 aliique»
1028 4268 1290 4341 nonnulli
1318 4277 1371 4324 et
1406 4267 1571 4341 Dion.
1602 4267 1747 4340 apud

179 4330 473 4410 Gill.,isicut
499 4338 754 4409 scriptum
784 4330 1350 4410 esthgiturqnoniam
1396 4340 1539 4395 Deus
1581 4330 1748 4394 verax

181 4410 261 4467 est,
309 4408 398 4462 dat
448 4408 1175 4480 quod"promisitfhominis
1206 4418 1381 4465 autem
1427 4417 1501 4464 est
1531 4410 1744 4480 fallere,

182 4490 312 4550 quem
343 4485 578 4550 tempora
627 4487 674 4535 et
710 4487 918 4536 natura:
966 4481 1299 4536 imbecillitas
1327 4482 1535 4550 faciunt
1579 4489 1749 4536 muta-

1854 3417 2037 3466 autem
2085 3408 2514 3476 commendaret,
2568 3425 2680 3465 non
2730 3407 3054 3476 vindicaret,
3097 3397 3226 3480 quia
3255 3405 3442 3479 justus

1856 3507 1954 3555 68L

1927 3588 2007 3642 Ac
2041 3603 2136 3659 per
2190 3585 2296 3642 hoc
2338 3583 2572 3657 subjecit
2621 3602 2632 3640 :
2697 3608 2716 3632 ‹
2768 3581 3072 3641 secundum
3135 3580 3442 3652 hominem,

1855 3675 2058 3747 inquit,
2082 3674 2226 3731 dico.
2260 3673 2438 3740 Absit,
2463 3700 2482 3721 ι
2538 3673 2645 3730 hoc
2680 3680 2781 3742 est,
2830 3672 2994 3740 absit,
3031 3688 3099 3728 ne
3127 3673 3276 3728 Deus
3323 3671 3445 3728 ini-

1856 3779 1996 3836 quus
2049 3762 2299 3830 dicatur;
2350 3762 2479 3836 quia
2526 3761 2632 3818 hoc
2683 3761 2899 3818 homini
2943 3761 3224 3833 competit,
3279 3777 3442 3834 quem

1855 3861 2070 3912 constat
2093 3861 2146 3910 et
2167 3869 2370 3922 errare,
2410 3862 2464 3910 et
2492 3853 2608 3910 falli
2654 3861 2707 3909 et
2736 3854 2944 3910 fallere.
2973 3853 3108 3910 Nam
3138 3855 3290 3910 Deus
3342 3853 3443 3910 im-

1855 3943 2141 4000 mutabilis
2181 3950 2511 4015 perseverat,
2543 3958 2645 3999 nec
2684 3949 2864 4015 potest
2913 3958 3028 3998 non
3067 3957 3274 4011 amare,
3322 3958 3445 4015 quae

1856 4031 2006 4090 fecit.

1942 4146 1962 4169 ε
1991 4121 2258 4196 Alioquin
2303 4121 2580 4196 quomodo
2625 4119 2901 4194 judicabit
2927 4122 3073 4179 Deus
3101 4120 3258 4178 hunc
3285 4135 3445 4178 mun-

1851 4265 2102 4338 promisit
2133 4267 2290 4322 Deus.
2330 4266 2531 4323 Videbit
2583 4266 2719 4321 enim
2769 4264 2967 4335 factam
3010 4264 3446 4338 resurrectionem

1855 4335 2016 4408 quam
2043 4338 2248 4408 negavit
2275 4355 2293 4402 ;
2343 4344 2390 4392 et
2439 4339 2562 4392 sciet
2592 4338 2778 4392 victam
2807 4355 2911 4391 esse
2936 4337 3215 4408 perﬁdiam
3268 4335 3444 4406 polli-

1857 4409 2102 4463 citatione
2128 4415 2177 4463 et
2206 4409 2420 4462 veritate
2443 4409 2556 4464 Dei.
2591 4409 2700 4463 Hoc
2723 4414 2796 4462 est
2822 4409 2950 4478 quia
2975 4409 3114 4462 Deus
3145 4424 3313 4478 verax
3341 4414 3438 4472 est,

1857 4481 2026 4535 omnis
2052 4487 2224 4535 autem
2247 4481 2398 4534 homo
2444 4481 2689 4547 mendax,
2722 4480 2814 4549 qui
2831 4477 2995 4550 negat
3020 4479 3162 4549 quod
3196 4477 3442 4547 futurum

185 4546 336 4616 bilem,
364 4546 459 4621 per
512 4553 570 4607 id
621 4552 760 4621 quod
802 4553 1189 4622 pra'scimitiam
1242 4546 1347 4607 non
1397 4553 1566 4607 habet.
1611 4554 1751 4609 Deus
1778 4612 1822 4622 __
1857 4558 1950 4606 est.
1983 4553 2120 4606 Nam
2147 4557 2196 4605 et
2227 4551 2491 4616 Christus,
2522 4558 2626 4606 etc.

186 4612 335 4672 autem
364 4612 527 4692 apud
576 4612 728 4692 quem
773 4612 910 4678 nihil
975 4623 1222 4692 futurum
1274 4631 1369 4687 est,
1402 4624 1748 4679 immutabilis
1778 4612 1828 4672 D

184 4700 478 4764 perseverat,
521 4693 657 4748 sicut
709 4693 838 4748 dicit
869 4711 880 4748 :
941 4696 1053 4764 Ego
1077 4711 1215 4759 sum,
1246 4701 1294 4748 et
1323 4712 1427 4749 non
1481 4696 1745 4750 mutabor.

191 4759 382 4817 Omnem
409 4759 529 4836 ergo
554 4765 812 4820 hominem
840 4765 967 4820 dicit
994 4759 1310 4831 mendacem,
1341 4773 1388 4821 et
1415 4783 1596 4820 verum
1632 4772 1708 4820 est
1733 4783 1750 4820 :

188 4837 518 4908 naturaienim
555 4854 674 4908 qua:
703 4836 948 4906 fallitur,
975 4854 1083 4891 non
1111 4839 1338 4892 absurde
1369 4838 1566 4892 dicitur
1606 4854 1754 4892 mene

191 4900 322 4978 ἀιι-ῖ.Δ
355 4907 534 4976 Itaque
563 4900 884 4978 'aliq'uando
930 4900 1155 4976 _studio,
1211 4910 1502 4978 aliquando
1575 4925 1754 4963 error-

193 4974 393 5053 mendax
423 4974 512 5033 est.
546 4974 827 5053 Non-ergo
867 4980 959 5053 hoc
1013 4979 1075 5034 de
1121 4974 1230 5053 Deo
1282 4974 1601 5053 sperandum
1657 4986 1750 5046 est,

195 5051 348 5124 quiet
370 5065 518 5124 serus
547 5055 641 5124 est,
671 5055 718 5104 et
745 5051 1036 5124 beneuolus,
1067 5056 1127 5104 ut
1181 5051 1397 5124 impleat
1423 5051 1751 5124 qurodﬂpro-

197 5121 333 5192 trusit.
374 5121 520 5193 Quod
548 5121 706 5176 etiam
732 5121 1035 5193 prophetico
1063 5121 1281 5193 oraculo
1309 5121 1514 5193 ﬁrmati
1557 5121 1751 5190 dicens,

199 5191 310 5273 sicut
363 5192 618 5273 scriptum
655 5191 776 5273 esti:
825 5191 1257 5273 justiﬁceris
1309 5191 1376 5246 in
1431 5194 1754 5273 sermonibus

201 5259 284 5332 tuis
331 5266 375 5313 et
425 5259 603 5318 vincas
643 5263 769 5318 dum
805 5259 1095 5332 judicarisi
1148 5263 1289 5319 Huic
1338 5273 1518 5320 autem
1571 5265 1753 5320 versui

202 5325 500 5407 subnectunt
551 5325 892 5407 cod._Di6n.
950 5343 1004 5391 et
1059 5333 1291 5407 Remig.,
1350 5335 1516 5390 Deum
1547 5335 1751 5404 justum

201 5402 434 5477 Promisit,
463 5413 510 5460 et
563 5405 733 5460 verbis
761 5407 873 5460 suis
912 5402 1248 5477 propheticus
1291 5422 1462 5460 sermo
1511 5402 1750 5474 testatur,

204 5482 276 5546 nec
298 5473 591 5544 aliquorum
608 5477 840 5548 perﬁdia
865 5473 1158 5549 ﬁdem—ejus
1186 5477 1377 5543 minui,
1408 5477 1497 5532 sed
1551 5473 1751 5532 dando-

208 5553 396 5620 uincere.
450 5549 599 5615 Quod
649 5549 844 5620 perﬁdi
893 5565 999 5604 non
1053 5550 1312 5620 credentes
1386 5554 1574 5619 negant
1617 5565 1754 5620 feum

207 5607 666 5691 daturu_m.'Dabit'
701 5607 821 5690 ergo
875 5620 1016 5691 quod
1061 5619 1364 5688 judicatur,
1445 5607 1505 5674 ut
1580 5619 1758 5674 vincat

209 5677 438 5762 Ῑιξσξεηάο,
463 5691 605 5759 quod
632 5677 856 5762 negatur
883 5677 1166 5761 ‘facturus.
1220 5677 1364 5748 Tunc
1394 5691 1632 5746 vincetur
1657 5691 1753 5745 im-

209 5759 368 5822 Ριείαε,
389 5776 502 5829 qua;
553 5759 834 5817 dum'non
879 5759 1066 5828 credit,
1103 5769 1255 5834 negat
1307 5779 1433 5818 cera
1465 5779 1592 5827 esse,
1638 5778 1757 5832 quas

1932 4623 2048 4693 (85)
2081 4623 2207 4678 Mss.
2243 4622 2472 4694 aliquot,
2515 4627 2572 4676 ut
2599 4622 2729 4677 sciat
2756 4638 2932 4677 veram
2965 4638 3070 4677 esse
3091 4619 3446 4691 pollicitatio-

1857 4710 1973 4748 nem
2003 4711 2063 4748 ac
2082 4695 2349 4748 veritatem
2378 4694 2496 4749 Dei.

1934 4764 2050 4834 (86)
2080 4767 2202 4820 Duo
2256 4781 2385 4820 mss.
2443 4762 2674 4830 addunt,
2716 4763 2774 4817 in
2828 4761 3039 4834 inferis,
3069 4761 3162 4814 hoc
3187 4764 3284 4824 est,
3315 4759 3458 4830 quia

1859 4833 2036 4890 omnis
2056 4837 2208 4890 homo
2234 4837 2483 4901 mendax,
2512 4836 2652 4890 Deus
2679 4839 2852 4888 autem
2875 4833 3017 4887 solus
3046 4846 3230 4886 verax.

1934 4907 2050 4988 (87)
2105 4907 2367 4988 Nonnulli
2400 4923 2552 4973 mss.,
2608 4921 2710 4974 quo
2738 4904 3020 4972 judicatur
3052 4919 3157 4956 non
3193 4903 3324 4958 dare
3365 4903 3447 4958 his

1899 4985 1952 5032 ui
1979 4985 2208 5034 peccant.

1899 4995 1952 5032 ui
2015 4995 2208 5034 eccam.

1859 4995 1892 5048 ᾳ
1934 4995 2051 5119 (ἑὲ)
2108 5048 2342 5116 Quidam
2371 5064 2526 5114 mss.,
2554 5047 2832 5119 Etiverum
2861 5053 2954 5116 est,
2985 5046 3031 5101 si
3062 5052 3231 5102 tamen
3260 5045 3306 5099 ei
3320 5062 3446 5119 pro-

1859 5117 2003 5191 ﬁciat
2025 5117 2207 5174 nostra
2233 5119 2508 5191 iniquitas.
2539 5117 2641 5191 §ed
2693 5117 2821 5191 quia
2844 5119 3199 5191 periculosum
3226 5121 3301 5170 est
3348 5117 3444 5191 hoc

1859 5187 2160 5265 dicerenon
2187 5197 2261 5244 est
2286 5187 2500 5265 iniquus
2527 5189 2694 5265 _Deus,
2722 5191 2769 5265 si
2783 5187 3000 5265 _juclicat
3029 5207 3042 5256 ;
3067 5188 3330 5265 quianon
3358 5187 3445 5265 illi

1859 5262 2122 5330 injustitia
2145 5267 2326 5316 nostra
2345 5258 2640 5332 proficit,ut
2669 5260 2818 5332 nobis
2841 5258 3174 5332 peccantibus
3189 5259 3281 5312 ille
3285 5258 3446 5332 justi-

1860 5328 2062 5404 licetur,
2092 5333 2148 5386 id
2167 5339 2323 5400 est,ul
2345 5328 2575 5402 :qaudeat
2591 5328 3058 5404 peccatisnostris,
3085 5347 3184 5401 per
3199 5328 3449 5404 _quazjlle

1860 5398 2007 5458 solus
2023 5403 2204 5472 justus
2247 5398 2535 5475 appareat.
2591 5398 2695 5458 Sed
2721 5403 2877 5470 absit,
2907 5403 3007 5475 ait,
3023 5398 3304 5475 secundum
3332 5398 3444 5452 ho-

1858 5471 2049 5530 minem
2077 5475 2212 5543 dico,
2241 5471 2344 5530 hoc
2369 5483 2464 5540 est;
2493 5490 2672 5529 sensus
2699 5475 2780 5528 hic
2807 5473 3007 5528 homini
3054 5471 3313 5543 convenit,
3335 5486 3445 5543 _non

1860 5547 1990 5614 Deo,
2020 5546 2148 5616 quia
2175 5540 2282 5600 non
2327 5547 2470 5602 cadit
2501 5547 2554 5600 in
2584 5547 2770 5616 Deum,
2800 5551 2858 5599 ut
2898 5541 3232 5616 iniquus__sit,
3261 5541 3350 5616 sed
3389 5540 3446 5616 in

1860 5610 2136 5673 hominem.
2193 5619 2296 5674 Nec
2356 5617 2492 5672 enim
2545 5610 2808 5685 injustitia
2861 5610 3045 5685 nostra
3091 5612 3261 5685 Deum
3309 5610 3448 5680 facit

1850 5687 2079 5761 justum,
2110 5689 2156 5744 si
2179 5690 2509 5761 peccantibus
2537 5683 2685 5742 nobis
2711 5687 2814 5753 det,
2843 5684 2982 5754 quod
3007 5683 3258 5755 promisit
3283 5698 3447 5737 sanc-

1862 5760 1946 5815 tis.
