3980 6372
521 387 595 448 79
1556 389 1653 445 AD
1691 386 1928 447 OPERA
1962 388 2019 446 S.
2061 386 2394 448 AMBROSII
2430 386 2819 446 APPEMDIX.
3754 388 3823 447 80

521 515 654 573 dum
682 513 712 573 ?
739 539 758 564 ι
799 514 1005 574 Verum
1035 521 1139 583 est,
1171 514 1307 587 quia
1335 530 1449 571 non
1487 514 1828 588 eratjustum
1858 523 1919 572 ut
1959 514 2123 587 judi-
2149 518 2200 577 Α
2222 514 2407 587 justus
2435 515 2726 589 quisquam
2759 514 2936 587 (Psal.
2960 529 3084 581 xm,
3106 512 3186 585 3).
3206 538 3226 561 ι
3265 510 3646 586 Abinjustitia
3658 518 3823 590 empit

533 612 683 664 caret
726 606 873 662 Deus
908 604 1200 673 mundum,
1219 604 1266 661 si
1284 615 1503 677 peccata
1516 606 1635 678 ejus
1650 605 1756 679 ipsi
1770 606 2117 679 proﬁcerent;

533 703 597 752 ut
630 704 772 752 nutu
800 692 918 765 ejus
947 703 1232 767 peccantes
1252 695 1381 752 dum
1416 696 1633 752 veniam
1687 704 2121 769 consequuntur,

532 786 682 841 Deus
738 783 918 840 bonus
973 782 1299 840 videretur:
1347 792 1401 840 et
1430 785 1475 841 si
1514 802 1626 841 non
1672 792 1979 856 peccarent,
2013 801 2124 840 non

534 871 821 931 videretur
840 869 1061 943 justus;
1093 872 1139 928 si
1168 874 1315 929 enim
1351 890 1458 931 non
1489 882 1731 945 peccent,
1764 889 1876 929 non
1908 872 2126 929 haben-

536 960 609 1019 do
636 960 727 1018 cui
755 962 1018 1030 remittat,
1052 978 1163 1018 non
1188 961 1293 1019 erit
1311 962 1490 1019 bonus
1522 964 1662 1035 (89).

607 1068 791 1140 (Vers.
824 1068 902 1140 7.)
948 1092 966 1115 ι
996 1067 1053 1125 Si
1082 1068 1231 1125 enim
1254 1070 1459 1125 veritas
1485 1071 1583 1126 Dei
1612 1069 1669 1126 in
1718 1087 1841 1127 meo
1893 1070 2129 1127 menda-

530 1159 619 1216 cio
649 1158 954 1215 abundavit
1008 1159 1067 1215 in
1112 1159 1342 1232 gloriam
1400 1161 1591 1232 ipsius,
1642 1162 1776 1233 quid
1832 1161 2017 1218 adhuc
2074 1170 2127 1217 et

531 1264 631 1320 ego
658 1255 917 1321 tanquam
949 1256 1201 1320 peccator
1248 1248 1468 1321 judicor
1497 1250 1525 1306 ?
1556 1275 1574 1299 ι
1641 1251 1993 1307 Manifestum
2024 1257 2123 1317 est,

534 1336 664 1410 quia
696 1337 742 1393 si
774 1336 840 1393 ad
863 1337 1091 1409 gloriam
1136 1338 1236 1394 Dei
1282 1338 1499 1411 proﬁcit
1539 1339 1886 1396 mendacium
1938 1340 2129 1395 homi-

534 1444 690 1496 num,
722 1434 785 1483 ut
822 1427 916 1484 ille
967 1428 1118 1484 solus
1147 1444 1311 1484 verus
1359 1436 1633 1501 appareat,
1679 1436 1992 1501 peccatores
2017 1445 2127 1487 non

534 1524 664 1572 sunt
691 1515 911 1572 dicendi
942 1516 1036 1588 qui
1065 1524 1295 1588 peccant
1326 1535 1339 1584 ;
1366 1517 1496 1590 quia
1547 1533 1659 1572 non
1704 1518 2004 1585 voluntate,
2035 1514 2130 1572 sed

536 1605 781 1678 impulsu
808 1605 925 1677 ejus
956 1605 1292 1661 videbuntur
1319 1622 1541 1678 peccare
1572 1609 1586 1662 Ξ
1621 1605 1767 1680 quod
1798 1606 1960 1663 absit.

609 1715 792 1787 (Vers.
825 1716 907 1786 8.)
939 1739 957 1761 ι
988 1716 1059 1771 Et
1097 1731 1232 1783 non,
1254 1715 1399 1771 sicut
1426 1714 1892 1787 blasphemamur,
1915 1722 1969 1770 et
1987 1712 2131 1770 sicut

534 1803 691 1861 aiunt
711 1822 810 1861 nos
827 1803 1052 1877 quidam
1083 1805 1286 1873 dicere,
1322 1804 1590 1861 faciamus
1620 1805 1783 1873 mala,
1814 1811 1877 1859 ut
1904 1803 2132 1859 veniant

2234 603 2377 660 mala
2429 620 2594 676 opera
2633 620 2824 661 eorum
2878 618 3218 671 enumerare,
3268 611 3325 659 et
3378 603 3581 676 partim
3638 605 3820 677 pejora

2232 692 2503 765 subjicere
2529 712 2543 760 ;
2577 701 2640 750 ut
2668 694 3041 750 manifestaret
3072 694 3131 748 in
3165 692 3253 748 his
3281 692 3493 748 nullam
3523 709 3674 765 spem
3724 696 3822 752 vi-

2233 784 2371 851 deri,
2404 784 2511 840 nisi
2532 784 2829 857 implorent
2857 783 3295 841 misericordiam
3327 782 3557 854 Christi,
3586 787 3682 859 qui
3704 803 3822 860 pec-

2234 883 2355 931 cata
2382 874 2638 930 dimittit.

2308 972 2574 1045 (Ver-$.11
2607 979 2661 1028 et
2685 972 2797 1043 12.)
2832 971 3042 1029 Deinde
3068 970 3296 1043 adjecit:
3343 974 3500 1030 «Non
3521 973 3824 1033 estintelli-

2237 1078 2423 1135 gens.»
2461 1060 2673 1118 Verum
2702 1069 2805 1129 est,
2853 1060 2985 1135 quia
3016 1060 3061 1117 si
3090 1060 3246 1117 daret
3270 1077 3491 1134 operam
3522 1064 3823 1138 intelligere

2236 1150 2479 1224 injustus
2501 1167 2614 1207 non
2635 1160 2796 1207 esset.

2321 1274 2339 1297 ι
2368 1251 2491 1307 Νοη
2519 1260 2601 1308 est
2630 1251 2917 1324 requirens
2932 1252 3128 1311 Deum.
3158 1281 3176 1303 ι
3218 1254 3330 1311 Nec
3357 1252 3504 1311 istud
3542 1255 3818 1312 occultum

2237 1348 2337 1410 est,
2365 1343 2494 1414 quia
2520 1343 2567 1398 si
2593 1343 2926 1416 intelligeret
2956 1344 3090 1419 quid
3118 1345 3417 1419 prodesset,
3444 1347 3621 1402 Deum
3673 1363 3821 1419 quaa-

2237 1438 2381 1487 reret
2411 1450 2423 1487 :
2452 1438 2506 1487 et
2536 1448 2648 1487 non
2679 1433 2820 1489 sicut
2858 1434 2968 1489 Asa
2996 1450 3092 1490 rex
3139 1434 3300 1504 Juda,
3353 1433 3449 1508 qui
3481 1442 3605 1507 post
3655 1435 3825 1491 multa

2238 1519 2339 1576 Dei
2383 1519 2652 1577 beneﬁcia
2705 1521 2785 1578 sic
2821 1521 3151 1595 depravatus
3199 1530 3300 1592 est,
3336 1531 3399 1580 ut
3448 1524 3825 1581 inﬁrmitatem

2238 1609 2441 1682 pedum
2498 1627 2708 1684 passus,
2766 1612 3035 1685 propheta
3088 1622 3375 1686 praesente,
3405 1630 3517 1671 non
3563 1622 3829 1689 quaereret

2238 1699 2434 1755 Deum.

2324 1822 2342 1845 ι
2371 1798 2575 1857 Omnes
2604 1799 3044 1875 declinaverunt,
3070 1804 3235 1861 simul
3267 1804 3490 1862 inutiles
3519 1806 3651 1864 facti
3704 1813 3830 1863 sunt

533 1893 724 1951 bona?
754 1920 773 1943 ι
818 1894 976 1951 Nunc
995 1894 1171 1967 aperit
1190 1910 1428 1967 quorum
1459 1910 1623 1951 causa
1651 1893 1771 1950 haec
1799 1892 2057 1959 sollicite,
2075 1899 2130 1947 et
2158 1879 2205 1939 B
2241 1888 2414 1959 (Psal.
2447 1905 2571 1960 xm,
2604 1890 2684 1962 3).
2722 1918 2740 1940 ι
2779 1892 2997 1949 Nemini
3019 1893 3095 1949 du
3118 1893 3295 1961 bium,
3332 1895 3462 1968 quia
3496 1910 3687 1951 omnes
3720 1911 3828 1950 non

535 1999 662 2040 cum
692 1983 1002 2039 reverentia
1021 1982 1286 2055 disputat.
1319 1983 1368 2037 A
1395 1982 1668 2054 perversis
1698 1982 1815 2055 (90)
1842 1981 1989 2036 enim
2024 1979 2129 2035 hoc

538 2071 937 2145 opponebatur,
966 2071 1123 2147 quasi
1154 2071 1248 2129 hic
1276 2079 1417 2129 esset
1472 2087 1664 2128 sensus
1707 2070 2127 2143 przedicantium

538 2159 916 2217 remissionem
946 2169 1319 2234 peccatorum,
1349 2170 1413 2218 ut
1437 2160 1678 2218 facerent
1702 2160 1865 2227 mala,
1897 2168 1951 2216 et
1979 2158 2130 2214 veni-

539 2258 663 2306 rent
690 2249 853 2320 bona,
907 2250 1015 2308 hoc
1060 2259 1161 2320 est,
1205 2258 1515 2324 peccarent,
1546 2259 1609 2308 ut
1638 2247 1974 2305 remittendo
2017 2245 2132 2303 illis

539 2341 688 2397 Deus
714 2340 997 2397 videretur
1040 2340 1240 2410 bonus,
1274 2340 1576 2398 secundum
1621 2356 1742 2413 quae
1770 2354 1933 2411 supra
1983 2335 2131 2393 dicta

540 2438 671 2486 sunt
695 2448 707 2486 :
741 2430 888 2503 quod
911 2430 1314 2503 blasphemium
1336 2430 1592 2502 appellat,
1615 2438 1669 2485 et
1702 2427 1894 2499 abjicit
1922 2443 1953 2482 a
1968 2442 2131 2482 sensu

542 2519 751 2577 divina:
779 2520 1064 2578 doctrinis.
1125 2522 1236 2578 Nec
1286 2520 1436 2576 enim
1491 2535 1715 2593 peccare
1745 2517 1941 2574 debere
1994 2515 2133 2594 ﬁdes

495 2604 504 2615 ’
538 2609 727 2678 tradit,
761 2611 963 2683 quippe
993 2628 1119 2668 cum
1168 2609 1548 2682 judicaturum
1599 2610 1773 2665 Deum
1826 2604 2083 2680 praedicet
2114 2623 2129 2673 ;

539 2697 636 2755 sed
663 2698 1115 2771 delinquentibus
1167 2699 1429 2765 consulit,
1465 2707 1528 2754 ut
1582 2705 1902 2770 recuperata
1929 2695 2129 2762 salute,

537 2788 641 2844 sub
671 2788 788 2860 lege
816 2788 917 2845 Dei
947 2788 1197 2845 viventes
1220 2788 1337 2860 jam
1368 2804 1478 2845 non
1509 2794 1754 2860 peccent.

609 2896 848 2969 Ideoque
878 2896 1115 2968 subjecit
1154 2917 1165 2953 :
1208 2922 1226 2945 ι
1258 2897 1504 2965 Quorum
1525 2895 1807 2953 damnatio
1830 2895 2128 2967 justaest,»

546 2986 604 3043 id
661 2993 762 3054 est,
812 2986 1012 3042 horum
1046 2986 1339 3041 hominum
1375 2986 1471 3058 qui
1512 2986 1863 3042 aemulatione
1906 2982 2136 3039 invidiae

541 3074 691 3131 istud
729 3074 796 3130 de
834 3074 995 3130 nobis
1022 3073 1472 3145 interpretantur,
1514 3073 1661 3146 quod
1709 3088 1874 3145 supra
1922 3069 2135 3126 dictum

542 3171 644 3232 est,
667 3162 949 3219 damnatio
972 3160 1123 3233 justa
1146 3170 1246 3217 est.
1280 3162 1408 3217 Haec
1453 3161 1600 3216 enim
1626 3160 1909 3232 jactabant
1934 3157 2133 3227 Judaei,

2239 1985 2544 2048 quaerentes
2590 1980 2787 2051 Deum,
2822 1981 3184 2053 inclinantur,
3218 1990 3280 2038 ut
3324 1983 3602 2040 auxilium
3655 1982 3827 2056 requi-

2241 2075 2365 2123 rant
2394 2083 2425 2123 a
2454 2069 2714 2126 vanitate
2748 2088 2761 2138 ;
2796 2072 3012 2128 vanitas
3050 2080 3231 2129 autem
3288 2082 3370 2131 est
3407 2072 3660 2143 idolum;
3712 2072 3833 2131 ideo

2242 2156 2469 2213 inutiles
2498 2157 2663 2214 ﬁunt.

2324 2279 2342 2302 ι
2381 2255 2503 2312 Non
2533 2266 2615 2313 est
2645 2257 2739 2331 qui
2769 2257 2937 2315 faciat
2966 2258 3205 2330 bonum,
3263 2276 3375 2317 non
3426 2269 3507 2319 est
3553 2277 3726 2337 usque
3766 2259 3830 2318 ad

2240 2361 2413 2402 unum
2466 2347 2681 2421 (Ibid)
2722 2373 2740 2395 ι
2781 2347 2922 2415 Quia
2959 2350 3206 2421 neglecto
3234 2353 3371 2421 Deo,
3419 2352 3645 2409 inutiles
3707 2351 3829 2409 facti

2241 2446 2392 2504 sunt,
2420 2438 2627 2494 bonum
2663 2439 2854 2512 utique
2897 2440 3073 2497 facere
3104 2458 3215 2497 non
3244 2450 3474 2514 possunt
3503 2462 3516 2512 ;
3544 2443 3661 2517 jam
3689 2443 3829 2499 enim

2241 2526 2523 2601 depravati
2563 2529 2860 2601 proﬁciunt
2888 2531 2946 2586 in
2978 2531 3151 2604 pejus.

2315 2625 2498 2697 (Vers.
2534 2627 2619 2683 13.
2651 2627 2671 2699 )
2718 2652 2736 2673 ι
2769 2627 3089 2700 Sepulcrum
3104 2639 3294 2700 patens
3319 2640 3400 2688 est
3427 2640 3620 2704 guttur
3648 2646 3829 2688 eorum

2245 2715 2459 2788 (Ibid)
2493 2742 2511 2763 ι
2561 2717 2679 2772 Jam
2711 2717 2871 2773 malis
2900 2717 3197 2789 mancipati
3221 2719 3467 2788 bonos,si
3495 2731 3683 2793 posset
3696 2718 3827 2787 ﬁeri,

2242 2803 2506 2861 devorare
2566 2804 2827 2862 volebant
2861 2824 2873 2862 :
2928 2814 2992 2863 ut
3029 2807 3173 2864 sicut
3224 2809 3536 2880 sepulcrum
3571 2816 3719 2882 patet
3764 2806 3827 2863 ad

2242 2893 2558 2967 recipienda
2610 2895 2898 2965 cadavera,
2933 2895 3011 2951 ita
3062 2904 3116 2953 et
3147 2895 3410 2953 adversus
3436 2896 3611 2954 bonos
3650 2904 3829 2972 guttur

2244 2997 2457 3039 eorunu.

2328 3104 2347 3126 ι
2380 3081 2610 3151 Linguis
2638 3081 2753 3138 suis
2779 3082 2967 3140 dolose
2993 3083 3224 3156 agebant
3252 3084 3467 3159 (Ibid.).
3499 3110 3517 3133 ιι
3582 3085 3690 3154 Qui
3717 3092 3823 3141 tam

2248 3171 2408 3227 malis
2461 3171 2719 3243 operibus
2748 3183 3124 3244 assueverant,
3151 3191 3273 3248 quae
3326 3175 3716 3249 loquebantur,
3767 3175 3823 3231 in

541 3261 607 3309 ut
631 3252 938 3308 doctrinam
983 3250 1339 3325 apostolicam
1389 3249 1839 3316 criminarentur,
1890 3246 2136 3303 dicentes
2167 3237 2212 3298 ϐ
2242 3259 2459 3318 fallacia
2487 3237 2663 3319 (ξι-ειη,
2696 3287 2714 3311 ,
2775 3263 3065 3320 venenum
3108 3237 3361 3336 'as‘pidum
3397 3237 3511 3322 ‘sub
3559 3237 3721 3323 labiis,
3748 3280 3830 3321 eo.

543 3339 690 3415 quod
747 3357 874 3419 cum
930 3341 1313 3398 remissionem
1388 3346 1738 3412 peccatorum
1807 3334 2132 3410 praedicant,

539 3432 804 3507 peccandi
861 3432 1113 3489 fomitem
1158 3432 1475 3506 przebeant;
1536 3440 1597 3489 ut
1627 3431 1783 3505 quasi
1810 3429 1990 3487 securi
2037 3432 2137 3490 44

540 3528 795 3586 homines
824 3529 892 3585 de
945 3530 1275 3586 remissione
1333 3529 1474 3601 (91),
1508 3535 1757 3600 prompte
1800 3534 2127 3599 peccarent:

540 3634 666 3676 cum
697 3624 907 3673 constet
935 3625 1060 3688 post
1084 3626 1359 3689 acceptam
1406 3616 1570 3673 ﬁdem
1606 3616 1973 3688 periculosum
2022 3631 2137 3673 esse

543 3721 787 3779 peccare,
819 3715 873 3762 et
899 3705 1003 3761 hoc
1032 3705 1256 3778 praedici
1285 3705 1655 3763 credentibus.

616 3814 800 3887 (Vers.
823 3814 904 3885 9.)
968 3839 985 3861 ι
1035 3814 1181 3883 Quid
1214 3830 1342 3888 ergo
1370 3814 1399 3872 ‘I
1439 3815 1804 3889 praecellimus
1834 3815 1975 3871 eos?
2022 3815 2140 3871 Ne-

543 3918 840 3978 quaquam.
905 3902 1126 3962 Causati
1195 3904 1313 3977 (92)
1372 3906 1519 3961 enim
1579 3922 1772 3962 sumus
1828 3905 2047 3962 Iudaeos
2086 3912 2141 3961 et

544 3993 762 4050 Graecos
792 4011 983 4050 omnes
1021 3994 1123 4052 sub
1178 4005 1401 4068 peccato
1431 4013 1565 4053 esse.
1608 4022 1627 4045 ι
1687 3998 1803 4053 Hoc
1852 4004 1955 4063 est,
2006 3996 2140 4068 quid

544 4086 728 4145 adhuc
770 4087 1131 4145 immoramur
1178 4089 1342 4146 latius
1402 4091 1690 4164 loquentes
1718 4091 1746 4146 ?
1779 4089 2141 4148 Ostendimus

546 4177 697 4233 enim
752 4177 983 4234 redditis
1032 4179 1231 4247 causis,
1263 4186 1372 4235 tam
1431 4180 1648 4235 Judzeos
1673 4196 1838 4253 quam
1899 4180 2139 4249 Gra‘cos,

545 4288 737 4329 omnes
783 4288 904 4328 reos
944 4289 1080 4341 esse,
1140 4272 1372 4345 ideoque
1437 4273 1644 4329 frustra
1686 4275 1857 4345 legem
1910 4271 2138 4328 servari.

545 4361 793 4417 Primum
833 4361 981 4417 enim
1030 4361 1248 4418 Graecos
1306 4362 1548 4418 ostendit
1594 4378 1713 4417 reos
1755 4360 1918 4432 juxta
1970 4363 2141 4433 legem

549 4458 790 4515 naturae,
831 4457 889 4504 et
948 4449 1097 4522 quod
1126 4465 1301 4522 neque
1330 4449 1504 4522 legem
1553 4450 1761 4523 Moysis
1791 4450 2096 4521 reciperent
2126 4467 2140 4516 ;

549 4538 915 4611 quamobrem
948 4538 1182 4610 pessima
1210 4555 1399 4595 eorum
1421 4547 1475 4594 et
1502 4539 1923 4611 pergravissima
1958 4554 2138 4594 causa.

546 4602 768 4684 Deinde
826 4602 989 4683 etiam
1048 4627 1265 4683 Judmos
1294 4602 1536 4685 ostendit
1584 4602 1726 4695 reos,
1755 4629 1849 4701 qui
1894 4627 2140 4700 sub"lege
2174 4602 2223 4660 D

542 4717 643 4772 Dei
674 4716 865 4773 vivere
904 4716 1187 4785 videntur,
1234 4734 1297 4774 ac
1325 4717 1431 4773 sibi
1476 4717 1671 4772 merito
1707 4724 1923 4789 patrum
1954 4716 2137 4772 defen-

544 4803 737 4860 derent
788 4804 1136 4877 dignitatem,
1170 4823 1238 4862 ex
1289 4822 1353 4862 eo
1393 4807 1691 4879 praecipue,
1716 4807 1863 4879 quod
1910 4806 2139 4879 promis-

545 4890 758 4947 sionem
802 4901 1019 4963 patrum
1049 4895 1378 4967 spreverint,
1410 4897 1508 4952 Dei
1556 4896 1786 4968 gratiam
1818 4895 1876 4951 in
1918 4896 2138 4951 irritum

548 4977 900 5036 deducentes.
933 4982 1019 5037 Ad
1073 5001 1236 5056 quam
1288 5001 1403 5040 rem
1452 4984 1787 5041 ﬁrmandam
1822 4986 2141 5057 exemplum

546 5067 933 5140 propheticum
959 5072 1209 5129 subdidit
1251 5090 1320 5130 ex
1368 5075 1578 5147 psalmo
1609 5075 1776 5132 tertio
1799 5074 2016 5132 decimo
2046 5073 2142 5130 di-

547 5174 705 5215 cens:

623 5268 813 5339 (Vers.
873 5267 988 5341 10.)
1054 5291 1073 5315 ι
1120 5267 1274 5326 Sicut
1301 5270 1567 5344 scriptum
1620 5281 1722 5343 est,
1762 5273 1893 5348 quia
1921 5291 2032 5330 non
2061 5282 2142 5331 est

624 5449 739 5524 (89)
768 5450 896 5524 Mss.
920 5449 1151 5523 aliquot,
1180 5452 1302 5507 utsi
1327 5471 1433 5508 non
1460 5459 1751 5524 peccarent,
1771 5471 1876 5509 non
1905 5455 2141 5512 habendo

551 5520 693 5589 quod
719 5520 1030 5588 remitteret,
1044 5540 1150 5577 non
1179 5531 1304 5579 esset
1329 5520 1516 5580 bonus.

783 5592 1046 5671 Nonnulli
1077 5611 1229 5671 _mss.,
1265 5596 1374 5671 Hoc
1401 5603 1476 5650 est
1502 5594 1639 5649 unde
1662 5594 1763 5650 sibi
1805 5600 2143 5667 quastionem

548 5659 673 5737 fecit
697 5663 1014 5737 Apostolus.
1048 5666 1095 5720 Α
1121 5659 1412 5737 perversis,
1442 5673 1546 5737 etc.

624 5734 741 5806 (91)
765 5732 1000 5800 Quidam
1027 5732 1182 5805 msé.,
1204 5737 1267 5792 de
1285 5736 1657 5808 promissione.
1680 5737 1831 5795 Infra
1856 5754 1990 5795 vero
2018 5756 2137 5811 pro,

2244 3366 2367 3405 rum
2394 3351 2606 3424 (Ibid).
2644 3378 2662 3401 ι
2710 3353 2825 3410 Hoc
2861 3354 3017 3423 dicit,
3046 3354 3176 3428 quia
3199 3355 3366 3412 verba
3398 3353 3832 3428 hujusmodiho-

2244 3440 2459 3496 minum
2515 3441 2826 3514 muscipula
2873 3451 3021 3500 sunt.
3055 3444 3142 3501 Ad
3195 3444 3301 3503 hoc
3330 3445 3478 3501 enim
3526 3444 3829 3519 loquuntur

2245 3540 2307 3587 ut
2329 3530 2639 3603 decipiant;
2672 3538 2734 3587 ut
2766 3532 2912 3590 sicut
2943 3549 3038 3606 per
3081 3532 3228 3590 labia
3263 3533 3531 3607 serpentis
3557 3546 3832 3591 venenum

2246 3621 2583 3691 infunditur,
2615 3621 2692 3677 ita
2716 3628 2771 3678 et
2798 3637 2896 3695 per
2928 3622 3075 3679 labia
3096 3640 3286 3680 eorum
3312 3624 3473 3681 dolus
3502 3633 3558 3682 et
3585 3625 3835 3683 circum-

2248 3710 2553 3767 ventiones.

2322 3808 2506 3873 (Vers.
2546 3807 2660 3882 14.)
2702 3833 2721 3856 ι
2757 3808 3007 3877 Quorum
3054 3827 3115 3867 os
3151 3811 3538 3869 maledictione
3559 3822 3618 3870 et
3646 3804 3833 3867 amari-

2247 3897 2442 3953 tudine
2489 3898 2713 3970 plenum
2760 3906 2842 3954 est
2873 3899 3088 3973 (Ibid).
3120 3925 3139 3951 ι
3198 3902 3551 3960 Manifestum
3577 3908 3661 3959 est
3714 3896 3837 3971 quia

2249 3995 2436 4044 contra
2468 3986 2641 4045 bonos
2670 3989 2801 4045 mali
2830 4005 3043 4061 semper
3071 3991 3362 4049 maledicta
3389 4000 3445 4049 et
3474 4009 3660 4049 amara
3703 4002 3837 4062 pro-

2250 4085 2491 4149 ponunt,
2524 4077 2585 4133 in
2621 4079 2940 4136 convicium
2969 4079 3193 4137 illorum
3222 4090 3642 4155 prorumpentes
3667 4086 3719 4137 et
3745 4075 3834 4133 de-

2251 4167 2595 4225 tractionem.

2325 4265 2507 4336 (Vers.
2545 4266 2631 4323 15.
2671 4267 2690 4338 )
2736 4291 2755 4315 ι
2791 4267 3021 4326 Veloces
3048 4267 3212 4341 pedes
3241 4284 3430 4326 eorum
3459 4269 3528 4327 ad
3559 4265 3833 4327 effunden-

2251 4354 2383 4411 dum
2412 4358 2736 4429 sanguinem
2764 4358 2977 4432 (Ibid.).
3010 4385 3029 4409 ι
3070 4361 3185 4417 Hoc
3204 4360 3272 4417 de
3300 4377 3431 4418 nece
3452 4361 3833 4434 prophetarum

2251 4442 2418 4513 dixit,
2454 4461 2596 4518 quos
2615 4447 2950 4504 occiderunt
2979 4448 3230 4521 impigre,
3262 4449 3330 4506 ad
3386 4450 3593 4507 bonum
3658 4459 3839 4520 segnes

2253 4533 2322 4590 ad
2351 4534 2711 4607 parricidium
2744 4538 2985 4595 veloces.

2327 4636 2511 4707 (Vers.
2546 4637 2658 4710 16.)
2732 4663 2749 4685 ι
2784 4637 3059 4697 Contritio
3087 4647 3143 4695 et
3195 4639 3494 4698 infelicitas
3526 4641 3586 4698 in
3612 4640 3720 4696 viis
3755 4652 3835 4692 eo-

2253 4742 2375 4781 rum
2408 4726 2624 4798 (Ibid.).
2654 4753 2673 4777 ι
2743 4728 3013 4795 Quoniam
3070 4728 3224 4786 citati
3280 4737 3436 4786 erant
3490 4729 3558 4786 ad
3620 4726 3836 4784 malefa-

2251 4814 2531 4884 ciendum,
2572 4817 2677 4873 iter
2721 4816 2964 4889 ipsorum
3010 4818 3099 4875 vel
3148 4834 3387 4891 gressum
3437 4819 3758 4877 tribulatum
3786 4819 3838 4869 et

2253 4903 2534 4960 infelicem
2564 4906 2907 4977 pronuntiat.

2338 5027 2357 5050 ε
2387 5004 2460 5059 Et
2492 5003 2639 5061 viam
2693 5004 2843 5077 pacis
2875 5022 2985 5062 non
3018 5013 3395 5078 cognoverunt
3426 5006 3641 5079 (Ibid).
3671 5028 3689 5053 ι
3737 5000 3838 5059 Via

2252 5094 2405 5166 pacis
2437 5094 2577 5151 lenis
2608 5102 2690 5151 est
2717 5102 2771 5151 et
2800 5096 3083 5153 inturbata
3109 5115 3123 5165 ;
3153 5097 3334 5154 omnis
3361 5097 3509 5154 enim
3553 5097 3698 5153 bona
3727 5092 3838 5147 vita

2252 5185 2557 5257 tranquilla
2587 5194 2688 5256 est,
2721 5194 2776 5242 et
2816 5195 2969 5244 actus
3024 5188 3258 5245 modesti
3312 5187 3418 5261 ipsi
3450 5196 3578 5244 sunt
3603 5181 3836 5259 paciﬁci,

2252 5281 2307 5330 et
2328 5291 2425 5348 per
2453 5275 2587 5333 istos
2644 5276 2758 5334 itur
2812 5276 2882 5333 ad
2932 5279 3106 5334 Deum
3142 5277 3281 5351 (93).
3310 5277 3397 5335 Illi
3438 5294 3566 5351 ergo
3594 5275 3839 5333 nolentes

2253 5458 2302 5508 et
2329 5452 2431 5527 hoc
2445 5452 2687 5527 prazdici,
2706 5453 2877 5527 Bom.
2897 5452 3029 5527 edit,
3053 5454 3318 5527 reposuit,
3348 5461 3397 5510 et
3424 5450 3833 5527 hocprtedipare.

2328 5518 2463 5607 (92):
2499 5526 2629 5582 Mss.
2669 5518 2863 5597 aliqui,
2923 5525 3065 5593 Quid
3092 5518 3214 5598 ergo
3261 5518 3494 5583 tehmur
3526 5518 3772 5596 hmplius
3811 5518 3838 5574 ἵ

2252 5602 2642 5747 adigitque
2671 5668 2869 5747 Wdex,
2897 5675 2951 5726 et
2968 5668 3319 5747 ‘Diongﬁpud
3339 5670 3498 5739 Gill.,
3528 5685 3635 5724 non
3662 5678 3837 5747 6091‘?

2254 5738 2460 5806 verunt,
2488 5738 2894 5797 inimicitiarum
2925 5741 3067 5799 viam
3097 5738 3373 5811 eligentes;
3402 5759 3502 5815 per
3527 5756 3687 5812 quam
3729 5738 3841 5792 itur
