3980 6414
110 431 119 439 ’
183 458 243 515 si
1259 452 1621 512 COMMENT.
1659 455 1732 514 IN
1767 456 1986 515 EPIST.
2025 459 2125 516 AD
2164 459 2332 518 non.
3384 470 3456 528 82

186 583 293 640 hac
327 578 489 669 scire,
514 579 797 652 elegerunt
823 577 969 635 viam
996 577 1442 650 tribulationum,
1472 596 1570 656 per
1596 596 1761 655 quam
1791 583 1842 644 Α
1868 583 1997 657 quia
2025 584 2210 642 omnis
2229 586 2470 644 mundus
2490 588 2673 645 Judaei
2701 598 2856 646 erant
2878 599 2932 647 et
2946 594 3194 664 gentiles,
3210 613 3241 651 a
3261 596 3465 669 quibus

183 672 288 729 itur
308 669 368 726 in
398 668 723 741 gehennam.

245 758 429 831 (Vers.
466 758 579 831 17).
624 780 643 805 ι
673 758 792 815 Non
837 764 919 814 est
946 756 1114 814 timor
1140 757 1239 815 Dei
1284 765 1410 815 ante
1441 760 1629 817 oculos
1657 777 1762 817 eo-

184 864 298 905 rum
327 846 542 921 (Ibid)
574 870 593 896 ι
635 846 904 915 Quoniam
920 846 1240 920 hujusmodi
1271 848 1390 905 sine
1417 864 1583 906 sensu
1610 858 1762 920 sunt,

181 938 273 997 Dei
314 937 567 994 timorem
615 954 726 994 non
754 937 993 994 habent:
1041 938 1317 995 «Initium
1359 940 1507 995 enim
1537 941 1763 1013 sapien-

183 1029 267 1085 tiai
303 1027 472 1084 timor
497 1026 743 1096 Domini,
772 1027 908 1084 dicit
944 1027 1203 1084 Salomon
1236 1030 1422 1100 (Prov.
1453 1047 1492 1099 ι,
1527 1032 1604 1101 7).
1637 1055 1656 1079 ›
1692 1032 1765 1087 Et

181 1133 287 1174 non
311 1115 456 1172 dixit
488 1116 741 1172 timorem
772 1116 870 1172 Dei
902 1116 1003 1173 hos
1026 1133 1138 1173 non
1168 1116 1389 1187 habere,
1419 1118 1547 1175 sed:
1594 1143 1612 1167 ι
1642 1120 1763 1176 Non

181 1213 258 1262 est
288 1204 488 1278 inquit,
532 1203 700 1261 timor
726 1205 825 1261 Dei
854 1213 979 1263 ante
1017 1207 1205 1263 oculos
1242 1223 1451 1263 eorum.
1486 1234 1504 1257 ι
1545 1208 1763 1266 Viden-

182 1304 257 1352 tes
282 1294 430 1350 enim
458 1301 570 1350 tam
614 1292 855 1367 maligna
883 1310 1046 1368 opera
1073 1312 1190 1365 sua,
1222 1304 1276 1353 et
1304 1314 1417 1354 non
1452 1297 1760 1367 horrentes,

180 1383 427 1441 timorem
458 1384 558 1441 Dei
584 1383 847 1441 dicuntur
872 1392 998 1440 ante
1025 1385 1216 1442 oculos
1242 1402 1355 1443 non
1384 1386 1603 1443 habere.
1626 1389 1765 1444 Istos

180 1491 365 1533 omnes
397 1480 453 1531 et
485 1473 750 1547 propheta
788 1473 1049 1531 Jeremias
1077 1474 1370 1547 signiﬁcat,
1403 1477 1591 1534 dicens
1617 1478 1765 1535 inter

177 1572 365 1623 caatera
391 1581 405 1620 :
450 1588 467 1611 ε
498 1563 652 1620 Tunc
679 1579 870 1620 omnes
906 1565 1326 1623 insurrexerunt
1353 1566 1410 1622 in
1440 1567 1763 1640 prophetam

178 1652 416 1722 Domini,
434 1653 681 1710 volentes
707 1653 955 1710 occidere
974 1670 1099 1710 eum
1118 1655 1331 1727 (Jerem.
1361 1673 1520 1725 xxvr,
1541 1657 1621 1728 8).
1642 1681 1660 1704 ι
1692 1657 1766 1712 Et

176 1743 450 1818 sequitur:
489 1767 508 1791 ι
535 1743 729 1801 Omnis
742 1751 925 1801 autem
943 1745 1178 1817 populus
1195 1761 1307 1801 non
1327 1746 1577 1819 permisit
1600 1745 1762 1818 (Ibid.

178 1841 287 1914 16).
322 1865 341 1890 ι
384 1840 516 1898 Illos
542 1857 670 1913 ergo
699 1857 890 1898 omnes
925 1841 1082 1911 dicit,
1112 1840 1209 1897 45
1237 1842 1334 1899 sed
1359 1842 1559 1910 malos;
1590 1841 1766 1899 ethos

1868 676 2132 750 segregati
2160 687 2289 735 sunt
2318 678 2524 736 ﬁdeles.
2557 680 2786 749 Quando
2814 697 2942 755 ergo
2988 683 3203 740 Judmos
3229 686 3324 758 qui
3372 686 3465 742 le-

1872 782 1991 841 gem
2032 777 2365 841 acceperunt
2411 787 2443 827 a
2486 772 2618 839 Deo,
2668 780 2722 828 et
2763 772 2967 845 quibus
3003 774 3147 830 facta
3174 775 3466 847 promissio

1870 865 1971 927 est,
2008 860 2245 931 peccatis
2273 858 2468 932 probat
2498 859 2768 918 obnoxios
2799 860 2941 934 (95),
2982 862 3215 918 dubium
3244 878 3357 918 non
3386 872 3468 921 est

1872 966 2062 1006 omnes
2125 949 2343 1007 Graecos
2413 967 2535 1007 reos
2599 967 2715 1008 esse
2775 952 2989 1008 mortis.
3048 951 3461 1020 Quamobrem:

1887 1064 1904 1085 ι
1942 1040 2117 1095 Omne
2157 1056 2219 1095 os
2262 1040 2601 1109 obstruatur,
2631 1040 2728 1109 ait,
2773 1048 2829 1097 et
2872 1040 3128 1097 subditus
3157 1040 3254 1097 ﬁat
3285 1039 3467 1097 omnis

1872 1128 2112 1185 mundus
2158 1130 2271 1185 Deo
2300 1147 2365 1190 ις
2415 1130 2545 1187 dum
2590 1146 2781 1187 omnes
2834 1131 2911 1187 rei
2955 1130 3170 1203 probati
3219 1130 3469 1205 indigent

1871 1216 2248 1275 misericordia
2274 1218 2394 1286 Dei,
2427 1227 2538 1275 tam
2569 1218 2768 1285 Iudaei,
2796 1235 2959 1292 quam
2989 1220 3154 1276 etiam
3193 1219 3392 1277 Graeci.

1946 1307 2124 1379 (Vers.
2158 1307 2276 1379 20).
2327 1332 2345 1356 ‹
2374 1307 2645 1376 Quoniam
2674 1307 2900 1381 quidem
2931 1324 3043 1364 non
3066 1307 3468 1381 justiﬁcabitur

1870 1412 1941 1451 ex
1987 1395 2244 1469 operibus
2296 1395 2432 1469 legis
2478 1396 2659 1452 omnis
2698 1413 2825 1453 caro
2876 1413 3058 1453 coram
3103 1400 3238 1455 Deo.
3267 1422 3286 1446 ι
3343 1398 3465 1455 Non

1873 1485 1996 1542 ideo
2014 1485 2244 1541 minime
2260 1484 2596 1556 justiﬁcatos
2616 1484 2874 1542 homines
2889 1486 3087 1542 asserit
3106 1486 3252 1558 apud
3266 1488 3465 1555 Deum;

1873 1574 2002 1649 quia
2035 1576 2207 1647 legem
2253 1573 2485 1647 justitiae
2524 1590 2634 1631 non
2662 1583 3022 1632 servaverunt
3054 1575 3112 1631 in
3143 1577 3465 1649 praeceptis:

1872 1665 1968 1722 sed
1997 1666 2127 1741 quia
2158 1672 2561 1721 sacramentum
2586 1665 2838 1737 mysterii
2856 1665 2978 1734 Dei,
2996 1665 3143 1738 quod
3166 1665 3224 1721 in
3249 1666 3469 1724 Christo

1873 1763 1976 1824 est,
2007 1754 2229 1812 credere
2256 1754 2578 1811 noluerunt.
2608 1754 2711 1810 Per
2735 1753 2842 1811 hoc
2871 1754 3019 1812 enim
3050 1755 3297 1813 decrevit
3323 1758 3470 1813 Deus

1867 1844 2172 1920 justiﬁcare
2206 1843 2512 1913 hominem,
2556 1860 2668 1900 non
2699 1860 2797 1916 per
2838 1844 3033 1917 legem,
3078 1846 3208 1919 quia
3264 1845 3355 1901 lex
3399 1843 3468 1901 ad

174 1946 381 1999 omnes,
409 1930 507 1987 sed
535 1930 731 1987 honos.
762 1932 949 2004 Neque
977 1932 1125 1988 enim
1150 1932 1279 2005 quia
1298 1932 1466 1988 dicit:
1513 1955 1532 1978 ι
1562 1931 1765 1988 Omnes
1786 1941 1833 2002 Β
1860 1945 2080 2008 tempus
2099 1933 2386 2005 justiﬁcat,
2418 1949 2532 1990 non
2560 1932 2706 2005 apud
2735 1935 2933 1991 Deum.
2960 1934 3090 1992 Ideo
3124 1936 3299 2008 legem
3339 1951 3469 1992 ser-

175 2017 593 2076 declinaverunt
633 2045 652 2068 ι
672 2062 687 2088 ,
739 2026 912 2076 totam
958 2021 1178 2093 penitus
1214 2020 1427 2093 plebem
1468 2018 1762 2092 signiﬁcat,

173 2107 262 2164 sed
301 2108 452 2165 hanc
497 2116 707 2181 partem
751 2107 947 2180 plebis,
977 2110 1121 2165 sicut
1163 2117 1217 2165 et
1255 2116 1588 2165 memoratus
1627 2124 1767 2180 pro-

172 2197 330 2272 pheta
361 2197 569 2253 refert:
601 2220 620 2243 ι
648 2197 709 2252 In
739 2213 847 2271 qua
868 2213 1059 2254 omnes
1086 2198 1215 2254 mali
1246 2196 1707 2255 secondiderunt.
1732 2219 1753 2247 ι

172 2287 395 2358 Semper
423 2284 575 2341 enim
603 2284 715 2341 duo
755 2286 944 2357 populi
974 2292 1103 2342 sunt
1132 2286 1189 2342 in
1215 2302 1324 2342 una
1349 2285 1524 2358 plebe.
1556 2285 1659 2342 Hic
1686 2293 1769 2341 est

172 2391 296 2447 ergo
344 2374 584 2448 populus
626 2388 789 2449 quem
825 2374 1070 2447 increpat
1098 2375 1366 2431 Dominus
1412 2373 1514 2431 sub
1544 2373 1769 2430 nomine

171 2464 493 2531 Ierusalem,
541 2463 765 2520 dicens:
826 2486 844 2510 ι
896 2463 1220 2533 Jerusalem,
1273 2464 1594 2532 Jerusalem,
1647 2480 1769 2537 quae

171 2555 380 2612 occidis
405 2554 698 2629 prophetas
731 2555 944 2627 (Matth.
976 2572 1140 2624 xxm,
1172 2555 1286 2627 37).
1313 2581 1331 2604 ι
1371 2556 1444 2611 Et
1471 2555 1581 2611 alio
1610 2555 1763 2611 loco:

183 2668 201 2691 ο
232 2644 549 2713 Generatio,
573 2644 671 2715 ait,
701 2645 846 2701 mala
872 2652 927 2701 et
955 2645 1205 2702 adultera
1227 2646 1440 2718 (Matth.
1470 2662 1572 2715 xu,
1592 2645 1684 2717 39)
1714 2669 1732 2693 ι
1750 2686 1767 2713 ,

173 2741 259 2790 et:
303 2757 322 2781 ι
349 2734 516 2790 Natio
564 2735 877 2807 viperarum
923 2734 1085 2806 (Ibid.
1116 2733 1232 2806 34).
1267 2759 1286 2783 ι
1328 2736 1408 2791 De
1449 2731 1770 2805 hujusmodi

172 2821 430 2896 queritur
458 2822 623 2879 etiam
655 2823 920 2897 propheta
948 2822 1134 2892 Isaias,
1163 2822 1384 2881 dicens:
1440 2846 1458 2869 ι
1489 2823 1586 2880 Vae
1624 2822 1772 2894 genti

169 2910 488 2984 peccatrici,
522 2928 709 2967 semen
765 2912 1045 2983 pessimun
1078 2913 1212 2983 (Isa.
1245 2929 1285 2979 1,
1316 2911 1409 2983 4)!
1447 2936 1465 2959 ι
1507 2911 1610 2967 Per
1644 2927 1773 2966 ma-

172 3002 270 3056 lam
313 3000 471 3057 enim
514 2988 880 3066 veluntatem,
922 3000 1053 3056 dum
1098 3001 1309 3057 fructus
1338 3001 1511 3056 malos
1538 2998 1773 3069 faciunt,

170 3106 353 3146 semen
384 3088 687 3162 pessimum
720 3096 867 3145 sunt.
902 3090 973 3145 Et
1002 3090 1132 3161 quia
1154 3088 1202 3145 si
1232 3089 1529 3157 voluerint,
1546 3096 1775 3160 possunt

171 3177 450 3247 converti,
486 3193 598 3233 vox
646 3177 842 3250 probat
870 3176 1120 3250 Apostoli
1150 3176 1209 3232 in
1252 3177 1360 3232 alia
1384 3177 1633 3249 Epistola
1678 3176 1775 3232 di-

1874 2031 2066 2080 vantes
2103 2021 2162 2077 in
2191 2029 2457 2094 tempore,
2480 2020 2618 2093 justi
2647 2030 2777 2078 sunt
2803 2039 2916 2078 non
2946 2023 3091 2095 apud
3110 2024 3286 2080 Deum
3308 2042 3322 2090 ;
3343 2024 3474 2096 quia

1874 2113 2011 2170 ﬁdes
2052 2128 2149 2185 per
2184 2127 2345 2184 quam
2371 2110 2749 2182 justiﬁcantur
2789 2110 3043 2169 homines
3084 2112 3231 2185 apud
3268 2115 3467 2182 Deum,

1873 2218 1987 2259 non
2018 2208 2099 2257 est
2128 2199 2187 2256 in
2218 2199 2317 2256 eis.
2344 2198 2518 2271 Major
2547 2199 2695 2255 enim
2722 2198 2859 2256 ﬁdes
2888 2206 2992 2268 est,
3009 2200 3174 2273 quam
3197 2201 3315 2268 lex;
3340 2200 3472 2273 quia

1875 2292 1967 2348 lex
1999 2290 2068 2347 ad
2087 2306 2188 2346 nos
2212 2292 2471 2362 pertinet,
2503 2288 2639 2345 ﬁdes
2667 2287 2736 2345 ad
2759 2290 2954 2345 Deum.
2986 2289 3198 2347 Idcirco
3226 2290 3317 2346 lex
3336 2297 3469 2346 tem-

1875 2383 2118 2454 poralem
2148 2378 2313 2435 habet
2353 2377 2652 2451 justitiam,
2683 2376 2818 2434 ﬁdes
2845 2385 3124 2435 aeternam.
3173 2378 3309 2435 Nam
3340 2394 3472 2435 om-

1876 2485 2002 2526 nem
2045 2484 2266 2526 carnem
2299 2466 2489 2524 dicens
2536 2481 2755 2522 omnem
2785 2464 3068 2523 hominem
3111 2465 3469 2539 signiﬁcavit,

1878 2558 2021 2615 sicut
2075 2566 2129 2614 et
2181 2555 2447 2630 propheta
2490 2556 2657 2612 Isaias
2684 2555 2797 2611 ait:
2850 2580 2869 2603 ι
2912 2556 2985 2611 Et
3026 2555 3238 2612 videbit
3290 2556 3473 2614 omnis

1877 2664 2005 2706 caro
2028 2648 2265 2704 salutare
2289 2644 2387 2702 Dei
2420 2646 2554 2716 (Isa.
2578 2661 2671 2711 ιιι,
2693 2644 2750 2716 5)
2770 2669 2787 2692 ι
2824 2662 2839 2712 ;
2864 2644 2920 2701 id
2939 2652 3038 2713 est,
3062 2643 3275 2701 videbit
3289 2645 3472 2703 omnis

1877 2738 2045 2794 homo
2075 2736 2353 2793 Christum
2384 2734 2508 2802 Dei,
2539 2734 2593 2789 in
2627 2750 2737 2806 quo
2761 2734 2908 2789 salus
2936 2733 3473 2790 omniumcontine—

1878 2835 1989 2883 tur.
2037 2826 2109 2881 Et
2154 2823 2358 2881 idcirco
2397 2838 2560 2879 carne
2606 2821 3007 2894 signiﬁcantur,
3060 2822 3189 2895 quia
3231 2823 3475 2894 peccatis

1881 2912 2111 2971 obnoxii
2139 2918 2286 2968 sunt.
2320 2910 2472 2967 Sicut
2500 2910 2646 2966 enim
2671 2909 2891 2981 justitia
2919 2908 3195 2981 spiritales
3213 2910 3367 2979 facit,
3400 2911 3477 2967 ita

1882 3010 1936 3059 et
1962 3002 2163 3058 delicta
2181 3000 2446 3066 carnales,
2468 3005 2530 3054 ut
2554 3014 2623 3054 ex
2654 3005 2779 3053 actu
2808 3013 3011 3053 nomen
3032 2997 3265 3070 accipiat
3281 2997 3473 3057 homo.

1968 3115 1986 3137 ι
2024 3091 2126 3145 Per
2154 3090 2325 3160 legem
2371 3087 2519 3144 enim
2548 3084 2792 3158 cognitio
2825 3086 3033 3157 peccati
3059 3110 3077 3132 ι
3110 3104 3125 3153 ;
3170 3102 3267 3159 per
3309 3087 3476 3145 ﬁdem

1881 3187 2062 3235 autem
2110 3177 2379 3244 abolitio;
2422 3175 2546 3232 ideo
2593 3174 2869 3248 sequenda
2912 3174 3048 3231 ﬁdes
3085 3185 3186 3233 est.
3219 3176 3351 3245 Qua)
3396 3185 3480 3235 est

169 3272 379 3328 centis:
431 3295 451 3317 ε
484 3271 723 3327 Eramus
755 3277 810 3326 et
837 3287 937 3326 nos
965 3269 1262 3344 aliquando
1291 3277 1486 3327 natura
1514 3270 1618 3327 ﬁlii
1656 3269 1771 3339 irai,
1808 3292 1853 3354 ο
1882 3268 1999 3326 haec
2031 3270 2142 3335 lex,
2174 3284 2270 3340 per
2316 3283 2479 3341 quam
2525 3266 2661 3323 dicit
2688 3264 2970 3337 cognitum
3005 3282 3122 3323 esse
3169 3275 3476 3338 peccatum,

169 3358 308 3417 sicut
336 3366 393 3415 et
423 3359 609 3417 caeteri
642 3360 858 3431 (Ephes,
897 3375 960 3427 ιι,
991 3359 1070 3432 3).
1104 3385 1122 3407 ι

240 3451 426 3524 (Vers.
466 3451 582 3517 18).
625 3473 643 3497 ι
674 3450 890 3506 Scimus
917 3457 1098 3507 autem
1133 3449 1393 3522 quoniam
1434 3464 1772 3522 quaecunque

171 3539 257 3595 lex
286 3540 567 3613 loquitur,
600 3538 671 3595 iis
703 3540 799 3612 qui
828 3540 886 3595 in
916 3539 1032 3611 lege
1061 3546 1190 3595 sunt
1223 3538 1490 3611 loquitur.
1523 3563 1541 3586 ι
1583 3536 1775 3594 Mani-

173 3628 370 3686 festum
415 3638 502 3687 est
543 3630 673 3702 quia
719 3629 820 3685 hos
869 3629 1113 3701 increpat
1160 3630 1272 3697 lex,
1306 3627 1401 3701 qui
1447 3635 1501 3682 et
1530 3626 1770 3700 primum

171 3733 279 3775 non
327 3718 693 3776 crediderunt
738 3718 866 3776 duci
914 3736 1013 3776 suo
1048 3718 1251 3792 Moysi,
1284 3734 1462 3790 neque
1494 3716 1774 3789 prophetis

172 3807 497 3879 parentibus
540 3808 674 3877 suis,
711 3824 848 3881 quos
893 3815 948 3864 et
994 3813 1383 3882 persequentes
1428 3805 1770 3875 occiderunt,

170 3911 345 3970 neque
397 3896 670 3970 apostolis
721 3897 965 3969 cognatis
1020 3897 1134 3954 suis
1181 3896 1483 3954 secundum
1530 3913 1773 3965 carnem,

172 4000 404 4058 quorum
439 3987 765 4067 sanguinem
795 3988 1129 4057 eﬁ'uderunt,
1158 4003 1371 4060 semper
1408 3985 1590 4059 impii,
1633 3993 1687 4042 et
1716 3985 1776 4042 in

170 4075 342 4131 Deum
389 4075 665 4132 rebelles:
718 4083 781 4131 ut
830 4092 926 4149 per
982 4077 1152 4149 legem
1208 4077 1561 4145 damnentur,
1619 4074 1777 4147 cujus

174 4163 565 4221 auctoritatem
612 4164 1069 4220 contemnendam
1116 4172 1403 4237 putarunt.
1446 4164 1600 4221 Sicut
1627 4164 1773 4220 enim

174 4254 426 4310 omnium
462 4255 740 4310 malorum
771 4270 882 4309 una
901 4262 982 4310 est
1010 4270 1173 4310 causa
1196 4252 1253 4309 in
1285 4253 1430 4309 malo
1465 4252 1605 4324 (94),
1630 4253 1705 4309 ita
1724 4260 1779 4309 et

173 4351 504 4401 cunctorum
536 4343 834 4400 bonorum.
857 4345 908 4400 Is
929 4343 1049 4400 istis
1072 4360 1201 4415 ergo
1229 4342 1479 4399 omnium
1509 4341 1775 4398 similium

177 4436 426 4507 arguitur
480 4436 713 4492 malum.
761 4436 890 4493 Haec
929 4436 997 4492 ad
1042 4434 1356 4491 Iudaeorum
1397 4433 1779 4490 confusionem

178 4525 476 4595 pertinent,
521 4525 618 4599 qui
667 4524 772 4582 sibi
819 4533 875 4581 et
898 4524 1216 4598 parentibus
1257 4522 1372 4579 suis
1401 4521 1780 4579 testimonium

177 4626 239 4668 ex
270 4614 388 4686 lege
427 4614 702 4671 ferebant.

245 4704 431 4775 (Vers.
469 4706 591 4777 19).
639 4731 657 4753 ι
687 4705 757 4761 Ut
784 4720 946 4760 omne
984 4720 1044 4760 os
1073 4703 1411 4773 obstruatur,
1441 4712 1496 4760 et
1524 4704 1781 4760 subditus

178 4790 267 4848 ﬁat
295 4794 487 4852 omnis
521 4793 766 4851 mundus
785 4795 919 4850 Deo.
952 4818 970 4841 ι
1011 4794 1127 4850 Hoc
1154 4792 1311 4860 dicit,
1345 4793 1475 4866 quia
1501 4792 1706 4848 Judazis
1723 4792 1781 4847 in

180 4884 413 4953 peccatis
445 4882 789 4952 constrictis,
812 4883 994 4939 omnis
1023 4883 1264 4939 mundus
1285 4882 1539 4938 subditus
1559 4881 1620 4936 ﬁt
1646 4882 1779 4937 Deo.

182 4969 328 5028 Nulli
360 4974 519 5029 enim
557 4972 792 5029 dubium
813 4980 913 5041 est,
944 4973 1073 5046 quia
1102 4973 1294 5045 pagani
1326 4971 1509 5027 obruti
1537 4978 1666 5026 sunt
1694 4969 1784 5025 de-

185 5059 325 5117 lictis
349 5071 406 5118 et
436 5061 846 5135 impietatibus,
876 5078 941 5119 ac
969 5078 1066 5134 per
1100 5060 1205 5117 hoc
1233 5067 1382 5116 totus
1407 5058 1647 5114 mundus
1672 5060 1784 5115 Deo

185 5157 486 5220 prostratus
512 5159 622 5217 est,
651 5158 715 5206 ut
744 5149 918 5224 possit
932 5150 1001 5207 ad
1031 5148 1431 5221 indulgentiam
1458 5146 1782 5220 pervenire;

185 5371 249 5426 ad
288 5381 516 5429 mortem
576 5370 877 5435 secundam,
920 5368 1022 5423 iter
1065 5369 1459 5440 quoﬂpergitur
1509 5368 1581 5424 ad
1635 5375 1788 5423 mter-

1037 5456 1112 5493 aa:
1150 5439 1367 5509 dicitur,
1415 5440 1542 5511 quia
1583 5441 1788 5495 nullam

1025 5527 1140 5565 eum
1175 5581 1182 5583 _
1205 5511 1443 5568 habentes
1497 5511 1791 5583 propitium

185 5581 515 5657 spreverunt,
584 5587 818 5641 nolentes
845 5581 1267 5657 scirequoniam
1317 5585 1461 5640 bona:
1498 5581 1791 5638 uoluntatis

188 5458 301 5498 nam
348 5446 562 5500 vitam:
604 5459 721 5512 quae
760 5440 958 5496 idcirco

184 5517 633 5584 perturbationem
692 5512 913 5584 habebit.

188 5654 408 5715 ﬂamines
438 5654 584 5714 hanc
605 5658 837 5728 requiem
862 5654 1119 5728 habebunt
1146 5657 1291 5728 apud
1318 5657 1505 5712 Deum.

253 5731 368 5805 (94)
402 5732 539 5815 Mss.
592 5724 795 5815 cum,
857 5724 1066 5797 liemig.
1119 5731 1174 5780 et
1219 5726 1460 5793 Thuan.,
1510 5744 1671 5783 unum
1719 5730 1793 5780 est

191 5802 379 5861 nam
394 5804 457 5861 in
484 5802 662 5859 malo.

1810 4649 1859 4708 D

1882 3366 1936 3416 et
1964 3359 2245 3431 cognitum
2271 3354 2545 3430 quomodo
2566 3355 2595 3411 ‘2
2629 3354 2895 3411 Videmus
2937 3354 3086 3409 enim
3115 3361 3328 3410 veteres
3364 3371 3477 3411 non

1885 3449 2160 3521 ignorasse
2204 3452 2523 3519 peccatum;
2575 3443 2704 3516 quia
2750 3450 2804 3497 et
2848 3441 3049 3514 Ioseph
3093 3441 3151 3497 in
3203 3459 3476 3499 carcerem

1885 3538 2084 3593 missus
2120 3543 2225 3603 est,
2254 3535 2386 3591 licet
2432 3549 2530 3605 per
2558 3530 2891 3588 calumniam
2927 3531 3083 3601 (Gen.
3109 3546 3312 3599 xxxrx,
3344 3531 3475 3603 20);

1882 3633 1938 3682 et
1992 3625 2255 3697 pincerna
2317 3629 2371 3678 et
2434 3621 2606 3694 pistor
2668 3619 2993 3688 Pharaonis,
3051 3635 3213 3675 causa
3269 3620 3478 3691 peccati

1887 3718 2043 3789 (Gen.
2062 3734 2156 3784 χιι,
2179 3716 2258 3788 3).
2277 3712 2564 3782 Quomodo
2577 3727 2704 3784 ergo
2720 3710 2962 3767 latebant
2977 3717 3197 3784 peccata
3210 3710 3239 3766 ‘I
3254 3709 3480 3783 Triplex

1885 3806 2109 3879 quidem
2157 3805 2249 3860 lex
2277 3810 2399 3871 est;
2447 3801 2525 3858 ita
2570 3808 2632 3857 ut
2676 3799 2854 3872 prima
2883 3815 3006 3870 pars
3043 3798 3111 3855 de
3139 3804 3480 3856 sacramento

1885 3895 2197 3955 divinitatis
2242 3892 2314 3950 sit
2367 3891 2495 3949 Dei:
2549 3888 2788 3946 secunda
2820 3894 3003 3945 autem
3050 3904 3172 3961 qua:
3225 3886 3484 3960 congruit

1887 3989 1992 4061 legi
2022 3985 2282 4052 naturali,
2319 4000 2438 4056 quae
2487 3979 2770 4039 interdicit
2798 3984 3083 4052 peccatum
3111 3995 3123 4033 :
3162 3977 3325 4034 tertia
3349 3993 3482 4034 vero

1887 4080 2178 4143 factorum,
2211 4074 2269 4130 id
2296 4081 2401 4141 est,
2444 4070 2689 4136 Sabbati,
2718 4068 3043 4136 noemeniae,
3091 4067 3483 4125 circumcisio-

1888 4169 1995 4236 nis,
2025 4173 2129 4222 etc.
2153 4165 2280 4220 Haec
2305 4170 2386 4219 cst
2414 4177 2541 4233 ergo
2570 4162 2659 4215 lex
2680 4157 2968 4224 naturalis,
2992 4173 3112 4231 qua
3142 4173 3237 4230 per
3254 4157 3485 4228 Moysen

1889 4256 2089 4331 partim
2142 4253 2458 4320 reformata,
2520 4249 2717 4322 partim
2768 4245 3066 4304 auetoritas
3108 4243 3229 4317 ejus
3264 4243 3485 4302 ﬁrmata

1890 4348 1949 4402 iu
1977 4344 2131 4401 vitiis
2155 4340 2500 4408 cohibendis,
2546 4338 2826 4412 c0gnitum
2859 4335 2991 4393 fecit
3017 4341 3336 4408 peccatum;
3370 4350 3483 4391 non

1892 4432 2040 4508 quod
2084 4433 2297 4498 lateret,
2328 4430 2472 4486 sicut
2505 4427 2621 4484 dixi
2652 4445 2663 4483 :
2699 4426 2792 4483 sed
2823 4424 3065 4482 ostendit
3093 4432 3315 4497 peccata
3363 4440 3485 4497 quae

1892 4523 2035 4579 ﬁunt
2058 4520 2198 4593 (96),
2228 4535 2340 4575 non
2369 4518 2595 4588 impune
2621 4516 2808 4571 futura
2832 4513 2977 4587 apud
3004 4515 3180 4570 Deum
3204 4530 3218 4579 ;
3252 4527 3321 4567 ne
3345 4511 3488 4569 forte

1862 4612 2017 4685 .quis
2058 4609 2126 4665 ad
2154 4615 2371 4680 tempus
2399 4604 2655 4673 evadens,
2698 4604 2872 4676 legcm
2903 4602 3141 4658 illusisse
3179 4606 3482 4673 putaretur.

1862 4696 2006 4757 'Hoc
2030 4706 2112 4755 est
2140 4696 2287 4771 quod
2316 4697 2407 4753 lex
2435 4692 2702 4751 ostendit.

1963 4789 2144 4859 (Vers.
2195 4786 2312 4858 21).
2358 4810 2377 4833 ε
2417 4784 2576 4841 Nunc
2615 4797 2746 4837 vero
2800 4780 2917 4837 sine
2964 4779 3081 4849 lege
3124 4773 3343 4847 justitia
3383 4774 3486 4832 Dei

1891 4894 2241 4950 manifestata
2281 4896 2383 4957 est,
2427 4885 2808 4944 testimonium
2844 4876 2941 4934 46
2981 4878 3187 4935 habens
3214 4894 3245 4934 a
3271 4878 3389 4951 lege
3433 4884 3489 4935 et

1891 4983 2192 5057 prophetis.
2244 5005 2263 5030 ι
2323 4982 2589 5051 Apertum
2647 4982 2729 5030 est
2773 4972 2901 5045 quia
2951 4968 3167 5042 justitia
3220 4969 3321 5026 Dei
3366 4969 3486 5026 sine

1892 5073 2009 5144 lege
2037 5071 2310 5145 apparuit,
2340 5068 2434 5123 sed
2462 5066 2580 5122 sine
2611 5064 2725 5135 lege
2751 5060 2963 5119 sabbati
3006 5068 3062 5116 et
3098 5057 3488 5117 circumcisio-

1894 5163 1984 5219 nis
2036 5168 2091 5218 et
2145 5157 2448 5216 neomenize
2503 5162 2557 5211 et
2607 5152 2905 5210 vindicta):
2963 5166 3077 5208 non
3127 5157 3311 5207 tamen
3366 5147 3488 5205 sine

1968 5360 2084 5436 (95)
2116 5359 2265 5436 Idem
2292 5355 2452 5436 Corb.
2485 5353 2691 5436 chex,
2709 5353 2782 5409 ad
2799 5350 3178 5436 influ‘lgentigfn
3199 5346 3489 5436 Ρενιέηεξῖςξ

1895 5418 2079 5491 οπίήἰῖ
2098 5432 2235 5488 enim
2261 5429 2489 5484 mundus
2516 5418 2691 5501 Iudici
2714 5431 2867 5501 erant
2892 5418 2971 5479 δι’
2981 5418 3218 5501 gentiles,
3258 5418 3331 5475 ad
3356 5433 3490 5489 quos

1896 5502 2348 5578 factapromissio
2377 5506 2469 5578 est,
2491 5498 2714 5578 peccatis
2739 5496 3240 5578 probat’obnoxiosk
3277 5560 3288 5571 _
3337 5559 3369 5578 ,ί
3412 5559 3449 5578 ν

1972 5560 2095 5649 (96)
2115 5575 2263 5632 Idem
2292 5560 2531 5649 codices,
2558 5570 2647 5649 sed
2673 5560 2894 5649 ostendit
2916 5564 3161 5645 futurum
3189 5560 3288 5617 Dei
3307 5560 3489 5649 .

1898 5639 2081 5717 εἰκὼ(
2106 5655 2165 5702 ut
2208 5646 2392 5699 nullus
2434 5648 2676 5717 peccator
2730 5639 3045 5717 immunisa
3081 5649 3239 5714 prima
3271 5639 3340 5688 sit
3364 5649 3396 5717 ;_
3424 5648 3490 5686 ne

1899 5707 2150 5791 fortem...
2188 5719 2297 5774 Hoc
2346 5707 2604 5791 “(quod
2638 5712 2722 5766 lea:
2774 5707 3014 5772 ostendit,
3060 5707 3186 5776 quia
3220 5708 3490 5776 peccatum

1898 5786 2250 5866 imputaretur
2276 5787 2422 5861 apud
2440 5786 2627 5842 Deum.
