3980 6400
507 385 579 446 83
1528 398 1625 454 AD
1663 395 1900 454 OPERA
1938 395 1996 455 S.
2037 397 2104 453 Α]

2227 397 2373 455 LOSII
2411 398 2786 457 APPENDIX.
3739 404 3804 461 84

509 526 850 574 sacramento
879 518 1192 576 divinitatis
1219 521 1350 577 Dei:
1375 521 1579 594 quippe
1609 538 1734 577 cum
1760 520 1980 593 justitia
2002 521 2103 578 Dei
2131 523 2181 583 A
2212 521 2270 578 id
2297 533 2398 592 est,
2429 523 2704 596 disposuit
2732 526 3034 598 propitium
3072 540 3128 580 se
3157 523 3408 581 futurum
3439 526 3681 584 humano
3710 545 3806 600 ge-

507 605 576 663 de
623 615 967 664 sacramento
1006 607 1106 664 Dei
1136 608 1228 665 sit.
1278 609 1412 665 Nam
1443 609 1664 682 quando
1691 626 1826 682 quos
1858 611 1946 666 lex
1985 628 2107 668 reos

509 695 750 764 tenebat,
793 695 1013 768 justitia
1058 692 1174 754 Dei
1204 699 1419 771 ignovit
1444 699 1578 768 illis,
1609 700 1726 756 sine
1757 701 1872 772 lege
1914 701 2106 774 utiquc

509 783 618 846 hoc
663 784 831 852 fecit;
873 786 1003 858 quia
1031 786 1088 844 in
1118 803 1254 860 quos
1279 789 1388 860 _lex
1429 789 1776 846 vindicatura
1803 798 1940 859 erat,
1989 791 2109 846 haec

511 874 742 932 donavit
787 875 902 933 illis
947 887 1250 949 peccatum.
1293 880 1364 934 Et
1401 895 1468 935 ne
1511 878 1616 936 hoc
1645 879 1786 936 forte
1815 887 2006 935 contra
2035 881 2107 936 le-

512 979 633 1036 gem
684 965 889 1022 factum
938 973 1242 1038 putaretur,
1290 966 1492 1040 adjecit
1525 967 1799 1040 justitiam
1831 970 1927 1025 Dei
1958 969 2106 1026 testi-

513 1053 762 1110 monium
807 1053 1008 1112 habere
1033 1072 1101 1111 ex
1144 1057 1259 1128 lege
1289 1065 1344 1113 et
1381 1057 1686 1130 prophetis,
1720 1057 1824 1114 hoc
1852 1066 1953 1126 est,
1979 1058 2110 1132 quia

513 1142 632 1216 ipsa
678 1144 767 1199 lex
798 1161 867 1200 ex
897 1145 1004 1201 alia
1032 1155 1182 1218 parte
1211 1147 1344 1202 olim
1377 1147 1522 1202 istud
1553 1147 1800 1202 futurum
1848 1147 2103 1214 dixerat;

511 1231 641 1305 quia
665 1242 929 1292 venturus
970 1243 1086 1293 erat
1114 1235 1208 1310 qui
1248 1235 1502 1292 homines
1548 1238 1783 1292 salvaret
1817 1237 1952 1308 (Isa.
1985 1254 2106 1306 xix,

510 1322 644 1392 20):
693 1324 842 1397 quod
898 1325 1001 1397 legi
1055 1342 1374 1382 concessum
1429 1343 1540 1382 non
1596 1333 1730 1393 erat,
1773 1333 1836 1381 ut
1890 1335 2110 1398 peccata

510 1411 759 1470 donaret.
797 1413 925 1470 Ideo
961 1431 1149 1471 aurem
1171 1413 1392 1486 justitia
1427 1415 1526 1472 Dei
1555 1414 1704 1472 dicta
1727 1422 1828 1483 est,
1862 1431 1982 1488 quae
2011 1415 2109 1471 vi-

511 1501 674 1560 detur
745 1523 860 1561 esse
933 1506 1333 1575 misericordia,
1407 1508 1535 1580 quia
1609 1506 1677 1562 de
1745 1505 2108 1579 promissione

510 1592 782 1665 originem
834 1595 1032 1652 habet:
1079 1605 1288 1653 etcum
1338 1595 1672 1669 promissum
1705 1595 1804 1651 Dei
1834 1593 2104 1652 redditur.

503 1682 725 1755 justitia
739 1685 841 1741 Dei
869 1684 1094 1744 dicitur.
1116 1685 1341 1743 Iustitia
1370 1685 1516 1741 enim
1539 1693 1642 1754 est,
1673 1685 1802 1759 quia
1829 1684 2107 1740 redditum

508 1780 608 1841 est,
649 1773 796 1845 quod
844 1777 1174 1846 promissum
1219 1783 1337 1830 est:
1371 1783 1424 1830 et
1457 1791 1596 1832 cum
1645 1774 1876 1846 suscipit
1901 1773 2110 1830 confu-

507 1860 716 1932 gientes
756 1862 828 1920 ad
871 1879 948 1932 se,
975 1863 1198 1936 justitia
1226 1863 1469 1932 dicitur;
1516 1863 1645 1937 quia
1673 1879 1785 1919 non
1833 1863 2108 1936 suscipere

506 1950 915 2022 confugientem
951 1953 1216 2026 iniquitas
1243 1961 1346 2009 est.

583 2040 748 2110 (Vers
791 2042 907 2112 22).
975 2067 992 2089 ι
1033 2043 1256 2099 Iustitia
1309 2051 1490 2099 autem
1527 2043 1623 2099 Dei
1667 2059 1761 2115 per
1789 2041 1952 2097 ﬁdem
1984 2041 2111 2096 Iesu

510 2127 739 2186 Christi.
771 2153 789 2176 ι
835 2130 980 2198 Quid
1009 2139 1089 2187 est
1109 2131 1261 2188 aliud
1305 2157 1322 2180 ι
1351 2149 1446 2204 per
1474 2132 1638 2187 ﬁdem
1671 2131 1798 2187 Iesu
1828 2130 2032 2190 Christi
2054 2156 2070 2179 ι
2093 2174 2108 2199 ,

513 2217 622 2274 nisi
655 2219 784 2292 quia
805 2219 924 2292 ipsa
956 2220 1055 2278 Dei
1080 2219 1300 2293 justitia
1335 2220 1707 2276 manifestatio
1736 2219 1943 2276 Christi
1973 2227 2054 2276 est
2083 2220 2112 2276 ?

512 2309 615 2364 Per
668 2308 834 2365 ﬁdem
891 2309 1039 2365 enim
1103 2309 1512 2382 praedicationis
1561 2309 1689 2364 Iesu
1743 2308 1950 2366 Christi
2009 2325 2112 2381 ag-

512 2396 762 2454 noscitur
816 2397 1026 2454 donum
1091 2398 1301 2455 dudum
1358 2398 1690 2472 promissum
1746 2414 1778 2453 a
1830 2399 1965 2466 Deo,
2023 2399 2109 2454 vel

511 2495 768 2544 sumitur.

599 2601 617 2621 ι
647 2576 710 2632 In
742 2591 934 2631 omnes
961 2576 1047 2631 vel
1083 2591 1247 2648 super
1274 2592 1464 2632 omnes
1507 2575 1602 2648 qui
1643 2574 1877 2631 credunt
1910 2599 1927 2621 ι
1947 2616 1962 2641 ,
2005 2573 2110 2630 hoc

511 2673 614 2735 est,
665 2683 828 2739 super
870 2683 1062 2724 omnes
1091 2667 1308 2723 Iudaeos
1337 2675 1389 2723 et
1418 2666 1636 2723 Graecos
1664 2665 1947 2722 credentes
1993 2665 2109 2720 veri

508 2755 608 2814 Dei
632 2755 926 2829 justitiam.

585 2846 765 2918 (Vers.
818 2846 932 2920 23).
980 2872 997 2894 -
1026 2847 1146 2903 Non
1200 2846 1347 2902 enim
1403 2854 1486 2903 est
1531 2843 1859 2910 distinctio;
1919 2858 2110 2899 omnes

511 2937 661 2993 enim
704 2945 1090 3008 peccaverunt,
1141 2944 1195 2992 et
1240 2943 1401 3008 egent
1431 2935 1604 3007 gloria
1630 2934 1752 2990 Dei.
1785 2959 1802 2981 ι
1847 2934 1986 3001 Quia
2013 2933 2110 2989 di-

511 3033 671 3082 xerat
707 3042 870 3098 super
907 3043 1096 3084 omnes
1138 3027 1357 3082 Iudaeos
1383 3035 1438 3082 et
1482 3025 1698 3081 Graecos
1740 3024 1838 3080 Dei
1869 3040 1984 3079 esse
2006 3023 2110 3095 ju-

512 3116 744 3184 stitiam,
786 3123 850 3172 ut
887 3116 994 3173 hoc
1036 3118 1312 3190 probaret,
1360 3114 1596 3187 adjecit:
1647 3139 1664 3161 ι
1707 3115 1909 3170 Omnes
1937 3115 2108 3182 enim,

511 3205 610 3274 ait,
671 3213 1108 3276 peccaverunt.»
1155 3207 1272 3262 Hoc
1327 3204 1652 3278 generaliter
1701 3203 2109 3275 accipiendum,

511 3301 575 3349 ut
603 3293 984 3367 intelligantur
1012 3301 1124 3350 tam
1153 3293 1326 3350 Iudaei
1356 3309 1522 3367 quam
1553 3293 1728 3349 Graeci
1753 3311 1764 3349 :
1799 3293 1944 3348 unde
1991 3293 2106 3358 ait;

524 3412 542 3433 ι
571 3389 692 3444 Νοη
709 3395 790 3443 est
810 3386 1099 3444 distinctio
1116 3411 1134 3435 ι
1167 3405 1182 3456 ;
1203 3403 1395 3442 omnes
1410 3387 1560 3442 enim
1580 3385 1671 3442 hic
1690 3384 2110 3465 comprehendit

506 3476 673 3532 etiam
715 3483 770 3532 et
810 3477 1140 3543 sacerdotes,
1190 3483 1255 3532 ut
1299 3475 1610 3532 ostenderet
1655 3474 1798 3530 nihil
1839 3474 2108 3547 profuisse

512 3569 684 3638 legem
715 3570 834 3640 (97)
861 3567 980 3624 sine
1015 3567 1146 3624 ﬁde.
1182 3568 1274 3624 Sic
1299 3569 1447 3624 enim
1480 3569 1571 3624 lex
1599 3567 1724 3624 data
1751 3576 1855 3635 est,
1884 3575 1945 3622 ut
1973 3566 2108 3623 ﬁdes

507 3664 652 3713 esset
682 3656 740 3711 in
772 3657 907 3727 lege,
941 3673 1063 3729 quae
1092 3657 1336 3712 futuram
1362 3667 1602 3730 speraret
1631 3657 1882 3714 salutem.
1909 3657 2107 3724 Quam-

507 3746 701 3802 obrem
749 3762 895 3801 mors
942 3746 1148 3804 Christi
1192 3747 1448 3804 omnibus
1490 3749 1742 3820 profecit,
1773 3748 1904 3820 quia
1931 3757 1986 3805 et
2015 3747 2108 3806 hic

507 3836 567 3893 in
595 3835 798 3892 saeculo
823 3835 955 3908 quid
985 3835 1320 3894 credendum
1347 3847 1401 3894 et
1428 3837 1833 3895 observandum
1863 3844 1965 3907 est,
1996 3837 2108 3894 do-

504 3924 662 3982 cuit:
696 3933 750 3981 et
785 3925 851 3980 de
880 3925 1099 3981 inferno
1135 3942 1326 3982 omnes
1353 3926 1576 3999 eripuit.

579 4015 744 4086 (Vers
774 4014 891 4086 24).
925 4041 942 4063 ι
970 4016 1262 4074 Justiﬁcati
1292 4018 1460 4091 gratis
1487 4035 1584 4090 per
1603 4018 1831 4090 gratiam
1855 4017 2048 4090 ipsius.
2072 4042 2090 4066 ι

503 4104 798 4163 Iustiﬁcati
845 4114 974 4162 sunt
1017 4107 1208 4178 gratis,
1240 4107 1374 4181 quia
1401 4106 1543 4163 nihil
1575 4115 1882 4180 operantes,
1929 4124 2105 4180 neque

501 4193 684 4252 vicem
741 4194 1050 4264 reddentes,
1109 4196 1226 4253 sola
1282 4195 1392 4252 ﬁde
1433 4194 1724 4268 justiﬁcati
1783 4205 1916 4253 sunt
1959 4196 2104 4253 dono

500 4284 624 4342 Dei.

585 4399 604 4422 ι
645 4375 748 4432 Per
782 4375 1217 4450 redemptionem
1247 4393 1368 4450 qua)
1421 4383 1505 4432 est
1532 4375 1589 4432 in
1626 4375 1847 4433 Christo
1878 4377 2026 4434 Iesu.
2070 4401 2090 4426 ι

497 4465 742 4524 Gratiam
785 4466 886 4523 Dei
924 4467 982 4522 in
1012 4465 1235 4524 Christo
1267 4482 1383 4523 esse
1415 4473 1682 4533 testatur;
1735 4466 1864 4539 quia
1893 4467 2105 4524 volun-

494 4564 605 4620 tate
631 4555 734 4613 Dei
762 4572 795 4612 a
824 4554 1048 4613 Christo
1094 4555 1365 4628 redempti
1395 4571 1608 4622 sumus,
1641 4561 1704 4610 ut
1748 4571 1916 4611 manu
1947 4555 2104 4612 missi

487 4648 943 4716 Iustiﬁcaremur,
975 4647 1120 4704 sicut
1150 4655 1205 4704 et
1235 4647 1302 4702 ad
1333 4647 1552 4703 Galatas
1581 4645 1753 4703 dicit:
1803 4672 1821 4694 ε
1852 4647 2104 4705 Christus

491 4753 594 4796 nos
639 4736 901 4802 redemit,
937 4737 1146 4809 (Galat.
1182 4753 1268 4806 ιιι,
1305 4737 1394 4809 13)
1424 4761 1442 4783 ι
1486 4737 1720 4792 offerens
1765 4753 1822 4793 se
1853 4754 1950 4810 pro
1995 4755 2106 4805 no-

490 4825 580 4883 bis
611 4827 750 4900 (98).
810 4827 1068 4884 Permisit
1119 4827 1267 4884 enim
1312 4843 1368 4884 se
1419 4825 1642 4883 diabolo
1697 4827 1968 4897 saevienti,
2009 4829 2102 4886 sed

491 4917 825 4990 impraescio.
857 4917 1064 4974 Putaus
1094 4927 1278 4976 autem
1308 4933 1365 4974 se
1395 4915 1681 4976 Christum
1710 4933 1866 4988 posse
1889 4918 2104 4976 retine-

491 5021 573 5076 re,
629 5005 805 5062 veluti
861 5008 1073 5080 accepit
1125 5023 1292 5066 eum:
1356 5007 1454 5065 sed
1500 5007 1630 5082 quia
1671 5007 1937 5065 virtutem
1983 5008 2102 5082 ejus

489 5095 633 5152 ferre
674 5111 786 5152 non
827 5097 1032 5169 potuit,
1076 5114 1268 5154 omnes
1312 5115 1450 5172 quos
1478 5097 1721 5167 tenebat,
1761 5097 1928 5154 simul
1972 5116 2098 5156 cum

491 5185 592 5244 illo
620 5185 826 5243 amisit.

561 5277 728 5352 (Vers
754 5277 870 5350 25).
919 5301 936 5326 α
965 5277 1139 5348 Quem
1169 5278 1460 5350 proposuit
1499 5281 1646 5338 Deus
1677 5281 2095 5354 propitiatorem

488 5367 636 5426 ﬁdei.
667 5393 687 5418 ι
729 5369 848 5428 Ηοο
903 5367 1042 5427 dicit
1068 5367 1200 5441 quia
1244 5366 1303 5423 in
1333 5366 1554 5426 Chrisio
1604 5372 1898 5444 proposuit
1923 5373 2092 5440 Deus,

559 5529 677 5603 (97)
709 5529 1072 5603 Iidem_mrss.,
1096 5527 1389 5603 justitiam,
1416 5531 1473 5603 id
1509 5537 1601 5599 est,
1645 5533 1896 5603 gratiam.
1929 5535 2006 5589 Et
2031 5541 2089 5589 ut

481 5600 755 5674 probaret,
786 5600 1040 5674 _adjecit:
1105 5601 1292 5674 omnes
1341 5602 1517 5674 enim,
1555 5600 1660 5668 ait,
1720 5612 2085 5674 peccaverunt,

486 5670 593 5798 3am
619 5671 796 5727 Judwi
821 5688 982 5742 quam
1021 5670 1233 5736 erc-i;
1259 5677 1318 5728 ut
1341 5673 1628 5729 ostenderet
1666 5670 1798 5730 nihil
1815 5675 2086 5746 profuisse

507 5760 669 5814 egem.

2214 614 2356 682 neri,
2406 615 2454 670 si
2501 616 2745 674 credant.
2810 641 2828 664 ι
2869 618 2931 673 In
2976 615 3243 688 sanguine
3297 615 3489 688 ipsius.
3530 642 3548 663 ι
3594 617 3720 673 Ideo
3749 617 3805 674 in

2214 701 2479 773 sanguine
2509 703 2702 775 ipsius,
2743 704 2875 778 quia
2902 712 3078 760 morte
3115 702 3233 776 ejus
3262 703 3479 760 liberati
3509 721 3718 774 sumus,
3747 713 3806 762 ut

2215 797 2271 846 et
2303 791 2677 850 manifestaret
2704 792 2864 850 illum
2897 800 3200 861 mortuum,
3221 801 3276 849 et
3301 800 3534 849 mortem
3561 795 3806 867 passione

2216 876 2336 949 ejus
2363 877 2666 936 damnaret.

2290 987 2473 1059 (Vers.
2529 988 2646 1061 26).
2706 1013 2724 1036 ι
2765 988 2852 1044 Ad
2909 989 3278 1045 ostensionem
3331 988 3564 1061 iustitiae
3606 1008 3716 1048 sua:
3753 1017 3803 1062 ι,

2217 1074 2323 1132 hoc
2351 1084 2452 1144 est,
2480 1086 2543 1133 ut
2571 1077 2903 1150 promissum
2932 1096 3092 1134 suum
3116 1079 3295 1151 palam
3318 1079 3540 1146 faceret,
3571 1097 3680 1153 quo
3709 1098 3807 1138 nos

2216 1181 2248 1220 a
2294 1167 2532 1238 peccatis
2575 1167 2848 1237 liberaret,
2899 1169 3042 1226 sicut
3089 1178 3214 1224 ante
3259 1169 3615 1241 promiserat;
3665 1170 3805 1244 quod

2216 1271 2342 1311 cum
2369 1256 2642 1330 implevit,
2668 1258 2881 1332 justum
2911 1276 2968 1314 se
2997 1258 3260 1316 ostendit.

2302 1394 2320 1415 ε
2346 1369 2574 1440 Propter
2620 1370 2962 1443 pr0positum
2993 1370 3419 1444 praecedentium
3462 1369 3806 1438 delictorum,

2219 1457 2276 1513 in
2319 1457 2583 1530 patientia
2619 1458 2738 1515 Dei.
2772 1484 2789 1506 ι
2833 1458 3022 1516 Sciens
3063 1461 3210 1516 Deus
3260 1457 3601 1530 propositum
3649 1457 3809 1514 beni-

2218 1546 2442 1619 gnitatis
2491 1564 2603 1603 suae
2649 1565 2758 1622 quo
2809 1548 3024 1604 censuit
3073 1547 3450 1621 peccatoribus
3500 1547 3805 1606 subvenire.

2216 1644 2327 1692 tam
2359 1636 2429 1692 iis
2456 1637 2553 1710 qui
2583 1645 2713 1694 sunt
2742 1638 2885 1710 apud
2917 1655 3161 1710 superos,
3211 1653 3375 1710 quam
3407 1635 3476 1692 iis
3503 1636 3599 1709 qui
3629 1636 3686 1692 in
3718 1635 3810 1691 in-

2216 1724 2371 1780 ferno
2400 1726 2753 1795 tenebantur,
2788 1734 3048 1800 utrosque
3094 1725 3404 1782 diutissime
3455 1724 3806 1798 exspectavit,

2218 1831 2490 1871 evacuans
2543 1817 2894 1884 sententiam,
2945 1832 3050 1889 qua
3094 1814 3306 1888 justum
3361 1813 3583 1869 videtur
3626 1829 3810 1869 omnes

2144 1891 2190 1952 Β
2219 1903 2491 1974 damnari,
2524 1912 2583 1960 ut
2613 1904 2923 1960 ostenderet
2952 1903 3133 1974 nobis,
3164 1903 3311 1977 quod
3336 1903 3468 1958 olim
3501 1901 3812 1959 decreverat

2221 1993 2451 2050 liberare
2493 2011 2662 2066 genus
2714 1993 3020 2050 humanum
3053 2010 3150 2066 per
3174 1993 3478 2059 Christum,
3509 1993 3652 2047 sicut
3679 2006 3812 2062 pro-

2220 2081 2372 2136 misit
2393 2099 2488 2154 per
2514 2083 2806 2138 Ieremiam
2840 2083 3185 2155 prophetam,
3216 2083 3435 2137 dicens:
3493 2106 3510 2126 ι
3540 2077 3811 2152 Propitius

2219 2186 2312 2227 ero
2342 2170 2736 2244 iniquitatibus
2765 2189 2974 2240 eorum,
3009 2179 3061 2228 et
3091 2171 3418 2228 delictorum
3447 2169 3672 2224 illorum
3703 2183 3809 2222 non

2223 2260 2566 2316 memorabor
2614 2263 2830 2333 (Jerem.
2879 2277 3039 2329 xxxi,
3082 2259 3197 2332 34).
3229 2285 3244 2306 ι
3290 2260 3360 2316 Et
3411 2275 3480 2314 ne
3526 2247 3666 2313 forte
3709 2255 3810 2312 hoc

2219 2349 2428 2406 donum
2458 2351 2590 2407 solis
2619 2352 2824 2408 Iudaeis
2850 2351 3165 2424 promisisse
3183 2351 3480 2413 videretur,
3507 2365 3603 2421 per
3621 2347 3805 2404 Isaiam

2219 2438 2390 2496 dicit:
2441 2463 2458 2486 ι
2487 2442 2696 2497 Domus
2729 2458 2848 2498 mea
2896 2441 3096 2497 domus
3133 2440 3400 2497 orationis
3441 2438 3729 2494 vocabitur
3754 2436 3808 2492 in

2218 2529 2476 2586 omnibus
2532 2531 2786 2602 gentibus
2837 2533 2972 2603 (Isa.
3017 2547 3132 2597 LVI,
3183 2531 3260 2601 7).
3293 2553 3310 2576 ι
3365 2527 3630 2596 Quamvis
3668 2525 3808 2582 enim

2217 2617 2499 2675 Iudaismo
2527 2619 2671 2674 facta
2697 2619 2988 2693 promissio
3019 2619 3110 2688 sit,
3150 2619 3244 2674 sed
3273 2617 3534 2690 praescius
3579 2618 3724 2672 Deus
3749 2630 3808 2669 eo

2218 2709 2366 2781 quod
2403 2708 2612 2766 donum
2659 2710 2779 2783 ejus
2807 2708 3150 2784 reprobaturi
3205 2714 3384 2764 essent
3430 2705 3592 2778 impii
3621 2703 3806 2771 Judaei,

2219 2808 2403 2869 gentes
2445 2815 2502 2855 se
2549 2799 2618 2855 ad
2662 2799 3070 2873 percipiendam
3117 2798 3346 2870 gratiam
3376 2811 3535 2851 suam
3566 2792 3809 2868 promisit

2217 2889 2528 2959 admittere,
2569 2906 2801 2962 quarum
2825 2872 3200 2945 aemulatione
3230 2887 3288 2943 in
3327 2887 3463 2942 iram
3495 2886 3651 2942 missi
3681 2901 3808 2944 cru-
3875 2872 3897 2897 ⁸

2218 2978 2500 3034 ciarentur
2524 2979 2598 3034 im
2606 2979 2682 3051 pii
2708 2979 2735 3035 I
2742 2979 2904 3035 udaei.

2305 3101 2323 3124 ι
2351 3078 2414 3133 In
2438 3077 2543 3133 hoc
2569 3084 2818 3150 tompore
2849 3103 2866 3125 ν
2886 3121 2900 3146 ,
2934 3077 2991 3134 id
3040 3085 3141 3145 est,
3182 3083 3427 3148 tempore
3464 3083 3674 3144 nostro,
3706 3089 3807 3148 quo

2219 3163 2373 3222 dedit
2401 3167 2568 3234 Deus,
2603 3166 2750 3238 quod
2781 3166 2915 3222 olim
2942 3167 3269 3239 promiserat
3301 3164 3546 3221 dandum
3573 3173 3807 3237 tempore

2147 3248 2191 3309 Ο
2221 3285 2330 3342 quo
2375 3269 2552 3325 dedit.
2601 3294 2619 3316 ι
2650 3269 2720 3325 Ut
2749 3268 2821 3325 sit
2857 3269 2956 3326 47
2986 3268 3171 3342 justus
3193 3268 3504 3342 justiﬁcans
3531 3285 3677 3336 eum,
3725 3265 3811 3339 qui

2217 3367 2299 3414 est
2329 3375 2399 3413 ex
2427 3358 2535 3414 ﬁde
2563 3359 2692 3415 Iesu
2720 3358 2946 3416 Christi.
2982 3384 2999 3406 ι
3042 3360 3206 3416 Recte
3242 3358 3339 3426 ait,
3369 3359 3497 3430 quia
3528 3365 3591 3414 ut
3627 3358 3698 3412 sit
3715 3354 3812 3427 ju-

2217 3455 2354 3517 stus,
2410 3447 2566 3504 dedit
2619 3448 2768 3522 quod
2823 3448 3114 3520 promisit:
3159 3448 3264 3504 hoc
3306 3455 3489 3503 autem
3545 3443 3810 3519 promisit,

2211 3536 2522 3610 justiﬁcare
2577 3555 2633 3595 se
2695 3538 2977 3596 credentes
3033 3539 3272 3597 Christo.
3329 3539 3478 3596 Dicit
3529 3545 3709 3594 autem
3755 3534 3809 3589 in

2218 3628 2536 3687 Habacuc:
2585 3656 2602 3678 ι
2635 3631 2822 3688 Justus
2871 3638 3052 3686 autem
3100 3647 3170 3686 ex
3222 3630 3331 3686 ﬁde
3389 3629 3534 3686 vivit
3593 3627 3806 3700 (Habac.
3917 3689 3924 3696 ,

2215 3732 2278 3784 n,
2340 3717 2396 3788 4)
2431 3743 2486 3788 ι,
2534 3727 2598 3776 ut
2653 3718 2784 3775 dum
2824 3719 2923 3775 Dei
2970 3719 3134 3774 ﬁdem
3176 3718 3340 3774 habet
3384 3726 3438 3774 et
3477 3717 3700 3776 Christi.
3747 3714 3815 3770 sit

2208 3805 2412 3880 justus.
3602 3821 3608 3829 '

2290 3909 2476 3982 (Vers.
2511 3910 2628 3982 27).
2680 3936 2697 3958 ε
2737 3911 2841 3969 Ubi
2871 3919 2953 3968 est
2983 3928 3110 3984 ergo
3141 3911 3394 3984 gloriatio
3423 3918 3518 3967 tua
3538 3909 3811 3968 ?Exclusa

2215 4007 2316 4056 est.
2375 3999 2478 4056 Per
2533 4016 2700 4074 quam
2759 4002 2996 4082 legemD?
3039 4002 3309 4058 factorum
3341 4001 3368 4056 ‘2
3404 4002 3550 4067 Non,
3587 3999 3680 4056 sed
3720 4012 3809 4070 per

2214 4095 2388 4167 legem
2427 4095 2578 4153 ﬁdei.
2613 4122 2630 4144 ι
2674 4097 2908 4154 Reddita
2935 4098 3164 4160 ratione,
3199 4097 3268 4152 ad
3298 4114 3389 4154 eos
3420 4096 3683 4172 loquitur,
3717 4091 3806 4166 qui

2213 4194 2383 4257 agunt
2421 4186 2528 4243 sub
2581 4187 2719 4258 lege,
2750 4187 2898 4260 quod
2928 4188 3048 4244 sine
3085 4204 3242 4244 causa
3276 4187 3601 4258 glorientur,
3647 4183 3807 4240 blan-

2213 4273 2429 4331 dientes
2486 4275 2594 4332 sibi
2639 4277 2706 4333 de
2747 4277 2883 4350 lege,
2929 4284 2984 4332 et
3029 4284 3252 4350 propter
3297 4275 3444 4350 quod
3489 4291 3658 4348 genus
3700 4271 3807 4328 sint

2214 4364 2475 4434 Abrahae,
2533 4365 2785 4424 videntes
2841 4382 2954 4422 non
2999 4365 3291 4438 justiﬁcari
3337 4364 3620 4422 hominem
3668 4359 3804 4434 apud

2211 4455 2410 4523 Deum,
2439 4455 2548 4512 nisi
2578 4472 2672 4529 per
2703 4456 2892 4514 ﬁdem.

2288 4553 2468 4625 (Vers.
2493 4555 2608 4626 28).
2640 4580 2657 4601 ι
2678 4555 3030 4612 Arbitramur
3047 4555 3196 4612 enim
3211 4555 3506 4628 justiﬁcari
3527 4552 3800 4611 hominem

2134 4615 2186 4674 Β
2214 4615 2310 4714 per
2337 4642 2502 4699 ﬁdem
2531 4615 2650 4700 sine
2673 4645 2934 4717 operibus
2963 4645 3116 4718 legis.
3148 4670 3165 4694 ι
3211 4615 3486 4702 Gentilem
3533 4642 3669 4700 dicit
3698 4639 3802 4696 ho-

2223 4732 2432 4788 minem
2466 4750 2568 4806 pro
2611 4742 2764 4791 certo
2793 4733 3006 4804 haberi,
3039 4735 3186 4808 quod
3227 4733 3566 4808 justiﬁcetur
3591 4729 3807 4789 credens

2231 4824 2390 4880 nulla
2419 4824 2636 4881 faciens
2654 4841 2819 4897 opera
2839 4825 2996 4896 legis,
3029 4825 3084 4880 id
3115 4833 3218 4894 est,
3248 4825 3366 4881 sine
3393 4819 3805 4882 circumcisione

2211 4921 2306 4967 aut
2343 4913 2670 4982 neomeniis,
2703 4920 2798 4969 aut
2828 4914 3181 4971 veneratione
3209 4913 3450 4971 Sabbati.

2284 5009 2466 5080 (Vers.
2494 5010 2609 5081 29).
2657 5036 2673 5058 ε
2707 5015 2794 5067 An
2817 5011 3131 5068 Iudaeorum
3163 5014 3308 5069 Deus
3337 5020 3550 5068 tantqu
3569 5011 3598 5068 ?
3625 5021 3800 5066 nonne

2209 5106 2264 5154 et
2301 5098 2598 5170 gentium?
2642 5101 2760 5157 Imo
2815 5109 2869 5157 et
2911 5102 3181 5174 gentium.
3224 5126 3243 5149 ι
3287 5101 3416 5157 Sine
3461 5101 3631 5157 dubio
3677 5112 3800 5154 om-

2209 5189 2362 5246 nium
2412 5191 2558 5246 Deus
2604 5208 2748 5248 unus
2795 5201 2896 5250 est.
2923 5193 3036 5250 Nec
3073 5193 3220 5250 enim
3252 5193 3354 5249 soli
3382 5191 3553 5248 Iudaei
3586 5194 3801 5264 pessunt

2207 5281 2316 5338 sibi
2365 5282 2676 5353 vindicare,
2727 5285 2874 5358 quod
2902 5285 3049 5342 Deus
3079 5285 3302 5342 illorum
3332 5302 3444 5342 non
3473 5283 3637 5340 etiam
3667 5295 3800 5353 gen-

2206 5371 2346 5430 tium
2383 5372 2478 5444 sit,
2529 5391 2656 5432 cum
2694 5375 2936 5448 relegant
2963 5375 3031 5431 ab
3059 5390 3172 5432 uno
3200 5374 3377 5431 Adam
3409 5373 3656 5431 omnium
3691 5385 3799 5425 esse

2277 5534 2394 5606 (98)
2430 5533 2596 5590 Corb.
2629 5532 2752 5590 cod.
2763 5576 2778 5602 ,
2813 5535 3055 5590 Christus
3075 5552 3169 5590 nos
3199 5535 3415 5591 redemit
3443 5534 3506 5588 de
3531 5529 3798 5606 maledicto

2205 5601 2348 5678 tegis,
2376 5601 2619 5678 'o/ferens
2669 5623 2721 5678 se
2761 5601 2862 5676 pro
2914 5608 3084 5675 nobis,
3114 5607 3288 5676 factus
3331 5623 3434 5678 pro
3464 5604 3611 5658 nobis
3642 5601 3796 5678 male.

2199 5675 2477 5750 dictum...
2502 5677 2723 5750 Putavit
2761 5675 2910 5733 enim
2956 5697 3008 5734 se
3049 5675 3518 5750 Christum'posse
3558 5675 3796 5737 retinere,

2200 5748 2340 5804 velut
2367 5747 2616 5820 accipiter
2641 5767 2810 5806 avem.
