3980 6370
208 387 273 445 8ὅ
1298 394 1663 454 COMMENT.
1705 398 1778 456 IN
1813 397 2030 457 EPIST.
2070 402 2169 459 AD
2212 403 2381 462 ROM.
3410 413 3482 471 86

208 513 489 586 originem,
526 525 580 572 et
631 517 849 574 nullum
878 519 1142 576 advenam
1202 521 1478 578 volentem
1515 521 1585 578 ad
1614 523 1786 595 legem
1820 524 1871 585 A
1897 524 2185 583 Zacharias
2211 528 2502 601 propheta:
2538 556 2556 579 ι
2579 532 2781 589 Ponam
2811 536 3107 594 Jerusalem
3136 540 3194 595 in
3222 538 3481 598 omnibus

206 601 475 670 accedere,
542 603 844 675 prohiberi.
910 607 1159 681 Denique
1206 609 1476 683 aliquanti
1531 612 1789 672 exierunt

204 708 327 748 cum
360 690 475 749 illis
529 692 587 749 in
616 710 861 751 eremum
891 696 958 753 de
1013 698 1313 772 Egyptiis,
1350 716 1487 773 quos
1514 702 1788 774 suscipere

134 783 151 801 ‘
199 778 461 851 jubentur
503 782 619 853 (99)
662 784 865 853 (Exod.
898 802 1000 854 xu,
1041 787 1109 843 28
1136 788 1293 859 seq.),
1322 797 1536 846 tantum
1566 799 1628 848 ut
1668 792 1788 849 cir-

203 869 661 941 cumciderentur,
706 882 759 930 et
803 875 1007 946 pariter
1034 893 1160 934 cum
1209 877 1321 934 illis
1347 880 1569 937 ederent
1595 897 1787 954 azyma

202 960 285 1014 vel
317 960 536 1031 pascha,
568 977 668 1018 nec
722 979 832 1019 non
862 972 916 1019 et
946 965 1263 1022 Cornelium
1308 967 1515 1024 donum
1572 971 1673 1027 Dei
1702 988 1789 1028 ac-

201 1049 405 1120 cepisse
454 1052 713 1121 gentilem
761 1070 870 1108 non
916 1054 1317 1126 Judaizantem,
1352 1068 1406 1114 et
1439 1060 1585 1131 quod
1609 1059 1788 1131 justi—

202 1137 391 1195 ﬁcatus
420 1141 514 1208 sit,
545 1140 739 1198 divino
770 1144 1089 1201 testimonio
1118 1147 1533 1219 comprobatum
1558 1150 1696 1221 (Act.
1724 1167 1782 1218 x,

198 1227 310 1295 31).

268 1335 450 1404 (Vers.
484 1336 601 1408 30.)
646 1362 663 1384 ε
695 1338 965 1408 Quoniam
1012 1343 1234 1416 quidem
1294 1363 1436 1403 unus
1487 1350 1650 1418 Deus,
1689 1349 1785 1422 qui

191 1426 1004 1498 justiﬁcavitcircumcisioncm
1022 1452 1091 1490 ex
1122 1436 1229 1493 ﬁde
1258 1447 1309 1494 et
1331 1442 1657 1512 praeputium
1691 1458 1786 1515 per

196 1514 376 1572 ﬁdem.
412 1544 429 1565 ι
464 1520 523 1574 In
542 1520 962 1580 circumcisione
983 1525 1199 1581 Iudaeos
1229 1528 1522 1599 signiﬁcat,
1546 1547 1610 1586 eo
1638 1532 1784 1603 quod

193 1623 258 1663 ex
289 1609 394 1665 ﬁde
426 1612 806 1682 promissionis
829 1614 1118 1687 justiﬁcati
1153 1629 1302 1688 sunt,
1320 1622 1602 1678 credentes
1636 1623 1784 1680 hunc

193 1713 306 1753 esse
343 1698 649 1770 Christum,
684 1720 846 1776 quem
889 1706 945 1761 in
999 1707 1114 1779 lege
1148 1711 1475 1780 promiserat
1519 1714 1683 1769 Deus.
1719 1715 1780 1770 In

195 1789 461 1860 praeputio
491 1807 622 1848 vero
654 1794 883 1864 gentiles
929 1795 1200 1867 signiﬁcat
1244 1816 1341 1871 per
1378 1800 1586 1858 Christi
1616 1803 1777 1860 ﬁdem

1896 614 2150 685 gentibus
2181 618 2368 689 (Zach.
2396 634 2501 688 xu,
2534 619 2591 691 2)
2619 638 2630 675 :
2659 639 2678 668 ι
2719 637 2839 695 quae
2864 631 2947 679 est
2973 626 3237 684 Ecclesia.

2511 729 2737 789 CAPUT
2765 734 2860 791 IV.

1968 822 2149 895 (Vers.
2184 826 2260 899 1.)
2307 853 2324 875 ι
2355 827 2499 896 Quid
2543 845 2670 903 ergo
2720 831 2966 891 dicemus
3012 834 3287 893 invenisse
3312 837 3481 895 Abra-

1895 910 2021 969 ham
2054 922 2261 985 patrem
2305 927 2554 974 nostrum
2584 921 2883 977 secundum
2937 938 3152 979 carnem
3176 924 3205 979 ‘i
3247 951 3263 972 -
3332 926 3483 984 Post-

1894 1018 2057 1074 quam
2091 1005 2331 1062 ostendit
2360 1023 2471 1063 non
2492 1025 2646 1081 posse
2678 1028 2773 1083 per
2800 1028 2963 1085 opera
2993 1015 3126 1086 legis
3154 1032 3483 1090 quemquam

1888 1089 2183 1162 justiﬁcari
2221 1094 2365 1165 apud
2412 1098 2608 1167 Deum,
2648 1099 2868 1171 adjecit,
2914 1120 3015 1159 nec
3057 1089 3350 1161 Abraham
3390 1123 3482 1177 po-

1893 1180 2062 1237 tuisse
2117 1183 2326 1256 aliquid
2388 1187 2583 1243 mereri
2622 1191 2924 1247 secundum
2960 1209 3199 1250 carnem.
3250 1194 3483 1252 Carnem

1892 1269 2082 1327 dicens
2110 1272 2585 1333 circumcisionem
2616 1279 2971 1351 signiﬁcavit,
3011 1284 3139 1355 quia
3167 1283 3311 1340 nihil
3339 1302 3483 1359 quae-

1893 1359 2026 1415 sivit
2056 1360 2331 1419 Abraham
2361 1381 2455 1436 per
2484 1367 2982 1426 circumcisionem.
3016 1373 3160 1429 Ante
3204 1372 3352 1430 enim
3395 1373 3484 1446 ju-

1893 1448 2162 1506 stiﬁcatus
2190 1459 2272 1507 est
2300 1468 2463 1525 quam
2489 1456 2995 1517 circumcideretur.

1968 1540 2151 1628 (Vers,
2184 1540 2263 1612 2.)
2309 1566 2327 1590 ε
2355 1542 2412 1599 Si
2447 1543 2592 1600 enim
2639 1547 2919 1605 Abraham
2967 1566 3036 1606 ex
3065 1553 3322 1624 operibus
3352 1555 3485 1628 legis

1884 1626 2220 1699 justiﬁcatus
2248 1638 2347 1698 est,
2367 1630 2533 1690 habet
2560 1636 2812 1707 gloriam,
2844 1639 2938 1695 sed
2959 1657 3070 1696 non
3085 1642 3230 1714 apud
3250 1626 3427 1700 Deum
3432 1670 3469 1701 .-

1891 1717 2006 1773 Hoc
2047 1721 2402 1790 proponentis
2446 1731 2547 1779 est.
2576 1725 2713 1781 Nam
2765 1727 3041 1785 Abraham
3086 1747 3153 1787 ex
3182 1732 3291 1789 ﬁde
3316 1733 3478 1804 justi-

1891 1804 2083 1862 ﬁcatus
2111 1814 2212 1875 est,
2273 1810 2421 1883 quod
2474 1813 2615 1868 nulli
2671 1813 2902 1873 dubium
2954 1826 3079 1875 est:
3139 1820 3263 1876 ideo
3320 1820 3486 1879 habet

182 1874 518 1981 j'us'tiﬁcatos
562 1882 707 1952 apud
738 1885 932 1938 Deum.
967 1885 1098 1941 Tam
1141 1887 1288 1942 enim
1334 1890 1583 1960 gentiles,
1616 1909 1779 1965 quam
1816 1880 1862 1941 Β
1893 1894 2120 1965 gloriam
2154 1874 2307 1969 apud
2327 1901 2503 1957 Deum
2530 1902 2634 1973 (1).
2668 1903 2772 1960 Sed
2802 1905 2927 1978 quia
2945 1907 3040 1980 qui
3070 1874 3486 1981 legemservant

190 1964 406 2022 Judzeos
464 1985 576 2023 non
628 1971 790 2027 aliter
836 1988 999 2044 quam
1055 1975 1338 2033 credentes
1408 1964 1779 2050 justiﬁcavit;

187 2054 313 2127 quia
369 2058 520 2113 enim
580 2062 830 2117 omnium
883 2080 1027 2119 unus
1063 2075 1145 2121 est
1193 2067 1355 2133 Deus,
1415 2085 1524 2125 una
1572 2071 1783 2127 ratione

185 2160 374 2200 omnes
399 2145 747 2217 justiﬁcavit.
781 2150 925 2217 Quid
950 2169 1077 2224 ergo
1096 2155 1318 2225 prodest
1342 2157 1522 2213 carnis
1550 2159 1783 2215 circum-

184 2232 340 2302 cisio,
366 2243 464 2291 aut
495 2236 631 2309 quid
648 2237 800 2294 obest
822 2241 1187 2312 prmputium;
1221 2245 1442 2317 quando
1458 2246 1780 2320 dignitatem

183 2329 237 2379 et
264 2325 524 2380 meritum
555 2342 668 2383 non
699 2328 832 2383 facit
857 2329 964 2385 nisi
994 2330 1129 2386 ﬁdes
1152 2332 1179 2388 ?

256 2432 439 2504 (Vers.
472 2434 588 2507 31.)
634 2459 651 2482 ε
682 2436 878 2508 Legem
909 2453 1038 2511 ergo
1067 2455 1397 2499 evacuamus
1429 2459 1523 2516 per
1547 2443 1714 2501 ﬁdem
1754 2445 1783 2502 ?

188 2519 346 2577 Absit
372 2540 383 2577 :
419 2523 514 2579 sed
544 2525 715 2596 legem
738 2528 1052 2584 statuimus.
1091 2555 1108 2576 -
1152 2530 1273 2587 Non
1300 2532 1492 2605 utique
1531 2533 1623 2589 lex
1652 2533 1782 2589 exi-

186 2611 411 2668 nanitur
440 2630 536 2685 per
564 2613 750 2684 ﬁdem,
795 2616 891 2671 sed
919 2616 1289 2690 adimpletur;
1345 2621 1597 2678 ﬁrmatur
1632 2624 1782 2680 enim

194 2706 365 2755 status
395 2700 532 2772 ejus,
563 2704 783 2774 quando
811 2706 961 2777 quod
992 2707 1239 2763 futurum
1270 2708 1436 2779 dixit,
1471 2711 1606 2767 ﬁdes
1635 2712 1783 2769 istud

189 2788 476 2846 advenisse
506 2799 755 2850 testatur.
800 2795 914 2851 Hoc
944 2806 1163 2868 propter
1190 2798 1427 2868 Iudaeos,
1467 2802 1559 2873 qui
1591 2809 1785 2873 putant

189 2877 351 2934 ﬁdem
376 2879 583 2936 Christi
616 2882 719 2953 legi
753 2900 869 2939 esse
891 2885 1195 2951 inimicam,
1222 2887 1534 2958 ignorantes
1562 2906 1781 2946 sensum

190 2966 343 3038 legis.
375 2968 500 3022 Non
548 2986 674 3041 ergo
722 2981 949 3028 evacuat
979 2975 1173 3045 legem,
1219 2993 1345 3032 cum
1380 2967 1543 3033 illam
1576 2995 1785 3035 cessare

187 3053 384 3111 debere
429 3056 543 3127 jam
588 3057 766 3127 docet,
820 3063 948 3132 quia
1005 3071 1246 3135 tempore
1294 3081 1394 3120 suo
1447 3074 1589 3122 recte
1634 3066 1783 3123 illam

188 3142 370 3199 datam
400 3146 612 3212 asserit,
651 3146 740 3201 sed
768 3146 883 3219 jam
943 3166 1097 3221 agere
1147 3166 1259 3205 non
1302 3150 1515 3207 debere.
1562 3154 1623 3208 In
1670 3153 1785 3226 ipsa

185 3233 329 3289 enim
361 3236 479 3307 lege
523 3236 733 3293 dictum
777 3245 879 3306 est,
913 3246 1155 3310 tempore
1185 3242 1449 3297 exsoluta:
1467 3242 1779 3313 promissio-
1810 3231 1853 3292 Ο

187 3322 269 3390 nis
330 3324 504 3396 legem
566 3342 775 3381 cessare
821 3326 1051 3395 debere;
1088 3331 1313 3401 angelus
1359 3331 1507 3386 enim
1557 3332 1779 3388 Gabriel

184 3412 400 3467 Danieli
460 3414 738 3486 propheta:
786 3416 1120 3473 desiderium
1178 3418 1346 3491 hujus
1411 3421 1490 3476 rei
1545 3422 1779 3479 scienda:

185 3498 408 3557 habenti
441 3504 681 3559 ostendit
713 3506 878 3575 (Dan.
912 3523 990 3573 ix,
1022 3506 1139 3577 25),
1171 3507 1315 3563 inter
1348 3519 1541 3565 caetera
1567 3510 1776 3580 dicens,

183 3588 511 3647 adveniente
570 3592 813 3661 Christo,
869 3594 1134 3662 chrisma,
1194 3596 1249 3652 id
1301 3606 1402 3666 est,
1460 3599 1778 3656 unctionem

186 3680 419 3751 regalem
473 3697 702 3749 cessare,
741 3698 860 3755 quae
893 3690 1133 3755 potestas
1187 3685 1536 3758 intelligitur.
1583 3689 1655 3744 Et
1677 3688 1780 3760 ju-

182 3765 411 3837 dicium,
444 3770 543 3839 ait,
576 3787 687 3827 non
715 3772 819 3828 erit
848 3773 1110 3845 amplius,
1143 3774 1291 3846 quod
1317 3784 1403 3832 est
1434 3777 1543 3845 lex,
1576 3785 1628 3833 et
1657 3778 1778 3833 tol-

184 3857 322 3913 letur
348 3859 682 3917 sacriﬁcium
715 3878 918 3918 meum.
952 3863 1100 3931 Ideo,
1138 3864 1341 3938 inquit,
1368 3884 1557 3937 meum,
1579 3878 1639 3924 ut
1659 3868 1776 3925 sci-

183 3953 328 4002 retur
347 3947 685 4005 oblationem
715 3958 953 4007 veterem
980 3960 1330 4010 cessaturam.
1355 3956 1527 4023 Quem
1552 3973 1773 4013 sensum

182 4035 505 4109 adaperiens
558 4040 844 4097 Salvator:
890 4065 908 4087 α
965 4041 1098 4109 Lex,
1130 4042 1226 4112 ait,
1259 4051 1312 4099 et
1355 4045 1633 4117 propheta:
1687 4063 1773 4103 us-

182 4140 284 4196 que
326 4125 393 4181 ad
430 4128 696 4185 Joannem
748 4131 899 4199 (Luc.
946 4148 1063 4200 xvr,
1103 4134 1214 4205 16).
1266 4160 1283 4182 ι
1351 4135 1423 4191 Et
1474 4136 1603 4208 quia
1660 4136 1773 4209 lege

181 4214 386 4287 Moysis
440 4225 711 4287 cessante,
773 4221 1003 4277 meliora
1057 4231 1326 4297 praecepta
1381 4225 1608 4282 daturus
1659 4234 1775 4284 erat

181 4303 344 4373 Deus,
406 4307 671 4364 Jeremias
719 4310 985 4383 propheta
1020 4313 1241 4381 cecinit,
1296 4314 1520 4371 dicens:
1576 4339 1594 4361 σ
1632 4317 1772 4373 Ecce

180 4392 291 4449 dies
323 4396 569 4464 venient,
609 4396 746 4454 dicit
781 4400 1070 4469 Dominus,
1121 4409 1175 4457 et
1232 4403 1625 4460 consummabo
1663 4404 1774 4461 do-

182 4483 289 4538 mui
319 4486 505 4555 Israel,
536 4494 590 4542 et
620 4486 809 4543 domui
845 4489 982 4545 Iuda
1014 4498 1395 4548 testamentum
1428 4510 1633 4549 novum
1658 4511 1771 4551 non

179 4580 473 4636 secundum
503 4580 651 4653 quod
680 4581 806 4636 dedi
856 4581 1103 4653 patrihus
1132 4599 1319 4639 eorum
1364 4586 1576 4656 (Jerem.
1608 4603 1767 4653 xxxx,
1802 4589 1850 4648 D
1955 4588 2134 4658 (Vers.
2167 4590 2247 4661 5.)
2296 4615 2313 4637 -
2342 4590 2409 4645 Ei
2444 4608 2574 4647 vero
2603 4592 2695 4665 qui
2745 4611 2855 4650 non
2886 4603 3159 4667 operatur,
3190 4620 3207 4642 ι

181 4666 291 4739 31).
326 4695 344 4717 ι
386 4670 485 4725 His
516 4670 706 4743 utique
735 4671 830 4745 qui
859 4672 1170 4728 venientem
1210 4673 1487 4730 Christum
1536 4692 1604 4731 ex
1632 4694 1768 4750 pro-

179 4757 436 4814 missione
459 4768 802 4832 receperunt.
826 4760 953 4817 Ideo
974 4762 1257 4819 Salvator:
1307 4788 1323 4809 ι
1352 4764 1472 4819 Νοη
1496 4766 1644 4835 veni,
1669 4766 1766 4835 ait,

179 4846 380 4904 solvere
410 4849 586 4921 legem
618 4859 712 4907 aut
748 4850 1059 4923 prophetas,
1094 4854 1184 4909 sed
1223 4853 1522 4926 adimplere
1547 4857 1762 4925 (Matth.

181 4952 233 5004 ν,
264 4938 376 5009 17).
419 4965 437 4985 ι
503 4940 575 4994 Et
603 4940 731 5012 quia
770 4940 968 4997 domus
995 4943 1092 4998 Dei
1134 4960 1244 4998 non
1295 4952 1509 5000 tantum
1562 4946 1616 5000 in
1654 4948 1769 5003 sola

183 5023 576 5102 Hierosolyma,
608 5030 701 5087 sed
733 5039 786 5088 et
816 5030 871 5086 in
898 5031 1111 5088 caeteris
1140 5034 1279 5090 locis
1306 5034 1493 5091 futura
1520 5045 1657 5103 erat,
1690 5036 1768 5092 ait

182 5294 207 5348 ὁ
246 5227 356 5348 (:99)
380 5230 516 5287 Rom
539 5230 697 5300 edit.,
729 5231 786 5286 in
814 5248 1043 5287 eremum
1072 5232 1313 5304 Egypti,
1344 5233 1436 5304 qui
1456 5233 1654 5306 suscipi
1674 5233 1765 5304 ju-

210 5312 263 5348 εη
288 5316 370 5348 ΠΥ-

210 5304 370 5354 antur.

244 5370 321 5448 )
353 5369 516 5448 Corb.
549 5373 739 5448 codex,
772 5382 836 5448 et,
866 5373 1100 5448 Remig.,
1131 5376 1268 5430 Nam
1296 5374 1571 5431 Abraham
1606 5377 1758 5432 habet

179 5441 376 5518 quidem
420 5445 671 5514 gloriam,
696 5447 841 5517 apud
882 5441 1071 5510 Dauni,
1101 5448 1189 5501 sed
1244 5465 1308 5501 ex
1336 5447 1459 5518 fide,
1487 5465 1586 5517 per
1612 5465 1764 5518 quem

172 5511 481 5589 Iustiﬁcatics
526 5522 619 5589 est,
658 5511 790 5587 iqu'ia
828 5535 892 5571 ea:
929 5519 1171 5588 operibus
1220 5511 1346 5589 legis
1380 5511 1528 5572 nenia
1548 5511 1763 5589 justiﬁ—

178 5586 335 5659 cutur,
370 5592 425 5639 ut
453 5587 639 5659 habeat
670 5586 893 5657 gloriam
915 5586 1059 5659 apud
1089 5586 1281 5644 Deurer
1299 5592 1373 5645 Et
1396 5590 1523 5658 quia
1552 5586 1762 5643 Serran-

181 5654 243 5703 ιρις
288 5656 439 5731 legent
462 5654 834 5731 justiﬁcantur
858 5662 928 5714 ad
949 5654 1203 5731 prtesens,
1235 5662 1352 5715 ait:
1399 5654 1456 5717 Si
1484 5662 1758 5716 Abraham

180 5737 238 5775 ex
277 5728 517 5797 operibus
549 5728 672 5801 tegis
700 5728 1026 5805 justiﬁcatzts
1073 5737 1167 5800 est,
1210 5733 1359 5789 habet
1384 5733 1634 5803 gloriam,
1675 5733 1761 5788 sed

1892 1989 2008 2044 sive
2054 1989 2152 2046 48
2183 1993 2384 2066 Moysi,
2414 1995 2533 2052 sive
2586 2001 2911 2069 naturalem,
2972 2002 3350 2074 justiﬁcantur
3404 2007 3475 2064 ad

1893 2097 2167 2153 praesens;
2210 2100 2278 2140 ne
2308 2086 2387 2141 rei
2416 2086 2527 2141 sint
2548 2086 2606 2142 in
2619 2091 2874 2160 praesenti
2893 2091 3146 2164 judicio;
3182 2095 3305 2152 ideo
3350 2097 3429 2153 ait
3461 2117 3473 2156 :

1891 2170 1979 2226 Ex
2008 2172 2269 2244 operibus
2312 2174 2447 2246 legis
2473 2176 2519 2232 si
2548 2176 2825 2234 Abraham
2849 2178 3184 2251 justiﬁcatus
3238 2194 3339 2255 est,
3371 2203 3483 2245 non

1893 2258 2060 2316 habet
2085 2262 2231 2333 apud
2260 2264 2433 2320 Deum
2465 2266 2717 2337 gloriam;
2749 2268 2880 2341 quia
2914 2270 3009 2343 qui
3044 2271 3258 2343 fecerit,
3278 2276 3482 2351 inquit,

1892 2349 2067 2422 legem
2114 2351 2268 2407 vivet
2320 2352 2377 2408 in
2408 2370 2490 2423 ea,
2522 2354 2580 2411 id
2633 2364 2733 2425 est,
2792 2374 2905 2414 nou
2934 2361 3201 2419 morietur
3227 2373 3290 2421 ut
3309 2349 3433 2422 reus
3465 2386 3478 2425 ε

1891 2454 1993 2494 nec
2020 2446 2203 2495 tamen
2234 2440 2492 2499 meritum
2521 2459 2591 2500 ex
2615 2444 2721 2503 hoc
2741 2445 2965 2506 habebit
2990 2450 3137 2523 apud
3166 2454 3363 2523 Deum,
3385 2455 3481 2513 sed

1892 2526 2017 2583 ﬁdei
2049 2544 2230 2586 causa.

1966 2618 2149 2688 (Vers.
2184 2617 2264 2690 3.)
2315 2645 2332 2668 ι
2361 2621 2504 2690 Quid
2531 2624 2679 2680 enim
2710 2624 2847 2683 dicit
2886 2627 3210 2701 Scriptura?
3238 2630 3485 2691 Credidit

1892 2705 2172 2762 Abraham
2201 2710 2337 2777 Deo,
2389 2716 2444 2765 et
2497 2720 2808 2783 reputatum
2867 2723 2948 2772 est
2986 2716 3035 2772 ei
3090 2717 3159 2774 ad
3206 2718 3481 2790 justitiam

1896 2795 2052 2868 (Gen.
2085 2812 2182 2865 xv,
2214 2797 2293 2868 6).
2336 2822 2354 2845 ι
2423 2800 2796 2858 Manifestavit
2850 2821 2960 2860 non
3021 2806 3145 2863 ideo
3202 2808 3482 2868 Abraham

1893 2884 2123 2955 gloriam
2153 2885 2298 2957 apud
2353 2888 2527 2943 Deum
2558 2888 2778 2958 habere,
2828 2893 2957 2965 quia
2985 2894 3343 2955 circumcisus
3379 2908 3483 2970 est,

1893 2982 1988 3029 aut
2038 2976 2167 3047 quia
2215 2975 2482 3033 abstinuit
2510 2995 2566 3035 se
2596 2980 2663 3035 ab
2692 2980 2986 3054 iniquitate
3018 3003 3031 3051 ;
3072 2985 3169 3042 sed
3205 2988 3334 3061 quia
3362 2991 3476 3047 Deo

1892 3061 2146 3131 credidit,
2178 3063 2312 3120 hinc
2338 3072 2391 3119 et
2400 3064 2732 3137 justiﬁcatus
2751 3077 2853 3136 est,
2866 3071 3044 3130 laudis
3063 3090 3174 3131 suae
3193 3077 3483 3148 praemium

1896 3152 1952 3207 in
1984 3152 2172 3209 futuro
2197 3165 2613 3214 consecuturus.

1963 3242 2146 3313 (Vers.
2178 3242 2258 3315 4.)
2295 3270 2312 3291 ι
2342 3245 2408 3300 Ei
2465 3255 2646 3303 autem
2699 3248 2793 3322 qui
2824 3260 3099 3323 operatur,
3130 3271 3336 3313 merces
3368 3274 3478 3315 non

1890 3329 2195 3402 imputatur
2231 3333 2532 3390 secundum
2568 3337 2819 3407 gratiam,
2850 3340 2943 3395 sed
2980 3343 3281 3399 secundum
3330 3345 3480 3401 dehi-

1889 3428 2028 3476 tum.
2062 3446 2079 3467 ι
2123 3422 2454 3478 Absolutum
2485 3432 2568 3481 est
2604 3424 2655 3480 ei
2693 3429 2788 3500 qui
2820 3428 2924 3500 legi
2955 3430 3247 3500 factorum,
3292 3432 3348 3488 id
3377 3442 3480 3503 est,

1889 3509 2065 3581 Moysi
2116 3510 2402 3581 subjectus
2448 3522 2552 3580 est,
2588 3522 2684 3569 aut
2712 3518 2995 3585 naturali;
3052 3536 3162 3575 non
3216 3520 3475 3593 imputari

1888 3598 2149 3654 meritum
2206 3598 2276 3654 ad
2313 3602 2642 3672 mercedem,
2674 3611 2737 3659 ut
2798 3605 3027 3676 gloriam
3082 3606 3278 3666 haheat
3323 3612 3471 3683 apud

1886 3689 2085 3743 Deum.
2112 3687 2342 3745 Debitor
2371 3698 2454 3746 est
2481 3690 2629 3747 enim
2650 3693 2829 3750 facere
2856 3696 3051 3768 legem,
3084 3697 3214 3770 quia
3241 3701 3475 3758 necessi-

1886 3784 1968 3832 tas
1997 3776 2254 3849 imposita
2299 3785 2380 3835 est
2431 3796 2529 3852 per
2572 3781 2769 3853 legem,
2818 3791 2899 3852 ut,
2930 3784 3067 3842 velit
3112 3787 3272 3857 nolit,
3311 3788 3478 3848 faciat

1886 3864 2080 3938 legem,
2137 3882 2205 3922 ne
2234 3866 2548 3937 damnetur,
2604 3870 2749 3928 sicut
2776 3873 2886 3929 alio
2918 3874 3039 3932 loco
3086 3875 3263 3934 dicit:
3312 3902 3331 3925 ι
3367 3880 3475 3947 Qui

1883 3969 1949 4009 an
1961 3961 2064 4010 tem
2083 3965 2466 4027 contemnunt,
2488 3959 2592 4032 ipsi
2609 3960 2716 4016 sibi
2735 3960 3144 4021 damnationem
3159 3967 3472 4040 acquirunt,

1882 4043 2011 4116 quia
2039 4045 2109 4101 ad
2138 4061 2375 4117 praesens
2400 4049 2480 4104 rei
2509 4057 2638 4105 sunt
2691 4051 2867 4118 (Rom.
2899 4068 3022 4122 xm,
3052 4054 3133 4126 2).
3169 4080 3187 4102 ι
3243 4056 3475 4116 Credere

1883 4142 2065 4191 autem
2095 4143 2190 4192 aut
2218 4153 2329 4193 non
2358 4139 2599 4208 credere,
2635 4140 2940 4198 voluntatis
2968 4152 3067 4200 est.
3092 4144 3279 4219 Neque
3320 4147 3473 4204 enim

1883 4224 2006 4296 quis
2037 4225 2156 4299 cogi
2210 4234 2386 4299 potest
2419 4227 2488 4284 ad
2535 4228 2591 4283 id
2640 4230 2784 4302 quod
2819 4232 3171 4290 manifestum
3226 4251 3341 4291 non
3366 4243 3470 4306 est,

1881 4314 1975 4369 sed
2005 4314 2312 4385 invitatur;
2347 4316 2476 4390 quia
2512 4334 2623 4375 non
2653 4328 3033 4394 extorquetur,
3065 4322 3160 4379 sed
3188 4324 3468 4383 suadetur.

1881 4405 2245 4472 Quamobrem
2320 4410 2623 4466 assentiens
2694 4412 2936 4483 praemiis
2991 4414 3313 4472 afﬁciendus
3367 4424 3468 4485 est,

1879 4496 2022 4553 sicut
2050 4505 2103 4554 et
2137 4498 2436 4567 Abraham,
2470 4500 2564 4573 qui
2596 4501 2742 4574 quod
2770 4519 2880 4559 non
2910 4503 3072 4573 vidit,
3102 4505 3337 4563 credidit
3362 4507 3468 4579 (2).

3253 4595 3311 4651 id
3364 4605 3468 4666 est,

1877 4674 1925 4729 ei
1956 4676 2051 4748 qui
2080 4676 2355 4735 obnoxius
2380 4686 2461 4735 est
2490 4682 2743 4752 peccatis,
2777 4683 2871 4756 qui
2902 4700 3013 4739 non
3041 4685 3471 4757 operatur,quod

1877 4765 2102 4822 mandat
2122 4768 2230 4823 lex.
2280 4792 2299 4816 ι
2327 4766 2584 4826 Credenti
2614 4778 2795 4827 autem
2830 4772 2887 4827 in
2916 4770 3176 4843 eum,qui
3200 4770 3470 4843 justiﬁcat

1875 4852 2129 4926 impium,
2187 4866 2471 4929 reputatur
2516 4858 2651 4914 ﬁdes
2689 4858 2806 4929 ejus
2843 4858 2911 4913 ad
2961 4857 3258 4929 justitiam.
3289 4885 3307 4908 ι
3352 4862 3470 4921 Hoc

1874 4942 2029 5009 dicit,
2058 4946 2185 5018 quia
2219 4946 2337 5002 sine
2367 4946 2622 5018 operibus
2649 4946 2782 5018 legis
2804 4946 3047 5004 credenti
3077 4949 3270 5023 impio,
3303 4950 3360 5008 id
3387 4960 3470 5009 est

1875 5037 2090 5107 gentili,
2122 5037 2180 5093 in
2238 5037 2542 5106 Christum,
2574 5046 2860 5111 reputatur
2881 5039 3017 5097 ﬁdes
3055 5040 3173 5114 ejus
3201 5041 3268 5098 ad
3302 5041 3463 5115 justi-

1871 5252 1976 5311 non
1998 5235 2142 5311 apud
2170 5235 2356 5311 Deam,
2387 5235 2474 5291 sed
2501 5236 2651 5311 apud
2673 5236 2949 5311 mundum,
2979 5254 3042 5293 ne
3076 5239 3331 5311 praetenti
3362 5239 3468 5311 lege

1871 5307 2128 5362 obnoxius
2173 5307 2433 5362 videatur.
2491 5308 2653 5378 Apud
2680 5309 2847 5364 Deum
2892 5307 3276 5378 autem'ﬂdelis
3315 5307 3466 5365 habet

1868 5378 2116 5462 gratiam.
2311 5378 2620 5462 enimmdicit,
2649 5388 2754 5462 etc.
2786 5453 2823 5462 _
2928 5453 2937 5461 '
3123 5453 3133 5462 _
3218 5459 3227 5462 Α
3277 5452 3309 5462 Α.

1943 5449 2025 5529 (2)
2057 5449 2191 5506 Cod.
2224 5450 2657 5535 Corh.,.Thuan..
2701 5460 2755 5507 et
2786 5452 3460 5535 Belnignvotu‘ntatishest,

1869 5521 1996 5590 quia
2028 5538 2129 5574 non
2157 5528 2519 5605 exterqzwtztr,
2549 5521 3088 5605 sed_suadetur.___ldeo
3108 5524 3181 5605 ad
3205 5526 3463 5605 meritum.

1864 5593 2114 5667 proﬁcit,
2144 5594 2307 5647 credit
2336 5595 2473 5648 enim
2517 5594 2656 5664 quod
2698 5611 2803 5648 non
2830 5593 2993 5659 novit,
3037 5595 3124 5648 sed
3159 5602 3355 5667 sperat.
3390 5596 3464 5652 Ei

1870 5680 1989 5718 vero
2023 5664 2115 5736 qui
2142 5682 2246 5719 non
2275 5672 2548 5738 operatur,
2575 5672 2678 5721 etc.
