3980 6370
453 383 522 442 87
1467 378 1564 434 AD
1601 375 1838 434 OPERA
1875 375 1932 432 S.
1971 373 2310 432 AMBROSII
2343 371 2726 432 APPENDIX.
3675 372 3755 431 88'

454 512 609 580 tiam,
648 509 794 568 sicut
819 519 875 567 et
915 508 1170 565 Abrahae.
1215 506 1500 575 Quomodo
1545 521 1674 577 ergo
1717 503 1894 561 Judasi
1943 520 2040 577 per
2075 505 2125 566 A
2149 503 2238 558 vel
2266 503 2458 577 aliquo
2500 518 2662 576 opere
2690 519 2788 576 per
2833 503 3113 559 lavacrum
3149 500 3534 570 remittuntur,
3577 511 3634 559 et
3664 510 3760 558 te-

453 616 620 674 opera
634 600 772 673 legis
787 597 1080 674 justiﬁcari
1101 613 1158 653 se
1174 604 1368 668 putant
1377 594 1775 668 justiﬁcatione
1789 595 2046 664 Abrahae,

453 708 581 750 cum
611 689 840 746 videant
863 687 1140 743 Abraham
1172 701 1284 742 non
1312 701 1407 758 per
1434 699 1596 757 opera
1621 683 1774 756 legis,
1806 685 1900 740 sed
1935 688 2050 741 sola

454 777 953 852 ﬁdejustiﬁcatum
979 777 1007 832 ‘I
1052 776 1171 832 Non
1201 791 1329 848 ergo
1377 791 1514 846 opus
1544 782 1626 830 est
1674 774 1784 842 lex,
1829 773 2049 846 quando

455 865 664 942 impius
691 883 788 941 per
807 867 976 922 solam
1009 864 1175 920 ﬁdem
1201 863 1540 936 justiﬁcatur
1568 862 1715 936 apud
1743 865 1940 920 Deum.

544 997 564 1023 ι
600 973 911 1032 Secundum
935 973 1276 1047 propositum
1309 972 1494 1044 gratiae
1524 971 1645 1027 Dei.
1681 997 1699 1018 ι
1744 971 1837 1028 Sic
1855 971 2051 1027 decre-

457 1073 578 1122 tum
625 1064 764 1122 dicit
813 1081 845 1120 a
887 1065 1020 1131 Deo,
1071 1070 1134 1118 ut
1179 1070 1422 1118 cessante
1471 1061 1615 1133 lege,
1666 1061 1838 1116 solam
1885 1059 2050 1116 ﬁdem

459 1155 630 1228 gratia
661 1155 757 1212 Dei
786 1163 1032 1228 posceret
1068 1153 1135 1209 ad
1165 1153 1396 1209 salutem
1439 1151 1544 1223 (3).

531 1259 712 1332 (Vers.
765 1260 846 1330 6.)
911 1285 927 1307 -
959 1259 1112 1315 Sicut
1157 1265 1211 1314 et
1259 1256 1436 1314 David
1475 1255 1674 1312 dicit.-
1721 1257 1836 1313 Hoc
1872 1255 2050 1328 ipsum

456 1348 640 1406 munit
667 1349 922 1422 exemplo
955 1350 1252 1420 prophetae.
1301 1373 1318 1393 -
1346 1345 1752 1402 Beatitudinem
1786 1345 2049 1412 hominis,

457 1437 550 1494 cui
590 1440 736 1496 Deus
781 1448 1002 1512 accepto
1050 1439 1157 1494 fert
1201 1437 1474 1510 justitiam
1529 1437 1647 1492 sine
1695 1435 1972 1507 operibus.
2018 1457 2036 1482 ι

458 1527 656 1585 Beatos
683 1527 820 1586 dicit
845 1528 914 1584 de
940 1528 1142 1601 quibus
1171 1527 1276 1584 hoc
1305 1525 1492 1583 sanxit
1519 1527 1685 1592 Deus,
1719 1534 1780 1580 ut
1815 1523 1934 1579 sine
1963 1524 2053 1579 la-

457 1616 592 1674 bore
639 1626 696 1674 et
735 1619 921 1692 aliqua
965 1617 1348 1674 observatione
1391 1615 1496 1684 (4),
1529 1614 1644 1670 sola
1687 1613 1794 1670 ﬁde
1836 1612 2054 1685 justiﬁ-

457 1713 655 1763 centur
699 1705 844 1778 apud
891 1709 1087 1763 Deum.
1138 1703 1423 1776 Temporis
1469 1718 1597 1774 ergo
1652 1701 2051 1758 beatitudinem

456 1795 739 1869 praedicat,
772 1813 881 1870 quo
901 1805 1072 1854 natus
1097 1803 1178 1852 est
1198 1793 1474 1860 Christus,
1492 1792 1760 1864 sicutipse
1781 1791 2051 1848 Dominus

2159 601 2365 664 guntur
2401 602 2456 650 et
2487 609 2600 649 non
2639 593 2986 666 imputantur
3021 597 3261 665 peccata.
3317 591 3618 662 Apostolus
3661 601 3758 649 ta-

2158 698 2286 737 men
2315 691 2536 755 propter
2569 681 2974 754 plenitudinem
3019 688 3356 754 temporum,
3388 689 3442 736 et
3473 681 3604 754 quia
3632 682 3759 755 plus

2160 771 2346 844 gratiae
2371 772 2429 826 in
2459 771 2721 843 apostolis
2751 781 2853 840 est,
2881 786 3046 844 quam
3078 771 3187 827 fuit
3220 769 3280 826 in
3308 768 3612 842 prophetis,
3644 787 3760 828 ma-
3811 767 3830 782 ⁰

2153 859 2276 932 jora
2319 867 2677 933 protestatur,
2709 877 2831 934 quae
2877 875 2946 917 ex
2989 860 3137 916 dono
3165 857 3514 932 baptismatis
3553 873 3763 916 conse—

2159 950 2410 1022 quimur;
2445 951 2576 1024 quia
2607 967 2719 1007 non
2767 951 2945 1008 solum
2989 949 3372 1007 remissionem
3407 960 3759 1024 peccatorum

2160 1039 2404 1111 accipere
2457 1057 2558 1097 nos
2594 1084 2610 1111 ,
2663 1040 2757 1098 sed
2794 1040 3091 1114 justiﬁcari
3123 1083 3138 1110 ,
3191 1049 3248 1098 et
3299 1039 3446 1097 ﬁlios
3491 1041 3591 1098 Dei
3636 1039 3760 1098 ﬁeri

2162 1129 2476 1200 proﬁtetur;
2520 1139 2582 1187 ut
2621 1131 2904 1187 beatitudo
2945 1131 3064 1188 haec
3113 1131 3411 1203 perfectam
3459 1128 3658 1186 habeat
3705 1139 3762 1188 et

2161 1220 2514 1276 securitatem
2547 1229 2600 1277 et
2628 1221 2881 1292 gloriam.

2236 1312 2416 1382 (Vers.
2448 1312 2528 1384 9.)
2577 1338 2594 1360 ι
2622 1312 2916 1370 Beatitudo
2947 1329 3074 1386 ergo
3101 1311 3219 1370 haec
3246 1313 3304 1368 in
3335 1310 3762 1370 circumcisione

2161 1408 2376 1458 tantum
2406 1413 2611 1470 manet,
2632 1420 2700 1460 an
2721 1412 2776 1460 et
2800 1404 2862 1460 in
2883 1403 3154 1478 praeputio
3175 1405 3204 1461 ?
3223 1428 3242 1453 ι
3270 1403 3334 1460 Id
3358 1413 3460 1472 est,
3487 1399 3764 1474 numquid

2160 1487 2448 1547 beatitudo
2491 1491 2599 1549 ista
2644 1493 2883 1550 Abrahae
2932 1501 3151 1550 tantum
3186 1492 3320 1549 ﬁliis
3357 1508 3614 1550 concessa
3654 1497 3762 1570 est,

2161 1592 2231 1632 an
2259 1585 2314 1634 et
2350 1578 2420 1635 iis
2449 1580 2543 1654 qui
2581 1581 2955 1639 incircumcisi
2984 1582 3161 1639 sunt?
3207 1581 3265 1638 Si
3293 1581 3442 1639 enim
3473 1581 3570 1639 illo
3613 1590 3767 1640 tem-

2162 1686 2292 1743 pore
2338 1687 2450 1728 non
2481 1673 2774 1745 prohibita
2815 1680 2946 1729 sunt
2975 1681 3163 1746 gentes
3191 1673 3448 1730 accedere
3489 1672 3558 1729 ad
3587 1673 3766 1744 legem

2162 1771 2216 1818 et
2252 1763 2677 1835 promissionem
2704 1761 2962 1833 Abrahae,
2994 1762 3088 1836 qui
3118 1762 3239 1819 ﬁeri
3275 1771 3506 1836 poterat,
3538 1771 3600 1820 ut
3629 1771 3768 1819 tem-

458 1851 571 1948 2m:
642 1851 860 1950 illiulti
903 1851 1042 1965 justi
1089 1851 1171 1948 et
1197 1851 1476 1964 prophetae
1515 1851 1807 1960 cupierunt
1849 1887 2058 1958 videre,
2084 1867 2133 1930 Β
2167 1851 2534 1965 Effregisti
2558 1851 3372 1965 P’??f¥’?"i‘f“{r,vel}fenfﬁad
3387 1851 3619 1926 gratiam
3643 1852 3726 1925 (⁷)
3749 1871 3766 1921 δ

461 1996 584 2054 quae
612 1981 838 2052 videtis,
870 1989 925 2040 et
974 1981 1188 2050 audire,
1223 1997 1344 2054 quae
1372 1978 1597 2048 auditis,
1645 1987 1700 2036 et
1727 1996 1840 2035 non
1878 1979 2060 2036 audie-

463 2078 599 2127 runt
633 2071 854 2142 (Matth.
885 2089 1010 2140 xm,
1046 2072 1159 2142 17).
1193 2095 1212 2118 ι

539 2168 724 2243 (Vers.
760 2171 790 2228 7
819 2177 873 2226 et
902 2169 984 2240 8.)
1031 2193 1050 2217 ε
1074 2168 1232 2226 Beati
1263 2185 1497 2243 quorum
1527 2169 1767 2225 remissae
1800 2176 1929 2224 sunt
1959 2167 2061 2224 ini-

466 2259 723 2335 quitates,
762 2266 818 2315 et
861 2275 1096 2332 quorum
1127 2265 1273 2315 tecta
1299 2266 1429 2315 sunt
1474 2265 1710 2332 peccata.
1744 2258 1942 2314 Beatus
1976 2256 2064 2312 vir

466 2349 559 2406 cui
587 2364 702 2404 non
732 2347 1029 2420 imputavit
1055 2348 1326 2404 Dominus
1371 2354 1652 2419 peccatum
1681 2346 1863 2414 (Psal.
1900 2361 2060 2413 xxxi,

471 2437 522 2506 1,
555 2437 638 2508 2).
669 2460 688 2485 ι
731 2436 1017 2493 Manifeste
1040 2437 1186 2494 beati
1217 2446 1368 2506 sunt,
1391 2435 1590 2510 quibus
1619 2437 1738 2492 sine
1763 2435 1948 2492 labore
1975 2433 2061 2490 vel

467 2541 632 2600 opere
683 2527 870 2600 aliquo
921 2527 1282 2584 remittuntur
1333 2526 1650 2600 iniquitates
1683 2569 1696 2594 ,
1744 2533 1798 2580 et
1844 2531 2065 2596 peccata

467 2623 747 2689 teguntur,
779 2615 934 2672 nulla
977 2615 1044 2672 ab
1074 2615 1162 2671 his
1194 2615 1460 2689 requisita
1491 2613 1830 2686 poenitentia:
1877 2629 2060 2685 opera,

467 2704 578 2762 nisi
623 2711 838 2761 tantum
885 2714 947 2761 ut
976 2704 1425 2761 credant.Beatus
1475 2703 1639 2760 etiam
1691 2701 1784 2759 hic
1830 2701 1918 2757 vir
1960 2709 2062 2770 est,

482 2818 501 2842 ι
517 2794 607 2850 cui
636 2809 747 2850 non
775 2793 1070 2866 imputavit
1085 2792 1357 2850 Dominus
1374 2801 1676 2866 peccatum.
1694 2815 1714 2840 ι
1746 2791 2063 2860 Remittere,

468 2889 524 2938 et
551 2889 752 2954 tegere,
786 2891 964 2938 etnon
984 2883 1278 2954 imputare,
1306 2899 1418 2939 una
1433 2882 1596 2950 ratio,
1613 2889 1666 2938 et
1681 2897 1826 2937 unus
1847 2889 1927 2936 est
1945 2895 2066 2936 sen-

470 2987 564 3028 sus
586 2971 806 3039 ;omnia
833 2971 982 3028 enim
1012 2988 1123 3028 uno
1139 2972 1303 3028 modo
1332 2971 1654 3028 obtinentur
1680 2977 1734 3027 et
1763 2969 2060 3025 donantur.

543 3067 780 3126 Videtur
827 3077 1010 3126 autem
1042 3068 1370 3142 quibusdam
1398 3066 1675 3140 tripertita
1703 3067 1844 3124 ratio
1873 3067 1931 3123 in
1979 3066 2068 3123 his

474 3158 660 3228 dictis,
701 3159 832 3233 quia
875 3158 1108 3215 diversis
1153 3159 1422 3232 propheta
1461 3174 1592 3214 usus
1639 3166 1722 3214 est
1761 3157 1965 3227 verbis,
2013 3165 2068 3214 et

477 3249 608 3322 quia
635 3264 667 3304 a
687 3231 886 3320 plurali
905 3264 1136 3305 numero
1149 3231 1219 3304 ad
1249 3249 1580 3321 singularem
1603 3247 1904 3304 descendit.
1931 3249 2069 3305 Cum
2101 3231 2145 3294 θ

475 3337 624 3395 enim
653 3339 821 3394 verba
854 3337 956 3395 Dei
982 3339 1041 3394 in
1071 3338 1378 3396 ubertatem
1407 3338 1616 3411 gratiae,
1647 3337 1777 3411 quia
1817 3338 1898 3411 (5)
1935 3354 2070 3410 pec-

474 3425 583 3484 cati
619 3424 836 3482 diversa
864 3433 996 3483 sunt
1023 3427 1270 3496 nomina,
1319 3443 1416 3500 per
1443 3427 1771 3484 delictorum
1802 3426 2072 3484 vocabula

473 3531 796 3573 enumerare
845 3517 997 3585 vult,
1042 3516 1208 3573 latius
1248 3516 1466 3574 locutus
1504 3525 1623 3585 est;
1681 3515 1847 3572 unius
1885 3523 2070 3572 tamen

473 3606 666 3664 formae
704 3615 760 3664 et
801 3607 1220 3678 signiﬁcationis
1263 3616 1392 3664 sunt
1433 3608 1632 3678 verba,
1685 3609 1814 3681 quia
1852 3615 1906 3663 et
1943 3623 2068 3664 cum

474 3696 632 3768 tegit,
663 3697 928 3752 remittit:
971 3704 1026 3752 et
1061 3713 1188 3753 cum
1236 3697 1488 3766 remittit,
1538 3713 1649 3754 non
1684 3697 1938 3770 imputat.
1985 3696 2071 3753 Ad

477 3783 695 3841 laudem
723 3785 872 3841 enim
903 3785 1088 3860 gratiae
1117 3786 1219 3844 Dei
1251 3787 1524 3860 prolixius
1553 3787 1822 3861 loquitur,
1853 3796 1914 3844 ut
1940 3803 2069 3844 am-

475 3871 686 3946 pliﬁcet
713 3873 943 3947 gratiam
977 3876 1082 3948 (6).
1115 3877 1248 3934 Tres
1276 3876 1446 3934 enim‘
1465 3877 1664 3950 gradus
1693 3875 1824 3934 fecit
1853 3883 2074 3948 propter

475 3960 806 4020 delictorum
855 3966 1212 4024 varietatem:
1249 3983 1482 4040 quorum
1514 3966 1728 4039 primus
1757 3966 1955 4039 gradus
1991 3973 2074 4022 est

476 4050 746 4125 iniquitas
772 4054 862 4110 vel
889 4055 1161 4128 impietas,
1186 4055 1320 4112 dum
1343 4072 1454 4112 non
1485 4056 1798 4128 agnoscitur
1819 4055 2069 4124 Creator;

477 4142 771 4213 secundus,
799 4142 858 4198 in
888 4145 1137 4217 gravium
1167 4151 1516 4218 peccatorum
1557 4143 1846 4216 'operibus:
1875 4144 2074 4200 tertius

476 4247 610 4289 vero
635 4231 880 4302 levium;
917 4233 1016 4290 hos
1043 4240 1230 4289 tamen
1257 4232 1524 4290 omnesin
1554 4233 1882 4305 baptismate
1911 4233 2072 4290 oblit-

475 4321 663 4380 terari.
715 4323 916 4380 Tribus
958 4322 1047 4380 his
1089 4323 1348 4397 gradibus
1401 4324 1576 4382 totius
1618 4321 1830 4396 peccati
1872 4339 2073 4398 corpus

474 4411 830 4487 signiﬁcavit.
1585 4435 1588 4445 -

545 4523 1022 4592 Quemadmodum
1068 4531 1251 4580 autem
1297 4523 1367 4581 ad
1413 4524 1802 4598 poenitentium
1869 4541 2069 4598 perso-

471 4631 600 4674 nam
640 4622 822 4689 potest
867 4613 1162 4688 pertinere,
1207 4631 1335 4674 cum
1363 4615 1537 4674 dicit:
1586 4641 1604 4664 ι
1631 4616 1784 4672 Beati
1833 4631 2068 4689 quorum

469 4715 616 4765 tecta
641 4713 772 4763 sunt
797 4713 1036 4780 peccata,
1060 4730 1078 4754 ι
1120 4722 1246 4763 cum
1275 4713 1488 4764 constet
1525 4706 1854 4778 poenitentes
1885 4704 2069 4762 labore

471 4803 528 4852 et
564 4797 772 4868 gemitu
796 4795 1180 4854 remissionem
1210 4806 1557 4868 peccatorum
1583 4796 1865 4870 acquirere
1883 4795 1912 4852 ‘I
1955 4796 2070 4852 Aut

472 4885 750 4958 quomodo
799 4885 1066 4960 martyrio
1105 4885 1382 4960 congruit,
1413 4885 1559 4960 quod
1588 4884 1762 4942 dicit:
1820 4909 1838 4932 ι
1868 4885 2070 4941 Beatus

471 4973 582 5042 vir,
611 4973 705 5030 cui
749 4989 862 5030 non
906 4975 1206 5048 imputavit
1230 4975 1500 5033 Dominus
1547 4983 1866 5049 peccatum:
1900 4997 1919 5019 ι
1968 4979 2067 5037 49

469 5088 599 5130 cum
626 5071 864 5131 sciamus
891 5075 1120 5148 gloriam
1149 5076 1403 5150 martyrii
1432 5074 1781 5150 passionibus
1809 5079 1864 5130 et
1905 5088 2067 5147 pres-

469 5161 615 5222 suris
642 5162 854 5236 acquiri
881 5163 911 5220 ?

537 5273 813 5348 Propheta
838 5281 1021 5334 autem
1049 5283 1268 5350 tempus
1293 5275 1433 5334 felix
1457 5275 1765 5348 prmvidens
1786 5274 1843 5331 in
1865 5274 2067 5332 Salva-

467 5363 604 5422 toris
632 5365 894 5435 adventu,
923 5364 1112 5424 beatos
1139 5371 1444 5454 nuncupat,
1487 5365 1690 5438 quibus
1729 5365 1848 5422 sine
1877 5365 2064 5424 labore

543 5481 624 5555 (3)
655 5482 813 5540 Rom.
845 5483 1005 5549 edit.,
1034 5483 1150 5538 sola
1178 5481 1304 5551 ﬁdes
1339 5480 1526 5554 gratia:
1561 5482 1662 5538 Dei
1684 5483 1966 5555 proﬁceret
1990 5483 2062 5539 ad

468 5553 711 5609 salutem.
1347 5553 1351 5554 “
1692 5553 1701 5554 “

543 5623 625 5696 (4)
655 5622 820 5696 Corb.
848 5623 1043 5696 codex,
1075 5630 1124 5680 et
1149 5623 1336 5696 aliqua
1377 5621 1746 5696 obsecratione.

542 5695 624 5776 (5)
657 5695 818 5825 ltlgm.
865 5693 999 5764 edit,
1048 5696 1183 5752 Cum
1224 5693 1364 5752 cnim
1391 5695 1678 5750 ubertatem
1714 5695 1902 5767 gratae
1941 5697 2058 5764 Dei,

467 5782 668 5839 quta,e
731 5809 743 5822 .

2171 1943 2391 2016 quando
2423 1945 2568 2000 Deus
2601 1943 2776 2016 gratia
2804 1943 2963 2016 plene
2992 1943 3296 2002 incitavit?

2257 2058 2274 2083 ι
2301 2033 2552 2093 Dicimus
2579 2035 2748 2104 enim,
2780 2035 2887 2093 hoc
2906 2043 3008 2106 est,
3035 2036 3082 2092 si
3108 2051 3272 2092 sensu
3297 2034 3434 2108 legis
3459 2035 3766 2110 loquimur,

2171 2123 2303 2198 quia
2341 2131 2592 2196 reputata
2635 2135 2718 2182 est
2745 2125 2984 2182 Abrahae
3031 2124 3168 2182 ﬁdes
3208 2126 3276 2183 ad
3313 2123 3636 2198 justitiam»
3679 2123 3770 2182 Ab

2171 2215 2384 2286 origine
2420 2214 2640 2287 incipit,
2661 2223 2725 2272 ut
2753 2231 2972 2272 omnem
3002 2215 3512 2288 tergiversationem
3542 2214 3772 2272 cavilla-

2172 2303 2342 2360 tionis
2385 2303 2662 2373 excludat,
2694 2305 2824 2378 quia
2856 2304 2953 2378 qui
2999 2321 3032 2361 a
3067 2305 3244 2378 capite
3272 2303 3608 2373 excluditur,
3654 2319 3770 2362 non

2171 2393 2335 2451 habet
2360 2394 2508 2450 unde
2537 2395 2768 2468 incipiat
2797 2395 2974 2452 facere
3001 2395 3383 2470 quaestionem.

2245 2483 2428 2555 (Vers.
2462 2484 2528 2541 l0
2556 2493 2610 2541 et
2646 2485 2761 2557 11.)
2827 2509 2845 2533 ι
2871 2485 3160 2554 Quomodo
3188 2501 3315 2558 ergo
3357 2489 3609 2558 reputata
3639 2493 3723 2541 est
3744 2484 3772 2542 ?

2171 2588 2297 2628 cum
2330 2571 2388 2628 in
2417 2574 2844 2630 circumcisione
2885 2581 3049 2644 esset,
3081 2590 3150 2630 an
3191 2575 3252 2631 in
3293 2573 3606 2647 praeputio?
3647 2573 3773 2630 Non

2173 2662 2231 2720 in
2267 2663 2706 2733 circumcisione,
2747 2663 2843 2720 sed
2885 2663 2944 2720 in
2991 2664 3280 2738 praeputio.
3322 2665 3395 2722 Et
3422 2665 3641 2737 signum
3669 2680 3776 2721 ac-

2173 2751 2318 2823 cepit
2347 2751 2792 2808 circumcisionis
2833 2751 3176 2826 signaculum
3194 2751 3426 2824 justitiae
3456 2751 3606 2820 ﬁdei,
3649 2767 3772 2826 quae

2175 2849 2257 2897 est
2301 2839 2361 2897 in
2399 2841 2691 2916 praeputio,
2729 2849 2791 2898 ut
2819 2842 2892 2898 sit
2941 2850 3096 2915 pater
3129 2841 3381 2898 omnium
3428 2840 3774 2898 credentium

2174 2946 2271 3002 per
2298 2931 2668 3004 praeputium:
2706 2940 2770 2990 ut
2809 2941 3094 3006 reputetur
3151 2940 3205 2988 et
3232 2931 3346 2988 illis
3385 2930 3454 2988 ad
3494 2929 3772 3003 justitiam

2174 3021 2336 3090 (Gen.
2367 3037 2507 3088 xvu,
2543 3022 2631 3091 10,
2667 3023 2778 3094 11).
2811 3047 2830 3072 ι
2875 3022 3155 3079 Abraham
3195 3037 3322 3079 cum
3351 3027 3496 3078 esset
3533 3020 3592 3077 in
3623 3037 3777 3093 prae-

2178 3109 2355 3182 putio,
2385 3109 2623 3166 credidit
2651 3113 2785 3167 Deo.
2818 3111 2964 3180 Quid
2996 3109 3277 3167 credidit?
3307 3110 3503 3166 Semen
3532 3125 3589 3166 se
3617 3108 3774 3165 habi-

2175 3207 2385 3267 turum,
2435 3197 2493 3254 id
2547 3208 2648 3268 est,
2693 3199 2898 3269 ﬁlium,
2944 3201 3004 3256 in
3051 3215 3161 3274 quo
3219 3213 3413 3255 omnes
3459 3206 3644 3271 gentes
3685 3197 3776 3270 ju-

2179 3287 2549 3345 stiﬁcarentur
2603 3305 2700 3362 per
2775 3289 2942 3346 ﬁdem
3016 3289 3076 3345 in
3132 3288 3402 3362 praeputio
3433 3330 3450 3356 ,
3507 3287 3653 3344 sicut
3719 3297 3779 3344 et

2179 3375 2456 3432 Abraham
2528 3377 2862 3450 justiﬁcatus
2932 3385 3032 3435 est.
3081 3377 3220 3434 Nam
3293 3373 3774 3434 circumcisionem

2179 3466 2398 3539 signum
2443 3469 2655 3541 accepit
2713 3466 2944 3541 justitiai
2997 3466 3172 3524 ﬁdei:
3233 3465 3461 3523 credens
3513 3464 3663 3521 enim
3717 3481 3777 3520 se

2178 3555 2360 3613 ﬁlium
2414 3557 2756 3628 habiturum,
2809 3559 2978 3632 hujus
3032 3559 3114 3614 rei
3169 3573 3333 3631 quam
3388 3553 3646 3623 credidit,
3701 3553 3776 3610 si-

2181 3662 2347 3716 gnum
2403 3649 2652 3723 accepit,
2711 3655 2774 3704 ut
2831 3649 2960 3722 quia
3010 3646 3238 3706 credens
3289 3645 3627 3720 justiﬁcatus
3678 3642 3772 3712 sit,

2181 3744 2514 3792 cerneretur.
2574 3738 2696 3795 Non
2757 3754 2884 3809 ergo
2939 3735 3288 3794 circumcisio
3343 3733 3555 3809 aliquid
3609 3731 3776 3790 habet

2181 3825 2490 3896 dignitatis,
2515 3825 2610 3881 sed
2631 3825 2848 3899 signum
2867 3833 2948 3882 est
2971 3833 3209 3884 tantum.
3229 3825 3387 3894 Quod
3410 3825 3630 3898 signum
3648 3821 3774 3879 ideo

2181 3913 2526 3987 accipiebant
2552 3914 2658 3971 ﬁlii
2685 3915 2944 3982 Abrahae,
2974 3923 3036 3972 ut
3059 3915 3331 3972 scirentur
3355 3913 3474 3986 ejus
3508 3911 3611 3968 ﬁlii
3635 3927 3772 3980 esse,

2181 4003 2278 4077 qui
2320 4003 2552 4061 credens
2597 4007 2712 4062 Deo
2743 4005 2850 4062 hoc
2877 4005 3096 4078 signum
3135 4013 3442 4076 acceperat;
3474 4009 3536 4059 ut
3585 4000 3775 4058 aemuli

2181 4104 2360 4153 essent
2408 4105 2648 4170 paternas
2695 4095 2848 4167 ﬁdei,
2892 4105 2948 4155 et
2985 4096 3272 4154 crederent
3314 4095 3375 4152 in
3421 4095 3624 4161 Iesum,
3674 4091 3776 4166 qui

2181 4187 2482 4258 promissus
2529 4193 2610 4244 est
2655 4185 2914 4255 Abrahae,
2963 4185 3121 4260 cujus
3166 4185 3226 4242 in
3272 4185 3449 4260 ﬁgura
3483 4188 3646 4239 natus
3691 4189 3776 4238 est

2181 4277 2348 4334 Isaac.
2394 4276 2507 4336 Nec
2533 4277 2682 4334 enim
2712 4277 2772 4334 in
2798 4277 2948 4336 Isaac
2989 4293 3181 4333 omnes
3211 4282 3396 4350 gentes
3423 4271 3776 4331 benedicun-

2180 4373 2292 4436 tur,
2327 4367 2423 4424 sed
2451 4368 2510 4424 in
2555 4366 2812 4426 Christo:
2878 4392 2897 4416 ι
2925 4367 3065 4436 Quia
3108 4383 3221 4424 non
3249 4375 3330 4424 est
3371 4363 3525 4421 aliud
3569 4377 3774 4418 nomen

2180 4458 2369 4517 datum
2395 4461 2500 4519 sub
2525 4463 2684 4531 caelo,
2705 4461 2764 4519 in
2785 4478 2893 4536 quo
2912 4469 3160 4534 oporteat
3183 4460 3366 4518 salvos
3385 4457 3506 4516 ﬁeri
3529 4456 3672 4530 (Act.
3691 4473 3749 4514 xv

2099 4594 2149 4655 D
2183 4550 2346 4655 12),.»
2394 4551 3076 4655 dicitABetrus'apostolus.

2251 4641 2432 4715 (Vers.
2496 4643 2610 4716 12.)
2686 4668 2704 4692 ε
2753 4644 2826 4700 Et
2867 4643 2941 4700 sit
2978 4649 3130 4715 pater
3171 4639 3613 4700 circumcisionis
3657 4654 3772 4696 non

2177 4731 2356 4789 solum
2410 4749 2602 4791 eorum
2647 4731 2744 4807 qui
2788 4749 2858 4790 ex
2904 4731 3326 4789 circumcisione
3371 4736 3523 4796 sunt,
3575 4726 3672 4786 sed
3719 4735 3775 4784 et

2177 4840 2366 4880 eorum
2397 4824 2494 4897 qui
2517 4830 2826 4896 sequuntur
2849 4823 3082 4896 vestigia
3108 4822 3262 4890 ﬁdei,
3291 4837 3414 4895 quae
3445 4827 3528 4878 est
3555 4819 3615 4876 in
3635 4833 3772 4891 ιιι-ω·
3809 4863 3820 4870 .

2175 4915 2332 4990 putio
2360 4913 2530 4988 patris
2559 4913 2735 4970 nostri
2760 4913 3050 4970 Abrahae...
3082 4914 3199 4970 Hoc
3213 4911 3514 4986 dicit,quia
3541 4909 3774 4968 credens

2174 5003 2474 5072 Abraham,
2518 5003 2731 5076 primus
2771 5002 2953 5061 factus
2993 5011 3077 5062 est
3117 5011 3272 5076 pater
3303 4998 3768 5066 circumcisionis,

2173 5093 2270 5151 sed
2315 5091 2518 5161 cordis,
2561 5108 2674 5148 non
2719 5101 2936 5150 tantum
2977 5109 3167 5150 eorum
3211 5091 3308 5165 qui
3356 5097 3489 5148 sunt
3531 5105 3602 5146 ex
3649 5087 3773 5160 ejus

2173 5183 2405 5256 origine,
2465 5181 2560 5239 sed
2607 5189 2661 5238 et
2715 5197 2906 5239 eorum
2957 5181 3053 5256 qui
3099 5181 3358 5238 similiter
3409 5179 3646 5238 credunt
3698 5195 3770 5236 ex

2173 5273 2450 5348 gentibus.
2483 5273 2797 5330 Secundum
2828 5289 3047 5330 carnem
3077 5272 3226 5328 enim
3269 5269 3583 5328 Iudaeorum
3616 5277 3772 5344 pater

2171 5370 2272 5433 est,
2293 5359 2607 5420 secundum
2639 5362 2805 5420 ﬁdem
2835 5378 2968 5419 vero
2999 5363 3250 5420 omnium
3294 5360 3660 5420 credentium.

2244 5480 2326 5554 (6)
2367 5480 2574 5554 Eadem
2616 5479 2774 5554 edit.,
2806 5479 2964 5537 Rom.
2995 5496 3122 5538 cum
3163 5495 3292 5536 mss.
3325 5475 3680 5552 quibusdam,
3709 5482 3771 5532 ut

2168 5552 2414 5610 am'nlicet
2441 5553 2636 5608 donum
2676 5552 2794 5608 Dei.

2270 5620 2325 5695 7)
2364 5621 2633 5696 Nonnulli
2664 5640 2818 5696 mss.,
2843 5624 3098 5681 venientes
3125 5624 3196 5696 ad
3215 5623 3463 5696 gloriam.
3488 5620 3769 5696 Continuo

2173 5693 2462 5769 vero'post,
2487 5695 2646 5754 Rom.
2668 5695 2803 5754 edit.
2831 5697 2971 5766 sola,
3001 5693 3343 5769 quando'Dei
3359 5694 3538 5768 gratia
3551 5693 3768 5766 plenius

2167 5766 2431 5824 invitavit.
