3980 6374
220 391 289 451 89
1302 396 1665 457 COMMENT.
1702 399 1776 458 IN
1811 400 2029 459 EPIST.
2069 404 2167 461 AD
2202 403 2370 463 ROM.
3456 418 3530 476 90

291 515 468 619 (vers.
528 517 642 591 l3.)
695 542 731 619 ο⁸
926 521 1102 619 enim_
1131 538 1228 596 per
1285 523 1456 596 legem
1511 526 1804 619 promissio
1840 529 1892 590 A
1919 543 1988 586 ac
2012 545 2111 602 per
2137 529 2244 590 hoc
2270 534 2601 605 puriﬁcandi
2629 546 2758 595 sunt
2786 541 2940 612 prius
2959 558 3054 614 per
3068 543 3253 614 ﬁdem,
3274 553 3337 602 ut
3368 544 3527 619 digni

222 604 448 662 Abrahae
475 615 570 663 aut
599 608 799 665 semini
837 610 974 683 ejus,
996 619 1059 667 ut
1087 611 1260 670 haeres
1295 624 1436 672 esset
1464 615 1678 685 mundi,
1711 618 1805 674 sed

222 708 313 767 per
344 691 616 764 justitiam
657 696 807 754 ﬁdei.
850 724 869 747 ι
918 700 1269 759 Manifestum
1323 710 1427 772 est,
1465 705 1596 779 quia
1632 722 1808 779 neque

221 782 397 840 adhuc
454 784 544 841 lex
574 786 700 842 data
742 796 876 858 erat,
908 806 1102 865 ‘neque
1123 792 1239 865 jam
1269 804 1385 851 erat
1411 795 1758 854 circumcisio
1790 815 1803 855 :

221 871 436 946 quando
478 876 765 946 promissio
817 881 932 951 jam
978 881 1119 939 facta
1160 891 1241 940 est
1269 883 1503 942 Abrahm
1542 886 1807 955 credenti,

220 970 272 1017 et
316 962 513 1018 semini
588 963 723 1036 ejus,
782 968 928 1041 quod
974 978 1057 1026 est
1093 970 1346 1029 Christus
1383 975 1479 1047 qui
1518 974 1808 1032 hominum

220 1056 433 1122 peccata
477 1051 723 1110 ablueret
789 1057 893 1129 (8).
963 1060 1118 1117 Unde
1167 1062 1304 1119 dicit
1340 1064 1576 1120 Joannes
1615 1066 1810 1137 Bapti-

220 1146 299 1194 sta
338 1156 349 1194 :
398 1140 541 1197 Ecce
586 1159 757 1215 agnus
814 1147 934 1216 Dei,
992 1165 1116 1206 ecce
1174 1151 1268 1224 qui
1324 1152 1472 1208 tollit
1525 1162 1809 1225 peccatum

218 1227 406 1285 mundi
459 1230 639 1301 (Joan.
700 1252 738 1304 Ι,
801 1238 913 1309 19.)
970 1263 987 1287 ι
1073 1240 1193 1296 Non
1241 1258 1369 1314 ergo
1429 1244 1628 1299 merito
1686 1262 1811 1300 ser—

219 1324 349 1373 vate
404 1319 539 1391 legis
610 1321 784 1381 haeres
839 1327 1014 1385 factus
1053 1339 1134 1387 est
1191 1332 1408 1401 mundi,
1458 1333 1554 1388 sed
1620 1333 1750 1391 ﬁdei
1793 1342 1805 1381 ε

217 1406 383 1463 ἡξει-οε
411 1417 592 1467 autem
636 1415 830 1472 mundi
861 1416 1034 1476 haeres
1073 1430 1157 1478 est
1182 1428 1361 1492 terrae,
1400 1441 1566 1498 quam
1595 1425 1655 1480 in
1682 1425 1814 1484 ﬁliis

214 1508 537 1556 consecutus
570 1509 656 1558 est
689 1521 701 1560 :
737 1504 990 1564 Christus
1016 1518 1194 1567 autem
1227 1512 1402 1570 haeres
1432 1522 1515 1571 est
1545 1515 1810 1586 gentium,

215 1592 275 1641 ut
317 1587 495 1644 David
528 1593 680 1649 canit
719 1611 731 1650 :
787 1620 805 1643 ι
842 1598 915 1652 Et
961 1598 1103 1655 dabo
1146 1601 1247 1659 tibi
1297 1611 1483 1674 gentes
1512 1604 1816 1661 haeredita-

215 1682 318 1732 tem
373 1684 550 1749 tuam,
608 1688 663 1737 et
715 1686 1112 1756 possessionem
1156 1698 1308 1748 tuam
1357 1694 1625 1750 terminos
1652 1701 1814 1751 terra)

216 1764 384 1834 (Psal.
403 1769 550 1836 11,8);
573 1795 592 1817 ι
617 1770 724 1844 ipsi
751 1776 899 1832 enim
917 1778 1218 1835 moriemur
1232 1782 1553 1838 etvivemus
1571 1798 1694 1839 cum
1724 1798 1810 1838 eo.

284 1854 466 1925 (Vers.
512 1860 626 1934 14.)
671 1886 690 1910 ι
722 1865 779 1920 Si
804 1866 953 1922 enim
984 1869 1079 1941 qui
1106 1886 1177 1925 ex
1208 1872 1346 1942 lege,
1382 1870 1441 1927 hi
1471 1880 1603 1929 sunt
1626 1872 1810 1930 haere—

212 1942 320 2033 des,
354 1969 372 1993 ι
437 1946 494 2002 id
522 1957 623 2017 est,
675 1951 723 2007 si
751 1952 793 2008 ii
831 1955 926 2027 qui
968 1973 1037 2012 ex
1092 1958 1208 2030 lege
1254 1961 1340 2015 vel
1385 1960 1489 2017 sub
1517 1961 1632 2033 lege
1658 1968 1807 2029 sunt,

214 2031 456 2091 haeredes
504 2053 572 2093 ex
605 2040 722 2113 lege
748 2054 899 2114 sunt,
944 2070 963 2093 ι
1003 2047 1282 2104 Evacuata
1309 2059 1390 2106 est
1420 2031 1590 2120 ﬁdes,
1609 2049 1813 2106 abolita

214 2131 294 2212 est
321 2126 616 2197 promissio
644 2131 819 2201 (Rom.
850 2151 968 2203 xrv,
990 2136 1070 2209 8).
1106 2162 1124 2185 ι
1167 2139 1519 2195 Manifestum
1550 2148 1653 2208 est,
1680 2155 1812 2212 quo-

211 2210 358 2301 uiam
409 2214 459 2270 si
506 2232 575 2272 ex
606 2219 721 2292 lege
764 2220 1073 2294 haereditas,
1120 2228 1411 2298 promissio
1450 2244 1571 2301 quae
1601 2244 1671 2284 ex
1695 2210 1810 2284 ﬁde

210 2300 354 2359 facta
380 2312 465 2360 est
492 2306 561 2362 ad
590 2309 891 2380 Abraham,
922 2313 981 2369 in
1003 2315 1221 2372 irritum
1244 2316 1415 2374 venit.
1451 2300 1558 2374 Sed
1584 2334 1699 2374 nou
1728 2323 1813 2374 est

210 2404 302 2479 per
344 2392 519 2465 legem
563 2396 706 2455 facta
753 2403 1066 2473 promissio,
1109 2405 1202 2461 sed
1244 2422 1341 2478 per
1375 2406 1650 2479 justitiam
1682 2406 1811 2465 ﬁdei

212 2478 533 2570 haereditas;
586 2490 828 2547 ostendit
882 2492 1030 2549 enim
1090 2494 1386 2566 Apostolus
1416 2496 1551 2570 quid
1579 2497 1712 2554 mali
1740 2498 1815 2559 sit

212 2566 587 2630 haereditatem
620 2593 838 2649 sperare
865 2595 935 2635 ex
971 2581 1106 2654 lege.

288 2663 473 2734 (Vers.
504 2666 616 2738 l5.)
673 2689 691 2714 ‹
733 2668 847 2724 Lex
886 2668 1034 2726 enim
1065 2671 1203 2728 iram
1234 2681 1512 2745 operatur.
1546 2700 1564 2724 ι
1608 2675 1679 2731 Ut
1705 2691 1814 2748 pe-

215 2754 362 2810 nitus
415 2755 666 2812 ostendat
708 2772 820 2812 non
870 2774 1027 2830 posse
1062 2759 1357 2831 justiﬁcari
1400 2762 1682 2820 hominem
1715 2780 1812 2835 per

211 2845 378 2916 legem
414 2844 559 2916 apud
600 2847 795 2914 Deum,
847 2864 1022 2921 neque
1051 2850 1471 2921 promissionem
1502 2868 1599 2924 per
1636 2853 1809 2924 legem

210 2933 323 2989 ﬁeri
354 2933 600 3005 potuisse
634 2949 646 2988 :
694 2958 713 2983 ι
751 2936 888 3004 Lex,
922 2937 1020 3006 ait,
1050 2938 1189 2994 iram
1220 2948 1508 3012 operatur;
1543 2968 1562 2991 ι
1605 2941 1674 2998 ad
1703 2942 1810 2999 hoc

207 3024 352 3079 enim
397 3022 527 3079 data
554 3031 653 3091 est,
713 3031 776 3081 ut
801 3042 922 3082 reos
963 3027 1165 3084 faceret
1209 3028 1611 3101 delinquentes.
1645 3031 1807 3089 Fides

209 3117 301 3175 50
328 3120 513 3168 autem
548 3111 756 3169 donum
804 3122 888 3171 est
926 3116 1317 3174 misericordiae
1345 3118 1465 3187 Dei,
1497 3128 1560 3176 ut
1589 3136 1685 3192 per
1718 3121 1808 3177 le-

211 3226 326 3282 gem
379 3210 460 3266 rei
492 3211 642 3279 facti,
680 3213 896 3269 veniam
954 3225 1401 3288 consequantur;
1436 3217 1643 3274 idcirco
1669 3218 1805 3274 ﬁdes

211 3299 466 3370 gaudium
528 3308 803 3373 operatur.
842 3304 953 3359 Nec
980 3312 1171 3361 contra
1199 3307 1369 3378 legem
1402 3307 1669 3380 loquitur,
1709 3307 1804 3364 sed

209 3391 491 3462 anteponit
536 3390 619 3447 illi
646 3391 815 3448 ﬁdem
846 3410 859 3459 ;
896 3393 1025 3466 quia
1066 3395 1160 3468 qui
1190 3411 1288 3467 per
1316 3397 1487 3469 legem
1511 3397 1649 3453 salvi
1688 3412 1804 3453 esse

211 3496 315 3535 non
363 3491 633 3554 poterant,
668 3485 842 3555 gratia
898 3486 997 3542 Dei
1026 3487 1311 3543 salvantur
1338 3505 1434 3561 per
1462 3489 1647 3545 ﬁdem.
1678 3490 1802 3545 Non

209 3585 330 3642 ergo
361 3572 450 3628 lex
485 3573 564 3628 ira
582 3580 683 3642 est,
714 3574 809 3630 sed
832 3575 969 3631 iram
996 3584 1254 3648 operatur
1289 3579 1560 3650 peccanti,
1589 3578 1644 3635 id
1697 3585 1800 3643 est,

208 3675 462 3731 poenam;
513 3663 645 3719 dum
702 3679 811 3720 non
858 3665 1112 3738 ignoscit,
1171 3668 1266 3724 sed
1320 3668 1586 3725 vindicat.
1634 3670 1803 3726 Poma

208 3750 349 3805 enim
405 3768 503 3823 per
553 3752 692 3808 iram
748 3764 1058 3825 generatur,
1122 3756 1203 3813 ira
1248 3764 1430 3813 autem
1460 3759 1704 3816 nascitur
1731 3776 1801 3815 ex

208 3849 425 3911 peccato
462 3860 476 3911 ;
510 3859 573 3899 ac
606 3859 703 3915 per
750 3843 856 3902 hoc
885 3845 1127 3921 relinqui
1162 3848 1284 3904 vult
1312 3848 1505 3920 legem,
1538 3857 1599 3905 ut
1628 3850 1696 3907 ad
1724 3850 1803 3907 ﬁ-

208 3927 324 3985 dem
356 3932 730 4005 confugiatur,
761 3950 881 4007 qua:
911 3935 1111 3994 delicta
1138 3930 1394 4010 ignoscit,
1427 3945 1489 3994 ut
1512 3939 1704 3996 salvet.

286 4041 303 4066 ε
338 4020 440 4078 Ubi
469 4022 618 4078 enim
650 4039 758 4080 non
791 4033 873 4081 est
920 4026 1032 4095 lex,
1063 4042 1165 4084 nec
1193 4027 1587 4099 praevaricatio.
1622 4055 1641 4079 ι
1684 4032 1799 4089 Hoc

205 4104 353 4176 dicit,
428 4111 560 4184 quia
599 4111 830 4170 sublatis
877 4113 958 4170 rei
1010 4114 1078 4171 de
1132 4123 1399 4188 potestate
1456 4118 1609 4190 legis,
1673 4119 1798 4176 data

208 4198 380 4268 venia,
413 4202 791 4273 praevaricatio
812 4204 967 4259 nulla
996 4212 1112 4272 est;
1145 4204 1433 4277 justiﬁcati
1464 4207 1613 4263 enim
1644 4218 1795 4267 sunt,

207 4287 296 4357 qui
342 4305 436 4361 per
480 4291 987 4364 praevaricationem
1038 4294 1170 4367 legis
1195 4294 1416 4351 fuerant
1461 4305 1793 4367 peccatores,

206 4374 380 4434 Cessat
426 4380 576 4437 enim
628 4382 900 4439 factorum
930 4383 1041 4452 lex,
1078 4383 1135 4440 id
1164 4391 1267 4454 est,
1298 4385 1610 4443 observatio
1649 4387 1795 4444 Sab-

204 4461 468 4538 batorum,
547 4471 983 4540 neomeniarum,
1030 4471 1487 4543 circumcisionis,
1543 4490 1790 4533 escarum

204 4553 474 4627 discretio,
516 4558 775 4616 animalis
818 4560 1046 4629 mortui,
1095 4570 1192 4618 aut
1226 4562 1513 4635 sanguinis
1542 4566 1791 4621 mustelae

206 4642 509 4703 observatio
544 4648 648 4721 (9).

266 4734 449 4805 (Vers.
496 4736 609 4809 16.)
669 4762 687 4785 ι
726 4737 855 4794 Ideo
881 4754 949 4795 ex
981 4737 1110 4809 ﬁde,
1140 4747 1203 4796 ut
1232 4740 1533 4797 secundum
1561 4743 1788 4814 gratiam

203 4824 351 4882 ﬁrma
377 4827 449 4883 sit
475 4828 770 4901 promissio
809 4830 961 4886 omni
1008 4830 1226 4887 semini.
1260 4856 1279 4880 ι
1323 4832 1509 4889 Firma
1535 4849 1651 4891 esse
1678 4850 1791 4891 non

202 4921 368 4984 potest
393 4918 688 4990 promissio
714 4921 866 4975 omni
896 4920 1119 4989 semini,
1146 4921 1251 4979 hoc
1270 4930 1374 4991 est,
1397 4923 1551 4979 omni
1575 4922 1790 4980 homini

202 5018 265 5059 ex
291 5008 439 5064 omni
485 5018 665 5081 gente,
690 5009 798 5066 nisi
817 5009 987 5067 fuerit
1023 5027 1094 5067 ex
1126 5010 1253 5080 ﬁde,
1286 5013 1418 5085 quia
1465 5015 1619 5086 origo
1650 5031 1789 5087 pro-

202 5093 467 5155 missionis
492 5115 563 5156 ex
583 5098 691 5155 ﬁde
721 5107 822 5168 est,
855 5116 966 5157 non
988 5116 1059 5156 ex
1079 5101 1223 5173 lege;
1256 5104 1389 5175 quia
1413 5105 1507 5176 qui
1538 5104 1641 5161 sub
1671 5105 1787 5179 lege

201 5192 338 5256 sunt,
359 5187 437 5244 rei
455 5196 587 5246 sunt
608 5206 621 5246 :
645 5189 938 5262 promissio
965 5196 1149 5246 autem
1172 5190 1281 5247 reis
1301 5190 1421 5248 dari
1440 5208 1553 5249 non
1583 5201 1780 5266 potest:

266 5329 342 5409 (8)
368 5332 530 5409 item.
582 5332 713 5391 edit.
746 5349 810 5392 ac
845 5332 1004 5406 pauci
1042 5349 1195 5402 mss.,
1237 5334 1366 5406 quia
1394 5335 1627 5392 omnium
1652 5354 1783 5409 pec-

200 5404 307 5456 cata
330 5403 581 5461 ablueret.

265 5472 347 5551 (9)
371 5474 532 5551 Corb.
578 5476 724 5551 cod,
771 5483 868 5533 aut
894 5476 1108 5549 sanguis
1140 5478 1327 5534 mortis
1359 5480 1461 5549 lege
1488 5478 1781 5551 expiandus

201 5546 285 5623 est.
297 5544 522 5623 Benijg.
554 5565 622 5623 ac_
634 5548 884 5623 _Thuan.,
908 5544 1163 5606 mustella;
1182 5544 1511 5623 expiandus.

265 5613 375 5696 (19)
408 5613 533 5677 Mss.
573 5613 915 5696 aliquotLSi
942 5638 1061 5696 ergo
1096 5622 1189 5693 qui
1217 5613 1310 5678 sub
1331 5625 1616 5696 Alegegsunt,
1646 5640 1779 5677 eru-

199 5682 362 5768 ἀίεθιξέί
406 5698 557 5768 8H”;
591 5682 870 5768 nonnulli,
895 5767 898 5768 ν
921 5682 1143 5766 δίἐνῃὶ)
1182 5694 1341 5766 quasi
1378 5682 1473 5752 s'ub
1516 5682 1619 5768 lege
1656 5701 1780 5751 sunt

200 5758 482 5831 erudiendi,
512 5758 573 5822 ut
597 5764 693 5821 sub
725 5766 828 5837 lege
854 5758 978 5823 sint.

1927 619 2063 676 ﬁant
2090 622 2200 680 dici
2246 623 2351 680 ﬁlii
2378 626 2497 696 Dei,
2542 636 2594 684 et
2622 629 2697 685 sit
2722 630 2882 686 ﬁrma
2933 632 3253 703 promissio.
3286 636 3342 691 Si
3372 636 3521 693 enim

1929 708 2074 766 ﬁlios
2098 712 2196 768 Dei
2228 730 2284 770 se
2314 714 2521 785 dicant,
2551 733 2676 773 cum
2712 718 2825 774 sint
2852 719 2952 787 rei,
2986 720 3091 776 hoc
3119 729 3218 790 est,
3251 723 3353 778 sub
3386 725 3519 796 lege,

1916 813 2028 853 non
2057 808 2138 856 est
2177 800 2396 859 ﬁrmum
2422 821 2435 872 ;
2461 805 2590 878 quia
2618 805 2720 862 ﬁlii
2747 807 2847 863 Dei
2875 807 3035 864 liberi
3064 816 3193 865 sunt
3220 826 3251 864 a
3280 820 3522 882 peccato.

1917 888 1975 945 Si
2006 905 2134 962 ergo
2153 893 2247 965 qui
2278 895 2381 951 sub
2412 896 2529 968 lege
2576 906 2726 967 sunt,
2760 900 2990 957 eruendi
3031 902 3147 974 (10)
3180 902 3248 958 de
3276 903 3378 960 sub
3408 906 3523 977 lege

1917 989 2071 1046 sunt,
2101 991 2161 1037 ut
2190 984 2608 1054 promissionem
2640 997 2954 1047 mereantur
3007 993 3255 1065 accipere
3279 1011 3291 1060 ;
3317 1005 3524 1067 quanto

1921 1070 2093 1142 magis
2134 1071 2227 1143 qui
2275 1074 2377 1130 sub
2426 1076 2540 1147 lege
2594 1092 2705 1133 non
2762 1081 2921 1135 sunt!
2969 1081 3089 1137 Non
3120 1098 3248 1155 ergo
3277 1085 3521 1157 expedit,

1922 1166 1984 1214 ut
2018 1176 2074 1215 se
2105 1161 2287 1218 mittat
2338 1164 2440 1220 sub
2470 1166 2586 1237 lege
2616 1184 2630 1234 ;
2661 1176 2724 1224 ut
2766 1169 2936 1240 possit
2968 1172 3297 1245 compendio
3326 1175 3522 1231 mede-

1923 1245 2030 1302 lam
2064 1250 2313 1307 vulneris
2341 1252 2614 1314 invenire.

2006 1395 2025 1418 ε
2063 1373 2183 1429 Non
2222 1375 2269 1430 ei
2300 1378 2395 1450 qui
2416 1395 2484 1434 ex
2526 1380 2641 1452 lege
2674 1391 2756 1439 est
2779 1390 3017 1453 tantum,
3042 1386 3137 1442 sed
3166 1396 3223 1444 et
3242 1387 3292 1443 ei
3325 1388 3420 1462 qui
3450 1405 3520 1446 ex

1922 1458 2030 1519 ﬁde
2059 1472 2142 1520 est
2170 1464 2426 1524 Abrahae.
2450 1496 2468 1518 ι
2510 1472 2624 1528 Hoc
2652 1481 2734 1529 est
2762 1475 2906 1547 quod
2930 1493 3093 1549 supra
3107 1477 3253 1534 dixit
3286 1495 3297 1533 :
3332 1458 3522 1536 -—Omni

1922 1555 2143 1625 semini,
2166 1563 2274 1612 tam
2292 1558 2625 1631 Judmorum,
2651 1564 2745 1637 qui
2766 1566 2954 1639 utique
2973 1584 3042 1623 ex
3068 1569 3182 1640 lege
3203 1568 3520 1639 veniebant,

1929 1657 2091 1713 quam
2124 1645 2437 1716 gentilium,
2461 1651 2558 1722 qui
2578 1651 2741 1708 ﬁdem
2765 1664 3069 1727 sequuntur
3085 1656 3340 1725 Abrahae,
3356 1674 3519 1731 quam

1924 1731 2146 1802 gentilis
2183 1732 2399 1804 habuit,
2431 1747 2493 1794 ut
2522 1749 2661 1796 esset
2681 1740 2882 1813 justus.
2916 1743 3043 1799 Sine
3075 1745 3190 1817 lege
3217 1744 3363 1801 enim
3394 1763 3523 1803 cre-

1922 1818 2064 1876 didit
2109 1820 2408 1891 Abraham,
2453 1825 2683 1900 ideoque
2716 1829 2888 1902 magis
2926 1831 3223 1902 gentilibus
3243 1833 3521 1907 jungitur,

1836 1902 1883 1964 B
1911 1914 1973 1963 ut
2001 1907 2161 1964 ﬁrma
2205 1910 2277 1967 sit
2305 1912 2383 1968 eis
2433 1915 2751 1986 promissio,
2785 1918 3144 1978 credentibus
3173 1902 3378 1990 ei,vcuiv
3391 1937 3522 1980 cre-

1920 1996 2064 2054 didit
2084 1999 2218 2071 ipse.

1995 2132 2176 2200 (Vers.
2210 2132 2322 2206 17.)
2368 2158 2386 2183 ι
2407 2134 2511 2203 Qui
2527 2144 2607 2194 est
2634 2146 2788 2210 pater
2815 2140 3085 2198 ommium
3113 2150 3364 2201 nostrum
3376 2144 3523 2203 sicut

1920 2220 2185 2292 scriptum
2242 2230 2364 2280 est:
2433 2225 2573 2293 Quia
2637 2236 2843 2300 patrem
2909 2232 3207 2289 multarum
3273 2235 3518 2306 gentium

1922 2311 2078 2381 posui
2105 2320 2157 2367 te
2186 2312 2341 2385 (Gen.
2371 2332 2512 2383 xvn,
2544 2315 2627 2389 4).
2662 2343 2680 2366 ι
2718 2318 3081 2379 Conﬁrmavit
3108 2326 3362 2397 exemplo
3384 2324 3518 2399 legis

1920 2399 2199 2458 Abraham
2252 2405 2501 2461 omnium
2574 2416 2783 2482 patrem
2843 2427 2978 2481 esse,
3027 2413 3121 2469 sed
3177 2431 3367 2473 eorum
3422 2417 3517 2491 qui

1921 2488 2155 2546 credunt
2186 2508 2198 2546 :
2259 2502 2315 2550 et
2342 2494 2423 2553 sic
2450 2496 2649 2554 ﬁrman
2678 2516 2792 2555 esse
2826 2501 3268 2574 promissionem,
3317 2505 3363 2562 si
3388 2488 3519 2564 ﬁdei

1919 2600 2084 2644 causa
2128 2590 2415 2646 recedatur
2466 2605 2497 2645 a
2527 2590 2663 2662 lege,
2723 2590 2851 2662 quia
2898 2592 3189 2663 promissio
3213 2594 3367 2668 regni
3396 2613 3518 2653 cm-

1920 2676 2098 2733 lorum
2123 2677 2290 2750 justis
2318 2679 2575 2751 deputata
2605 2686 2709 2746 est,
2747 2697 2857 2736 non
2879 2683 3274 2753 peccatoribus.
3317 2685 3390 2740 Et
3417 2686 3511 2758 qui

1919 2766 2021 2823 sub
2051 2768 2166 2841 lege
2185 2776 2335 2836 sunt,
2367 2768 2471 2824 sub
2500 2777 2722 2840 peccato
2751 2777 2900 2836 sunt,
2927 2770 3055 2844 quia
3093 2788 3284 2828 omnes
3314 2789 3514 2845 pecca-

1920 2864 2137 2923 verunt,
2160 2873 2261 2913 nec
2276 2873 2433 2928 posse
2451 2858 2692 2930 aliquem
2716 2866 2769 2914 et
2797 2858 2899 2915 sub
2915 2860 3030 2933 lege
3049 2876 3187 2929 esse,
3209 2870 3263 2918 et
3282 2862 3510 2935 gratiam

1917 2946 2197 3018 consequi,
2239 2947 2385 3003 sicut
2411 2956 2465 3003 et
2492 2946 2560 3003 ad
2610 2947 2826 3004 Galatas
2867 2949 2945 3006 ait
2978 2966 2990 3004 :
3036 2973 3054 2996 ι
3085 2951 3353 3008 Evacuati
3382 2952 3513 3009 estis

1917 3034 2158 3104 Christo,
2185 3035 2280 3108 qui
2302 3034 2360 3091 in
2381 3037 2496 3108 lege
2531 3035 2944 3109 justiﬁcamini,
2969 3054 3000 3125 ξι
3028 3038 3201 3113 gratia
3225 3040 3510 3100 excidistis

1918 3122 2124 3196 (Galat.
2150 3142 2204 3193 v,
2236 3124 2316 3194 4).
2351 3150 2370 3173 ι

1999 3275 2017 3298 ι
2057 3252 2201 3309 Ante
2229 3267 2352 3308 eum
2375 3253 2465 3310 cui
2495 3253 2777 3312 credidisti
2808 3256 2940 3311 Deo.
2970 3280 2988 3304 ι
3034 3255 3104 3312 Ut
3131 3272 3303 3312 unum
3333 3258 3507 3314 Deum

1913 3341 2163 3397 omnium
2214 3342 2426 3410 doceat,
2484 3343 2787 3416 alloquitur
2814 3344 3061 3416 gentiles,
3094 3345 3370 3401 Abraham
3401 3346 3506 3418 ipsi

1911 3430 2024 3485 Deo
2072 3430 2389 3499 credidisse,
2436 3440 2491 3489 et
2543 3430 2907 3517 justiﬁcatum
2957 3447 3073 3517 esse
3119 3440 3245 3489 ante
3273 3450 3421 3501 eum,
3447 3434 3504 3490 in

1912 3530 2072 3586 quem
2103 3522 2157 3570 et
2185 3523 2369 3587 gentes
2383 3515 2614 3574 credunt
2632 3517 2750 3589 (11)
2773 3533 2785 3571 :
2815 3524 2876 3572 ut
2888 3515 3282 3588 justiﬁcentur,
3303 3527 3366 3575 ut
3391 3535 3503 3577 non

1910 3607 1983 3664 sit
2028 3607 2291 3664 distantia
2335 3609 2511 3665 Judaei
2560 3617 2615 3665 et
2658 3609 2832 3666 Graeci
2872 3608 2930 3664 in
2980 3608 3106 3678 ﬁde,
3140 3609 3269 3683 quia
3291 3610 3505 3668 sublata

1909 3696 2329 3754 circumcisione
2357 3708 2410 3755 et
2440 3698 2729 3771 prmputio,
2775 3714 2946 3754 unum
2974 3697 3115 3754 ﬁunt
3144 3698 3201 3754 in
3232 3698 3453 3756 Christo
3486 3718 3498 3756 :

1909 3787 2040 3860 quia
2067 3795 2121 3844 et
2140 3787 2416 3844 Abraham
2439 3787 2498 3844 in
2527 3787 2794 3861 praeputio
2814 3786 3070 3854 credidit,
3093 3795 3145 3843 et
3167 3785 3503 3860 justiﬁcatus

1909 3883 2008 3932 est.

1991 4035 2009 4060 ι
2049 4012 2155 4080 Qui
2206 4012 2453 4071 viviﬁcat
2507 4022 2776 4083 mortuos,
2824 4022 2879 4071 et
2933 4023 3092 4073 vocat
3120 4032 3183 4073 ea
3237 4032 3356 4091 quae
3386 4033 3498 4074 non

1905 4110 2055 4172 sunt,
2105 4110 2365 4177 tanquam
2397 4120 2459 4160 ea
2510 4121 2630 4178 quae
2668 4114 2815 4162 sunt.
2857 4131 2875 4155 ι
2917 4106 3033 4164 Hoc
3058 4106 3206 4164 dicto
3236 4107 3301 4164 ad
3332 4107 3497 4165 ﬁdem

1904 4191 2139 4248 Abrahae
2171 4199 2356 4265 gentes
2385 4192 2606 4263 invitat,
2631 4193 2760 4267 quia
2797 4211 2922 4250 cum
2948 4203 3087 4251 esset
3116 4194 3175 4251 in
3206 4196 3496 4269 praeputio,

1903 4280 2130 4338 credens
2158 4284 2290 4351 Deo,
2312 4281 2470 4355 cujus
2491 4299 2640 4341 nunc
2661 4283 2795 4340 ﬁdes
2816 4284 3145 4357 praedicatur
3163 4285 3222 4341 in
3253 4284 3496 4355 Christo,

1902 4370 2216 4429 viviﬁcatus
2268 4380 2351 4429 est
2393 4390 2522 4431 cum
2550 4390 2650 4431 sua
2693 4372 2924 4447 conjuge
2971 4375 3112 4447 (l2).
3146 4375 3285 4433 Cum
3317 4383 3497 4434 essent

1899 4461 2049 4517 enim
2096 4460 2338 4519 obsoleta
2383 4471 2561 4532 astate,
2615 4463 2856 4521 seniores
2911 4465 3297 4533 reviruerunt;
3331 4465 3408 4521 ita
3434 4472 3495 4521 ut

1899 4567 2011 4607 non
2059 4548 2333 4610 difﬁderet
2378 4553 2699 4610 habiturum
2729 4569 2786 4609 se
2832 4569 2901 4609 ex
2926 4554 3058 4610 Sara
3085 4553 3287 4619 ﬁlium,
3328 4569 3491 4626 quam

1815 4622 1865 4681 D
1899 4641 2142 4698 sterilem
2203 4641 2429 4711 sciebat,
2460 4648 2515 4698 et
2558 4641 2617 4697 in
2664 4658 2771 4715 qua
2808 4641 2921 4714 jam
2970 4642 3157 4698 ﬂuxus
3207 4622 3493 4698 muliebris

1904 4738 2113 4788 natura;
2167 4730 2476 4799 defecerat;
2507 4740 2570 4788 ut
2598 4746 2694 4805 per
2722 4730 2840 4788 hanc
2866 4746 2978 4787 non
3006 4738 3199 4787 curent
3225 4745 3400 4802 neque
3423 4727 3491 4785 de

1899 4822 2187 4895 praeputio,
2234 4839 2409 4898 neque
2441 4823 2509 4880 de
2549 4822 2988 4889 circumcisione,
3020 4830 3074 4878 et
3107 4820 3347 4894 prompti
3377 4820 3491 4878 sint

1896 4913 2042 4970 circa
2096 4913 2262 4972 ﬁdem
2296 4931 2308 4970 :
2357 4913 2535 4971 securi
2590 4911 2720 4984 quia
2754 4910 2986 4967 credunt
3018 4911 3088 4980 ei,
3119 4910 3215 4985 qui
3244 4910 3490 4970 viviﬁcat

1896 5011 2166 5073 mortuos,
2208 5019 2311 5059 nec
2362 5002 2534 5058 alium
2564 5016 2679 5058 esse
2705 5000 2800 5074 qui
2847 4999 2990 5057 hanc
3014 4999 3213 5058 habeat
3241 5009 3489 5073 potesta-

1894 5100 2005 5147 tem
2035 5109 2047 5147 :
2098 5101 2153 5148 et
2194 5107 2321 5147 cum
2367 5089 2607 5146 voluerit
2633 5106 2768 5158 esse,
2805 5089 2953 5164 quod
2980 5106 3093 5148 non
3122 5100 3273 5156 sunt,
3298 5091 3486 5148 statim

1893 5179 2011 5254 ejus
2034 5181 2317 5238 voluntate
2365 5179 2687 5237 subsistant.
2719 5178 2846 5237 Ideo
2875 5179 3152 5238 Abraham
3182 5197 3306 5237 cum
3336 5187 3488 5253 pater

1963 5324 2080 5399 (μ)
2131 5322 2338 5382 Codex.
2389 5323 2577 5391 Corb.,
2622 5341 2726 5381 esse
2769 5325 2916 5399 apud
2959 5342 3095 5394 eum,
3136 5328 3195 5379 ut
3231 5327 3279 5378 σι
3317 5330 3487 5394 gentes

1887 5397 2187 5539 “tisi.
2216 5465 2347 5548 ese.
2373 5467 2530 5548 Gil!»
2552 5467 2610 5523 ίη
2635 5474 2885 5548 marg-.9:
2908 5468 3065 5525 Rom-
3096 5468 3154 5523 ίη
3174 5482 3482 5548 σεεμ-ξω

1888 5537 2015 5595 mss.
2049 5537 2372 5595 nonnullis:
2405 5540 2526 5595 alia;
2555 5546 2737 5596 autem
2762 5537 2900 5594 edit.
2931 5556 2995 5596 ac
3036 5556 3193 5605 mss.,
3218 5537 3480 5609 justiﬁca-

1889 5616 1970 5666 tus
1996 5619 2088 5678 est,
2134 5626 2278 5666 unus
2298 5609 2572 5680 judicatus
2601 5617 2695 5681 est,
2726 5626 2842 5665 cum
2877 5627 2977 5667 sua
3005 5610 3243 5683 conjuge,
3274 5609 3385 5667 duo
3425 5612 3483 5668 in

1884 5700 1984 5740 sua
2012 5684 2246 5757 conjuge.
