3980 6432
503 387 568 444 91
1508 391 1603 447 ΑΙ)
1643 389 1874 448 OPERA
1911 391 1968 446 S.
2008 388 2343 448 AMBROSII
2379 389 2756 448 APPENDIX.
3746 395 3815 454 92

501 515 684 574 adhuc
713 534 826 575 non
871 528 1032 583 esset,
1081 525 1310 574 vocatus
1337 525 1418 573 est
1444 525 1599 589 pater
1627 518 1928 573 multarum
1959 533 2100 589 gen-
2129 519 2179 579 Α
2208 516 2382 572 dibile
2441 525 2544 586 est,
2599 527 2652 575 et
2672 517 2890 575 mundo
2934 521 3168 576 stultum
3233 522 3474 590 videtur,
3525 523 3812 587 credatur;

502 605 666 673 tium,
715 615 772 662 et
824 605 1080 673 credidit,
1141 621 1366 662 securus
1420 605 1487 661 de
1546 605 1646 661 Dei
1719 605 1983 676 potentia.
2031 605 2101 661 Ut

499 704 684 752 autem
716 704 870 768 pater
912 693 1117 752 Christi
1159 695 1303 750 idem
1333 712 1450 751 esse
1475 697 1622 752 Deus
1651 695 1984 763 crederetur,
2007 695 2097 751 cui

489 784 738 842 .credidit
813 783 1112 850 Abraham,
1179 786 1286 840 tale
1352 785 1569 855 signum
1643 785 1831 840 datum
1892 791 1976 838 est
2040 783 2098 838 in

500 873 764 930 Zacharia
801 883 854 929 et
900 874 1205 940 Elisabeth,
1235 890 1360 930 cum
1409 871 1701 946 promissio
1752 872 2002 929 redditur
2040 873 2098 928 in

502 963 732 1028 mundo,
777 963 1101 1020 imminente
1140 963 1381 1030 Christo,
1427 963 1588 1034 quale
1613 961 1800 1017 datum
1833 962 2009 1017 fuerat
2038 962 2097 1017 in

504 1053 776 1108 Abraham
807 1061 862 1108 et
900 1053 1048 1120 Sara,
1084 1051 1303 1125 quando
1327 1052 1536 1124 signata
1565 1051 1857 1122 promissio
1887 1059 2002 1117 est;
2036 1060 2097 1106 ut

501 1142 672 1198 simili
712 1159 906 1214 genere
972 1151 1218 1198 emortua
1265 1159 1492 1214 corpora
1535 1149 1815 1196 senectute
1864 1155 2098 1212 genera—

501 1242 623 1288 rent
669 1241 918 1288 sanctum
975 1233 1239 1289 Joannem
1288 1233 1439 1304 (Luc.
1493 1249 1530 1300 ι,
1583 1231 1695 1304 13),
1739 1231 1884 1288 sicut
1939 1239 2098 1287 natus

499 1321 676 1378 fuerat
703 1330 756 1378 et
777 1323 942 1378 Isaac.

573 1413 756 1484 (Vers.
801 1413 912 1486 18.)
949 1437 968 1459 ι
1012 1413 1117 1480 Qui
1159 1419 1350 1467 contra
1399 1427 1550 1484 spem
1593 1410 1650 1466 in
1681 1427 1832 1482 spem
1865 1407 2100 1467 credidit

503 1503 659 1571 (Gen.
685 1520 782 1572 xv,
813 1505 892 1575 5).
927 1530 944 1550 ι
987 1502 1339 1559 Manifestum
1366 1511 1468 1568 est,
1500 1502 1630 1575 quia
1649 1500 1779 1556 dum
1804 1515 1954 1572 spem
1987 1513 2096 1554 non

500 1591 727 1649 haberet
803 1593 1096 1665 generandi
1168 1591 1469 1660 Abraham,
1531 1590 1766 1648 credidit
1824 1591 1938 1646 Deo
2004 1592 2094 1650 51

498 1689 662 1746 ﬁdem
710 1690 918 1747 habens
965 1697 1153 1746 contra
1197 1707 1348 1764 Spem
1395 1706 1648 1763 generare
1689 1709 1766 1758 se,
1797 1692 1892 1748 sed
1921 1693 2100 1750 sciens

496 1780 682 1836 omnia
711 1797 866 1853 posse
892 1781 1086 1836 Deum.

579 1893 596 1914 ε
635 1871 705 1925 Ut
751 1870 906 1925 ﬁeret
952 1877 1105 1942 pater
1155 1869 1452 1925 multarum
1501 1871 1768 1943 gentium,
1791 1871 2098 1928 secundum
2128 1879 2174 1940 B

497 1959 644 2031 quod
691 1958 902 2015 dictum
944 1966 1060 2014 est:
1089 1959 1178 2015 Sic
1225 1959 1330 2014 erit
1374 1975 1560 2014 semen
1596 1968 1754 2015 tuum
1807 1961 1962 2030 (Gen.
1996 1978 2094 2030 xv,

495 2051 576 2120 5).
609 2075 628 2097 ι
670 2049 786 2105 Hoc
813 2049 871 2104 in
901 2049 1096 2105 Genesi
1121 2067 1133 2116 ;
1166 2049 1456 2104 ostendens
1471 2051 1620 2104 enim
1651 2050 1735 2106 illi
1766 2051 1951 2107 stellas
1971 2052 2096 2107 cmli

497 2138 643 2194 dixit
681 2156 692 2194 :
745 2164 762 2184 ι
795 2138 884 2195 Sic
925 2139 1032 2194 erit
1069 2155 1252 2195 semen
1284 2145 1462 2206 tuum,
1495 2165 1512 2186 ›
1563 2139 1710 2212 quod
1747 2140 1974 2196 credens
1999 2143 2096 2212 ju-

497 2227 768 2283 stiﬁcatus
796 2235 896 2283 est.
948 2225 1195 2284 Credidit
1223 2226 1369 2282 enim
1402 2227 1549 2300 quod
1588 2229 1794 2285 mundo
1828 2230 2097 2302 impossi—

495 2316 608 2374 bile
658 2316 900 2386 videtur,
929 2316 1062 2372 dum
1112 2317 1168 2371 in
1198 2331 1378 2371 rerum
1411 2325 1662 2372 naturam
1696 2334 1804 2374 non
1834 2319 2001 2386 cadit,
2034 2328 2097 2376 ut

496 2408 710 2480 possint
746 2423 902 2464 senes
945 2423 1220 2480 generare,
1259 2415 1313 2462 et
1345 2415 1496 2463 tanta
1531 2409 1688 2482 copia
1730 2393 2093 2482 multiplicari

496 2513 681 2553 semen
735 2513 950 2565 eorum,
1004 2505 1065 2554 ut
1126 2498 1402 2553 numerari
1459 2514 1571 2554 non
1619 2499 1808 2569 possit.
1863 2499 2098 2573 Ideoque

496 2587 733 2660 pretiosa
775 2595 857 2643 est
903 2586 1059 2656 ﬁdes,
1109 2587 1238 2660 quia
1292 2596 1484 2644 contra
1539 2588 1598 2644 id
1650 2589 1795 2661 quod
1845 2589 1952 2646 scit
2000 2599 2096 2646 aut

495 2675 667 2745 videt,
716 2675 891 2733 credit
921 2677 1166 2732 futurum
1195 2693 1206 2730 :
1259 2675 1361 2732 hac
1390 2694 1482 2749 spe
1515 2679 1830 2734 consolatur
1858 2695 1936 2747 se,
1968 2679 2097 2751 quia

493 2773 638 2827 Deus
685 2779 766 2828 est
819 2771 912 2844 qui
949 2772 1258 2844 promittit;
1306 2771 1374 2827 de
1423 2787 1531 2844 quo
1576 2772 1700 2842 plus
1752 2771 1968 2828 senitiri
1999 2789 2098 2844 par

494 2867 596 2928 est,
626 2875 789 2932 quam
817 2859 1059 2916 humana
1089 2860 1440 2917 imbecillitas
1468 2861 1632 2932 capit.

569 2949 748 3018 (Vers.
784 2949 992 3018 19-22.)
1038 2974 1056 2994 ι
1079 2950 1148 3005 Et
1177 2965 1287 3004 non
1319 2949 1630 3006 inﬁrmatus
1675 2959 1756 3007 est
1796 2951 1904 3008 ﬁde
1933 2970 1944 3006 :
1996 2968 2098 3008 nec

497 3037 868 3094 consideravit
933 3053 1131 3108 corpus
1193 3053 1352 3093 suum
1403 3037 1516 3108 jam
1577 3049 1910 3108 emortuum,
1966 3059 2096 3098 cum

487 3129 605 3202 jam
666 3128 779 3185 fere
845 3135 1065 3184 centum
1127 3135 1266 3184 esset
1337 3143 1626 3196 annorum,
1677 3137 1730 3184 et
1791 3141 2095 3188 emortuam

2209 606 2337 679 quia
2363 614 2568 679 quanto
2608 605 2951 678 impossibile
2976 617 3207 680 putatur
3229 611 3344 682 (Ui)
3373 610 3519 683 quod
3549 611 3811 681 creditur,

2207 704 2361 753 tanto
2416 697 2588 769 magis
2617 697 2998 755 honorabilior
3036 701 3143 756 erit
3183 702 3440 758 credens:
3483 709 3536 756 et
3565 719 3695 758 vere
3724 710 3816 758 ta-

2209 803 2333 842 men
2365 789 2594 844 stultum
2617 797 2758 844 esset
2787 789 2894 845 hoc
2923 789 3170 858 credere,
3198 791 3246 845 si
3277 791 3395 845 sine
3424 793 3540 847 Deo
3569 791 3688 847 ﬁeri
3719 791 3815 847 di-

2207 886 2440 934 ceretur.
2482 878 2554 934 Et
2583 878 2706 934 ideo
2743 885 2902 934 tanto
2933 879 3270 934 laudabilior
3299 890 3380 936 est
3416 880 3652 937 Abrahae
3685 880 3816 936 ﬁdes

2207 974 2528 1021 creterorum
2583 967 2712 1034 ﬁde,
2747 968 2878 1040 quia
2908 967 3082 1022 nullis
3113 968 3398 1038 signorum
3427 969 3693 1041 prodigiis
3723 977 3817 1024 at-

2207 1059 2378 1110 tracta
2419 1045 2842 1122 esthuoniam
2891 1063 3074 1111 autem
3123 1057 3362 1112 mundus
3409 1065 3554 1114 certa
3606 1059 3719 1129 lege
3759 1066 3814 1114 et

2206 1154 2491 1216 potestate
2518 1145 2888 1218 gubernatur,
2916 1155 2972 1202 et
2988 1147 3197 1217 regitur
3213 1147 3376 1202 modo
3391 1147 3618 1204 deﬁnito
3633 1166 3658 1202 a
3682 1151 3812 1214 Deo;

2208 1234 2460 1291 homines
2513 1245 2696 1292 autem
2749 1236 2941 1292 carnis
2988 1253 3174 1293 amore
3211 1238 3358 1294 circa
3393 1239 3660 1294 rationem
3691 1247 3818 1293 stu-

2205 1323 2348 1381 diosi
2371 1325 2512 1397 (15),
2543 1327 2716 1382 Deum
2747 1325 2914 1398 hujus
2934 1326 3185 1398 opiﬁcem
3210 1327 3572 1398 neglexerunt
3602 1343 3612 1380 :
3639 1329 3806 1395 Deus,

2206 1423 2269 1471 ut
2305 1432 2545 1472 errorem
2592 1417 2848 1484 auferret,
2889 1423 2943 1471 et
2983 1416 3270 1471 dominum
3319 1433 3375 1472 se
3423 1417 3672 1472 omnium
3705 1416 3812 1473 de-

2209 1513 2558 1572 monstraret,
2592 1505 2696 1562 hoc
2725 1521 2780 1560 se
2813 1520 2969 1577 posse
2998 1515 3053 1562 et
3081 1505 3274 1562 fecisse
3297 1505 3580 1577 praedicari
3615 1506 3814 1574 voluit,

2207 1594 2354 1664 quod
2385 1595 2592 1650 mundo
2646 1595 2988 1667 impossibile
3015 1602 3098 1650 est
3129 1611 3141 1649 :
3176 1605 3238 1652 ut
3267 1595 3361 1667 qui
3395 1594 3500 1651 hoc
3529 1596 3820 1652 crederent

2207 1681 2482 1739 damnatis
2513 1683 2581 1739 iis
2611 1685 2708 1758 qui
2751 1684 2963 1740 ratione
2993 1683 3190 1740 mundi
3222 1683 3406 1740 inﬂati
3433 1686 3604 1740 Deum
3637 1685 3817 1755 negle-

2209 1780 2430 1839 xerunt,
2461 1771 2686 1829 discreti
2701 1773 3076 1840 salvarentur,
3103 1772 3205 1829 Dei
3229 1772 3478 1828 dominio
3499 1773 3815 1846 mancipati.

2285 1861 2466 1930 (Vers.
2507 1861 2720 1932 23-25.)
2769 1885 2786 1906 ε
2826 1863 2947 1918 Non
2978 1869 3162 1916 autem
3196 1860 3461 1933 scriptum
3493 1869 3574 1918 est
3602 1870 3816 1917 tantum

2208 1958 2428 2022 propter
2467 1950 2644 2022 ipsum
2667 1951 2868 2018 solum,
2897 1951 3026 2022 quia
3065 1959 3376 2022 reputatum
3407 1957 3487 2005 est
3516 1949 3600 2005 illi
3640 1951 3705 2006 ad
3731 1951 3819 2023 ju-

2209 2041 2414 2096 stitiam
2449 2041 2601 2112 (Gen.
2637 2058 2734 2108 xv,
2765 2042 2822 2112 6)
2856 2059 2869 2107 ;
2906 2041 2998 2097 sed
3029 2049 3084 2096 et
3112 2048 3334 2112 propter
3364 2057 3483 2107 nos,
3507 2041 3708 2114 quibus
3735 2059 3816 2097 re-

2208 2130 2491 2202 putabitur
2510 2129 2860 2186 credentibus
2892 2130 2950 2184 in
2999 2147 3151 2198 eum,
3186 2129 3282 2202 qui
3316 2129 3608 2185 suscitavit
3632 2132 3816 2186 Jesum

2209 2218 2491 2276 Christum
2522 2218 2820 2275 Dominum
2853 2227 3119 2274 nostrum
3165 2235 3196 2273 a
3223 2220 3478 2288 mortuis,
3501 2220 3595 2291 qui
3633 2221 3818 2276 tradi-

2212 2316 2298 2365 tus
2326 2315 2408 2364 est
2437 2315 2658 2380 propter
2689 2318 2908 2380 peccata
2941 2317 3148 2376 nostra,
3173 2317 3226 2364 et
3267 2308 3569 2365 resurrexit
3597 2319 3820 2383 propter

2203 2395 2660 2469 justiﬁcationem
2687 2406 2951 2454 nostram.
2992 2425 3010 2446 ι
3055 2399 3117 2454 In
3149 2398 3427 2455 Abraham
3449 2399 3680 2456 formam
3711 2399 3820 2455 da-

2207 2495 2319 2542 tam
2351 2487 2488 2544 dicit
2531 2488 2734 2545 Judzeis
2764 2498 2818 2546 et
2863 2489 3136 2561 gentibus,
3167 2497 3230 2544 ut
3270 2490 3523 2561 exemplo
3557 2489 3674 2562 ejus
3703 2507 3816 2547 cre-

2208 2579 2406 2634 damus
2477 2579 2535 2634 in
2588 2581 2787 2646 Deum,
2836 2587 2889 2634 et
2937 2579 2994 2634 in
3042 2579 3343 2647 Christum,
3375 2579 3516 2635 etin
3550 2581 3814 2652 Spiritum

2208 2676 2488 2735 sanctum,
2518 2676 2572 2724 et
2619 2675 2908 2739 reputetur
2948 2667 3110 2724 nobis
3135 2667 3370 2740 justitia.
3405 2667 3668 2734 Quamvis
3696 2668 3821 2724 dif-

2213 2755 2354 2811 ferat
2382 2755 2531 2828 quod
2561 2772 2712 2812 nunc
2739 2757 2988 2814 creditur
3019 2757 3160 2828 (16),
3188 2772 3361 2812 unum
3397 2766 3581 2813 tamen
3610 2757 3820 2814 donum

2208 2844 2373 2900 habet
2411 2844 2566 2901 ﬁdes.
2604 2846 2724 2902 Hoc
2737 2862 2866 2918 ergo
2890 2847 3305 2918 consequimur,
3327 2847 3472 2920 quod
3496 2847 3776 2904 credimus
3808 2862 3818 2900 :

2207 2933 2496 2990 credentes
2543 2935 2693 2990 enim
2742 2935 3033 2993 Christum
3082 2937 3182 2992 Dei
3229 2953 3344 2993 esse
3391 2935 3618 3004 Filium,
3646 2954 3678 2992 a
3705 2939 3822 2992 Deo

2207 3022 2538 3093 adoptamur
2566 3023 2625 3079 in
2653 3024 2800 3081 ﬁlios
2831 3043 2844 3092 ;
2877 3026 3025 3082 nihil
3056 3027 3204 3082 enim
3235 3027 3381 3082 ultra
3408 3026 3588 3097 potuit
3615 3025 3822 3082 donare

2208 3111 2586 3181 credentibus,
2605 3130 2766 3186 quam
2786 3123 2848 3171 ut
2870 3115 2972 3170 ﬁlii
3001 3114 3098 3170 Dei
3121 3115 3397 3182 dicantur,
3423 3116 3645 3186 perﬁdis
3665 3116 3820 3171 abdi-

493 3201 720 3275 ’vulvam
749 3219 912 3276 sam.
949 3219 1011 3275 In
1039 3218 1464 3290 repromissione
1491 3225 1674 3275 autem
1704 3221 1803 3276 De;
1838 3237 1948 3276 non
1983 3221 2091 3278 ha,
2132 3240 2176 3301 Ο
2211 3201 2368 3256 catis.
2391 3203 2500 3258 Nos
2528 3203 2676 3258 enim
2697 3202 2801 3258 ﬁlii
2820 3202 2918 3258 Dei
2945 3202 3328 3270 vocamur,illi
3351 3211 3532 3258 autem
3552 3219 3652 3260 nec
3671 3205 3818 3260 servi

491 3307 682 3364 sitavit
739 3307 1068 3376 difﬁdentia,
1145 3307 1242 3364 sed
1292 3305 1651 3363 conﬁrmatus
1721 3315 1802 3364 est
1860 3309 1916 3364 in
1973 3309 2101 3376 ﬁde,

490 3396 679 3454 dando
739 3397 991 3469 gloriam.
1051 3399 1201 3454 Deo:
1263 3407 1476 3454 certum
1531 3396 1739 3454 habens
1797 3398 1926 3471 quia
1981 3415 2102 3472 quae

493 3487 766 3560 promisit,
797 3496 988 3560 potens
1039 3494 1119 3544 est
1163 3495 1215 3543 et
1243 3487 1463 3556 facere;
1500 3487 1733 3560 ideoque
1765 3489 2098 3546 aestimatum

490 3587 573 3633 est
618 3578 702 3633 illi
731 3577 802 3634 ad
840 3577 1136 3649 justitiam.
1172 3603 1190 3624 ι
1233 3577 1348 3632 Hoc
1394 3577 1554 3632 laude
1582 3577 1806 3650 dignum
1840 3579 2098 3650 przedicat

490 3667 802 3734 Abraham;
829 3668 956 3740 quia
978 3683 1102 3722 cum
1127 3684 1184 3721 se
1207 3667 1376 3722 sciret
1397 3685 1507 3722 non
1529 3683 1704 3738 posse,
1719 3667 2094 3726 inﬁrmitatem

488 3773 644 3814 suam
701 3755 810 3812 ﬁde
877 3756 1159 3822 ﬁrmavit;
1233 3765 1299 3812 ut
1355 3757 1602 3812 crederet
1662 3774 1720 3814 se
1772 3774 1928 3830 posse
2001 3774 2098 3830 per

489 3848 688 3915 Deum,
732 3845 879 3918 quod
930 3846 1095 3902 sciret
1150 3845 1268 3901 ﬁeri
1325 3863 1420 3919 per
1461 3847 1658 3904 mundi
1715 3848 1930 3905 decreta
1981 3865 2093 3904 non

489 3951 666 4008 posse.
739 3935 920 4007 Magni
967 3951 1094 4008 ergo
1159 3935 1342 3991 meriti
1397 3944 1478 3992 est
1541 3936 1685 4009 apud
1739 3940 1938 4004 Deum,
1994 3930 2091 4012 qui

490 4031 681 4081 contra
718 4024 1002 4080 scientiam
1047 4040 1201 4080 suam
1245 4026 1360 4081 Deo
1399 4025 1658 4092 credidit,
1689 4043 1799 4082 non
1829 4027 2090 4084 dubitans

489 4129 646 4186 posse
697 4114 878 4180 illum,
950 4121 1138 4185 utpote
1172 4115 1368 4181 Deum,
1421 4115 1567 4187 quod
1623 4115 1727 4172 scit
1785 4117 2088 4173 secundum

491 4201 683 4258 mundi
722 4201 989 4258 rationem
1038 4203 1159 4258 ﬁeri
1207 4219 1318 4258 non
1363 4218 1539 4274 posse.
1596 4202 1701 4257 Pro
1759 4212 1910 4259 certo
1939 4205 2092 4262 enim

489 4291 656 4347 habet
711 4293 886 4348 Deum
943 4291 1090 4346 ultra
1135 4291 1405 4346 rationem
1463 4291 1656 4346 mundi
1712 4307 1866 4360 esse;
1924 4309 2088 4349 nemo

487 4381 636 4438 enim
671 4382 815 4437 intra
860 4381 916 4437 id
945 4397 1060 4436 esse
1090 4380 1356 4436 dicendus
1381 4388 1483 4450 est,
1523 4380 1671 4452 quod
1699 4381 1925 4439 creavit.
1961 4382 2087 4438 Ideo

487 4469 803 4542 hujusmodi
852 4469 1282 4526 remunerandus
1323 4479 1404 4525 est
1439 4485 1470 4524 a
1524 4471 1656 4536 Deo,
1699 4470 1828 4542 quia
1875 4473 2082 4527 auctori

487 4577 588 4617 suo
639 4563 762 4634 plus
791 4561 1006 4629 tribuit,
1049 4578 1213 4634 quam
1287 4560 1401 4632 ipse
1441 4561 1603 4632 sapit.
1661 4561 1817 4628 Quod
1866 4560 2085 4633 quidem

487 4653 699 4708 nullius
716 4653 875 4724 pretii
896 4657 1057 4720 esset,
1075 4651 1118 4706 si
1139 4668 1328 4707 omnes
1346 4669 1498 4723 {equa
1510 4650 1779 4706 sentirent
1798 4669 1810 4716 ;
1835 4649 1929 4704 sed
1950 4651 2088 4704 mul-

491 4750 668 4797 torum
682 4741 988 4798 diffidentia
999 4741 1418 4799 commendatur
1433 4739 1568 4795 ﬁdes
1579 4740 1919 4797 credentium
1939 4739 2082 4811 apud

486 4830 683 4886 Deum.
720 4832 982 4888 Hortatur
1018 4847 1145 4903 ergo
1185 4837 1368 4900 gentes
1413 4828 1482 4883 ad
1520 4827 1662 4885 hanc
1692 4828 1816 4884 ﬁdei
1859 4828 2084 4884 ﬁrmita-

485 4927 598 4975 tem
649 4919 788 4993 (13),
847 4929 909 4976 ut
970 4920 1066 4976 Dei
1126 4918 1546 4991 promissionem
1603 4924 1656 4973 et
1707 4917 1936 4989 gratiam
1970 4917 2087 4973 sine

490 5007 675 5080 aliqua
705 5007 1058 5080 ambiguitate
1078 5008 1406 5080 suscipiant,
1429 5007 1606 5064 securi
1631 5007 1886 5078 exemplo
1917 5007 2085 5064 Abra-

491 5094 596 5164 hae,
635 5097 764 5169 quia
794 5097 922 5154 inde
969 5097 1213 5156 credenti
1249 5099 1365 5152 laus
1393 5097 1612 5163 crescit,
1645 5097 1690 5152 si
1720 5096 1868 5169 quod
1898 5096 2088 5154 incre-

561 5241 677 5314 (13)
716 5241 932 5298 Cocdex
966 5241 1156 5314 Corb.,
1185 5243 1256 5297 ad
1289 5242 1421 5296 hane
1445 5242 1568 5313 ﬁdei
1597 5241 1920 5312 dignitatem.

560 5313 676 5384 (14)
710 5313 978 5368 Nonnulli
1016 5331 1170 5378 mss.,
1201 5321 1399 5383 quanto
1428 5315 1646 5368 stult-um
1660 5321 1908 5384 putatur.

563 5385 680 5453 (15)
713 5387 870 5440 Rom.
935 5387 1094 5454 edit.,
1140 5387 1387 5441 Homines
1430 5392 1604 5440 autem
1641 5385 1781 5440 circa
1826 5384 2090 5440 rationem

491 5456 672 5511 carnis
705 5457 943 5512 studiosi.

565 5528 682 5600 (16)
715 5529 840 5584 Vet.
872 5529 1003 5584 edit.
1030 5529 1316 5600 pluresque
1348 5546 1504 5596 mss.,
1536 5531 1674 5600 quod
1705 5547 1806 5583 non
1835 5529 2088 5594 creditur,

489 5599 740 5670 quidam,
785 5601 925 5670 quod
966 5599 1072 5655 non
1105 5599 1268 5654 credit
1299 5619 1310 5667 ;
1370 5599 1568 5656 melius
1611 5608 1704 5656 aut
1737 5601 1868 5656 edit.
1906 5602 2088 5670 110111.,

490 5671 632 5740 quod
661 5671 916 5740 creditur,
948 5679 1046 5728 aut
1069 5671 1192 5728 cod.
1216 5671 1410 5740 Mich.,
1441 5674 1580 5742 quod
1605 5690 1740 5726 nunc
1767 5673 2018 5727 creditur.

563 5743 683 5814 (17)
719 5743 798 5798 Ita
827 5759 957 5798 mss.
1010 5746 1196 5816 plures
1223 5761 1287 5800 ac
1315 5745 1554 5818 potiores
1580 5762 1591 5800 :
1625 5743 1720 5799 alii
1750 5750 1929 5800 tamen
1960 5760 2093 5798 non-

2213 3290 2368 3362 digni
2411 3299 2541 3348 sunt
2597 3291 2926 3362 nuncupari.
2973 3291 3078 3346 Pro
3115 3291 3331 3348 inﬁnita
3377 3292 3522 3347 enim
3569 3295 3819 3365 magniﬁ-

2214 3379 2395 3435 centia
2415 3396 2512 3435 sua
2535 3383 2680 3436 Deus
2701 3379 2807 3435 hoc
2823 3379 3052 3435 donavit
3070 3379 3427 3450 diligentibus
3455 3397 3532 3448 se,
3555 3381 3698 3452 quod
3719 3401 3821 3438 sua

2211 3467 2440 3540 dignum
2472 3479 2554 3526 est
2576 3469 2880 3541 majestate,
2908 3485 3020 3524 non
3041 3469 3186 3541 quod
3209 3469 3460 3525 homines
3483 3481 3816 3540 mereantur,

2211 3557 2340 3628 quia
2369 3558 2426 3612 in
2455 3557 2604 3613 dono
2653 3557 2828 3630 magis
2864 3558 3048 3614 dantis
3085 3575 3248 3630 quam
3279 3559 3598 3630 accipientis
3636 3561 3817 3616 cousi-

2211 3644 2436 3701 deratur
2469 3647 2806 3714 sublimitas,
2835 3656 2890 3704 et
2915 3665 2983 3703 ex
3003 3664 3067 3702 eo
3088 3648 3210 3720 plus
3239 3649 3438 3721 accipit
3459 3649 3656 3716 laudis,
3687 3667 3815 3706 cum

2205 3735 2457 3806 parvulis
2488 3753 2686 3808 magna
2715 3737 2859 3794 dona
2889 3737 3116 3809 largitur
3136 3754 3230 3808 per
3251 3737 3552 3806 Christum,
3585 3738 3681 3812 qui
3713 3755 3813 3796 no-

2203 3823 2307 3880 stri
2340 3840 2506 3881 causa
2534 3825 2712 3882 occidi
2756 3843 2812 3882 se
2845 3842 3035 3898 passus
3071 3833 3171 3894 est,
3197 3833 3258 3882 ut
3277 3843 3396 3896 nos,
3427 3827 3554 3884 data
3570 3827 3755 3895 venia,
3787 3844 3820 3883 a

2205 3915 2446 3971 secunda
2462 3923 2638 3972 morte
2665 3925 2895 3982 erueret,
2921 3915 2975 3971 id
2996 3923 3098 3983 est,
3121 3933 3152 3972 a
3173 3933 3332 3988 paena
3354 3917 3558 3972 inferni
3581 3933 3592 3970 :
3621 3924 3674 3972 et
3693 3933 3815 3972 sur-

2203 4003 2366 4072 rexit,
2391 4011 2453 4059 ut
2471 4021 2566 4074 per
2587 4003 2837 4060 lmtitiam
2860 4004 3132 4076 triumphi
3155 4005 3265 4077 (17)
3287 4005 3480 4061 mortis
3491 4004 3682 4062 evictae
3695 4021 3815 4078 gra-

2199 4092 2333 4148 tiam
2383 4093 2545 4149 nobis
2587 4091 3005 4164 justiﬁcationis
3053 4093 3300 4160 donaret,
3349 4103 3412 4150 ut
3461 4093 3615 4166 digni
3667 4109 3812 4151 esse-

2201 4197 2322 4237 mus
2351 4181 2463 4238 dici
2492 4180 2595 4236 ﬁlii
2615 4170 2736 4238 Dei.
2759 4183 2902 4238 Ante
2928 4183 3235 4254 passionem
3254 4183 3399 4238 enim
3423 4183 3518 4256 qui
3545 4183 3817 4256 baptizati

2197 4280 2347 4340 sunt,
2366 4272 2535 4327 solam
2560 4271 2937 4327 remissionem
2959 4281 3286 4344 acceperunt
3304 4281 3646 4344 peccatorum
3679 4291 3817 4347 quo-

2197 4377 2320 4418 rum
2340 4363 2457 4418 zelo
2491 4361 2716 4417 Satanas
2747 4361 2950 4418 occidit
2992 4362 3327 4419 Salvatorem
3365 4380 3390 4417 :~
3418 4372 3538 4434 post
3571 4379 3812 4420 resurre-

2201 4453 2440 4509 ctionem
2472 4468 2604 4508 vero
2636 4461 2746 4508 tam
2784 4453 2824 4508 ii
2851 4452 2944 4526 qui
2967 4454 3140 4525 prius,
3172 4470 3333 4526 quam
3375 4453 3465 4510 isti
3499 4455 3590 4526 qui
3624 4467 3814 4527 postea

2197 4543 2460 4614 baptizati
2475 4551 2604 4598 sunt
2623 4558 2813 4597 omnes
2819 4541 3108 4614 justiﬁcati
3122 4551 3250 4600 sunt
3264 4559 3358 4614 per
3372 4543 3552 4599 datam
3571 4545 3810 4602 formam

2119 4603 2166 4661 D
2200 4603 2293 4694 Sé
2325 4633 2451 4688 ﬁdei
2483 4634 2790 4702 Trinitatis,
2817 4603 3154 4708 acceptoque
3175 4603 3387 4708 Spiritu
3409 4645 3597 4692 sancto
3617 4639 3712 4710 qui
3739 4641 3812 4694 si-

2195 4747 2361 4804 gnum
2393 4739 2472 4786 est
2501 4731 2870 4800 credentium,
2893 4733 3041 4804 quod
3067 4733 3178 4788 sint
3190 4733 3293 4788 ﬁlii
3315 4732 3434 4788 Dei.
3454 4732 3526 4787 Et
3544 4740 3606 4788 ut
3625 4733 3693 4788 ad
3716 4751 3810 4791 cu-

2195 4821 2408 4876 mulum
2423 4819 2581 4876 nobis
2593 4817 3010 4891 justiﬁcationis
3027 4821 3335 4893 proﬁceret,
3359 4837 3647 4894 resurgens
3668 4840 3812 4894 pra:-

2195 4911 2368 4984 ceptis
2381 4912 2494 4966 suis
2509 4911 2892 4966 auctoritatem
2909 4911 3134 4979 tribuit;
3153 4919 3215 4968 ut
3233 4927 3421 4967 eorum
3438 4912 3625 4967 aemuli
3643 4913 3807 4968 ineri-

2197 5002 2270 5057 tis
2297 5017 2592 5072 augeamus
2605 5017 2723 5068 nos,
2745 5017 2841 5072 per
2857 5017 2978 5073 quae
2995 5001 3224 5073 gloriam
3245 5001 3451 5072 adepti,
3473 5002 3606 5058 clari
3637 4990 3808 5073 appa-

2197 5108 2414 5148 reamus
2433 5092 2494 5147 in
2525 5107 2690 5164 regno
2711 5091 2832 5161 Dei,
2854 5091 2958 5150 hac
2977 5091 3180 5149 ﬁducia
3206 5109 3314 5166 qua
3327 5090 3617 5164 justiﬁcati
3641 5092 3762 5164 (18)
3777 5111 3811 5150 a

2197 5237 2361 5306 nulli,
2385 5245 2437 5294 et
2476 5253 2669 5292 omnes
2708 5235 2868 5305 edit.,
2892 5243 2951 5292 ut
2973 5254 3078 5308 pro
3111 5235 3296 5292 lwtitia
3336 5235 3628 5308 triumphi:
3656 5252 3808 5292 unus

2191 5328 2310 5384 pra:
2337 5310 2516 5364 ltetitia
2541 5310 2815 5384 triumphi.

2273 5383 2389 5454 (18)
2432 5383 2634 5454 Omnes
2685 5372 2817 5436 edit.
2869 5394 2934 5434 ac
2980 5378 3204 5454 quidam
3245 5395 3398 5454 mss.,
3447 5372 3666 5434 cumulos
3709 5396 3806 5454 nos

2197 5449 2293 5509 hac
2337 5449 2532 5524 fiducia
2571 5453 2785 5522 luceret,
2825 5467 2924 5521 per
2958 5449 3128 5524 quant
3175 5449 3550 5524 justiﬁcemur,
3599 5451 3805 5524 meritis

2197 5544 2292 5580 nos
2337 5520 2664 5596 'augerenius,
2717 5520 3021 5596 pariqu‘am.
3077 5520 3257 5596 (Rom.
3303 5521 3447 5596 edit.
3490 5521 3806 5596 ‘meritisque

2198 5591 2510 5670 augeri-mur,
2541 5601 2589 5648 et
2623 5591 2851 5670 hyadem)
2883 5591 3332 5670 gloria-ritedepti,
3363 5591 3506 5670 clari:
3525 5611 3803 5670 apparen-

2201 5663 2316 5724 mus
2345 5669 2400 5722 in
2443 5664 2740 5738 regnoﬂpei
2760 5681 2789 5738 ;_
2819 5663 2948 5738 quiq
2984 5663 3286 5734 justiﬁcat'i,
3329 5671 3433 5722 etc.
3476 5663 3802 5722 Sed’tnulto

2199 5733 2544 5798 commodius
2572 5735 2667 5793 alii
2692 5733 2909 5794 codIut
2936 5733 2992 5790 in
3022 5733 3304 5792 contextu.
