3980 6388
216 387 291 446 93
1331 396 1692 456 COMMENT.
1733 400 1805 457 IN
1841 399 2059 457 EPIST.
2100 401 2196 458 AD
2236 401 2403 459 ROM.
3446 412 3515 471 94

215 520 395 571 morte
424 516 599 571 teneri
627 532 739 574 non
768 519 1058 589 possimus.
1094 517 1351 577 Passione
1375 520 1523 577 enim
1554 521 1818 580 Salvato—
1843 531 1894 591 Α

214 603 293 659 ris
323 604 469 661 victa
496 622 664 674 mors,
715 624 833 679 quae
871 608 1022 679 prius
1050 626 1213 665 causa
1242 611 1449 682 peccati
1474 611 1807 670 dominaba—

214 702 331 765 tur,
355 692 685 767 justiﬁcatos
712 697 781 754 ab
804 714 868 754 eo
898 699 1135 756 retinere
1161 717 1272 757 non
1300 701 1486 758 audet.

266 908 284 933 ⁸
847 912 1076 971 CAPUT
1118 915 1211 977 ν..

288 1095 470 1166 (Vers.
511 1096 589 1165 1.)
645 1120 662 1141 ε
701 1096 990 1153 Justiﬁcati
1024 1098 1194 1169 igitur
1222 1115 1288 1154 ex
1320 1099 1448 1169 ﬁde,
1479 1117 1663 1171 pacem
1700 1101 1808 1156 ha-

212 1185 440 1240 beamus
486 1184 554 1239 ad
598 1187 773 1241 Deum
831 1204 926 1258 per
975 1188 1273 1243 Dominum
1323 1198 1571 1245 nostrum
1623 1190 1805 1245 Jesum

211 1274 517 1331 Christum.
549 1302 565 1322 ι
610 1277 803 1331 Pacem
834 1294 961 1332 cum
996 1279 1108 1332 Deo
1140 1277 1340 1334 habere
1363 1278 1496 1333 ﬁdes
1518 1279 1671 1346 facit,
1697 1295 1807 1333 non

213 1364 304 1419 lex
336 1383 349 1431 ;
382 1365 500 1422 haec
528 1366 674 1420 enim
708 1382 811 1421 nos
842 1369 952 1422 Deo
983 1369 1319 1436 reconciliat,
1348 1368 1578 1425 sublatis
1609 1384 1807 1439 pecca-

210 1454 303 1522 tis,
339 1471 459 1526 quze
490 1472 589 1509 nos
621 1456 733 1510 Deo
764 1455 1003 1512 fecerant
1032 1457 1309 1514 inimicos.
1350 1460 1422 1513 Et
1452 1458 1579 1530 quia
1608 1458 1809 1514 Domi-

208 1569 316 1607 nus
344 1553 499 1609 Jesus
526 1553 690 1626 hujus
714 1556 898 1626 gratize
920 1554 1169 1611 minister
1196 1565 1295 1624 est,
1328 1573 1423 1628 per
1452 1556 1629 1627 ipsum
1664 1556 1807 1627 paci-

208 1643 358 1699 ﬁcati
388 1661 577 1700 sumus
608 1647 719 1700 Deo
746 1663 756 1700 :
808 1644 983 1713 major
1013 1646 1160 1700 enim
1192 1646 1346 1714 ﬁdes,
1372 1663 1534 1717 quam
1567 1646 1653 1700 lex
1684 1654 1800 1707 est:

209 1731 299 1786 lex
322 1733 469 1788 enim
496 1742 683 1789 nostra
712 1751 873 1791 causa
903 1742 1005 1800 est,
1040 1735 1173 1789 ﬁdes
1206 1735 1304 1790 Dei
1331 1752 1341 1789 :
1378 1744 1432 1791 et
1462 1736 1549 1789 lex
1578 1734 1646 1789 ad
1672 1751 1804 1805 pra:-

203 1828 416 1876 sentem
447 1821 799 1894 disciplinam
831 1823 1084 1893 pertinet,
1137 1823 1268 1877 ﬁdes
1308 1839 1438 1877 vero
1476 1822 1542 1877 ad
1573 1824 1801 1878 salutem

204 1920 547 1983 perpetuam.
581 1912 684 1967 Sed
730 1912 822 1984 qui
872 1912 937 1967 de
982 1912 1201 1967 Christo
1251 1930 1358 1967 non
1399 1912 1473 1967 ita
1514 1912 1698 1979 sentit,
1740 1920 1800 1967 ut

203 2001 390 2069 debet,
440 2000 506 2056 ad
539 2001 665 2056 ﬁdei
700 2002 922 2073 prannia
970 2019 1079 2057 non
1105 2003 1304 2074 poterit
1334 2000 1637 2075 pervenire,
1670 2001 1799 2074 quia

206 2090 338 2145 ﬁdei
370 2106 479 2167 non
511 2097 658 2145 tenet
687 2091 995 2145 veritatem.

283 2197 465 2269 (Vers.
500 2198 581 2269 2.)
628 2222 645 2243 ε
683 2198 784 2253 Per
811 2214 971 2270 quem
1002 2207 1058 2254 et
1094 2214 1370 2254 accessum
1401 2198 1667 2254 habemus
1704 2214 1799 2270 per

207 2287 374 2342 ﬁdem
415 2287 472 2342 in
516 2288 744 2360 gratiam
778 2288 935 2344 istam
982 2288 1038 2343 in
1086 2306 1192 2362 qua
1222 2297 1449 2356 stamus,
1497 2296 1551 2344 et
1589 2288 1798 2360 gloria-

207 2392 334 2431 mur
364 2376 419 2431 in
450 2393 542 2447 spe
590 2376 774 2449 gloriae
806 2376 1048 2433 ﬁliorum
1095 2378 1212 2433 Dei.
1268 2403 1284 2425 ι
1340 2377 1685 2433 Manifestum
1719 2385 1800 2432 est

207 2481 304 2535 per
348 2464 626 2521 Christum
672 2482 772 2521 nos
818 2465 1029 2522 aditum
1077 2466 1276 2522 habere
1308 2468 1373 2521 ad
1406 2468 1632 2539 gratiam
1663 2470 1795 2535 Dei;

208 2552 325 2624 ipse
356 2554 503 2608 enim
545 2562 625 2611 est
651 2555 857 2609 arbiter
890 2555 987 2610 Dei
1018 2564 1070 2611 et
1104 2555 1413 2624 hominum,
1445 2556 1539 2629 qui
1571 2573 1668 2611 nos
1698 2556 1800 2611 do-

204 2642 389 2697 ctrina
417 2660 512 2698 sua
555 2644 789 2716 erigens,
818 2661 1033 2715 sperare
1062 2644 1191 2700 fecit
1220 2644 1427 2700 donum
1460 2644 1645 2716 gratia}
1680 2646 1802 2712 Dei,

205 2740 413 2786 stantes
446 2732 499 2786 in
546 2732 651 2787 ﬁde
695 2732 830 2802 ejus.
868 2732 993 2788 Ideo
1024 2742 1249 2801 stantes,
1299 2732 1427 2805 quia
1455 2733 1605 2804 prius
1628 2732 1802 2804 jacuio

205 2837 364 2875 nius:
424 2819 706 2876 credentes
751 2830 928 2877 autem
962 2822 1127 2877 erecti
1158 2840 1368 2890 sumus,
1423 2823 1717 2893 gloriantes
1747 2821 1803 2877 in

204 2927 302 2982 spe
333 2911 619 2984 claritatis,
642 2926 804 2985 quam
836 2912 1088 2983 promisit
1119 2914 1263 2969 Deus
1292 2914 1471 2970 nobis.

281 3018 464 3089 (Vers.
494 3018 573 3089 3.)
625 3042 642 3065 ι
676 3020 795 3075 Non
828 3021 1005 3075 solum
1039 3028 1237 3087 autem,
1275 3019 1369 3075 sed
1407 3027 1460 3075 et
1506 3019 1806 3092 gloriamur

206 3110 265 3165 in
296 3110 749 3167 tribulationibus
780 3112 1002 3167 nostris.
1051 3138 1068 3159 ι
1124 3113 1394 3179 Quoniam
1444 3128 1538 3183 per
1577 3112 1805 3168 tribula-

208 3202 388 3257 tiones
415 3210 629 3273 oportet
658 3220 757 3258 nos
788 3202 992 3258 intrare
1020 3203 1077 3258 in
1114 3220 1338 3275 regnum
1371 3203 1468 3259 Dei
1504 3204 1647 3273 (Act.
1685 3221 1802 3272 xiv,

208 3290 327 3357 2t),
372 3290 496 3346 ideo
538 3300 591 3347 et
644 3291 699 3346 in
734 3292 821 3347 his
867 3292 1215 3362 gloriandum
1245 3292 1423 3348 docet.
1456 3292 1582 3362 Spei
1625 3301 1806 3348 autem

204 3378 394 3434 addita
438 3379 722 3435 tribulatio
753 3389 1107 3452 augmentum
1156 3381 1288 3435 facit
1334 3382 1582 3452 praemii;
1639 3381 1807 3436 index

205 3468 351 3522 enim
387 3470 509 3524 ﬁxae
539 3471 652 3541 spei
684 3460 969 3525 tribulatio
1000 3477 1102 3537 est,
1128 3486 1247 3541 quae
1281 3470 1655 3525 testimonium
1690 3486 1805 3539 per-

206 3556 359 3611 hibet
388 3558 456 3612 ad
481 3575 760 3613 coronam.
795 3558 948 3613 Unde
978 3558 1246 3612 Dominus
1275 3558 1354 3613 ait
1384 3574 1394 3611 :
1456 3582 1473 3603 -
1507 3558 1657 3613 Beati
1686 3559 1804 3614 eri-

206 3648 295 3714 tis,
347 3664 473 3703 cum
502 3666 599 3703 vos
630 3656 1043 3720 persequentur,
1091 3655 1144 3702 et
1188 3647 1374 3703 dicent
1403 3664 1564 3703 omne
1596 3648 1801 3716 malum

202 3739 493 3793 adversum
540 3754 638 3792 vos
692 3747 912 3810 propter
949 3737 1221 3808 justitiam
1273 3737 1390 3792 Dei.
1452 3738 1693 3793 Gaudete
1748 3746 1803 3794 et

202 3828 473 3882 exsultate
506 3844 517 3881 :
560 3843 684 3882 ecce
729 3828 874 3882 enim
920 3827 1138 3899 copiosa
1176 3835 1256 3883 est
1286 3842 1492 3883 merces
1531 3835 1710 3882 vestra
1740 3828 1798 3883 in

200 3918 340 3973 ccelo
372 3918 584 3982 (Matth.
616 3935 671 3985 v,
704 3918 789 3982 11,
828 3916 940 3987 l2).
976 3942 994 3965 ι
1050 3916 1411 3973 Contemnere
1458 3918 1605 3972 enim
1650 3935 1799 3989 prae-

200 4005 396 4073 sentia,
455 4014 508 4060 et
550 4022 669 4079 quae
710 4007 1113 4062 oblectamento
1161 4015 1308 4075 sunt,
1350 4016 1404 4062 et
1458 4006 1514 4061 in
1544 4023 1797 4077 pressura

202 4111 311 4149 non
355 4094 546 4152 cedere
601 4113 695 4167 spe
746 4096 1060 4152 futurorum
1114 4097 1296 4167 magni
1328 4096 1509 4152 meriti
1542 4106 1621 4153 est
1650 4096 1794 4168 apud

201 4184 391 4238 Deum.
444 4184 679 4257 Ideoque
710 4186 766 4240 in
798 4185 1249 4241 tribulationibus
1296 4185 1640 4257 gloriandum
1671 4192 1787 4241 est:

200 4272 327 4342 quia
358 4280 509 4328 tanto
538 4275 661 4345 plus
689 4282 1040 4346 accepturum
1072 4292 1126 4329 se
1156 4274 1349 4341 credit,
1380 4282 1585 4347 quanto
1620 4274 1673 4329 in
1695 4274 1791 4330 tri-

200 4357 478 4417 bulatione
506 4378 562 4417 se
594 4363 797 4419 viderit
828 4364 1133 4421 fortiorem.

278 4491 296 4513 ι
330 4467 573 4525 Scientes
594 4470 741 4541 quod
777 4471 1062 4526 tribulatio
1094 4470 1412 4542 patientiam
1444 4479 1721 4541 operatur.
1758 4496 1775 4518 ι

200 4556 309 4612 Hoc
339 4566 422 4613 est
458 4559 872 4616 tribulationem
922 4561 1240 4632 patientiam
1272 4560 1507 4632 operari,
1538 4560 1583 4615 si
1615 4560 1785 4615 tribu-

201 4645 328 4701 latio
360 4648 475 4718 ipsa
498 4656 708 4704 motum
741 4665 849 4705 non
882 4650 1121 4722 patiatur
1150 4649 1490 4705 inﬁrmitatis
1518 4656 1611 4703 aut
1630 4648 1789 4704 dubi-

205 4736 444 4792 tationis.

270 4843 452 4914 (Vers.
480 4843 560 4917 4.)
608 4868 625 4891 ι
658 4845 926 4902 Patientia
954 4854 1136 4901 autem
1167 4846 1565 4919 probationem.
1601 4873 1618 4895 ι
1662 4847 1785 4903 Ma-

201 4930 453 4988 nifestum
498 4941 579 4989 est
622 4935 751 5006 quia
801 4935 1084 5007 patientia,
1128 4936 1174 4991 si
1205 4936 1331 4991 talis
1372 4935 1541 4992 fuerit
1570 4937 1785 5009 qualem

200 5016 457 5090 diximus,
488 5022 646 5079 ﬁrma
677 5024 957 5080 videbitur
978 5024 1249 5096 probatio.

276 5151 292 5173 ι
322 5129 582 5185 Probatio
610 5138 792 5187 autem
820 5148 991 5203 spem.
1029 5158 1045 5179 ι
1107 5133 1239 5205 Spes
1266 5132 1324 5188 in
1358 5150 1421 5189 eo
1453 5133 1547 5205 qui
1578 5131 1786 5205 proba-

202 5222 280 5272 tus
309 5217 550 5287 videtur,
600 5236 711 5276 non
766 5221 1045 5277 immerito
1092 5222 1333 5278 dicitur:
1396 5222 1593 5294 dignus
1635 5221 1782 5277 enim

200 5304 410 5377 scietur,
460 5318 784 5384 accepturus
831 5308 1331 5370 remunerationem
1361 5313 1419 5368 in
1464 5328 1631 5385 regno
1662 5312 1781 5369 Dei.

243 5595 374 5674 19)
408 5598 578 5674 Rom.
610 5598 776 5674 edit.,_
818 5600 961 5674 Nam
1008 5602 1134 5656 dum
1182 5604 1328 5674 apud
1373 5604 1601 5658 homines
1646 5604 1781 5659 mori

206 5666 486 5741 ridebatur,
518 5671 608 5725 ille
633 5672 777 5741 apud
809 5670 1027 5740 inferos,
1068 5681 1169 5729 etc.
1216 5666 1345 5731 'Vet.
1392 5675 1524 5731 edit.
1559 5692 1621 5731 ac
1651 5694 1777 5731 mss.

208 5744 330 5793 inter
356 5756 412 5795 se
446 5756 556 5796 non
585 5741 920 5815 discrepant,
973 5745 1083 5801 nisi
1120 5745 1267 5818 quod
1311 5763 1410 5819 pro
1438 5748 1781 5804 irreverentes

2003 534 2185 605 (Vers.
2213 530 2293 599 5.)
2341 552 2358 573 ι
2384 532 2516 605 Spes
2540 541 2723 589 autem
2745 549 2856 588 non
2892 535 3203 604 confundit,
3231 536 3359 608 quia
3386 535 3511 593 cha-

1916 625 2057 681 ritas
2101 625 2201 681 Dei
2231 624 2431 680 diffusa
2473 632 2555 679 est
2605 624 2663 679 in
2697 623 2958 679 cordibus
2991 627 3191 680 nostris
3222 643 3315 697 per
3343 626 3510 698 Spiri-

1914 721 2035 769 tum
2066 722 2337 782 sanctum,
2370 714 2464 785 qui
2493 714 2654 769 datus
2684 721 2765 769 est
2795 713 2973 768 nobis.
3002 740 3018 759 ι
3071 715 3202 785 Spes
3231 731 3339 768 non
3369 731 3512 770 con-

1916 802 2145 872 fundith
2169 802 2299 858 dum
2332 803 2485 860 stulti
2531 810 2585 857 et
2614 802 2835 858 hebetes
2864 820 2895 858 a
2925 802 3147 873 perﬁdis
3172 803 3510 874 judicamur,

1916 890 2197 946 credentes
2250 908 2371 962 quas
2434 891 2713 947 mundana
2762 898 2949 946 carent
2988 892 3234 956 ratione;
3314 891 3511 961 pignus

1915 980 2063 1035 enim
2119 980 2405 1037 charitatis
2460 981 2557 1036 Dei
2614 980 2879 1036 habemus
2926 982 2981 1035 in
3039 980 3199 1036 nobis
3243 979 3506 1051 Spiritum

1916 1077 2165 1125 sanctum
2196 1070 2384 1125 datum
2418 1070 2594 1125 nobis.
2629 1069 2814 1125 Fidele
2845 1069 2991 1124 enim
3032 1086 3144 1124 esse
3179 1070 3508 1141 promissum

1914 1159 2012 1214 Dei
2045 1160 2236 1230 probat
2262 1161 2498 1231 Spiritus
2528 1168 2746 1215 sanctus
2767 1159 2926 1215 datus
2946 1160 3228 1231 apostolis,
3246 1166 3298 1213 et
3328 1159 3507 1225 nobis,

1914 1248 2009 1317 qui
2042 1248 2316 1319 praastitit,
2348 1257 2409 1304 ut
2437 1249 2668 1306 diversis
2701 1248 2903 1320 linguis
2940 1248 3180 1319 imperiti
3225 1249 3508 1320 loqueren-

1912 1344 2005 1392 tur
2046 1337 2186 1407 (Act.
2220 1354 2283 1402 ιι,
2314 1337 2369 1405 li)
2427 1354 2551 1393 cum
2599 1337 3145 1409 interpretationibus
3197 1337 3266 1391 ad
3313 1336 3511 1391 conﬁr-

1916 1426 2171 1481 mandam
2212 1443 2381 1497 spem,
2421 1435 2483 1482 ut
2511 1434 2564 1482 et
2602 1427 2923 1483 charitatem
2956 1428 3055 1482 Dei
3101 1424 3510 1482 commendaret

1915 1509 1974 1564 in
2010 1512 2169 1567 nobis
2216 1530 2226 1567 :
2283 1521 2343 1568 ut
2373 1514 2499 1585 quia
2532 1514 2727 1569 charos
2758 1514 2874 1569 falli
2904 1513 3245 1585 impossibile
3281 1520 3383 1579 est,
3414 1528 3510 1565 se-

1914 1615 2076 1655 curos
2105 1617 2204 1655 nos
2234 1602 2435 1657 faceret
2462 1602 2528 1657 de
2559 1604 2918 1673 promissione
2944 1621 2954 1657 :
2990 1602 3118 1674 quia
3150 1611 3203 1657 et
3235 1604 3379 1657 Deus
3404 1607 3503 1667 est,

1915 1688 2008 1758 qui
2045 1690 2317 1759 promisit,
2352 1700 2405 1745 et
2432 1692 2498 1745 iis
2529 1708 2666 1763 quos
2693 1692 2887 1747 charos
2921 1692 3120 1747 habere
3149 1691 3269 1746 vult
3304 1688 3504 1761 promi-

1911 1778 2019 1842 sit;
2053 1779 2183 1849 quia
2212 1780 2359 1835 enim
2392 1781 2519 1834 ﬁdei
2552 1790 2751 1835 nostra:
2782 1782 3051 1836 rationem
3070 1780 3311 1835 humana
3342 1778 3509 1833 verba

1835 1883 1879 1942 B
1910 1881 2148 1922 asserere
2178 1884 2288 1923 non
2321 1870 2505 1924 valent
2552 1870 2659 1924 nisi
2705 1870 2973 1925 virtutum
3004 1869 3342 1934 testimonio,
3386 1883 3505 1938 quae

1908 1971 2033 2011 cum
2056 1964 2258 2025 tacent,
2281 1960 2545 2027 clamant,
2569 1959 2915 2015 rationabilis
2935 1961 3268 2031 approbatur
3289 1958 3355 2030 ad
3376 1972 3504 2012 con-

1908 2042 2181 2099 fusionem
2226 2046 2579 2116 prudentium
2628 2048 2859 2102 mundi:
2913 2049 3006 2120 qui
3054 2047 3283 2102 audacia
3312 2045 3502 2100 verbo-

1907 2148 2030 2187 rum
2085 2137 2317 2190 terrenis
2369 2138 2539 2193 armis
2587 2148 2778 2193 contra
2830 2138 3072 2193 caelestia
3123 2135 3411 2201 dimicant,
3451 2142 3505 2189 et

1906 2225 2217 2282 carnalibus
2234 2227 2495 2283 adversus
2524 2229 2817 2300 spiritalia,
2848 2239 2901 2284 et
2927 2227 3222 2299 prudentes
3240 2242 3296 2280 se
3320 2224 3503 2279 dicere

1907 2333 2018 2373 non
2047 2318 2397 2373 erubescunt.
2443 2320 2579 2374 Nam
2622 2319 2765 2374 sicut
2807 2318 3079 2390 peregrini
3121 2316 3367 2373 hominis
3401 2315 3505 2371 im'

1906 2406 2212 2478 probabilis
2241 2407 2395 2479 origo
2428 2406 2483 2461 in
2518 2417 2660 2463 terra
2690 2408 2867 2462 aliena
2905 2416 3007 2475 est,
3031 2408 3107 2463 ita
3136 2416 3190 2463 et
3218 2408 3346 2463 ﬁdei
3378 2425 3499 2463 nos-

1908 2503 2006 2552 tra:
2036 2496 2239 2552 veritas
2286 2498 2663 2568 peregrinatur
2706 2498 2763 2552 in
2803 2499 2996 2554 terris:
3046 2506 3101 2553 et
3148 2499 3278 2570 quia
3306 2505 3503 2553 natura

1909 2585 2027 2657 ejus
2057 2586 2238 2640 verbis
2281 2586 2545 2657 explicari
2594 2603 2703 2642 non
2737 2595 2930 2658 potest,
2969 2588 3209 2655 virtutis,
3243 2604 3363 2661 quze
3390 2603 3500 2642 ma-

1903 2674 1995 2746 jor
2013 2691 2098 2730 res
2126 2683 2231 2742 est,
2258 2676 2574 2731 testimonio
2596 2677 3030 2731 commendatur.

1984 2791 2164 2859 (Vers.
2226 2793 2259 2847 6
2306 2801 2360 2847 et
2414 2793 2492 2861 7.)
2560 2816 2577 2837 ι
2626 2792 2830 2864 thuid
2870 2795 3015 2849 enim
3046 2794 3315 2862 Christus,
3374 2812 3497 2851 cum

1912 2881 2095 2937 adhuc
2142 2890 2449 2954 peccatores
2490 2900 2749 2951 essemus,
2790 2884 3092 2940 secundum
3141 2892 3357 2957 tempus
3404 2902 3502 2958 pro

1913 2971 2099 3041 impiis
2140 2979 2388 3027 mortuus
2418 2980 2497 3026 est
2519 2973 2546 3027 ‘?
2603 2972 2711 3028 Vix
2744 2973 2889 3027 enim
2922 2989 3020 3044 pro
3043 2973 3192 3045 justo
3222 2975 3344 3047 quis
3375 2992 3501 3030 mo-

1913 3062 2055 3115 ritur
2083 3080 2095 3126 ;
2152 3078 2277 3116 nam
2310 3078 2407 3133 pro
2437 3062 2582 3117 bono
2612 3063 2839 3118 forsitan
2883 3064 3006 3134 quis
3034 3065 3230 3119 audeat
3258 3064 3446 3120 mori?
3471 3092 3488 3113 ι

1912 3150 1969 3207 Si
2001 3166 2097 3223 pro
2136 3155 2230 3213 53
2269 3150 2568 3207 incredulis
2613 3168 2675 3206 ac
2715 3154 2827 3207 Deo
2871 3151 3113 3208 inimicis
3155 3154 3406 3211 Christus
3434 3155 3501 3211 ad

1838 3243 1881 3304 Ο
1916 3258 2131 3321 tempus
2162 3248 2326 3305 morti
2373 3266 2427 3303 se
2472 3250 2642 3317 dedit,
2700 3250 2768 3305 ad
2820 3260 3032 3322 tempus
3077 3252 3222 3307 enim
3252 3260 3501 3310 mortuus

1917 3346 2018 3405 est,
2049 3338 2177 3410 quia
2202 3338 2363 3393 tertia
2407 3338 2495 3393 die
2528 3339 2845 3405 resurrexit,
2895 3347 3099 3410 quanto
3152 3341 3321 3411 magis
3376 3359 3498 3397 cum

1916 3428 1974 3483 in
2031 3428 2189 3483 illum
2233 3428 2525 3495 credimus,
2578 3429 2803 3483 auxiliis
2832 3430 2945 3483 suis
2977 3431 3186 3485 muniet
3217 3433 3362 3487 nos?
3416 3432 3500 3487 Ad

1916 3517 2020 3573 hoc
2073 3517 2218 3572 enim
2280 3533 2378 3588 pro
2430 3517 2588 3571 nobis
2620 3526 2869 3572 mortuus
2916 3528 3015 3587 est,
3066 3528 3126 3575 ut
3155 3527 3208 3574 et
3238 3520 3405 3575 vitam
3448 3531 3501 3577 et

1914 3608 2141 3679 gloriam
2196 3607 2355 3663 nobis
2392 3608 2714 3680 acquireret.
2770 3610 2957 3681 Itaque
3010 3611 3053 3665 si
3111 3628 3208 3681 pro
3258 3609 3501 3667 inimicis

1912 3704 2161 3751 mortuus
2189 3707 2291 3765 est,
2343 3708 2607 3771 quantum
2642 3708 2856 3771 praestet
2887 3701 3099 3765 amicis,
3138 3701 3297 3756 debet
3326 3702 3500 3758 intel—

1911 3786 2026 3858 ligi.
2060 3786 2218 3858 Apud
2250 3787 2501 3843 homines
2531 3806 2678 3860 ergo,
2720 3789 2776 3845 id
2807 3799 2905 3857 est,
2951 3789 3251 3845 secundum
3284 3799 3500 3862 tempus

1908 3878 2048 3932 mori
2100 3879 2251 3935 visus
2282 3886 2406 3948 est;
2456 3880 2549 3934 ille
2587 3882 2733 3935 enim
2789 3880 2933 3951 apud
2990 3881 3193 3937 inferos
3228 3883 3345 3953 (19)
3401 3899 3499 3955 pro

1906 3971 2080 4026 salute
2132 3971 2437 4027 animarum
2483 3972 2843 4027 irreverentes
2889 3980 2942 4027 et
2989 3988 3222 4045 nequam
3270 3974 3501 4046 spiritus

1899 4059 2205 4131 judicabat.
2249 4062 2514 4133 Tempora
2560 4062 2617 4116 in
2665 4061 2871 4117 mundo
2914 4069 3062 4129 sunt,
3112 4062 3205 4117 ubi
3237 4064 3414 4119 oritur
3445 4074 3499 4121 et

1903 4149 2107 4204 occidit
2156 4150 2260 4217 sol,
2327 4157 2380 4204 et
2446 4151 2575 4205 luna
2634 4151 3029 4207 incrementum
3085 4160 3139 4207 et
3202 4152 3495 4207 detrimen-

1901 4244 2019 4292 tum
2072 4239 2187 4309 (20)
2247 4238 2399 4306 facit,
2450 4246 2503 4293 et
2550 4238 2665 4294 dies
2718 4248 2771 4294 et
2814 4256 2923 4295 nox
2973 4241 3028 4295 in
3074 4249 3219 4297 statu
3256 4259 3355 4297 suo
3384 4258 3496 4298 non

1901 4336 2285 4398 perseverant;
2328 4346 2413 4384 res
2456 4329 2601 4384 enim
2651 4346 2771 4403 quae
2810 4331 3047 4402 tempori
3087 4340 3140 4386 et
3182 4332 3328 4387 aetati
3371 4332 3496 4387 sub-

1892 4415 2039 4488 jecta
2066 4428 2165 4485 est,
2212 4419 2496 4475 mutabilis
2535 4436 2750 4492 semper
2776 4430 2877 4476 est.
2926 4421 3066 4477 Huic
3098 4438 3225 4493 ergo
3259 4423 3494 4492 tempori

1899 4506 2154 4563 Christus
2183 4516 2433 4563 mortuus
2464 4517 2563 4576 est,
2615 4510 2746 4566 dum
2776 4511 3009 4566 excessit
3037 4526 3066 4565 e
3106 4527 3350 4581 corpore.
3390 4509 3493 4566 Ubi

1815 4604 1862 4662 1)
1898 4604 2081 4651 autem
2112 4604 2329 4670 tempus
2361 4616 2471 4653 non
2497 4607 2577 4654 est
2606 4609 2655 4655 et
2689 4608 2837 4668 mtas,
2861 4600 3067 4656 ibinon
3098 4601 3274 4654 solum
3305 4600 3487 4666 vivus,

1899 4685 1991 4739 sed
2031 4694 2085 4741 et
2117 4685 2296 4742 victor
2328 4695 2574 4758 repertus
2599 4696 2700 4743 est.
2732 4688 2873 4743 Hine
2902 4689 3079 4743 voluit
3099 4687 3353 4742 affectum
3376 4688 3490 4742 Sal-

1898 4773 2105 4829 vatoris
2142 4792 2266 4847 erga
2318 4792 2418 4832 nos
2464 4777 2866 4843 commendare,
2927 4792 3051 4832 cum
3100 4775 3280 4831 dicit:
3328 4800 3345 4821 ι
3378 4777 3489 4832 Vix

1897 4879 1994 4934 pro
2017 4864 2169 4935 justo
2196 4867 2320 4938 quis
2349 4867 2618 4932 moritur;
2671 4892 2687 4913 ι
2749 4866 3001 4923 Christus
3030 4872 3211 4920 autem
3262 4883 3358 4938 pro
3390 4866 3488 4921 im-

1896 4952 2001 5024 piis
2032 4962 2282 5010 mortuus
2327 4965 2427 5011 est.
2478 4956 2532 5010 Si
2591 4955 2737 5009 enim
2788 4970 2885 5026 pro
2934 4953 3085 5026 justo
3129 4955 3228 5010 vix
3290 4956 3490 5028 aliquis

1895 5044 2149 5111 moritur,
2201 5059 2299 5114 pro
2331 5043 2515 5113 impiis
2555 5043 2831 5113 quomodo
2877 5052 3054 5115 potest
3096 5044 3213 5099 ﬁeri
3266 5054 3324 5101 ut
3364 5045 3488 5117 quis

1896 5132 2204 5187 moriatur?
2258 5132 2327 5186 Et
2374 5132 2419 5187 si
2468 5148 2566 5203 pro
2600 5131 2747 5187 bono
2778 5146 2900 5188 uno
2947 5134 3087 5189 forte
3134 5134 3331 5190 audeat
3361 5136 3485 5207 quis

1894 5220 2055 5287 mori,
2086 5228 2179 5275 aut
2209 5221 2347 5276 forte
2393 5238 2502 5277 non
2537 5221 2753 5289 audeat,
2781 5222 2909 5295 quia
2940 5230 3232 5296 utrumque
3261 5222 3484 5280 difﬁcile

1892 5323 2006 5364 esse
2052 5307 2370 5381 signiﬁcat:
2424 5310 2886 5383 quemadmodum
2936 5312 3113 5370 videri
3167 5321 3363 5385 potest,
3423 5322 3485 5371 ut

1893 5603 2088 5675 legitur
2119 5605 2174 5660 in
2208 5605 2509 5673 nonnullis,
2534 5616 2841 5661 reverenter.

1963 5678 2087 5752 (20)
2116 5678 2269 5752 Rom.
2322 5678 2478 5752 edit,
2528 5686 2574 5731 et
2616 5681 3008 5752 (Ierrwientuut.
3046 5681 3192 5736 Infra
3226 5697 3350 5736 vero
3384 5699 3479 5752 pro

1887 5750 2180 5818 mutabilis,
2211 5751 2463 5806 nonnulli
2495 5767 2625 5807 mss.
2659 5749 2861 5806 habent
2890 5753 3153 5809 mortalis.
