3980 6382
452 375 524 434 95
1454 375 1553 434 AD
1590 376 1826 436 OPERA
1862 377 1920 434 S.
1958 377 2295 438 AMBROSII
2331 379 2711 442 APPENDIX.

3702 396 3777 454 96

451 485 652 560 audeat
709 503 914 576 aliquis
963 519 1062 576 pro
1106 503 1409 560 multorum
1462 503 1840 578 impietatibus
1882 505 2046 563 mori.
2082 506 2134 566 A
2169 507 2492 579 abnuentes,
2541 517 2606 568 ut
2645 511 2706 568 in
2752 514 3033 587 proposito
3077 519 3279 575 erroris
3323 527 3378 576 et
3405 519 3772 593 malignitatis

451 597 680 655 Etenim
713 596 758 652 si
781 595 905 668 quis
935 611 1032 666 pro
1051 595 1204 668 justo
1231 604 1327 652 aut
1345 597 1491 654 bono
1511 597 1710 654 audeat
1729 599 1870 656 forte
1889 599 2050 670 mori,

454 685 810 744 miseratione
859 685 1092 758 quadam
1138 685 1374 754 illectus,
1422 695 1518 744 aut
1553 687 1751 745 affectu
1779 687 2054 746 bonorum

453 794 683 851 operum
713 775 876 848 ejus;
927 793 1026 848 pro
1064 775 1251 849 impiis
1300 793 1429 834 vero
1483 795 1596 836 non
1655 781 1858 849 solum,
1907 781 2055 855 quod

451 866 678 922 suadeat
707 867 870 932 mori,
901 865 1072 931 deest.
1129 867 1222 923 sed
1253 875 1306 924 et
1335 868 1484 940 quod
1530 868 1588 924 in
1620 868 1893 942 lacrymas
1928 887 2055 943 pro-

452 963 630 1012 vocet.
686 955 940 1014 Christus
992 965 1171 1013 autem
1223 965 1476 1014 mortuus
1521 966 1603 1015 est
1632 976 1730 1031 pro
1760 960 2056 1033 impietati-

450 1044 556 1102 bus
597 1045 809 1118 populi,
847 1052 902 1102 et
945 1045 1128 1104 adhuc
1157 1064 1267 1104 non
1313 1047 1397 1102 sui
1441 1047 1583 1120 (21),
1627 1056 1691 1104 ut
1719 1049 1904 1105 omnia
1935 1065 2055 1122 quae

451 1133 693 1190 mundus
731 1134 955 1204 difﬁdit,
994 1136 1196 1192 faceret
1229 1135 1538 1193 credibilia.
1581 1139 1733 1193 Duos
1779 1154 1907 1210 ergo
1939 1154 2055 1212 gra-

450 1221 555 1278 dus
603 1222 756 1292 fecit,
798 1223 937 1296 justi
991 1234 1045 1282 et
1087 1224 1219 1280 boni
1267 1242 1279 1280 :
1335 1225 1592 1299 quamvis
1621 1225 1770 1282 enim
1800 1225 2056 1298 etjustus

450 1309 627 1368 bonus
669 1312 938 1370 dicendus
983 1315 1077 1382 sit,
1117 1321 1301 1372 tamen
1335 1331 1533 1388 genera
1575 1315 1694 1388 ipsa
1737 1316 1943 1388 posuit,
1967 1315 2055 1388 ju-

449 1409 596 1459 stum
628 1403 896 1460 exercitio
923 1403 1264 1476 signiﬁcans,
1304 1405 1513 1462 bonum
1543 1421 1676 1462 vero
1706 1413 1923 1476 natura,
1957 1407 2053 1480 qui

449 1490 804 1565 simplicitate
837 1493 1104 1550 innocens
1138 1493 1375 1552 dicatur.
1427 1494 1582 1552 Unde
1629 1496 1886 1569 quamvis
1944 1512 2054 1552 me-

449 1579 607 1637 lioris
633 1581 817 1638 meriti
856 1586 950 1651 sit,
981 1591 1250 1655 quantum
1280 1583 1351 1640 ad
1380 1583 1564 1640 locum
1594 1584 1761 1640 istum
1793 1584 2052 1658 pertinet,

443 1667 628 1741 justus
691 1687 856 1744 quam
913 1671 1116 1739 bonus,
1165 1681 1346 1730 tamen
1397 1697 1415 1721 ι
1475 1689 1574 1746 pro
1623 1674 1793 1743 bono,
1848 1675 2051 1748 inquit,

449 1758 591 1816 forte
641 1759 844 1834 aliquis
887 1760 1084 1817 audeat
1139 1761 1314 1827 mori;
1359 1786 1377 1810 ι
1430 1771 1491 1819 ut
1522 1763 1652 1836 quia
1680 1763 2054 1820 miserabilior

2165 610 2542 672 permaneant.

2239 689 2419 759 (Vcrs.
2454 690 2567 762 10.)
2640 714 2658 740 ι
2701 691 2757 748 Si
2800 693 2947 749 enim
2977 711 3102 751 cum
3147 697 3360 754 inimici
3389 714 3653 768 essemus,
3683 716 3768 756 re-

2165 779 2444 836 conciliati
2485 796 2680 837 sumus
2707 783 2820 838 Deo
2849 793 3218 854 per‘mortem
3259 787 3386 843 Filii
3415 787 3554 859 ejus,
3589 789 3770 845 multo

2165 869 2338 941 magis
2389 871 2731 928 reconciliati
2789 875 2927 930 salvi
2987 875 3192 933 erimus
3249 878 3305 933 in
3362 877 3476 934 vita
3507 879 3698 952 ipsius.
3735 905 3755 927 ι

2163 960 2517 1016 Manifestum
2547 970 2650 1030 est,
2691 963 2821 1036 quia
2864 964 2934 1031 si,
2990 972 3050 1020 ut
3089 968 3471 1026 reconciliaret
3499 986 3600 1026 nos
3633 968 3766 1037 sibi,

2163 1049 2310 1105 Deus
2365 1049 2566 1106 Filium
2619 1067 2780 1106 suum
2829 1053 2996 1110 morti
3043 1055 3294 1124 tradidit,
3343 1067 3548 1130 quanto
3588 1059 3767 1130 magis

2165 1139 2548 1197 reconciliatos
2575 1139 2756 1196 salvos
2785 1141 2947 1199 faciet
2981 1143 3039 1199 in
3065 1145 3182 1201 vita
3210 1145 3384 1218 ipsius
3403 1147 3433 1204 ?
3459 1147 3580 1205 Non
3612 1149 3766 1205 enim

2163 1230 2366 1300 poterit
2404 1235 2502 1294 54
2538 1229 2768 1286 minime
2822 1231 3050 1306 diligere
3101 1235 3327 1303 amicos,
3387 1238 3482 1311 qui
3537 1237 3766 1310 prodest

2163 1327 2408 1386 inimicis
2440 1329 2582 1402 (24).
2631 1330 2688 1387 Si
2719 1331 2866 1388 enim
2900 1348 3048 1388 mors
3077 1333 3377 1390 Salvatoris
3410 1335 3619 1407 profuit
3649 1351 3768 1391 no-

2163 1416 2249 1473 bis
2277 1417 2461 1476 adhuc
2490 1419 2697 1493 impiis,
2727 1429 2933 1494 quanto
2965 1423 3138 1494 magis
3158 1421 3478 1494 justiﬁcatis
3506 1423 3637 1481 vita:
3667 1423 3768 1496 ip-

2163 1507 2299 1573 sius,
2329 1525 2454 1564 cum
2485 1510 2720 1583 resurgit
2751 1527 2782 1568 a
2820 1511 3054 1569 mortuis
3073 1513 3102 1569 ?
3128 1513 3269 1582 Quia
3295 1514 3440 1570 sicut
3468 1531 3616 1570 mors
3643 1512 3768 1585 ejus

2163 1612 2195 1652 a
2221 1597 2446 1654 diabolo
2476 1616 2577 1655 nos
2617 1600 2782 1670 eruit,
2834 1601 2912 1658 ita
2951 1612 3005 1660 et
3034 1601 3148 1658 vita
3188 1601 3308 1675 ejus
3334 1604 3402 1660 de
3430 1603 3520 1660 die
3559 1601 3766 1675 judicii

2162 1687 2262 1744 Dei
2294 1705 2394 1744 nos
2422 1688 2698 1748 liberabit.

2235 1778 2416 1849 (Vers.
2455 1779 2570 1852 11.)
2616 1803 2634 1826 ι
2664 1781 2787 1838 Non
2826 1782 3007 1838 solum
3035 1791 3220 1840 autem
3263 1781 3390 1852 hoc,
3419 1781 3515 1841 sed
3549 1791 3603 1840 et
3633 1784 3768 1855 glo—

445 1865 608 1905 031138
658 1849 1001 1942 ίξιῐιεξίξθηῑίαξ
1043 1859 1147 1942 θεῇ
1181 1851 1250 1908 ad
1307 1851 1413 1910 hoc
1459 1852 1580 1926 008i
1638 1853 1780 1910 forte
1808 1853 2049 1928 aliquem
2081 1869 2128 1930 B
2162 1866 2372 1925 riamur
2397 1867 2456 1925 in
2483 1849 2597 1926 Deo
2634 1887 2730 1942 per
2757 1871 3054 1928 Dominum
3085 1881 3335 1930 nostrum
3374 1873 3558 1929 Iesum
3589 1873 3768 1931 Chri.

450 1952 608 2009 posse
648 1937 943 2010 signiﬁcat.
974 1939 1224 2013 Denique
1250 1945 1442 2014 optant
1479 1949 1731 2013 parentes
1760 1958 1860 2014 pro
1887 1942 2052 1998 bonis

449 2025 583 2082 ﬁliis
612 2025 778 2094 mori,
827 2042 941 2082 non
989 2026 1170 2083 dicam
1218 2044 1420 2085 uxores
1481 2045 1579 2100 pro
1607 2029 1770 2086 bonis
1815 2031 2048 2087 maritis.

447 2115 583 2172 Nam
631 2113 679 2170 si
718 2113 956 2170 velimus
1009 2115 1077 2171 de
1136 2115 1284 2173 bono
1330 2125 1385 2172 et
1407 2115 1559 2189 justo
1587 2134 1912 2191 proponere,
1953 2118 2050 2175 ali-

448 2203 671 2277 quando
696 2204 982 2260 meliorem
1005 2203 1222 2277 justum
1247 2205 1732 2278 deprehendimus,
1753 2209 2051 2283 aliquando

449 2295 881 2368 praponendum
909 2296 1140 2353 bonum.
1162 2297 1221 2354 Si
1252 2297 1401 2354 enim
1431 2297 1595 2371 juxta
1623 2300 1721 2356 Dei
1753 2301 1927 2372 legem
1954 2301 2050 2375 qui

441 2381 628 2456 justus
673 2393 778 2451 est,
818 2385 1016 2442 melior
1051 2385 1198 2442 bono
1245 2393 1362 2454 est;
1405 2387 1500 2443 sed
1543 2388 1644 2444 illo
1687 2389 1782 2462 qui
1814 2391 2047 2448 necdum

449 2487 638 2529 secum
669 2473 960 2541 laboravit,
993 2483 1054 2531 ut
1080 2473 1444 2547 amplificaret
1471 2493 1527 2532 se
1553 2477 1750 2546 bonis;
1784 2480 2050 2538 exercitio

446 2561 599 2618 enim
628 2562 836 2620 bonum
867 2571 1078 2620 naturae
1115 2580 1227 2621 suae
1259 2563 1444 2636 justus
1473 2567 1806 2624 meliorabit.
1854 2569 1910 2625 Si
1955 2587 2049 2626 au-

451 2655 557 2705 tem
607 2649 774 2722 juxta
813 2651 1084 2708 mundum
1127 2652 1297 2708 fuerit
1328 2652 1536 2726 justus,
1581 2656 1922 2728 praeponitur
1963 2658 2050 2716 illi

444 2739 623 2797 bonus
671 2749 892 2814 propter
943 2742 1343 2812 innocentiam,
1393 2745 1522 2818 quia
1568 2745 1893 2819 hujusmodi
1935 2764 2048 2804 non

445 2829 666 2888 estsine
695 2831 986 2889 severitate
1007 2829 1228 2904 justitia
1251 2832 1391 2905 (22).
1418 2833 1608 2908 Itaque
1636 2836 1819 2892 omnis
1849 2844 2049 2894 natura

445 2916 591 2974 bona
620 2925 722 2986 est,
746 2917 966 2990 justitia
988 2927 1172 2977 autem
1201 2921 1336 2994 legis
1381 2921 1481 2978 Dei
1521 2923 1738 2980 fructus
1787 2932 1869 2980 est
1900 2942 2046 2982 com-

447 3014 638 3078 petens
684 3015 932 3075 naturae;
975 3007 1209 3082 ideoque
1247 3009 1466 3081 justitia
1507 3010 1730 3068 bonitas
1758 3021 1860 3082 est,
1901 3014 2048 3072 unde

438 3096 578 3169 justi
607 3113 822 3172 semper
848 3098 1196 3170 appellantur
1238 3106 1294 3155 et
1330 3098 1482 3156 boni.
1527 3101 1650 3157 Non
1676 3109 1860 3157 tamen
1908 3119 2046 3158 sem-

444 3203 542 3259 per
595 3185 730 3244 boni
779 3185 938 3260 justi,
991 3187 1122 3288 quia
1168 3205 1280 3246 non
1325 3197 1548 3262 propter
1581 3206 1748 3262 opera
1777 3199 2044 3248 vocantur
2077 3230 2120 3292 ο

442 3275 598 3345 boni,
629 3275 724 3333 sed
771 3285 995 3350 propter
1022 3275 1438 3348 innocentiam;
1483 3279 1704 3353 justitia
1735 3280 1884 3337 enim
1923 3297 2041 3354 per-

441 3365 584 3422 fecta
638 3373 723 3424 est
775 3365 1014 3436 bonitas,
1065 3366 1198 3424 dum
1239 3369 1425 3442 explet
1470 3385 1632 3442 opere
1671 3377 1879 3427 natura:
1929 3387 2042 3426 sum

443 3454 606 3514 bona.

513 3562 699 3636 (Vers.
729 3562 812 3633 8.)
857 3587 876 3610 ε
921 3563 1289 3623 Commendat
1315 3573 1498 3622 autem
1531 3581 1686 3622 suam
1715 3565 2042 3624 cbaritatem

437 3656 585 3712 Deus
613 3654 674 3708 in
710 3653 892 3719 nobis.
925 3680 944 3702 ι
993 3655 1086 3710 Sic
1114 3655 1467 3712 commendat
1506 3674 1662 3714 suam
1690 3657 2040 3728 cbaritatem,

438 3742 574 3800 dum
602 3742 787 3800 adhuc
818 3738 1064 3800 inimicis
1091 3744 1208 3801 suis
1235 3743 1538 3803 benevolus
1557 3754 1659 3816 est,
1682 3757 1738 3806 et
1759 3747 1931 3803 mittit
1946 3747 2042 3822 qui

439 3834 617 3892 salvet
643 3849 757 3903 eos,
787 3850 914 3890 cum
944 3833 1136 3908 utique
1155 3851 1268 3892 non
1289 3844 1622 3895 mereantur.

515 3937 699 4011 (Vers.
727 3941 810 4012 9.)
857 3963 878 3986 ι
925 3939 1199 4009 Quoniam
1255 3941 1304 3999 si
1341 3959 1468 4000 cum
1515 3941 1698 4000 adhuc
1733 3949 2044 4016 peccatores

447 4043 712 4098 essemus,
767 4029 1022 4088 Christus
1068 4046 1169 4102 pro
1211 4031 1372 4088 nobis
1419 4039 1672 4089 mortuus
1717 4039 1818 4099 est,
1864 4031 2044 4088 multo

443 4117 620 4192 magis
666 4117 960 4192 justiﬁcati
1017 4135 1166 4176 nunc
1224 4119 1282 4176 in
1337 4121 1604 4192 sanguine
1658 4120 1855 4194 ipsius,
1901 4121 2042 4178 salvi

440 4206 650 4264 erimus
695 4208 766 4266 ab
795 4208 875 4266 ira
906 4225 1002 4282 per
1040 4209 1242 4281 ipsum.
1275 4235 1293 4258 ι
1360 4210 1477 4266 Hoc
1523 4208 1682 4278 dicit,
1712 4210 1844 4283 quia
1870 4209 1916 4266 si
1943 4227 2043 4284 pro

439 4296 818 4369 peccatoribus
873 4297 1079 4354 Filium
1137 4315 1299 4355 suum
1343 4299 1490 4355 Deus
1539 4297 1718 4356 occidi
1766 4299 2039 4371 permisit,

437 4385 572 4458 quid
614 4384 779 4443 faciet
823 4402 923 4458 pro
953 4385 1292 4458 justiﬁcatis,
1343 4387 1451 4443 nisi
1494 4396 1676 4445 servet
1721 4404 1815 4445 eos
1838 4387 1908 4444 ab
1936 4388 2040 4456 ira,

436 4476 497 4534 id
528 4483 632 4546 est,
685 4483 836 4533 tutos
865 4477 992 4534 illos
1037 4484 1254 4549 prastet
1295 4476 1365 4536 ab
1409 4477 1649 4534 ilusione
1677 4476 1886 4535 diaboli
1919 4497 1932 4546 ;
1978 4487 2043 4535 ut

2161 1966 2330 2027 stum,
2360 1974 2458 2031 per
2483 1975 2646 2032 quem
2675 1976 2826 2018 nunc
2847 1961 3354 2020 reconciliationem
3381 1963 3715 2036 accepimus.
3733 1989 3754 2012 ι

2159 2045 2281 2102 Νοιι
2307 2054 2523 2104 tantum
2554 2065 2654 2121 pro
2677 2058 2898 2122 accepta
2921 2051 3097 2108 salute
3126 2059 3180 2109 et
3199 2052 3492 2127 securitate
3510 2054 3623 2109 Deo
3643 2069 3764 2126 gra-

2161 2135 2266 2194 tias
2294 2137 2532 2210 agendas
2559 2137 2738 2208 docet,
2760 2139 2855 2196 sed
2887 2149 2941 2196 et
2971 2141 3319 2213 gloriandum
3352 2157 3448 2214 per
3475 2141 3762 2200 Christum

2159 2227 2343 2284 Jesum
2375 2227 2434 2282 in
2462 2228 2596 2296 Deo,
2649 2228 2746 2301 qui
2803 2228 3060 2302 dignatus
3113 2240 3196 2288 est
3237 2248 3308 2288 ex
3338 2230 3525 2302 impiis
3558 2231 3676 2303 (25)
3710 2239 3766 2288 et
3857 2297 3868 2304 ,

2160 2316 2406 2376 inimicis
2434 2317 2546 2375 dici
2596 2335 2698 2375 nos
2741 2335 2870 2376 suos
2895 2320 3120 2383 amicos.
3171 2329 3234 2377 ut
3279 2321 3466 2378 omnia
3494 2321 3766 2378 beneﬁcia

2160 2425 2256 2482 per
2283 2407 2564 2466 Christum
2601 2417 2924 2466 consecutos
2952 2428 3054 2468 nos
3083 2411 3417 2485 gaudeamus
3455 2430 3468 2469 :
3522 2420 3584 2482 ut
3631 2413 3765 2487 quia

2160 2514 2257 2571 per
2293 2498 2474 2572 ipsum
2502 2499 2862 2572 cognovimus
2888 2504 3083 2570 Deum,
3117 2503 3412 2575 gloriantes
3441 2503 3498 2560 in
3519 2519 3604 2571 eo,
3625 2503 3764 2559 red-

2159 2587 2356 2644 damus
2381 2587 2431 2644 ei
2462 2587 2941 2646 honoriﬁcentiam
2969 2608 3154 2664 parem
3174 2595 3289 2649 Deo
3314 2593 3482 2660 Patri,
3505 2593 3622 2666 ipso
3649 2592 3759 2648 sibi

2158 2676 2358 2734 idoneo
2389 2685 2520 2734 teste
2555 2677 2886 2750 praedicante
2919 2696 2931 2734 :
2979 2703 2997 2725 -
3030 2681 3100 2736 Ut
3130 2679 3520 2752 honoriﬁcent,
3551 2681 3761 2755 inquit,

2157 2767 2385 2835 Filium,
2433 2767 2577 2825 sicut
2618 2769 2988 2826 honoriﬁcant
3024 2772 3248 2828 Patrem
3286 2772 3466 2844 (Joan.
3491 2789 3548 2840 v,
3579 2771 3698 2844 23).
3734 2797 3753 2820 ι

2156 2857 2284 2914 Post
2313 2856 2411 2914 Dei
2441 2874 2570 2931 ergo
2599 2857 2778 2916 Patris
2806 2857 3234 2931 providentiam,
3280 2867 3335 2916 et
3377 2860 3583 2916 donum
3613 2859 3765 2933 quod

2156 2947 2310 3004 dedit
2357 2965 2453 3021 per
2495 2947 2804 3017 Christum,
2855 2957 2916 3005 ut
2955 2966 3244 3022 personam
3276 2949 3408 3006 Filii
3439 2949 3600 3006 nobis
3627 2966 3766 3023 gra-

2155 3045 2268 3093 tam
2285 3035 2642 3110 faceret,quia
2659 3047 2754 3109 per
2775 3054 2948 3093 unum
2967 3037 3251 3096 Christum
3274 3037 3542 3112 redempti
3569 3055 3765 3095 sumus

2155 3124 2224 3182 ab
2251 3140 2364 3180 uno
2391 3125 2507 3180 Deo
2535 3125 2712 3192 Patre,
2746 3123 2946 3196 adjecit
2971 3143 2982 3180 :

2231 3218 2414 3290 (Vers.
2448 3215 2562 3289 12.)
2609 3239 2627 3263 ι
2657 3216 2950 3288 Propterea
2976 3217 3120 3274 sicut
3148 3234 3244 3290 per
3272 3234 3443 3274 unum
3476 3218 3762 3276 hominem

2152 3314 2436 3381 peccatum
2467 3304 2525 3361 in
2557 3305 2706 3362 hunc
2747 3305 3015 3362 mundum
3053 3305 3306 3374 intravit,
3348 3316 3402 3365 et
3431 3325 3527 3380 per
3558 3326 3764 3382 pecca-

2150 3403 2273 3452 tum
2306 3411 2476 3464 mors,
2530 3393 2610 3452 sic
2638 3394 2696 3450 in
2732 3411 2923 3451 omnes
2951 3393 3206 3451 homines
3236 3413 3384 3452 mors
3414 3397 3761 3468 pertransiit,

2152 3485 2213 3542 in
2269 3503 2379 3560 quo
2435 3502 2628 3542 omnes
2675 3494 3062 3558 peccaverunt.
3112 3510 3130 3534 ι
3200 3487 3472 3555 Quoniam
3504 3489 3766 3562 superius

2152 3575 2251 3632 Dei
2283 3575 2512 3647 gratiam
2542 3591 2638 3648 per
2657 3575 2937 3634 Christum
2969 3575 3150 3632 datam
3182 3576 3423 3633 ostendit
3453 3578 3763 3635 secundum

2153 3663 2401 3720 ordinem
2432 3663 2707 3731 veritatis,
2754 3681 2904 3722 nunc
2942 3665 3122 3737 ipsum
3177 3666 3429 3724 ordinem
3461 3667 3627 3724 unius
3660 3667 3760 3724 Dei

2152 3754 2328 3811 Patris
2358 3754 2499 3828 (26),
2549 3771 2646 3827 per
2691 3771 2867 3811 unum
2923 3754 3206 3813 Christum
3260 3755 3466 3813 Filium
3513 3756 3633 3830 ejus
3668 3758 3758 3814 de-

2151 3845 2322 3902 clarat
2355 3861 2368 3900 :
2401 3851 2464 3900 ut
2509 3843 2640 3918 quia
2668 3843 2869 3912 Adam,
2922 3861 3090 3911 unus,
3131 3843 3188 3900 id
3235 3852 3340 3914 est,
3386 3847 3526 3913 Eva,
3556 3854 3611 3904 et
3641 3847 3758 3920 ipsa

2153 3933 2302 3991 enim
2365 3932 2542 3990 Adam
2592 3940 2694 4002 est,
2749 3933 2999 4006 peccavit
3043 3933 3100 3990 in
3156 3934 3436 4004 omnibus,
3485 3935 3564 3992 ita
3614 3951 3759 3992 unus

2153 4024 2408 4084 Christus
2439 4023 2614 4080 Filius
2660 4022 2760 4080 Dei
2791 4031 3071 4096 peccatum
3110 4024 3250 4081 vicit
3291 4025 3348 4080 in
3378 4024 3658 4083 omnibus.
3689 4027 3759 4082 Et

2153 4116 2286 4190 quia
2327 4113 2672 4188 propositum
2724 4113 2911 4186 gratiae
2952 4114 3052 4170 Dei
3098 4131 3225 4188 erga
3251 4131 3421 4188 genus
3449 4114 3753 4172 humanum

2152 4205 2413 4275 ostendit,
2445 4212 2508 4261 ut
2563 4203 2681 4276 ipsa
2711 4202 3016 4276 primordia
3068 4205 3276 4278 peccati
3325 4205 3656 4273 ostenderet,
3689 4203 3756 4260 ab

2152 4297 2330 4356 Adam
2360 4296 2550 4370 ccepit,
2573 4295 2666 4370 qui
2686 4295 2927 4368 primum
2949 4296 3198 4369 peccavit
3223 4313 3235 4352 :
3267 4303 3330 4353 ut
3350 4295 3753 4370 providentiam

2150 4387 2318 4444 unius
2347 4387 2446 4444 Dei
2485 4401 2582 4458 per
2612 4401 2787 4440 unum
2817 4385 3147 4442 reformasse
3183 4385 3422 4454 doceret,
3479 4386 3627 4460 quod
3662 4403 3757 4458 per

2149 4493 2325 4533 unum
2367 4476 2547 4532 fuerat
2603 4475 2814 4548 lapsum
2877 4484 2932 4532 et
2985 4483 3222 4532 tractum
3281 4476 3340 4531 in
3371 4483 3624 4532 mortem.
3654 4475 3756 4532 Hic

434 4565 615 4625 securi
644 4565 758 4622 sint
785 4565 844 4623 in
874 4566 964 4624 die
987 4565 1212 4639 judicii,
1251 4584 1376 4624 cum
1407 4568 1634 4640 cmperit
1686 4568 1924 4640 perﬁdos
1960 4569 2043 4626 ul-
2072 4585 2120 4644 Ῑ)
2153 4583 2281 4640 ergo
2310 4582 2456 4622 unus
2497 4574 2578 4622 est
2613 4581 2712 4637 per
2741 4581 2903 4638 quem
2943 4565 3164 4633 salvati,
3201 4565 3346 4622 hanc
3373 4565 3457 4622 illi
3488 4582 3754 4624 reveren-

434 4657 514 4714 tio
542 4655 876 4714 devastare?
919 4656 1192 4725 Quoniam
1241 4657 1390 4712 enim
1435 4655 1655 4714 bonitas
1681 4657 1780 4715 Dei
1822 4659 2040 4715 nullum

436 4747 617 4820 perire
644 4749 787 4817 vult,
819 4755 1054 4804 mortem
1085 4747 1468 4821 dignissimam
1509 4747 1680 4816 dedit,
1723 4737 1798 4804 ut
1824 4749 2045 4804 intelli-

439 4835 693 4908 gentibus
719 4837 819 4894 Dei
875 4838 1112 4910 gratiam
1164 4838 1311 4895 circa
1355 4853 1434 4906 se,
1463 4836 1687 4894 adderet
1715 4837 2042 4910 dignitatem

438 4932 494 4982 et
521 4925 774 4998 gloriam,
808 4925 1034 4998 ingratis
1065 4925 1373 4983 cumularet
1402 4943 1621 5000 pmnam
1663 4926 1805 4999 (23).
1837 4927 2041 4998 Ingrati

440 5013 482 5073 ii
513 5021 644 5072 sunt
673 5012 768 5087 qui
815 5016 930 5072 Deo
971 5025 1222 5086 vocante,
1265 5015 1623 5084 dissentiunt,
1675 5015 1776 5074 Dei
1807 5016 2042 5090 gratiam

511 5251 630 5325 (21)
667 5251 791 5310 Non
836 5250 955 5327 sui,
995 5249 1106 5327 huc
1129 5269 1282 5327 mss.
1315 5253 1478 5312 Corb.
1513 5262 1568 5312 et
1595 5254 1806 5327 Remig.
1839 5253 2040 5324 addit.,

437 5323 570 5398 sicut
612 5323 723 5396 pro
769 5323 982 5398 callidis
1023 5323 1341 5398 debitoribus
1390 5333 1488 5382 aut
1533 5326 1705 5382 tardis
1741 5323 1892 5382 tarde
1922 5327 2043 5398 quis

439 5396 595 5468 ﬁdem
612 5413 772 5468 suam
801 5396 1036 5468 obligare
1062 5397 1321 5466 patiatur.

511 5466 532 5540 (
537 5466 630 5537 22)
662 5468 866 5540 Omnes
882 5467 1016 5540 edit.
1035 5483 1100 5523 ac
1129 5468 1312 5540 plures
1343 5468 1624 5540 mss.,siue
1651 5467 1918 5540 impietate
1921 5469 2039 5538 jus-

442 5537 595 5610 titia:
627 5537 800 5610 magis
827 5538 1098 5610 concinne
1130 5537 1226 5595 alii
1249 5541 1458 5608 plures,
1489 5539 1600 5594 sine
1627 5537 2040 5610 sevéritatejus-

441 5609 582 5692 titia,
611 5624 642 5663 e
671 5607 875 5733 qluibus
901 5609 1074 5684 aliqui
1099 5610 1394 5684 adjiciunt,
1443 5626 1534 5665 nec
1562 5611 1811 5667 severitas
1837 5607 2040 5666 {mina-

441 5699 524 5733 ηις
550 5699 585 5733 (1,
613 5697 700 5733 ma
729 5697 742 5733 ι
772 5698 847 5733 ιιι.

439 5681 524 5737 nis
550 5699 585 5735 a
613 5679 847 5735 malitia.

511 5751 632 5825 (23)
660 5751 901 5824 [ngratis
947 5754 1244 5810 cumularet
1286 5767 1519 5824 pomum,
1567 5751 1720 5810 abest
1750 5769 1783 5809 a
1825 5753 2041 5810 cunctis

2154 4657 2308 4724 tiam,
2337 4673 2505 4730 quam
2535 4656 2648 4712 Deo
2677 4655 2824 4728 patri
2854 4655 3139 4724 debemus,
3169 4655 3290 4728 ipso
3319 4656 3559 4712 volente.
3607 4653 3754 4712 Dicit

2153 4747 2301 4805 enim
2347 4747 2494 4804 idem
2549 4747 2659 4803 alio
2694 4747 2816 4804 loco
2851 4763 2863 4802 :
2921 4770 2939 4793 ε
2971 4745 3077 4814 Qui
3107 4745 3164 4802 in
3194 4745 3283 4802 his
3311 4745 3482 4802 servit
3510 4744 3750 4812 Christo,

2152 4839 2328 4911 placet
2364 4839 2480 4894 Deo
2523 4837 2700 4908 (Rom.
2745 4851 2865 4902 xxv,
2901 4834 3031 4907 i8);
3094 4859 3113 4884 ι
3167 4851 3292 4892 cum
3330 4834 3598 4906 scriptum
3640 4833 3747 4890 sit:

2165 4954 2184 4976 ι
2212 4929 2513 4987 Dominum
2557 4929 2734 4984 Deum
2776 4934 2936 4983 tuum
2983 4925 3258 4995 adorabis,
3293 4935 3348 4982 et
3377 4925 3460 4981 illi
3489 4925 3594 4983 soli
3630 4941 3752 4981 ser-

2152 5020 2274 5077 vies
2309 5020 2500 5090 (Deut.
2529 5035 2611 5085 v1,
2645 5017 2758 5090 13).
2805 5040 2825 5067 ι
2888 5017 2947 5074 Si
2991 5033 3090 5092 ego
3121 5017 3225 5074 soli
3259 5019 3374 5074 Deo
3401 5016 3749 5074 serviendum

2151 5268 2306 5327 mss;
2326 5255 2406 5327 at
2424 5250 2482 5306 in
2512 5249 2665 5327 nulla
2701 5247 2834 5305 edit.
2867 5264 2978 5327 non
2998 5247 3338 5327 exhibetur:
3585 5317 3618 5327 ,Α
3671 5316 3682 5327 .

2225 5323 2342 5395 (24)
2374 5323 2534 5399 Rom.
2567 5320 2702 5399 edit.
2743 5335 2774 5376 e
2800 5319 2970 5399 variis
2985 5321 3124 5399 lect.
3157 5319 3288 5378 Gill.
3323 5319 3442 5377 haec
3470 5317 3745 5399 restituit:

2150 5390 2269 5454 Non
2299 5390 2527 5450 enim”;
2561 5393 2655 5464 qui
2678 5392 2894 5462 prodest
2917 5391 3188 5464 inimicis;
3226 5409 3346 5464 quae
3380 5390 3547 5447 verba
3583 5390 3746 5446 etiam

2150 5467 2209 5524 in
2239 5463 2819 5542 cod._Yind.:_Tbu;in.
2852 5469 2906 5542 et
2928 5463 3148 5542 Bemig.
3173 5463 3543 5542 reperiuntur.
3618 5531 3665 5542 Η

2223 5538 2342 5610 (25)
2373 5539 2501 5610 Mss.
2531 5535 2766 5608 aliquot,
2794 5533 2890 5605 qui
2908 5531 3157 5606 dignatus
3183 5531 3260 5592 est
3286 5535 3400 5608 ﬁlio
3429 5550 3524 5589 suo
3545 5531 3748 5588 arbitro

2147 5627 2215 5666 ea:
2249 5609 2451 5676 impiis,
2491 5617 2595 5664 etc.

2221 5627 2454 5758 (giliis
2483 5627 2595 5758 iiii
2628 5679 2764 5736 edit.
2794 5687 2850 5758 et
2877 5676 3068 5758 cuncti
3099 5693 3228 5758 mss.
3262 5680 3337 5735 At
3363 5683 3557 5735 contra
3582 5679 3740 5736 Rom.

2151 5749 2483 5822 edit.,'mmc
2511 5754 2684 5824 ipsam
2708 5751 2868 5808 unius
2897 5749 2996 5808 Dei
3023 5749 3228 5816 Patris,
3258 5758 3363 5808 etc.
