3980 6372
209 425 280 482 97
1313 421 1676 481 COMMENT.
1726 423 1797 481 IN
1833 420 2051 479 EPIST.
2092 420 2189 478 ΑΙ)
2229 420 2397 480 ROM.
3436 424 3506 482 98

209 547 368 616 dicit,
407 555 463 604 et
517 546 739 604 Christo
759 547 963 602 servire
1014 545 1294 619 praecepit,
1349 547 1406 602 in
1452 549 1664 603 unitate
1707 547 1807 603 Dei
1837 551 1888 608 A
1990 547 2101 602 Lex
2158 547 2426 602 naturalis
2480 563 2694 618 semper
2732 556 2832 613 est,
2867 563 2968 602 nec
3024 548 3375 618 ignorabatur
3404 548 3506 604 ali-

211 643 296 691 est
351 633 628 702 Christus,
677 650 779 689 nec
832 632 1016 706 dispar
1041 641 1136 688 aut
1189 635 1327 690 alter
1371 635 1553 690 Deus:
1587 636 1807 707 quando

211 742 340 782 cum
371 725 476 780 soli
508 726 623 780 Deo
679 723 1031 779 serviendum
1091 725 1181 779 lex
1210 724 1378 791 dicat,
1438 725 1808 782 communiter

213 815 411 886 utique
427 812 647 870 Christo
676 812 918 868 serviens
939 815 1050 868 Deo
1068 814 1278 882 placere
1304 813 1632 884 praedicatur
1663 815 1804 884 (27).

213 901 392 974 Igitur
420 901 597 957 «sicut
625 916 719 973 per
746 917 918 956 unum
950 900 1229 957 hominem
1254 911 1536 974 peccatum
1566 903 1624 958 in
1660 903 1810 959 hunc

220 989 494 1045 mundum
525 989 776 1058 intravit,
821 998 873 1044 et
903 1006 998 1062 per
1045 997 1324 1062 peccatum
1370 1008 1538 1060 mors,
1573 1017 1589 1040 ι
1650 992 1726 1047 ita
1754 997 1811 1046 et

214 1095 317 1150 per
373 1094 542 1134 unum
587 1076 866 1134 Christum
923 1078 1205 1134 damnatio
1263 1087 1317 1135 et
1373 1097 1520 1136 mors
1577 1080 1808 1151 peccati,

215 1176 479 1240 praestans
508 1168 677 1224 vitam
709 1178 988 1236 aeternam,
1022 1167 1168 1240 quod
1200 1169 1432 1225 inferius
1475 1169 1735 1226 declarat.

300 1257 403 1310 «In
435 1272 564 1328 quo,
598 1281 616 1305 ι
658 1257 715 1312 id
745 1263 848 1326 est,
911 1257 968 1312 in
1015 1257 1214 1327 Adam,
1261 1283 1278 1304 ι
1310 1275 1499 1315 omnes
1554 1275 1812 1331 peccave-

217 1354 370 1401 runt.
405 1369 422 1394 ι
468 1345 596 1402 Ideo
625 1345 790 1414 dixit,
824 1372 842 1394 ι
886 1345 945 1401 in
977 1363 1107 1419 quo,
1142 1372 1160 1394 ι
1203 1364 1328 1402 cum
1359 1347 1425 1403 de
1458 1348 1688 1404 muliere
1722 1349 1814 1404 lo—

213 1441 438 1506 quatur,
471 1436 603 1506 quia
631 1452 742 1491 non
773 1434 841 1490 ad
891 1435 1124 1508 speciem
1157 1436 1368 1504 retulit,
1399 1435 1492 1492 sed
1521 1436 1590 1492 ad
1621 1453 1809 1508 genus.

213 1522 569 1579 Manifestum
618 1524 803 1598 itaque
860 1532 942 1580 est
999 1525 1056 1580 in
1086 1525 1262 1581 Adam
1319 1542 1509 1582 omnes
1567 1542 1813 1598 peccasse

211 1613 371 1684 quasi
403 1614 460 1668 in
493 1630 669 1670 massa
695 1633 708 1682 ;
742 1615 862 1687 ipsa
894 1615 1043 1670 enim
1077 1631 1170 1686 per
1185 1623 1467 1686 peccatum
1499 1623 1811 1686 corruptus,

211 1717 352 1773 quos
386 1703 598 1774 genuit,
655 1720 848 1760 omnes
878 1704 993 1759 nati
1045 1711 1177 1759 sunt
1205 1704 1306 1760 sub
1363 1711 1603 1776 peccato.
1634 1705 1722 1758 Ex
1751 1719 1814 1760 eo

212 1792 387 1864 igitur
444 1792 632 1850 cuncti
689 1800 1026 1864 peccatores,
1085 1792 1216 1865 quia
1243 1809 1312 1848 ex
1360 1809 1423 1848 eo
1453 1793 1572 1864 ipso
1626 1809 1816 1848 sumus

210 1895 446 1975 omnes,
510 1881 603 1975 hic
853 1881 1216 1975 beneﬁcium_
1242 1881 1648 1975 Dei-perdidit,
1681 1881 1813 1975 dum
1845 1914 1890 1975 B

211 1969 626 2040 praevaricavit,
661 1968 924 2040 indignus
954 1969 1126 2026 factus
1155 1969 1312 2026 edere
1343 1969 1409 2025 de
1441 1970 1632 2026 arbore
1661 1971 1809 2037 vita,

210 2065 273 2113 ut
304 2065 634 2113 moreretur.
696 2059 842 2114 Mors
871 2067 1051 2115 autem
1083 2058 1374 2116 dissolutio
1426 2059 1672 2131 corporis
1710 2067 1810 2127 est,

212 2163 341 2203 cum
374 2147 561 2202 anima
588 2163 619 2201 a
669 2163 896 2219 corpore
924 2155 1224 2218 separatur.
1260 2149 1356 2203 Est
1385 2155 1439 2202 et
1493 2148 1602 2204 alia
1645 2165 1812 2217 mors,

213 2252 337 2309 quae
365 2235 606 2292 secunda
621 2236 830 2292 dicitur
855 2236 914 2291 in
945 2236 1212 2309 gehenna,
1248 2252 1411 2309 quam
1448 2252 1560 2292 non
1593 2245 1816 2308 peccato

213 2327 349 2382 Adae
405 2326 670 2398 patimur,
701 2326 796 2382 sed
828 2325 945 2398 ejus
974 2326 1260 2382 occasione
1291 2325 1526 2398 propriis
1577 2326 1817 2398 peccatis

212 2415 555 2487 acquiritur:
589 2432 620 2470 a
649 2432 756 2488 qua
785 2415 916 2470 boni
947 2415 1220 2471 immunes
1242 2422 1390 2482 sunt,
1424 2422 1638 2470 tantum
1671 2415 1816 2486 quod

215 2503 272 2558 in
301 2503 524 2560 inferno
551 2512 730 2573 erant,
769 2504 862 2560 sed
894 2504 1187 2577 superiori,
1220 2504 1375 2576 quasi
1407 2503 1464 2558 in
1498 2503 1815 2574 libera(28),

214 2593 312 2666 qui
374 2593 443 2649 ad
493 2594 659 2650 caalos
713 2593 1006 2650 ascendere
1053 2610 1165 2650 non
1210 2601 1498 2666 poterant;
1548 2593 1820 2649 sententia

213 2683 364 2739 enim
398 2683 727 2740 tenebantur
755 2683 882 2740 data
913 2685 969 2740 in
991 2684 1190 2752 Adam,
1223 2684 1370 2757 quod
1391 2682 1818 2755 chirographum

215 2773 273 2828 in
327 2773 565 2831 decretis
615 2782 794 2831 morte
844 2775 1052 2833 Christi
1097 2777 1338 2832 deletum
1378 2783 1459 2831 est
1490 2776 1718 2847 (Coloss.
1754 2792 1816 2842 ιι,

219 2862 332 2934 14).
364 2863 648 2920 Sententia
684 2873 867 2921 autem
897 2863 1103 2921 decreti
1135 2865 1264 2932 fuit,
1298 2871 1359 2920 ut
1389 2864 1552 2920 unius
1575 2863 1819 2920 hominis

215 2969 416 3025 corpus
445 2955 752 3010 solveretur
803 2971 968 3026 super
1023 2963 1262 3010 terram:
1296 2953 1481 3009 anima
1522 2969 1654 3010 vero
1686 2953 1821 3009 vin-

216 3043 359 3099 culis
390 3043 596 3098 inferni
627 3046 854 3100 detenta
883 3043 1055 3100 exitia
1075 3051 1372 3116 pateretur.

288 3132 475 3205 (Vers.
509 3132 622 3203 13.)
701 3157 720 3180 ι
754 3133 938 3205 Usque
989 3132 1058 3189 ad
1119 3132 1290 3204 legem
1339 3131 1488 3187 enim
1537 3136 1820 3202 peccatum

222 3228 339 3276 erat
368 3221 429 3276 in
483 3218 592 3276 hoc
623 3219 864 3276 mundo:
915 3228 1202 3292 peccatum
1238 3226 1418 3275 autem
1449 3233 1561 3273 non
1588 3219 1822 3290 imputa-

221 3307 406 3377 batur,
440 3325 564 3365 cum
595 3309 683 3365 lex
731 3326 845 3366 non
892 3319 1050 3366 esset.
1073 3333 1091 3357 ι
1156 3311 1217 3365 In
1261 3308 1438 3365 Adam
1469 3323 1660 3364 omnes
1687 3306 1824 3363 dicit

225 3415 501 3471 peccasse,
530 3400 675 3457 sicut
707 3417 871 3473 supra
901 3401 1224 3470 memoravi,
1251 3409 1305 3457 et
1345 3416 1445 3472 usq
1458 3415 1526 3454 ue
1557 3399 1626 3454 ad
1653 3399 1824 3470 legem

223 3487 408 3544 datam
468 3505 579 3544 non
626 3490 958 3561 imputatum
1016 3506 1131 3545 esse
1174 3497 1496 3561 peccatum;
1557 3489 1825 3559 putabant

225 3578 376 3633 enim
434 3595 489 3634 se
517 3578 772 3635 homines
805 3578 948 3651 apud
999 3579 1173 3635 Deum
1205 3579 1430 3649 impune
1458 3593 1700 3648 peccare,
1731 3577 1825 3633 sed

228 3682 340 3722 non
372 3666 518 3739 apud
548 3667 825 3723 homines.
862 3668 971 3723 Nec
997 3667 1143 3722 enim
1178 3668 1265 3722 lex
1312 3665 1578 3722 naturalis
1607 3667 1826 3738 penitus

227 3755 623 3827 obtorpuerat;
660 3756 789 3829 quia
839 3771 950 3811 non
993 3755 1318 3827 ignorabant
1357 3755 1486 3828 quia
1527 3755 1676 3828 quod
1714 3755 1826 3826 pati

228 3843 511 3911 nolebant,
566 3843 690 3899 aliis
738 3844 915 3901 facere
967 3861 1078 3900 non
1126 3844 1415 3902 debebant.
1461 3844 1596 3900 Nam
1654 3860 1827 3916 usque

228 3931 365 3988 adeo
393 3949 504 3988 non
537 3933 788 4004 ignotum
818 3935 926 3990 fuit
957 3944 1238 4007 peccatum
1283 3935 1428 3990 inter
1458 3934 1730 4002 homines,
1766 3943 1828 3990 ut

231 4021 418 4091 Iacob,
450 4038 576 4078 cum
633 4022 781 4079 idola
809 4040 908 4079 sua
960 4024 1106 4095 apud
1136 4023 1296 4080 illum
1353 4030 1624 4096 quaereret
1675 4039 1828 4078 socer

232 4110 348 4182 ejus
395 4110 604 4181 Laban,
653 4112 713 4168 in
764 4129 873 4184 quo
919 4113 1209 4170 inventum
1241 4112 1434 4169 fuisset
1466 4113 1701 4180 furtum,
1731 4118 1828 4174 55

237 4214 406 4262 morte
455 4207 684 4279 dignum
727 4207 1004 4279 judicaret
1063 4209 1220 4281 (Gen.
1284 4225 1446 4274 XXXI,
1498 4208 1724 4279 30-32);
1777 4215 1829 4263 et

237 4294 431 4367 Joseph
488 4297 742 4369 quamvis
780 4314 874 4369 per
907 4299 1262 4364 calumniam,
1295 4304 1476 4352 tamen
1520 4295 1674 4368 quasi
1705 4311 1830 4351 reus

238 4383 450 4439 clausus
488 4387 544 4439 in
574 4402 792 4441 carcere
841 4393 923 4441 est
955 4389 1110 4457 (Gen.
1138 4402 1338 4452 xxxix,
1369 4385 1460 4455 20)
1486 4401 1497 4438 :
1549 4391 1603 4438 et
1635 4383 1826 4454 pistor,

241 4480 291 4527 et
319 4475 580 4545 pincerna
611 4477 916 4533 Pharaonis
967 4477 1038 4533 ob
1066 4478 1330 4533 delictum
1379 4476 1640 4532 similiter
1686 4475 1830 4548 passi

243 4576 366 4623 sunt
396 4570 550 4639 (Gen.
609 4585 700 4636 xL,
754 4570 856 4639 3):
919 4577 973 4624 et
1022 4569 1257 4640 Moyses,
1315 4569 1496 4625 occiso
1543 4568 1827 4640 IEgyptio,

1915 637 2134 710 quando
2167 655 2180 703 ;
2211 637 2306 692 sed
2355 637 2647 708 putabatur
2685 636 2754 693 ad
2783 643 3000 707 tempus
3028 643 3239 691 tantum
3271 636 3506 693 auctori-

1916 735 2082 783 tatem
2167 727 2390 794 habere,
2447 743 2558 781 non
2624 735 2677 782 et
2734 725 2879 796 apud
2903 727 3078 780 Deum
3136 741 3258 780 reos
3305 726 3500 782 facere.

1917 815 2274 887 lgnorabatur
2303 813 2449 869 enim
2480 815 2609 888 quia
2629 813 2976 886 judicaturus
2997 823 3137 868 esset
3168 815 3312 869 Deus
3343 831 3509 885 genus

1918 903 2250 971 humanum,
2303 921 2367 959 ac
2396 920 2493 975 per
2522 904 2626 959 hoc
2657 919 2766 959 non
2800 903 3173 975 imputabatur
3203 911 3506 974 peccatum,

1919 994 2074 1066 quasi
2131 1001 2414 1064 peccatum
2474 1009 2583 1048 non
2636 991 2916 1066 cognitum
2973 1001 3114 1048 esset
3191 991 3308 1063 (30)
3364 991 3508 1064 apud

1919 1085 2117 1149 Deum,
2148 1081 2495 1138 incuriosum
2529 1083 2702 1137 Deum
2750 1089 3067 1137 asserentes.
3100 1085 3172 1136 At
3203 1081 3298 1135 ubi
3327 1089 3508 1136 autem

1920 1171 2011 1226 lex
2039 1169 2166 1226 data
2211 1177 2292 1226 est
2322 1187 2417 1242 per
2447 1171 2692 1242 Moysen,
2751 1170 3158 1225 manifestatum
3211 1176 3293 1224 est
3320 1149 3510 1224 curare

1919 1261 2094 1315 Deum
2127 1275 2213 1315 res
2245 1259 2534 1326 humanas,
2567 1267 2621 1314 et
2651 1275 2762 1314 non
2790 1259 3020 1330 impune
3046 1259 3114 1313 iis
3135 1258 3384 1314 futurum
3415 1257 3510 1330 qui

1922 1349 2348 1417 malefacientes,
2413 1364 2740 1420 quacunque
2785 1363 2854 1402 ex
2915 1364 3078 1405 causa
3133 1347 3190 1402 in
3256 1344 3512 1418 praesenti

1921 1437 2182 1494 evadunt.
2245 1438 2382 1494 Nam
2414 1438 2605 1508 utique
2635 1437 2679 1492 si
2731 1437 2874 1492 inter
2905 1451 2983 1504 se,
3016 1434 3272 1506 magistra
3295 1433 3516 1506 justitia

1924 1527 2010 1581 vel
2041 1535 2258 1594 natura,
2318 1533 2538 1598 peccata
2584 1541 2696 1580 non
2728 1524 2905 1580 inulla
2942 1524 3278 1590 censebant;
3305 1529 3512 1595 quanto

1924 1613 2095 1684 magis
2154 1616 2350 1681 Deum,
2383 1629 2545 1686 quem
2597 1611 2790 1668 mundi
2815 1612 3062 1668 sciebant
3091 1610 3367 1682 opificem,
3397 1609 3516 1665 haec

1924 1703 2320 1774 requisiturqu
2352 1719 2463 1758 non
2495 1702 2800 1758 debuerant
2831 1703 3120 1773 ignorare!
3154 1701 3367 1772 Quippe
3388 1717 3513 1756 cum

1924 1791 2160 1848 Sodoma
2219 1800 2273 1847 et
2314 1791 2624 1847 Gomorrha
2670 1807 2766 1863 per
2812 1791 2992 1861 ignem
3042 1789 3367 1860 adjudicatae
3405 1788 3517 1844 sint

1923 1879 2192 1952 deperire,
2242 1880 2390 1953 quod
2450 1880 2661 1936 oblivio
2715 1879 2938 1952 quidem
2997 1885 3245 1944 texerat;
3299 1877 3515 1948 Moyses

1927 1976 2113 2024 autem
2143 1976 2204 2023 ut
2250 1968 2492 2024 firmaret
2545 1971 2719 2024 Deum
2763 1967 3008 2039 judicem
3039 1966 3177 2033 fore,
3221 1964 3512 2021 scribendo

1925 2059 2302 2114 manifestavit
2351 2061 2506 2129 (Gen.
2540 2075 2660 2126 xix,
2693 2058 2810 2128 24.).
2859 2057 2963 2113 Sed
2992 2073 3117 2112 cum
3150 2056 3516 2128 praetermisso

1925 2151 2062 2220 Deo,
2092 2151 2355 2223 figmenta
2411 2159 2694 2223 coeperunt
2741 2151 2798 2205 in
2828 2149 3093 2205 honorem
3122 2149 3222 2204 Dei
3251 2149 3512 2220 recipere,

1925 2241 2208 2314 depravati
2282 2250 2483 2311 mente,
2552 2249 2759 2314 partem
2831 2241 2964 2312 legis
3033 2240 3322 2308 naturalis,
3398 2255 3517 2310 qua:

1927 2332 2104 2403 prima
2132 2332 2249 2401 (31)
2281 2339 2382 2400 est,
2417 2333 2786 2388 calcaverunt.
2839 2331 2979 2397 Quia
3009 2330 3097 2386 lex
3118 2328 3386 2385 naturalis
3407 2335 3518 2383 tres

1927 2419 2092 2475 habet
2148 2429 2348 2491 partes,
2406 2421 2565 2493 cujus
2621 2421 2800 2492 prima
2857 2419 2973 2475 haec
3034 2426 3135 2487 est,
3194 2426 3255 2474 ut
3300 2416 3518 2490 agnitus

1928 2506 2232 2563 honoretur
2284 2507 2528 2576 Creator,
2574 2523 2674 2563 nec
2719 2506 2837 2578 ejus
2892 2505 3114 2561 claritas
3161 2511 3216 2560 et
3268 2502 3520 2574 majestas

1929 2597 2094 2653 alicui
2127 2597 2194 2653 de
2246 2597 2511 2654 creaturis
2545 2596 2839 2667 deputetur
2871 2595 2989 2666 (32)
3018 2612 3030 2649 :
3065 2591 3307 2649 secunda
3335 2598 3516 2646 autem

1931 2702 2056 2758 pars
2084 2694 2168 2742 est
2199 2688 2442 2754 moralis,
2475 2687 2581 2742 hoc
2609 2693 2708 2751 est,
2738 2692 2801 2740 ut
2814 2684 2952 2739 bene
2979 2682 3218 2748 vivatur,
3255 2678 3522 2734 modestia

1937 2773 2277 2845 gubernante
2302 2793 2315 2842 ;
2339 2774 2593 2846 congruit
2613 2774 2761 2828 enim
2779 2771 2993 2826 homini
3016 2769 3240 2824 habenti
3264 2767 3519 2822 notitiam

1935 2863 2209 2920 Creatoris
2256 2863 2428 2917 vitam
2475 2877 2629 2916 suam
2659 2861 2773 2931 lege
2804 2859 3098 2926 refrenare,
3131 2872 3198 2912 ne
3227 2857 3522 2912 frustretur

1931 2952 2173 3022 agnitio:
2235 2951 2400 3008 tertia
2452 2967 2583 3006 vero
2639 2966 2763 3021 pars
2803 2956 2884 3004 est
2913 2946 3191 3014 docibilis,
3231 2952 3295 3000 ut
3322 2945 3522 3000 notitia

1931 3049 2195 3097 creatoris
2220 3041 2341 3109 Dei,
2360 3048 2413 3096 et
2440 3039 2756 3111 exemplum
2779 3053 2996 3094 morum
3015 3036 3232 3092 caeteris
3251 3034 3518 3101 tradatur;

1932 3138 1996 3185 ut
2024 3131 2240 3187 discant
2295 3127 2759 3202 quemadmodum
2809 3125 2954 3200 apud
2984 3125 3297 3182 Creatorem
3347 3122 3524 3180 meri-

1932 3228 2052 3276 tum
2099 3220 2404 3276 collocatur
2454 3219 2596 3292 (33).
2653 3219 2782 3274 Haec
2827 3225 2909 3273 est
2957 3231 3086 3271 vera
3129 3222 3185 3272 et
3213 3213 3524 3272 Christiana

1934 3308 2245 3381 prudentia.

2007 3399 2190 3469 (Vers.
2224 3397 2336 3470 14.)
2383 3422 2400 3443 ι
2431 3395 2537 3452 Sed
2566 3393 2818 3466 regnavit
2870 3407 3018 3447 mors
3047 3389 3114 3446 ab
3143 3389 3318 3445 Adam
3351 3403 3524 3462 usque

1934 3488 2001 3544 ad
2030 3489 2280 3559 Moysen.
2306 3511 2323 3533 ι
2368 3486 2639 3554 Quoniam
2667 3498 2779 3539 non
2816 3480 3188 3552 imputabatur
3215 3486 3523 3550 peccatum,

1934 3587 2229 3650 antequam
2264 3577 2356 3632 lex
2385 3574 2608 3630 daretur
2646 3589 2742 3645 per
2767 3573 3017 3643 Moysen,
3049 3570 3191 3626 sicut
3223 3569 3343 3624 dixi
3371 3586 3385 3635 ;
3409 3567 3527 3639 ipsa

1934 3666 2319 3740 usurpationis
2348 3665 2676 3737 impunitate
2708 3661 2967 3734 regnabat
3015 3675 3180 3726 mors,
3212 3657 3390 3714 sciens
3417 3655 3525 3712 sibi

1936 3758 2061 3814 illos
2087 3757 2336 3812 devotos.
2361 3753 2639 3826 Regnabat
2685 3766 2812 3822 ergo
2839 3765 2986 3806 mors
3015 3747 3306 3803 securitate
3336 3743 3529 3801 domi-

1935 3845 2182 3903 nationis
2212 3861 2322 3901 suae
2351 3853 2462 3900 tam
2497 3844 2555 3898 in
2580 3841 2703 3910 hos,
2726 3840 2822 3913 qui
2857 3839 2926 3894 ad
2957 3847 3171 3908 tempus
3201 3834 3526 3902 evadebant,

1935 3953 2099 4010 quam
2130 3937 2187 3991 in
2223 3935 2348 3991 illos
2364 3933 2459 4006 qui
2491 3933 2657 3989 etiam
2694 3930 2784 3986 hic
2806 3945 2992 4001 poenas
3025 3926 3228 3982 dabant
3253 3942 3350 3997 pro
3373 3925 3532 3981 malis

1936 4029 2050 4085 suis
2077 4027 2356 4099 operibus.
2393 4028 2595 4082 Omnes
2619 4022 2766 4078 enim
2793 4037 2921 4077 suos
2949 4036 3064 4076 esse
3105 4018 3347 4085 videbat,
3397 4017 3530 4090 quia

1952 4141 1970 4165 ι
2007 4117 2101 4190 qui
2157 4116 2291 4172 facit
2372 4122 2680 4186 peccatum,
2737 4126 2926 4167 servus
2977 4116 3059 4164 est
3090 4107 3298 4180 peccati
3347 4107 3530 4178 (Joan.

1937 4223 2061 4274 vm,
2110 4205 2280 4276 34);»
2335 4204 2559 4275 impune
2603 4201 2750 4258 enim
2800 4199 2989 4256 cedere
3046 4205 3318 4270 putantes,
3363 4194 3535 4266 magis

1937 4295 2372 4368 delinquebant:
2407 4295 2552 4350 circa
2586 4293 2702 4348 haec
2733 4299 2915 4347 tamen
2959 4295 3179 4360 peccata
3220 4287 3534 4359 promptio—

1938 4409 2044 4458 res,
2085 4407 2206 4463 quae
2257 4387 2497 4444 mundus
2544 4388 2700 4460 quasi
2732 4387 2885 4442 licita
2917 4384 3212 4440 nutriebat.
3241 4383 3361 4450 Quo
3390 4381 3535 4438 facto

1940 4479 2210 4553 gaudebat
2239 4478 2488 4545 Satanas,
2520 4493 2746 4533 securus
2773 4474 2924 4548 quod
2948 4491 3112 4531 causa
3132 4473 3264 4528 Adae.
3281 4471 3532 4529 relictum

1939 4586 1970 4626 a
1995 4571 2107 4625 Deo
2137 4567 2417 4624 hominem
2451 4566 2507 4621 in
2538 4565 2932 4638 possessionem
2964 4561 3219 4618 habebat.

244 4629 520 4714 atterritus
553 4629 820 4730 (29)'leg'e
849 4667 930 4714 est
961 4629 1165 4730 (Exod.
1200 4629 1259 4723 u,
1306 4657 1510 4726 12-14).
1543 4629 1830 4724 Quomodo
1859 4629 1908 4687 D
2015 4657 2295 4729 Regnabat
2345 4673 2474 4727 ergo
2519 4629 2666 4710 mors
2714 4654 2770 4708 in
2817 4670 2930 4720 eos,
2967 4677 2984 4698 ι
3033 4651 3125 4722 qui
3171 4651 3536 4720 peccaverunt

246 4761 365 4818 ergo
424 4766 538 4804 non
593 4748 968 4820 imputabatur
1022 4754 1328 4819 peccatum,
1386 4763 1513 4802 cum
1571 4748 1661 4802 lex
1718 4764 1826 4802 non

247 4840 425 4895 esset?
481 4847 577 4896 aut
634 4839 911 4912 quomodo
967 4839 1373 4907 vindicabatur,
1427 4837 1534 4893 nisi
1594 4839 1681 4894 lex
1727 4837 1829 4894 sci-

250 4934 391 4984 retur
407 4931 434 4986 ‘I

321 5113 434 5184 (27)
466 5113 669 5170 Omnes
696 5111 856 5178 edit.,
887 5112 998 5168 Lex
1040 5119 1324 5167 commonet
1357 5112 1562 5170 Christo
1605 5112 1834 5169 serviens

257 5180 355 5237 Deo
379 5180 587 5266 placere
627 5187 868 5241 dicatur:
925 5201 1056 5240 mss.
1089 5200 1220 5238 vero
1269 5184 1722 5256 frequentissimi,
1771 5191 1835 5241 ut

259 5268 350 5309 nos
380 5265 435 5311 in
465 5265 642 5312 textu.

322 5326 436 5399 (28)
495 5329 758 5385 Nonnulli
819 5345 972 5396 mss.,
1009 5328 1098 5383 sed
1125 5327 1416 5399 superiore,
1473 5327 1627 5397 quasi
1670 5327 1837 5382 libera

255 5399 476 5521 plurimm
505 5419 516 5455 :
542 5401 662 5482 .alii
721 5401 956 5473 aliquot,
1013 5401 1102 5481 sed
1130 5399 1432 5471 superiora,
1462 5399 1618 5469 quasi
1649 5399 1834 5454 libera.

309 5468 398 5521 all.
429 5471 607 5521 addit.
639 5474 894 5521 tenebant.
922 5488 1032 5521 non
1061 5469 1426 5521 incommode.
1451 5473 1709 5521 Attamen
1728 5485 1834 5521 me-

309 5468 398 5525 all.
429 5471 608 5540 addit,
639 5468 895 5539 tenebant,
922 5488 1032 5526 non
1060 5468 1426 5528 incommode.
1451 5468 1709 5525 Attamen
1728 5485 1836 5525 me-

263 5534 362 5594 lius
395 5534 609 5624 .reliqui
672 5562 813 5624 mss.
860 5534 929 5624 et.
958 5559 1157 5624 omnes
1203 5541 1359 5610 edit.,
1393 5542 1494 5624 sed
1549 5541 1836 5614 superiori,

262 5613 405 5676 quasi
424 5615 478 5668 in
510 5613 692 5683 libera,
721 5615 816 5670 ubi
848 5613 1197 5683 subintellige
1226 5613 1484 5670 custodia.

329 5632 478 5668 astm
510 5632 692 5683 uoera,
721 5632 816 5670 um
848 5632 1130 5670 sumntem
1169 5632 1197 5670 e
1226 5632 1290 5668 cu

329 5683 442 5821 (29)
473 5686 601 5742 Mss.
636 5687 867 5767 aliquot,
899 5686 1116 5768 territus
1133 5632 1290 5757 ﬁngit.

354 5753 418 5810 30
475 5757 677 5813 Omnes
697 5759 828 5814 edit.
862 5765 916 5813 et
943 5757 1166 5821 quidam
1199 5775 1290 5813 ms:

354 5753 442 5828 30)
475 5757 677 5813 Omnes
697 5753 828 5814 edit.
862 5765 916 5813 et
943 5753 1166 5830 quidam
1198 5753 1356 5826 mss.,
1395 5757 1550 5829 quasi
1571 5761 1841 5829 peccatum

1945 4749 2003 4804 in
2060 4747 2490 4804 similitudinem
2550 4743 3017 4818 praevaricationis
3075 4739 3227 4807 Adin,
3259 4764 3277 4786 ι
3322 4738 3416 4811 qui
3455 4746 3536 4792 est

1947 4836 2126 4892 forma
2178 4837 2391 4893 futuri:
2457 4835 2604 4907 quod
2662 4835 2719 4888 in
2775 4830 3035 4901 subjectis
3083 4827 3532 4883 monstrabimus.

1946 4927 2134 5000 Itaque
2168 4943 2280 4983 non
2332 4926 2388 4981 in
2420 4941 2608 4980 omnes
2639 4929 2872 4978 mortem
2903 4935 3151 4991 regnasse
3185 4918 3535 4974 manifestum

1945 5126 2052 5164 non
2082 5115 2242 5164 esset:
2275 5105 2370 5161 alii
2399 5101 2934 5176 pluresrnobiscum”
2952 5101 3111 5176 quasi
3131 5105 3398 5172 peccatum
3425 5114 3536 5169 cog-

1947 5183 2116 5235 nitum
2142 5196 2246 5233 non
2280 5173 2443 5232 esset:
2481 5175 2642 5233 Corb.
2690 5175 2862 5240 solus,
2891 5173 3019 5245 quia
3065 5175 3114 5229 si
3134 5179 3402 5245 peccatum
3431 5187 3536 5223 non

1949 5259 2074 5308 esset
2102 5251 2362 5322 cognitum
2415 5248 2561 5319 apud
2589 5249 2778 5312 Deum,
2829 5247 3154 5302 incuriosum
3192 5246 3359 5300 Deum
3385 5257 3538 5295 asse-

1949 5330 2144 5378 rerent.

2025 5395 2141 5466 (31)
2197 5391 2368 5466 Corb.
2417 5390 2612 5459 codex,
2669 5389 2948 5462 depravati
2965 5389 3121 5459 legem
3147 5385 3332 5440 mentis
3368 5389 3539 5440 natu-

1951 5465 2110 5532 ralis,
2140 5481 2258 5536 qua:
2279 5465 2479 5536 prima,
2512 5470 2616 5518 etc.

2053 5527 2327 5608 32)'Mss'.,
2350 5527 2560 5607 aliquot
2588 5532 2752 5589 alicui
2774 5539 2972 5608 praeter
3001 5530 3141 5586 Filio
3171 5527 3485 5608 deputetur“

2053 5542 2144 5608 32)
2176 5542 2327 5604 Mss,
2350 5542 2560 5607 aliquot
2588 5542 2752 5589 alicui
2774 5542 2972 5604 praeter
3001 5542 3141 5586 FtltO
3171 5542 3485 5607 deputetura

2027 5542 2143 5681 (33)
2205 5608 2366 5665 Corb.
2424 5622 2551 5674 ms.,
2603 5605 3039 5676 quemadmodum
3090 5607 3296 5656 creator
3350 5601 3542 5652 merito

1954 5683 2179 5738 colatur.
