  <div class='ocr_page' id='page_1' title='image "/cluster/home/n/w/nwhite01/storage/ocr_20150623/17/umn.31951002477311b/057.png"; bbox 0 0 3980 6416; ppageno 0'>
   <div class='ocr_carea' id='block_1_1' title="bbox 433 405 2692 470">
    <p class='ocr_par' dir='ltr' id='par_1_1' title="bbox 433 405 2692 470">
     <span class='ocr_line' id='line_1_1' title="bbox 433 405 2692 470; baseline -0.004 0"><span class='ocrx_word' id='word_1_1' title='bbox 433 416 504 470; x_wconf 85' lang='grc'><strong>99</strong></span> <span class='ocrx_word' id='word_1_2' title='bbox 1432 411 1528 466; x_wconf 87' lang='grc' dir='ltr'><strong>ΑΙ)</strong></span> <span class='ocrx_word' id='word_1_3' title='bbox 1567 407 1800 467; x_wconf 84' lang='lat' dir='ltr'><strong>OPERA</strong></span> <span class='ocrx_word' id='word_1_4' title='bbox 1837 411 1894 467; x_wconf 91' lang='lat' dir='ltr'><strong>S.</strong></span> <span class='ocrx_word' id='word_1_5' title='bbox 1938 407 2272 468; x_wconf 81' lang='lat' dir='ltr'><strong>AMBROSII</strong></span> <span class='ocrx_word' id='word_1_6' title='bbox 2313 405 2692 463; x_wconf 81' lang='lat' dir='ltr'><strong>APPENDIX.</strong></span> 
     </span>
    </p>
   </div>
   <div class='ocr_carea' id='block_1_2' title="bbox 3620 403 3724 459">
    <p class='ocr_par' dir='ltr' id='par_1_2' title="bbox 3620 403 3724 459">
     <span class='ocr_line' id='line_1_2' title="bbox 3620 403 3724 459; baseline -0.01 0"><span class='ocrx_word' id='word_1_7' title='bbox 3620 403 3724 459; x_wconf 78' lang='grc'><strong>100</strong></span> 
     </span>
    </p>
   </div>
   <div class='ocr_carea' id='block_1_3' title="bbox 433 528 3724 610">
    <p class='ocr_par' dir='ltr' id='par_1_3' title="bbox 433 528 3724 610">
     <span class='ocr_line' id='line_1_3' title="bbox 433 528 3724 610; baseline -0.003 -16"><span class='ocrx_word' id='word_1_8' title='bbox 433 549 534 608; x_wconf 87' lang='lat' dir='ltr'><strong>est,</strong></span> <span class='ocrx_word' id='word_1_9' title='bbox 565 537 694 610; x_wconf 86' lang='lat' dir='ltr'><strong>quia</strong></span> <span class='ocrx_word' id='word_1_10' title='bbox 724 552 833 592; x_wconf 89' lang='lat' dir='ltr'><strong>non</strong></span> <span class='ocrx_word' id='word_1_11' title='bbox 879 541 1244 608; x_wconf 79' lang='lat' dir='ltr'><strong>peccaverunt</strong></span> <span class='ocrx_word' id='word_1_12' title='bbox 1272 550 1464 590; x_wconf 89' lang='lat' dir='ltr'><strong>omnes</strong></span> <span class='ocrx_word' id='word_1_13' title='bbox 1501 535 1556 590; x_wconf 90' lang='lat' dir='ltr'><strong>in</strong></span> <span class='ocrx_word' id='word_1_14' title='bbox 1586 534 2009 590; x_wconf 78' lang='lat' dir='ltr'><strong>similitudinem</strong></span> <span class='ocrx_word' id='word_1_15' title='bbox 2045 539 2092 597; x_wconf 81' lang='grc' dir='ltr'>Α</span> <span class='ocrx_word' id='word_1_16' title='bbox 2120 541 2182 589; x_wconf 90' lang='lat' dir='ltr'><strong>ut</strong></span> <span class='ocrx_word' id='word_1_17' title='bbox 2211 533 2341 606; x_wconf 87' lang='lat' dir='ltr'><strong>quia</strong></span> <span class='ocrx_word' id='word_1_18' title='bbox 2369 549 2537 599; x_wconf 86' lang='lat' dir='ltr'><strong>mors,</strong></span> <span class='ocrx_word' id='word_1_19' title='bbox 2569 530 2625 586; x_wconf 89' lang='lat' dir='ltr'><strong>id</strong></span> <span class='ocrx_word' id='word_1_20' title='bbox 2654 537 2757 596; x_wconf 90' lang='lat' dir='ltr'><strong>est,</strong></span> <span class='ocrx_word' id='word_1_21' title='bbox 2784 528 3097 596; x_wconf 79' lang='lat' dir='ltr'><strong>dissolutio,</strong></span> <span class='ocrx_word' id='word_1_22' title='bbox 3129 543 3225 600; x_wconf 87' lang='lat' dir='ltr'><strong>per</strong></span> <span class='ocrx_word' id='word_1_23' title='bbox 3253 528 3524 585; x_wconf 86' lang='lat' dir='ltr'><strong>invidiam</strong></span> <span class='ocrx_word' id='word_1_24' title='bbox 3555 529 3724 598; x_wconf 86' lang='lat' dir='ltr'><strong>facta,</strong></span> 
     </span>
    </p>
   </div>
   <div class='ocr_carea' id='block_1_4' title="bbox 433 622 2020 702">
    <p class='ocr_par' dir='ltr' id='par_1_4' title="bbox 433 622 2020 702">
     <span class='ocr_line' id='line_1_4' title="bbox 433 622 2020 702; baseline -0.003 -18"><span class='ocrx_word' id='word_1_25' title='bbox 433 624 902 702; x_wconf 64' lang='lat' dir='ltr'><strong>praevaricationis</strong></span> <span class='ocrx_word' id='word_1_26' title='bbox 931 623 1083 692; x_wconf 64' lang='lat' dir='ltr'><strong>Adre,</strong></span> <span class='ocrx_word' id='word_1_27' title='bbox 1113 622 1167 678; x_wconf 92' lang='lat' dir='ltr'><strong>id</strong></span> <span class='ocrx_word' id='word_1_28' title='bbox 1189 631 1288 691; x_wconf 86' lang='lat' dir='ltr'><strong>est,</strong></span> <span class='ocrx_word' id='word_1_29' title='bbox 1321 640 1431 678; x_wconf 91' lang='lat' dir='ltr'><strong>non</strong></span> <span class='ocrx_word' id='word_1_30' title='bbox 1465 641 1676 692; x_wconf 89' lang='lat' dir='ltr'><strong>omnes,</strong></span> <span class='ocrx_word' id='word_1_31' title='bbox 1707 633 2020 697; x_wconf 86' lang='lat' dir='ltr'><strong>contempto</strong></span> 
     </span>
    </p>
   </div>
   <div class='ocr_carea' id='block_1_5' title="bbox 432 712 2020 787">
    <p class='ocr_par' dir='ltr' id='par_1_5' title="bbox 432 712 2020 787">
     <span class='ocr_line' id='line_1_5' title="bbox 432 712 2020 787; baseline -0.003 -13"><span class='ocrx_word' id='word_1_32' title='bbox 432 721 568 786; x_wconf 86' lang='lat' dir='ltr'><strong>Deo,</strong></span> <span class='ocrx_word' id='word_1_33' title='bbox 617 721 998 787; x_wconf 89' lang='lat' dir='ltr'><strong>peccaverunt.</strong></span> <span class='ocrx_word' id='word_1_34' title='bbox 1047 712 1150 780; x_wconf 87' lang='lat' dir='ltr'><strong>Qui</strong></span> <span class='ocrx_word' id='word_1_35' title='bbox 1181 720 1362 768; x_wconf 89' lang='lat' dir='ltr'><strong>autem</strong></span> <span class='ocrx_word' id='word_1_36' title='bbox 1389 722 1517 768; x_wconf 90' lang='lat' dir='ltr'><strong>sunt</strong></span> <span class='ocrx_word' id='word_1_37' title='bbox 1557 714 1673 784; x_wconf 89' lang='lat' dir='ltr'><strong>qui,</strong></span> <span class='ocrx_word' id='word_1_38' title='bbox 1705 722 2020 786; x_wconf 88' lang='lat' dir='ltr'><strong>contempto</strong></span> 
     </span>
    </p>
   </div>
   <div class='ocr_carea' id='block_1_6' title="bbox 433 801 2021 875">
    <p class='ocr_par' dir='ltr' id='par_1_6' title="bbox 433 801 2021 875">
     <span class='ocr_line' id='line_1_6' title="bbox 433 801 2021 875; baseline -0.003 -13"><span class='ocrx_word' id='word_1_39' title='bbox 433 809 567 872; x_wconf 86' lang='lat' dir='ltr'><strong>Deo,</strong></span> <span class='ocrx_word' id='word_1_40' title='bbox 629 809 1008 875; x_wconf 83' lang='lat' dir='ltr'><strong>peccaverunt,</strong></span> <span class='ocrx_word' id='word_1_41' title='bbox 1066 801 1172 856; x_wconf 87' lang='lat' dir='ltr'><strong>nisi</strong></span> <span class='ocrx_word' id='word_1_42' title='bbox 1202 802 1296 872; x_wconf 89' lang='lat' dir='ltr'><strong>qui</strong></span> <span class='ocrx_word' id='word_1_43' title='bbox 1325 803 1570 870; x_wconf 83' lang='lat' dir='ltr'><strong>neglecto</strong></span> <span class='ocrx_word' id='word_1_44' title='bbox 1617 802 1869 858; x_wconf 86' lang='lat' dir='ltr'><strong>Creatore</strong></span> <span class='ocrx_word' id='word_1_45' title='bbox 1900 821 2021 859; x_wconf 92' lang='lat' dir='ltr'><strong>ser-</strong></span> 
     </span>
    </p>
   </div>
   <div class='ocr_carea' id='block_1_7' title="bbox 437 890 2023 963">
    <p class='ocr_par' dir='ltr' id='par_1_7' title="bbox 437 890 2023 963">
     <span class='ocr_line' id='line_1_7' title="bbox 437 890 2023 963; baseline -0.001 -15"><span class='ocrx_word' id='word_1_46' title='bbox 437 896 658 949; x_wconf 89' lang='lat' dir='ltr'><strong>vierunt</strong></span> <span class='ocrx_word' id='word_1_47' title='bbox 728 900 1008 957; x_wconf 71' lang='lat' dir='ltr'><strong>creaturm,</strong></span> <span class='ocrx_word' id='word_1_48' title='bbox 1067 890 1198 944; x_wconf 85' lang='lat' dir='ltr'><strong>deos</strong></span> <span class='ocrx_word' id='word_1_49' title='bbox 1248 891 1354 945; x_wconf 74' lang='lat' dir='ltr'><strong>subi</strong></span> <span class='ocrx_word' id='word_1_50' title='bbox 1429 891 1829 946; x_wconf 78' lang='lat' dir='ltr'><strong>constituentes</strong></span> <span class='ocrx_word' id='word_1_51' title='bbox 1884 909 2023 963; x_wconf 88' lang='lat' dir='ltr'><strong>qnns</strong></span> 
     </span>
    </p>
   </div>
   <div class='ocr_carea' id='block_1_8' title="bbox 435 979 2023 1050">
    <p class='ocr_par' dir='ltr' id='par_1_8' title="bbox 435 979 2023 1050">
     <span class='ocr_line' id='line_1_8' title="bbox 435 979 2023 1050; baseline -0.003 -10"><span class='ocrx_word' id='word_1_52' title='bbox 435 985 697 1048; x_wconf 89' lang='lat' dir='ltr'><strong>colerent,</strong></span> <span class='ocrx_word' id='word_1_53' title='bbox 717 979 782 1034; x_wconf 90' lang='lat' dir='ltr'><strong>ad</strong></span> <span class='ocrx_word' id='word_1_54' title='bbox 815 979 1070 1050; x_wconf 89' lang='lat' dir='ltr'><strong>injuriam</strong></span> <span class='ocrx_word' id='word_1_55' title='bbox 1104 979 1232 1032; x_wconf 78' lang='lat' dir='ltr'><strong>Dei?</strong></span> <span class='ocrx_word' id='word_1_56' title='bbox 1263 979 1472 1033; x_wconf 76' lang='lat' dir='ltr'><strong>Idcirco</strong></span> <span class='ocrx_word' id='word_1_57' title='bbox 1503 980 1787 1035; x_wconf 56' lang='lat' dir='ltr'><strong>lartaliatur</strong></span> <span class='ocrx_word' id='word_1_58' title='bbox 1817 981 1869 1034; x_wconf 89' lang='lat' dir='ltr'><strong>in</strong></span> <span class='ocrx_word' id='word_1_59' title='bbox 1904 981 2023 1036; x_wconf 90' lang='lat' dir='ltr'><strong>istis</strong></span> 
     </span>
    </p>
   </div>
   <div class='ocr_carea' id='block_1_9' title="bbox 435 1067 2026 1142">
    <p class='ocr_par' dir='ltr' id='par_1_9' title="bbox 435 1067 2026 1142">
     <span class='ocr_line' id='line_1_9' title="bbox 435 1067 2026 1142; baseline -0.003 -13"><span class='ocrx_word' id='word_1_60' title='bbox 435 1072 708 1136; x_wconf 83' lang='lat' dir='ltr'><strong>diabolus,</strong></span> <span class='ocrx_word' id='word_1_61' title='bbox 751 1070 880 1142; x_wconf 83' lang='lat' dir='ltr'><strong>quia</strong></span> <span class='ocrx_word' id='word_1_62' title='bbox 927 1068 1148 1124; x_wconf 86' lang='lat' dir='ltr'><strong>videbat</strong></span> <span class='ocrx_word' id='word_1_63' title='bbox 1195 1067 1319 1123; x_wconf 89' lang='lat' dir='ltr'><strong>illos</strong></span> <span class='ocrx_word' id='word_1_64' title='bbox 1376 1068 1681 1124; x_wconf 88' lang='lat' dir='ltr'><strong>imitatores</strong></span> <span class='ocrx_word' id='word_1_65' title='bbox 1731 1086 1856 1124; x_wconf 82' lang='lat' dir='ltr'><strong>suos</strong></span> <span class='ocrx_word' id='word_1_66' title='bbox 1885 1071 2026 1125; x_wconf 74' lang='lat' dir='ltr'><strong>elle—</strong></span> 
     </span>
    </p>
   </div>
   <div class='ocr_carea' id='block_1_10' title="bbox 435 1157 2026 1230">
    <p class='ocr_par' dir='ltr' id='par_1_10' title="bbox 435 1157 2026 1230">
     <span class='ocr_line' id='line_1_10' title="bbox 435 1157 2026 1230; baseline -0.003 -13"><span class='ocrx_word' id='word_1_67' title='bbox 435 1169 550 1218; x_wconf 90' lang='lat' dir='ltr'><strong>ctos</strong></span> <span class='ocrx_word' id='word_1_68' title='bbox 581 1160 718 1230; x_wconf 75' lang='grc'><strong>(34).</strong></span> <span class='ocrx_word' id='word_1_69' title='bbox 749 1160 882 1215; x_wconf 80' lang='lat' dir='ltr'><strong>Nam</strong></span> <span class='ocrx_word' id='word_1_70' title='bbox 913 1166 966 1213; x_wconf 91' lang='lat' dir='ltr'><strong>et</strong></span> <span class='ocrx_word' id='word_1_71' title='bbox 1015 1158 1190 1212; x_wconf 89' lang='lat' dir='ltr'><strong>Thare</strong></span> <span class='ocrx_word' id='word_1_72' title='bbox 1221 1165 1371 1228; x_wconf 86' lang='lat' dir='ltr'><strong>pater</strong></span> <span class='ocrx_word' id='word_1_73' title='bbox 1424 1157 1681 1224; x_wconf 71' lang='lat' dir='ltr'><strong>Abrahze,</strong></span> <span class='ocrx_word' id='word_1_74' title='bbox 1730 1169 1781 1215; x_wconf 89' lang='lat' dir='ltr'><strong>et</strong></span> <span class='ocrx_word' id='word_1_75' title='bbox 1811 1158 2026 1214; x_wconf 79' lang='lat' dir='ltr'><strong>Nachor</strong></span> 
     </span>
    </p>
   </div>
   <div class='ocr_carea' id='block_1_11' title="bbox 436 1246 2025 1320">
    <p class='ocr_par' dir='ltr' id='par_1_11' title="bbox 436 1246 2025 1320">
     <span class='ocr_line' id='line_1_11' title="bbox 436 1246 2025 1320; baseline -0.001 -15"><span class='ocrx_word' id='word_1_76' title='bbox 436 1259 491 1306; x_wconf 90' lang='lat' dir='ltr'><strong>et</strong></span> <span class='ocrx_word' id='word_1_77' title='bbox 511 1250 692 1304; x_wconf 89' lang='lat' dir='ltr'><strong>Laban</strong></span> <span class='ocrx_word' id='word_1_78' title='bbox 721 1248 969 1320; x_wconf 87' lang='lat' dir='ltr'><strong>prOprios</strong></span> <span class='ocrx_word' id='word_1_79' title='bbox 996 1247 1126 1302; x_wconf 90' lang='lat' dir='ltr'><strong>deos</strong></span> <span class='ocrx_word' id='word_1_80' title='bbox 1175 1247 1279 1302; x_wconf 89' lang='lat' dir='ltr'><strong>sibi</strong></span> <span class='ocrx_word' id='word_1_81' title='bbox 1311 1246 1687 1303; x_wconf 75' lang='lat' dir='ltr'><strong>vindicabant.</strong></span> <span class='ocrx_word' id='word_1_82' title='bbox 1723 1249 1792 1303; x_wconf 88' lang='lat' dir='ltr'><strong>Et</strong></span> <span class='ocrx_word' id='word_1_83' title='bbox 1824 1265 2025 1319; x_wconf 82' lang='lat' dir='ltr'><strong>pecca-</strong></span> 
     </span>
    </p>
   </div>
   <div class='ocr_carea' id='block_1_12' title="bbox 437 1335 2026 1409">
    <p class='ocr_par' dir='ltr' id='par_1_12' title="bbox 437 1335 2026 1409">
     <span class='ocr_line' id='line_1_12' title="bbox 437 1335 2026 1409; baseline -0.001 -15"><span class='ocrx_word' id='word_1_84' title='bbox 437 1346 552 1394; x_wconf 91' lang='lat' dir='ltr'><strong>tum</strong></span> <span class='ocrx_word' id='word_1_85' title='bbox 577 1337 708 1393; x_wconf 73' lang='lat' dir='ltr'><strong>Adre</strong></span> <span class='ocrx_word' id='word_1_86' title='bbox 739 1354 851 1393; x_wconf 90' lang='lat' dir='ltr'><strong>non</strong></span> <span class='ocrx_word' id='word_1_87' title='bbox 883 1338 1040 1408; x_wconf 81' lang='lat' dir='ltr'><strong>longe.</strong></span> <span class='ocrx_word' id='word_1_88' title='bbox 1062 1345 1141 1392; x_wconf 90' lang='lat' dir='ltr'><strong>est</strong></span> <span class='ocrx_word' id='word_1_89' title='bbox 1161 1335 1228 1392; x_wconf 89' lang='lat' dir='ltr'><strong>ab</strong></span> <span class='ocrx_word' id='word_1_90' title='bbox 1259 1335 1572 1393; x_wconf 79' lang='lat' dir='ltr'><strong>idololatria</strong></span> <span class='ocrx_word' id='word_1_91' title='bbox 1597 1355 1610 1402; x_wconf 90' lang='lat'><strong>;</strong></span> <span class='ocrx_word' id='word_1_92' title='bbox 1643 1337 2026 1409; x_wconf 67' lang='lat' dir='ltr'><strong>praavaricavit</strong></span> 
     </span>
    </p>
   </div>
   <div class='ocr_carea' id='block_1_13' title="bbox 439 1425 2027 1498">
    <p class='ocr_par' dir='ltr' id='par_1_13' title="bbox 439 1425 2027 1498">
     <span class='ocr_line' id='line_1_13' title="bbox 439 1425 2027 1498; baseline -0.001 -15"><span class='ocrx_word' id='word_1_93' title='bbox 439 1428 610 1495; x_wconf 89' lang='lat' dir='ltr'><strong>enim,</strong></span> <span class='ocrx_word' id='word_1_94' title='bbox 656 1434 855 1498; x_wconf 91' lang='lat' dir='ltr'><strong>putans</strong></span> <span class='ocrx_word' id='word_1_95' title='bbox 905 1442 961 1481; x_wconf 91' lang='lat' dir='ltr'><strong>se</strong></span> <span class='ocrx_word' id='word_1_96' title='bbox 992 1425 1273 1481; x_wconf 88' lang='lat' dir='ltr'><strong>hominem</strong></span> <span class='ocrx_word' id='word_1_97' title='bbox 1332 1425 1580 1480; x_wconf 87' lang='lat' dir='ltr'><strong>futurum</strong></span> <span class='ocrx_word' id='word_1_98' title='bbox 1612 1427 1808 1482; x_wconf 91' lang='lat' dir='ltr'><strong>Deum.</strong></span> <span class='ocrx_word' id='word_1_99' title='bbox 1845 1427 2027 1482; x_wconf 71' lang='lat' dir='ltr'><strong>.Esti-</strong></span> 
     </span>
    </p>
   </div>
   <div class='ocr_carea' id='block_1_14' title="bbox 442 1515 2026 1589">
    <p class='ocr_par' dir='ltr' id='par_1_14' title="bbox 442 1515 2026 1589">
     <span class='ocr_line' id='line_1_14' title="bbox 442 1515 2026 1589; baseline 0 -16"><span class='ocrx_word' id='word_1_100' title='bbox 442 1519 614 1574; x_wconf 83' lang='lat' dir='ltr'><strong>mavit</strong></span> <span class='ocrx_word' id='word_1_101' title='bbox 644 1518 792 1573; x_wconf 90' lang='lat' dir='ltr'><strong>enim</strong></span> <span class='ocrx_word' id='word_1_102' title='bbox 841 1515 947 1572; x_wconf 91' lang='lat' dir='ltr'><strong>hoc</strong></span> <span class='ocrx_word' id='word_1_103' title='bbox 977 1516 1148 1589; x_wconf 87' lang='lat' dir='ltr'><strong>magis</strong></span> <span class='ocrx_word' id='word_1_104' title='bbox 1176 1515 1550 1588; x_wconf 89' lang='lat' dir='ltr'><strong>profuturum,</strong></span> <span class='ocrx_word' id='word_1_105' title='bbox 1581 1517 1727 1589; x_wconf 89' lang='lat' dir='ltr'><strong>quod</strong></span> <span class='ocrx_word' id='word_1_106' title='bbox 1773 1517 2026 1574; x_wconf 83' lang='lat' dir='ltr'><strong>diabolus</strong></span> 
     </span>
    </p>
   </div>
   <div class='ocr_carea' id='block_1_15' title="bbox 438 1604 2024 1679">
    <p class='ocr_par' dir='ltr' id='par_1_15' title="bbox 438 1604 2024 1679">
     <span class='ocr_line' id='line_1_15' title="bbox 438 1604 2024 1679; baseline 0 -17"><span class='ocrx_word' id='word_1_107' title='bbox 438 1607 632 1674; x_wconf 84' lang='lat' dir='ltr'><strong>suasit,</strong></span> <span class='ocrx_word' id='word_1_108' title='bbox 662 1623 823 1679; x_wconf 88' lang='lat' dir='ltr'><strong>quam</strong></span> <span class='ocrx_word' id='word_1_109' title='bbox 848 1606 991 1678; x_wconf 88' lang='lat' dir='ltr'><strong>quod</strong></span> <span class='ocrx_word' id='word_1_110' title='bbox 1023 1609 1167 1660; x_wconf 83' lang='lat' dir='ltr'><strong>Deus</strong></span> <span class='ocrx_word' id='word_1_111' title='bbox 1177 1604 1364 1675; x_wconf 91' lang='lat' dir='ltr'><strong>jussit,</strong></span> <span class='ocrx_word' id='word_1_112' title='bbox 1385 1605 1441 1660; x_wconf 92' lang='lat' dir='ltr'><strong>in</strong></span> <span class='ocrx_word' id='word_1_113' title='bbox 1470 1607 1590 1662; x_wconf 88' lang='lat' dir='ltr'><strong>loco</strong></span> <span class='ocrx_word' id='word_1_114' title='bbox 1613 1606 1711 1662; x_wconf 89' lang='lat' dir='ltr'><strong>Dei</strong></span> <span class='ocrx_word' id='word_1_115' title='bbox 1741 1606 2024 1662; x_wconf 89' lang='lat' dir='ltr'><strong>diabolum</strong></span> 
     </span>
    </p>
   </div>
   <div class='ocr_carea' id='block_1_16' title="bbox 438 1693 2028 1766">
    <p class='ocr_par' dir='ltr' id='par_1_16' title="bbox 438 1693 2028 1766">
     <span class='ocr_line' id='line_1_16' title="bbox 438 1693 2028 1766; baseline 0 -14"><span class='ocrx_word' id='word_1_116' title='bbox 438 1705 682 1752; x_wconf 90' lang='lat' dir='ltr'><strong>statuens</strong></span> <span class='ocrx_word' id='word_1_117' title='bbox 714 1715 726 1763; x_wconf 94' lang='lat'>;</span> <span class='ocrx_word' id='word_1_118' title='bbox 782 1695 929 1751; x_wconf 87' lang='lat' dir='ltr'><strong>unde</strong></span> <span class='ocrx_word' id='word_1_119' title='bbox 959 1703 1013 1750; x_wconf 90' lang='lat' dir='ltr'><strong>et</strong></span> <span class='ocrx_word' id='word_1_120' title='bbox 1050 1693 1330 1766; x_wconf 85' lang='lat' dir='ltr'><strong>subjectus</strong></span> <span class='ocrx_word' id='word_1_121' title='bbox 1376 1704 1456 1750; x_wconf 90' lang='lat' dir='ltr'><strong>est</strong></span> <span class='ocrx_word' id='word_1_122' title='bbox 1489 1695 1726 1751; x_wconf 89' lang='lat' dir='ltr'><strong>diabolo.</strong></span> <span class='ocrx_word' id='word_1_123' title='bbox 1759 1697 2028 1752; x_wconf 83' lang='lat' dir='ltr'><strong>Similiter</strong></span> 
     </span>
    </p>
   </div>
   <div class='ocr_carea' id='block_1_17' title="bbox 438 1783 2020 1856">
    <p class='ocr_par' dir='ltr' id='par_1_17' title="bbox 438 1783 2020 1856">
     <span class='ocr_line' id='line_1_17' title="bbox 438 1783 2020 1856; baseline -0.001 -14"><span class='ocrx_word' id='word_1_124' title='bbox 438 1793 491 1842; x_wconf 90' lang='lat' dir='ltr'><strong>et</strong></span> <span class='ocrx_word' id='word_1_125' title='bbox 533 1784 612 1854; x_wconf 90' lang='lat' dir='ltr'><strong>hi,</strong></span> <span class='ocrx_word' id='word_1_126' title='bbox 673 1795 1004 1856; x_wconf 89' lang='lat' dir='ltr'><strong>transgresso</strong></span> <span class='ocrx_word' id='word_1_127' title='bbox 1059 1786 1195 1852; x_wconf 89' lang='lat' dir='ltr'><strong>Deo,</strong></span> <span class='ocrx_word' id='word_1_128' title='bbox 1243 1783 1375 1839; x_wconf 91' lang='lat' dir='ltr'><strong>dum</strong></span> <span class='ocrx_word' id='word_1_129' title='bbox 1425 1793 1691 1840; x_wconf 62' lang='lat' dir='ltr'><strong>creaturze</strong></span> <span class='ocrx_word' id='word_1_130' title='bbox 1747 1785 2020 1852; x_wconf 85' lang='lat' dir='ltr'><strong>serviunt,</strong></span> 
     </span>
    </p>
   </div>
   <div class='ocr_carea' id='block_1_18' title="bbox 436 1873 2027 1948">
    <p class='ocr_par' dir='ltr' id='par_1_18' title="bbox 436 1873 2027 1948">
     <span class='ocr_line' id='line_1_18' title="bbox 436 1873 2027 1948; baseline -0.001 -17"><span class='ocrx_word' id='word_1_131' title='bbox 436 1884 665 1948; x_wconf 88' lang='lat' dir='ltr'><strong>peccant</strong></span> <span class='ocrx_word' id='word_1_132' title='bbox 713 1873 884 1931; x_wconf 91' lang='lat' dir='ltr'><strong>simili</strong></span> <span class='ocrx_word' id='word_1_133' title='bbox 915 1873 1099 1941; x_wconf 89' lang='lat' dir='ltr'><strong>modo,</strong></span> <span class='ocrx_word' id='word_1_134' title='bbox 1146 1891 1258 1930; x_wconf 92' lang='lat' dir='ltr'><strong>non</strong></span> <span class='ocrx_word' id='word_1_135' title='bbox 1303 1873 1685 1946; x_wconf 89' lang='lat' dir='ltr'><strong>eodem;quia</strong></span> <span class='ocrx_word' id='word_1_136' title='bbox 1714 1874 2027 1930; x_wconf 88' lang='lat' dir='ltr'><strong>similitudo</strong></span> 
     </span>
    </p>
   </div>
   <div class='ocr_carea' id='block_1_19' title="bbox 437 1961 2025 2034">
    <p class='ocr_par' dir='ltr' id='par_1_19' title="bbox 437 1961 2025 2034">
     <span class='ocr_line' id='line_1_19' title="bbox 437 1961 2025 2034; baseline -0.003 -15"><span class='ocrx_word' id='word_1_137' title='bbox 437 1965 577 2019; x_wconf 86' lang='lat' dir='ltr'><strong>solet</strong></span> <span class='ocrx_word' id='word_1_138' title='bbox 605 1963 806 2019; x_wconf 88' lang='lat' dir='ltr'><strong>habere</strong></span> <span class='ocrx_word' id='word_1_139' title='bbox 835 1962 1045 2034; x_wconf 90' lang='lat' dir='ltr'><strong>aliquid</strong></span> <span class='ocrx_word' id='word_1_140' title='bbox 1070 1961 1362 2017; x_wconf 91' lang='lat' dir='ltr'><strong>dissimile.</strong></span> <span class='ocrx_word' id='word_1_141' title='bbox 1390 1963 1499 2017; x_wconf 80' lang='lat' dir='ltr'><strong>Nec</strong></span> <span class='ocrx_word' id='word_1_142' title='bbox 1527 1961 1676 2016; x_wconf 89' lang='lat' dir='ltr'><strong>enim</strong></span> <span class='ocrx_word' id='word_1_143' title='bbox 1708 1969 1886 2032; x_wconf 81' lang='lat' dir='ltr'><strong>potest</strong></span> <span class='ocrx_word' id='word_1_144' title='bbox 1913 1961 2025 2017; x_wconf 91' lang='lat' dir='ltr'><strong>dici</strong></span> 
     </span>
    </p>
   </div>
   <div class='ocr_carea' id='block_1_20' title="bbox 439 2049 2027 2122">
    <p class='ocr_par' dir='ltr' id='par_1_20' title="bbox 439 2049 2027 2122">
     <span class='ocr_line' id='line_1_20' title="bbox 439 2049 2027 2122; baseline -0.001 -17"><span class='ocrx_word' id='word_1_145' title='bbox 439 2050 568 2122; x_wconf 89' lang='lat' dir='ltr'><strong>quia</strong></span> <span class='ocrx_word' id='word_1_146' title='bbox 624 2058 677 2105; x_wconf 93' lang='lat' dir='ltr'><strong>et</strong></span> <span class='ocrx_word' id='word_1_147' title='bbox 719 2049 777 2104; x_wconf 91' lang='lat' dir='ltr'><strong>hi</strong></span> <span class='ocrx_word' id='word_1_148' title='bbox 820 2049 915 2121; x_wconf 90' lang='lat' dir='ltr'><strong>qui</strong></span> <span class='ocrx_word' id='word_1_149' title='bbox 944 2058 1278 2120; x_wconf 86' lang='lat' dir='ltr'><strong>praeceptum</strong></span> <span class='ocrx_word' id='word_1_150' title='bbox 1318 2057 1646 2121; x_wconf 89' lang='lat' dir='ltr'><strong>acceperunt</strong></span> <span class='ocrx_word' id='word_1_151' title='bbox 1686 2066 1800 2105; x_wconf 91' lang='lat' dir='ltr'><strong>non</strong></span> <span class='ocrx_word' id='word_1_152' title='bbox 1829 2049 2027 2105; x_wconf 89' lang='lat' dir='ltr'><strong>edendi</strong></span> 
     </span>
    </p>
   </div>
   <div class='ocr_carea' id='block_1_21' title="bbox 439 2137 2030 2211">
    <p class='ocr_par' dir='ltr' id='par_1_21' title="bbox 439 2137 2030 2211">
     <span class='ocr_line' id='line_1_21' title="bbox 439 2137 2030 2211; baseline 0 -17"><span class='ocrx_word' id='word_1_153' title='bbox 439 2138 506 2194; x_wconf 90' lang='lat' dir='ltr'><strong>de</strong></span> <span class='ocrx_word' id='word_1_154' title='bbox 561 2138 754 2194; x_wconf 89' lang='lat' dir='ltr'><strong>arbore</strong></span> <span class='ocrx_word' id='word_1_155' title='bbox 801 2137 945 2193; x_wconf 85' lang='lat' dir='ltr'><strong>sicut</strong></span> <span class='ocrx_word' id='word_1_156' title='bbox 999 2137 1175 2192; x_wconf 86' lang='lat' dir='ltr'><strong>Adam</strong></span> <span class='ocrx_word' id='word_1_157' title='bbox 1231 2137 1456 2192; x_wconf 89' lang='lat' dir='ltr'><strong>fuerunt</strong></span> <span class='ocrx_word' id='word_1_158' title='bbox 1497 2139 1650 2208; x_wconf 86' lang='lat' dir='ltr'><strong>(Gen.</strong></span> <span class='ocrx_word' id='word_1_159' title='bbox 1686 2155 1745 2205; x_wconf 79' lang='grc' dir='ltr'><strong>υ,</strong></span> <span class='ocrx_word' id='word_1_160' title='bbox 1789 2140 1902 2210; x_wconf 86' lang='grc'><strong>17),</strong></span> <span class='ocrx_word' id='word_1_161' title='bbox 1935 2138 2030 2211; x_wconf 89' lang='lat' dir='ltr'><strong>qui</strong></span> 
     </span>
    </p>
   </div>
   <div class='ocr_carea' id='block_1_22' title="bbox 439 2225 2032 2300">
    <p class='ocr_par' dir='ltr' id='par_1_22' title="bbox 439 2225 2032 2300">
     <span class='ocr_line' id='line_1_22' title="bbox 439 2225 2032 2300; baseline 0 -18"><span class='ocrx_word' id='word_1_162' title='bbox 439 2234 824 2300; x_wconf 87' lang='lat' dir='ltr'><strong>peccaverunt,</strong></span> <span class='ocrx_word' id='word_1_163' title='bbox 883 2242 992 2282; x_wconf 92' lang='lat' dir='ltr'><strong>non</strong></span> <span class='ocrx_word' id='word_1_164' title='bbox 1063 2225 1420 2297; x_wconf 82' lang='lat' dir='ltr'><strong>praevaricato</strong></span> <span class='ocrx_word' id='word_1_165' title='bbox 1478 2227 1612 2291; x_wconf 92' lang='lat' dir='ltr'><strong>Deo,</strong></span> <span class='ocrx_word' id='word_1_166' title='bbox 1660 2226 1754 2281; x_wconf 90' lang='lat' dir='ltr'><strong>sed</strong></span> <span class='ocrx_word' id='word_1_167' title='bbox 1809 2227 1866 2282; x_wconf 90' lang='lat' dir='ltr'><strong>in</strong></span> <span class='ocrx_word' id='word_1_168' title='bbox 1917 2228 2032 2298; x_wconf 89' lang='lat' dir='ltr'><strong>lege</strong></span> 
     </span>
    </p>
   </div>
   <div class='ocr_carea' id='block_1_23' title="bbox 439 2314 2032 2382">
    <p class='ocr_par' dir='ltr' id='par_1_23' title="bbox 439 2314 2032 2382">
     <span class='ocr_line' id='line_1_23' title="bbox 439 2314 2032 2382; baseline 0 -10"><span class='ocrx_word' id='word_1_169' title='bbox 439 2315 700 2372; x_wconf 85' lang='lat' dir='ltr'><strong>naturali.</strong></span> <span class='ocrx_word' id='word_1_170' title='bbox 737 2315 842 2382; x_wconf 85' lang='lat' dir='ltr'><strong>Qui</strong></span> <span class='ocrx_word' id='word_1_171' title='bbox 867 2315 1015 2371; x_wconf 88' lang='lat' dir='ltr'><strong>enim</strong></span> <span class='ocrx_word' id='word_1_172' title='bbox 1048 2314 1342 2381; x_wconf 84' lang='lat' dir='ltr'><strong>intellexit,</strong></span> <span class='ocrx_word' id='word_1_173' title='bbox 1376 2315 1492 2370; x_wconf 87' lang='lat' dir='ltr'><strong>sive</strong></span> <span class='ocrx_word' id='word_1_174' title='bbox 1522 2331 1591 2370; x_wconf 91' lang='lat' dir='ltr'><strong>ex</strong></span> <span class='ocrx_word' id='word_1_175' title='bbox 1631 2315 1876 2381; x_wconf 85' lang='lat' dir='ltr'><strong>traduce,</strong></span> <span class='ocrx_word' id='word_1_176' title='bbox 1917 2317 2032 2372; x_wconf 87' lang='lat' dir='ltr'><strong>sive</strong></span> 
     </span>
    </p>
   </div>
   <div class='ocr_carea' id='block_1_24' title="bbox 441 2405 2032 2474">
    <p class='ocr_par' dir='ltr' id='par_1_24' title="bbox 441 2405 2032 2474">
     <span class='ocr_line' id='line_1_24' title="bbox 441 2405 2032 2474; baseline 0.003 -14"><span class='ocrx_word' id='word_1_177' title='bbox 441 2405 652 2461; x_wconf 88' lang='lat' dir='ltr'><strong>indicio</strong></span> <span class='ocrx_word' id='word_1_178' title='bbox 737 2405 997 2474; x_wconf 86' lang='lat' dir='ltr'><strong>naturali,</strong></span> <span class='ocrx_word' id='word_1_179' title='bbox 1051 2415 1105 2462; x_wconf 91' lang='lat' dir='ltr'><strong>et</strong></span> <span class='ocrx_word' id='word_1_180' title='bbox 1157 2415 1450 2464; x_wconf 79' lang='lat' dir='ltr'><strong>veneratus</strong></span> <span class='ocrx_word' id='word_1_181' title='bbox 1511 2415 1592 2463; x_wconf 89' lang='lat' dir='ltr'><strong>est</strong></span> <span class='ocrx_word' id='word_1_182' title='bbox 1635 2411 1832 2469; x_wconf 89' lang='lat' dir='ltr'><strong>Deum.</strong></span> <span class='ocrx_word' id='word_1_183' title='bbox 1889 2409 2032 2464; x_wconf 90' lang='lat' dir='ltr'><strong>nulli</strong></span> 
     </span>
    </p>
   </div>
   <div class='ocr_carea' id='block_1_25' title="bbox 443 2495 2034 2570">
    <p class='ocr_par' dir='ltr' id='par_1_25' title="bbox 443 2495 2034 2570">
     <span class='ocr_line' id='line_1_25' title="bbox 443 2495 2034 2570; baseline 0.001 -19"><span class='ocrx_word' id='word_1_184' title='bbox 443 2495 925 2552; x_wconf 86' lang='lat' dir='ltr'><strong>honoriﬁcentiam</strong></span> <span class='ocrx_word' id='word_1_185' title='bbox 961 2496 1203 2551; x_wconf 89' lang='lat' dir='ltr'><strong>nominis</strong></span> <span class='ocrx_word' id='word_1_186' title='bbox 1254 2513 1315 2552; x_wconf 90' lang='lat' dir='ltr'><strong>ac</strong></span> <span class='ocrx_word' id='word_1_187' title='bbox 1348 2496 1648 2569; x_wconf 88' lang='lat' dir='ltr'><strong>majestatis</strong></span> <span class='ocrx_word' id='word_1_188' title='bbox 1671 2497 1790 2568; x_wconf 89' lang='lat' dir='ltr'><strong>ejus</strong></span> <span class='ocrx_word' id='word_1_189' title='bbox 1819 2498 2034 2570; x_wconf 90' lang='lat' dir='ltr'><strong>imper-</strong></span> 
     </span>
    </p>
   </div>
   <div class='ocr_carea' id='block_1_26' title="bbox 443 2584 2028 2658">
    <p class='ocr_par' dir='ltr' id='par_1_26' title="bbox 443 2584 2028 2658">
     <span class='ocr_line' id='line_1_26' title="bbox 443 2584 2028 2658; baseline 0.002 -18"><span class='ocrx_word' id='word_1_190' title='bbox 443 2587 624 2651; x_wconf 87' lang='lat' dir='ltr'><strong>tiens;</strong></span> <span class='ocrx_word' id='word_1_191' title='bbox 657 2584 702 2641; x_wconf 90' lang='lat' dir='ltr'><strong>si</strong></span> <span class='ocrx_word' id='word_1_192' title='bbox 734 2584 1000 2657; x_wconf 88' lang='lat' dir='ltr'><strong>peccavit,</strong></span> <span class='ocrx_word' id='word_1_193' title='bbox 1019 2584 1147 2658; x_wconf 90' lang='lat' dir='ltr'><strong>quia</strong></span> <span class='ocrx_word' id='word_1_194' title='bbox 1177 2585 1517 2656; x_wconf 88' lang='lat' dir='ltr'><strong>impossibile</strong></span> <span class='ocrx_word' id='word_1_195' title='bbox 1547 2594 1627 2641; x_wconf 91' lang='lat' dir='ltr'><strong>est</strong></span> <span class='ocrx_word' id='word_1_196' title='bbox 1643 2603 1754 2641; x_wconf 92' lang='lat' dir='ltr'><strong>non</strong></span> <span class='ocrx_word' id='word_1_197' title='bbox 1786 2603 2028 2658; x_wconf 89' lang='lat' dir='ltr'><strong>peccare,</strong></span> 
     </span>
    </p>
   </div>
   <div class='ocr_carea' id='block_1_27' title="bbox 439 2674 2030 2748">
    <p class='ocr_par' dir='ltr' id='par_1_27' title="bbox 439 2674 2030 2748">
     <span class='ocr_line' id='line_1_27' title="bbox 439 2674 2030 2748; baseline 0 -18"><span class='ocrx_word' id='word_1_198' title='bbox 439 2674 544 2730; x_wconf 85' lang='lat' dir='ltr'><strong>sub</strong></span> <span class='ocrx_word' id='word_1_199' title='bbox 585 2676 697 2730; x_wconf 90' lang='lat' dir='ltr'><strong>Deo</strong></span> <span class='ocrx_word' id='word_1_200' title='bbox 755 2674 1024 2745; x_wconf 87' lang='lat' dir='ltr'><strong>peccavit,</strong></span> <span class='ocrx_word' id='word_1_201' title='bbox 1075 2691 1187 2728; x_wconf 91' lang='lat' dir='ltr'><strong>non</strong></span> <span class='ocrx_word' id='word_1_202' title='bbox 1235 2675 1291 2729; x_wconf 91' lang='lat' dir='ltr'><strong>in</strong></span> <span class='ocrx_word' id='word_1_203' title='bbox 1336 2677 1534 2744; x_wconf 88' lang='lat' dir='ltr'><strong>Deum,</strong></span> <span class='ocrx_word' id='word_1_204' title='bbox 1580 2693 1744 2748; x_wconf 87' lang='lat' dir='ltr'><strong>quem</strong></span> <span class='ocrx_word' id='word_1_205' title='bbox 1785 2674 2030 2746; x_wconf 90' lang='lat' dir='ltr'><strong>judicem</strong></span> 
     </span>
    </p>
   </div>
   <div class='ocr_carea' id='block_1_28' title="bbox 441 2761 2026 2835">
    <p class='ocr_par' dir='ltr' id='par_1_28' title="bbox 441 2761 2026 2835">
     <span class='ocr_line' id='line_1_28' title="bbox 441 2761 2026 2835; baseline 0.003 -19"><span class='ocrx_word' id='word_1_206' title='bbox 441 2763 646 2817; x_wconf 88' lang='lat' dir='ltr'><strong>sensit:</strong></span> <span class='ocrx_word' id='word_1_207' title='bbox 707 2761 938 2834; x_wconf 89' lang='lat' dir='ltr'><strong>ideoque</strong></span> <span class='ocrx_word' id='word_1_208' title='bbox 967 2761 1026 2815; x_wconf 91' lang='lat' dir='ltr'><strong>in</strong></span> <span class='ocrx_word' id='word_1_209' title='bbox 1058 2761 1376 2833; x_wconf 89' lang='lat' dir='ltr'><strong>hujusmodi</strong></span> <span class='ocrx_word' id='word_1_210' title='bbox 1428 2781 1576 2819; x_wconf 89' lang='lat' dir='ltr'><strong>mors</strong></span> <span class='ocrx_word' id='word_1_211' title='bbox 1619 2779 1729 2818; x_wconf 89' lang='lat' dir='ltr'><strong>non</strong></span> <span class='ocrx_word' id='word_1_212' title='bbox 1758 2765 2026 2835; x_wconf 83' lang='lat' dir='ltr'><strong>regnavit.</strong></span> 
     </span>
    </p>
   </div>
   <div class='ocr_carea' id='block_1_29' title="bbox 441 2851 2031 2926">
    <p class='ocr_par' dir='ltr' id='par_1_29' title="bbox 441 2851 2031 2926">
     <span class='ocr_line' id='line_1_29' title="bbox 441 2851 2031 2926; baseline 0.002 -19"><span class='ocrx_word' id='word_1_213' title='bbox 441 2853 504 2907; x_wconf 90' lang='lat' dir='ltr'><strong>In</strong></span> <span class='ocrx_word' id='word_1_214' title='bbox 554 2851 655 2907; x_wconf 87' lang='lat' dir='ltr'><strong>hos</strong></span> <span class='ocrx_word' id='word_1_215' title='bbox 702 2859 908 2918; x_wconf 87' lang='lat' dir='ltr'><strong>autem,</strong></span> <span class='ocrx_word' id='word_1_216' title='bbox 940 2857 1034 2914; x_wconf 86' lang='lat'><strong>56</strong></span> <span class='ocrx_word' id='word_1_217' title='bbox 1091 2851 1234 2907; x_wconf 89' lang='lat' dir='ltr'><strong>sicut</strong></span> <span class='ocrx_word' id='word_1_218' title='bbox 1274 2851 1417 2919; x_wconf 88' lang='lat' dir='ltr'><strong>dixi,</strong></span> <span class='ocrx_word' id='word_1_219' title='bbox 1473 2853 1742 2924; x_wconf 84' lang='lat' dir='ltr'><strong>regnavit,</strong></span> <span class='ocrx_word' id='word_1_220' title='bbox 1781 2854 1875 2926; x_wconf 90' lang='lat' dir='ltr'><strong>qui</strong></span> <span class='ocrx_word' id='word_1_221' title='bbox 1929 2855 2031 2910; x_wconf 90' lang='lat' dir='ltr'><strong>sub</strong></span> 
     </span>
    </p>
   </div>
   <div class='ocr_carea' id='block_1_30' title="bbox 441 2951 2030 3026">
    <p class='ocr_par' dir='ltr' id='par_1_30' title="bbox 441 2951 2030 3026">
     <span class='ocr_line' id='line_1_30' title="bbox 441 2951 2030 3026; baseline 0.003 -21"><span class='ocrx_word' id='word_1_222' title='bbox 441 2953 622 3022; x_wconf 89' lang='lat' dir='ltr'><strong>specie</strong></span> <span class='ocrx_word' id='word_1_223' title='bbox 650 2951 922 3008; x_wconf 88' lang='lat' dir='ltr'><strong>idolorum</strong></span> <span class='ocrx_word' id='word_1_224' title='bbox 948 2953 1257 3007; x_wconf 87' lang='lat' dir='ltr'><strong>servierunt</strong></span> <span class='ocrx_word' id='word_1_225' title='bbox 1283 2952 1523 3008; x_wconf 90' lang='lat' dir='ltr'><strong>diabolo.</strong></span> <span class='ocrx_word' id='word_1_226' title='bbox 1560 2953 1850 3023; x_wconf 90' lang='lat' dir='ltr'><strong>Propterea</strong></span> <span class='ocrx_word' id='word_1_227' title='bbox 1885 2953 2030 3026; x_wconf 91' lang='lat' dir='ltr'><strong>quod</strong></span> 
     </span>
    </p>
   </div>
   <div class='ocr_carea' id='block_1_31' title="bbox 443 3039 2030 3113">
    <p class='ocr_par' dir='ltr' id='par_1_31' title="bbox 443 3039 2030 3113">
     <span class='ocr_line' id='line_1_31' title="bbox 443 3039 2030 3113; baseline 0.001 -19"><span class='ocrx_word' id='word_1_228' title='bbox 443 3039 532 3094; x_wconf 88' lang='lat' dir='ltr'><strong>lex</strong></span> <span class='ocrx_word' id='word_1_229' title='bbox 564 3039 620 3094; x_wconf 91' lang='lat' dir='ltr'><strong>in</strong></span> <span class='ocrx_word' id='word_1_230' title='bbox 683 3040 1008 3095; x_wconf 86' lang='lat' dir='ltr'><strong>auctoritate</strong></span> <span class='ocrx_word' id='word_1_231' title='bbox 1052 3056 1163 3095; x_wconf 90' lang='lat' dir='ltr'><strong>non</strong></span> <span class='ocrx_word' id='word_1_232' title='bbox 1217 3048 1332 3096; x_wconf 89' lang='lat' dir='ltr'><strong>erat</strong></span> <span class='ocrx_word' id='word_1_233' title='bbox 1378 3042 1742 3113; x_wconf 85' lang='lat' dir='ltr'><strong>promulgata,</strong></span> <span class='ocrx_word' id='word_1_234' title='bbox 1785 3041 2030 3111; x_wconf 90' lang='lat' dir='ltr'><strong>judicem</strong></span> 
     </span>
    </p>
   </div>
   <div class='ocr_carea' id='block_1_32' title="bbox 446 3129 2034 3202">
    <p class='ocr_par' dir='ltr' id='par_1_32' title="bbox 446 3129 2034 3202">
     <span class='ocr_line' id='line_1_32' title="bbox 446 3129 2034 3202; baseline 0.001 -18"><span class='ocrx_word' id='word_1_235' title='bbox 446 3131 621 3184; x_wconf 89' lang='lat' dir='ltr'><strong>Deum</strong></span> <span class='ocrx_word' id='word_1_236' title='bbox 660 3129 974 3200; x_wconf 75' lang='lat' dir='ltr'><strong>przesentire</strong></span> <span class='ocrx_word' id='word_1_237' title='bbox 1023 3129 1410 3202; x_wconf 87' lang='lat' dir='ltr'><strong>nequiverunt.</strong></span> <span class='ocrx_word' id='word_1_238' title='bbox 1456 3129 1694 3184; x_wconf 89' lang='lat' dir='ltr'><strong>Maxima</strong></span> <span class='ocrx_word' id='word_1_239' title='bbox 1735 3130 1880 3184; x_wconf 90' lang='lat' dir='ltr'><strong>enim</strong></span> <span class='ocrx_word' id='word_1_240' title='bbox 1911 3147 2034 3202; x_wconf 91' lang='lat' dir='ltr'><strong>pars</strong></span> 
     </span>
    </p>
   </div>
   <div class='ocr_carea' id='block_1_33' title="bbox 447 3217 2032 3290">
    <p class='ocr_par' dir='ltr' id='par_1_33' title="bbox 447 3217 2032 3290">
     <span class='ocr_line' id='line_1_33' title="bbox 447 3217 2032 3290; baseline 0.001 -18"><span class='ocrx_word' id='word_1_241' title='bbox 447 3217 642 3272; x_wconf 89' lang='lat' dir='ltr'><strong>mundi</strong></span> <span class='ocrx_word' id='word_1_242' title='bbox 692 3219 866 3273; x_wconf 90' lang='lat' dir='ltr'><strong>Deum</strong></span> <span class='ocrx_word' id='word_1_243' title='bbox 925 3218 1042 3273; x_wconf 87' lang='lat' dir='ltr'><strong>fore</strong></span> <span class='ocrx_word' id='word_1_244' title='bbox 1095 3217 1340 3288; x_wconf 82' lang='lat' dir='ltr'><strong>judicem</strong></span> <span class='ocrx_word' id='word_1_245' title='bbox 1395 3217 1718 3288; x_wconf 83' lang='lat' dir='ltr'><strong>ignorabat:</strong></span> <span class='ocrx_word' id='word_1_246' title='bbox 1777 3219 2032 3290; x_wconf 85' lang='lat' dir='ltr'><strong>perpauci</strong></span> 
     </span>
    </p>
   </div>
   <div class='ocr_carea' id='block_1_34' title="bbox 443 3305 2031 3378">
    <p class='ocr_par' dir='ltr' id='par_1_34' title="bbox 443 3305 2031 3378">
     <span class='ocr_line' id='line_1_34' title="bbox 443 3305 2031 3378; baseline 0.001 -18"><span class='ocrx_word' id='word_1_247' title='bbox 443 3312 628 3361; x_wconf 90' lang='lat' dir='ltr'><strong>autem</strong></span> <span class='ocrx_word' id='word_1_248' title='bbox 661 3305 717 3360; x_wconf 91' lang='lat' dir='ltr'><strong>in</strong></span> <span class='ocrx_word' id='word_1_249' title='bbox 771 3322 907 3378; x_wconf 90' lang='lat' dir='ltr'><strong>quos</strong></span> <span class='ocrx_word' id='word_1_250' title='bbox 936 3322 1047 3360; x_wconf 90' lang='lat' dir='ltr'><strong>non</strong></span> <span class='ocrx_word' id='word_1_251' title='bbox 1089 3305 1338 3377; x_wconf 80' lang='lat' dir='ltr'><strong>regnavit</strong></span> <span class='ocrx_word' id='word_1_252' title='bbox 1367 3322 1550 3373; x_wconf 89' lang='lat' dir='ltr'><strong>mors;</strong></span> <span class='ocrx_word' id='word_1_253' title='bbox 1586 3305 1643 3360; x_wconf 91' lang='lat' dir='ltr'><strong>in</strong></span> <span class='ocrx_word' id='word_1_254' title='bbox 1671 3323 1808 3378; x_wconf 89' lang='lat' dir='ltr'><strong>quos</strong></span> <span class='ocrx_word' id='word_1_255' title='bbox 1850 3315 2031 3362; x_wconf 89' lang='lat' dir='ltr'><strong>autem</strong></span> 
     </span>
    </p>
   </div>
   <div class='ocr_carea' id='block_1_35' title="bbox 447 3394 2034 3468">
    <p class='ocr_par' dir='ltr' id='par_1_35' title="bbox 447 3394 2034 3468">
     <span class='ocr_line' id='line_1_35' title="bbox 447 3394 2034 3468; baseline 0.003 -20"><span class='ocrx_word' id='word_1_256' title='bbox 447 3394 718 3466; x_wconf 81' lang='lat' dir='ltr'><strong>regnavit,</strong></span> <span class='ocrx_word' id='word_1_257' title='bbox 745 3402 867 3466; x_wconf 88' lang='lat' dir='ltr'><strong>post</strong></span> <span class='ocrx_word' id='word_1_258' title='bbox 906 3395 1066 3450; x_wconf 89' lang='lat' dir='ltr'><strong>istam</strong></span> <span class='ocrx_word' id='word_1_259' title='bbox 1098 3402 1354 3462; x_wconf 90' lang='lat' dir='ltr'><strong>mortem,</strong></span> <span class='ocrx_word' id='word_1_260' title='bbox 1387 3411 1508 3468; x_wconf 64' lang='lat' dir='ltr'><strong>quae</strong></span> <span class='ocrx_word' id='word_1_261' title='bbox 1534 3395 1711 3468; x_wconf 88' lang='lat' dir='ltr'><strong>prima</strong></span> <span class='ocrx_word' id='word_1_262' title='bbox 1745 3396 1969 3465; x_wconf 88' lang='lat' dir='ltr'><strong>dicitur,</strong></span> <span class='ocrx_word' id='word_1_263' title='bbox 2003 3415 2034 3452; x_wconf 90' lang='lat' dir='ltr'><strong>a</strong></span> 
     </span>
    </p>
   </div>
   <div class='ocr_carea' id='block_1_36' title="bbox 441 3484 2030 3559">
    <p class='ocr_par' dir='ltr' id='par_1_36' title="bbox 441 3484 2030 3559">
     <span class='ocr_line' id='line_1_36' title="bbox 441 3484 2030 3559; baseline 0.001 -19"><span class='ocrx_word' id='word_1_264' title='bbox 441 3485 682 3541; x_wconf 89' lang='lat' dir='ltr'><strong>secunda</strong></span> <span class='ocrx_word' id='word_1_265' title='bbox 738 3485 953 3558; x_wconf 82' lang='lat' dir='ltr'><strong>excepti</strong></span> <span class='ocrx_word' id='word_1_266' title='bbox 1003 3495 1133 3542; x_wconf 89' lang='lat' dir='ltr'><strong>sunt</strong></span> <span class='ocrx_word' id='word_1_267' title='bbox 1185 3484 1252 3540; x_wconf 91' lang='lat' dir='ltr'><strong>ad</strong></span> <span class='ocrx_word' id='word_1_268' title='bbox 1293 3502 1510 3556; x_wconf 74' lang='lat' dir='ltr'><strong>pmnam</strong></span> <span class='ocrx_word' id='word_1_269' title='bbox 1564 3494 1617 3542; x_wconf 90' lang='lat' dir='ltr'><strong>et</strong></span> <span class='ocrx_word' id='word_1_270' title='bbox 1667 3487 2030 3559; x_wconf 88' lang='lat' dir='ltr'><strong>perditionem</strong></span> 
     </span>
    </p>
   </div>
   <div class='ocr_carea' id='block_1_37' title="bbox 444 3575 2032 3650">
    <p class='ocr_par' dir='ltr' id='par_1_37' title="bbox 444 3575 2032 3650">
     <span class='ocr_line' id='line_1_37' title="bbox 444 3575 2032 3650; baseline 0.003 -20"><span class='ocrx_word' id='word_1_271' title='bbox 444 3575 707 3632; x_wconf 84' lang='lat' dir='ltr'><strong>futuram.</strong></span> <span class='ocrx_word' id='word_1_272' title='bbox 767 3577 826 3631; x_wconf 91' lang='lat' dir='ltr'><strong>In</strong></span> <span class='ocrx_word' id='word_1_273' title='bbox 858 3591 995 3648; x_wconf 91' lang='lat' dir='ltr'><strong>quos</strong></span> <span class='ocrx_word' id='word_1_274' title='bbox 1045 3584 1226 3630; x_wconf 90' lang='lat' dir='ltr'><strong>autem</strong></span> <span class='ocrx_word' id='word_1_275' title='bbox 1282 3592 1392 3632; x_wconf 91' lang='lat' dir='ltr'><strong>non</strong></span> <span class='ocrx_word' id='word_1_276' title='bbox 1448 3577 1718 3647; x_wconf 85' lang='lat' dir='ltr'><strong>regnavit,</strong></span> <span class='ocrx_word' id='word_1_277' title='bbox 1768 3578 1896 3650; x_wconf 89' lang='lat' dir='ltr'><strong>quia</strong></span> <span class='ocrx_word' id='word_1_278' title='bbox 1920 3596 2032 3634; x_wconf 91' lang='lat' dir='ltr'><strong>non</strong></span> 
     </span>
    </p>
   </div>
   <div class='ocr_carea' id='block_1_38' title="bbox 442 3663 2032 3738">
    <p class='ocr_par' dir='ltr' id='par_1_38' title="bbox 442 3663 2032 3738">
     <span class='ocr_line' id='line_1_38' title="bbox 442 3663 2032 3738; baseline 0.001 -17"><span class='ocrx_word' id='word_1_279' title='bbox 442 3671 809 3737; x_wconf 87' lang='lat' dir='ltr'><strong>peccaverunt</strong></span> <span class='ocrx_word' id='word_1_280' title='bbox 831 3665 887 3718; x_wconf 92' lang='lat' dir='ltr'><strong>in</strong></span> <span class='ocrx_word' id='word_1_281' title='bbox 920 3663 1348 3720; x_wconf 88' lang='lat' dir='ltr'><strong>similitudinem</strong></span> <span class='ocrx_word' id='word_1_282' title='bbox 1380 3667 1851 3737; x_wconf 68' lang='lat' dir='ltr'><strong>praevaricationis</strong></span> <span class='ocrx_word' id='word_1_283' title='bbox 1877 3667 2032 3738; x_wconf 53' lang='lat' dir='ltr'><strong>Adae,</strong></span> 
     </span>
    </p>
   </div>
   <div class='ocr_carea' id='block_1_39' title="bbox 441 3754 2034 3825">
    <p class='ocr_par' dir='ltr' id='par_1_39' title="bbox 441 3754 2034 3825">
     <span class='ocr_line' id='line_1_39' title="bbox 441 3754 2034 3825; baseline 0.004 -15"><span class='ocrx_word' id='word_1_284' title='bbox 441 3754 544 3810; x_wconf 90' lang='lat' dir='ltr'><strong>sub</strong></span> <span class='ocrx_word' id='word_1_285' title='bbox 617 3769 711 3825; x_wconf 89' lang='lat' dir='ltr'><strong>spe</strong></span> <span class='ocrx_word' id='word_1_286' title='bbox 780 3755 1045 3810; x_wconf 86' lang='lat' dir='ltr'><strong>reservati</strong></span> <span class='ocrx_word' id='word_1_287' title='bbox 1111 3762 1242 3809; x_wconf 90' lang='lat' dir='ltr'><strong>sunt</strong></span> <span class='ocrx_word' id='word_1_288' title='bbox 1285 3755 1548 3812; x_wconf 86' lang='lat' dir='ltr'><strong>adventui</strong></span> <span class='ocrx_word' id='word_1_289' title='bbox 1607 3757 1906 3814; x_wconf 89' lang='lat' dir='ltr'><strong>Salvatoris</strong></span> <span class='ocrx_word' id='word_1_290' title='bbox 1975 3759 2034 3816; x_wconf 91' lang='lat' dir='ltr'><strong>in</strong></span> 
     </span>
    </p>
   </div>
   <div class='ocr_carea' id='block_1_40' title="bbox 444 3843 2036 3920">
    <p class='ocr_par' dir='ltr' id='par_1_40' title="bbox 444 3843 2036 3920">
     <span class='ocr_line' id='line_1_40' title="bbox 444 3843 2036 3920; baseline 0.003 -21"><span class='ocrx_word' id='word_1_291' title='bbox 444 3845 618 3900; x_wconf 90' lang='lat' dir='ltr'><strong>libera</strong></span> <span class='ocrx_word' id='word_1_292' title='bbox 649 3844 802 3915; x_wconf 72' lang='lat'><strong>(35),-</strong></span> <span class='ocrx_word' id='word_1_293' title='bbox 835 3843 979 3900; x_wconf 89' lang='lat' dir='ltr'><strong>sicut</strong></span> <span class='ocrx_word' id='word_1_294' title='bbox 1000 3845 1198 3916; x_wconf 88' lang='lat' dir='ltr'><strong>legitur</strong></span> <span class='ocrx_word' id='word_1_295' title='bbox 1213 3843 1278 3899; x_wconf 89' lang='lat' dir='ltr'><strong>de</strong></span> <span class='ocrx_word' id='word_1_296' title='bbox 1307 3843 1603 3914; x_wconf 86' lang='lat' dir='ltr'><strong>Abraham,</strong></span> <span class='ocrx_word' id='word_1_297' title='bbox 1624 3847 1753 3920; x_wconf 86' lang='lat' dir='ltr'><strong>quia</strong></span> <span class='ocrx_word' id='word_1_298' title='bbox 1783 3850 2036 3920; x_wconf 89' lang='lat' dir='ltr'><strong>quamvis</strong></span> 
     </span>
    </p>
   </div>
   <div class='ocr_carea' id='block_1_41' title="bbox 443 3933 2074 4009">
    <p class='ocr_par' dir='ltr' id='par_1_41' title="bbox 443 3933 2074 4009">
     <span class='ocr_line' id='line_1_41' title="bbox 443 3933 2074 4009; baseline 0.002 -19"><span class='ocrx_word' id='word_1_299' title='bbox 443 3933 589 4004; x_wconf 89' lang='lat' dir='ltr'><strong>apud</strong></span> <span class='ocrx_word' id='word_1_300' title='bbox 624 3933 830 3989; x_wconf 86' lang='lat' dir='ltr'><strong>inferos</strong></span> <span class='ocrx_word' id='word_1_301' title='bbox 874 3933 1062 4002; x_wconf 89' lang='lat' dir='ltr'><strong>fuerit,</strong></span> <span class='ocrx_word' id='word_1_302' title='bbox 1124 3933 1392 3990; x_wconf 89' lang='lat' dir='ltr'><strong>discretus</strong></span> <span class='ocrx_word' id='word_1_303' title='bbox 1441 3943 1621 3992; x_wconf 90' lang='lat' dir='ltr'><strong>tamen</strong></span> <span class='ocrx_word' id='word_1_304' title='bbox 1661 3937 1825 4009; x_wconf 89' lang='lat' dir='ltr'><strong>longo</strong></span> <span class='ocrx_word' id='word_1_305' title='bbox 1870 3937 2034 3994; x_wconf 84' lang='lat' dir='ltr'><strong>inter-</strong></span> <span class='ocrx_word' id='word_1_306' title='bbox 2069 3965 2074 3970; x_wconf 88' lang='lat'><em>-</em></span> 
     </span>
    </p>
   </div>
   <div class='ocr_carea' id='block_1_42' title="bbox 447 4020 2036 4095">
    <p class='ocr_par' dir='ltr' id='par_1_42' title="bbox 447 4020 2036 4095">
     <span class='ocr_line' id='line_1_42' title="bbox 447 4020 2036 4095; baseline 0.003 -20"><span class='ocrx_word' id='word_1_307' title='bbox 447 4021 594 4076; x_wconf 88' lang='lat' dir='ltr'><strong>vallo</strong></span> <span class='ocrx_word' id='word_1_308' title='bbox 630 4028 747 4088; x_wconf 90' lang='lat' dir='ltr'><strong>est;</strong></span> <span class='ocrx_word' id='word_1_309' title='bbox 782 4020 857 4077; x_wconf 90' lang='lat' dir='ltr'><strong>ita</strong></span> <span class='ocrx_word' id='word_1_310' title='bbox 889 4027 952 4076; x_wconf 92' lang='lat' dir='ltr'><strong>ut</strong></span> <span class='ocrx_word' id='word_1_311' title='bbox 999 4020 1164 4076; x_wconf 86' lang='lat' dir='ltr'><strong>chaos</strong></span> <span class='ocrx_word' id='word_1_312' title='bbox 1197 4031 1339 4078; x_wconf 88' lang='lat' dir='ltr'><strong>esset</strong></span> <span class='ocrx_word' id='word_1_313' title='bbox 1379 4022 1572 4094; x_wconf 90' lang='lat' dir='ltr'><strong>ingens</strong></span> <span class='ocrx_word' id='word_1_314' title='bbox 1606 4023 1752 4079; x_wconf 91' lang='lat' dir='ltr'><strong>inter</strong></span> <span class='ocrx_word' id='word_1_315' title='bbox 1773 4023 1954 4095; x_wconf 91' lang='lat' dir='ltr'><strong>justos</strong></span> <span class='ocrx_word' id='word_1_316' title='bbox 1982 4033 2036 4080; x_wconf 91' lang='lat' dir='ltr'><strong>et</strong></span> 
     </span>
    </p>
   </div>
   <div class='ocr_carea' id='block_1_43' title="bbox 445 4115 2035 4188">
    <p class='ocr_par' dir='ltr' id='par_1_43' title="bbox 445 4115 2035 4188">
     <span class='ocr_line' id='line_1_43' title="bbox 445 4115 2035 4188; baseline 0.002 -18"><span class='ocrx_word' id='word_1_317' title='bbox 445 4123 756 4186; x_wconf 87' lang='lat' dir='ltr'><strong>peccatores</strong></span> <span class='ocrx_word' id='word_1_318' title='bbox 821 4116 974 4186; x_wconf 78' lang='lat' dir='ltr'><strong>(Luc.</strong></span> <span class='ocrx_word' id='word_1_319' title='bbox 1009 4132 1125 4184; x_wconf 86' lang='lat' dir='ltr'><strong>va,</strong></span> <span class='ocrx_word' id='word_1_320' title='bbox 1155 4117 1270 4186; x_wconf 76' lang='lat'><strong>26).</strong></span> <span class='ocrx_word' id='word_1_321' title='bbox 1303 4115 1361 4171; x_wconf 92' lang='lat' dir='ltr'><strong>Si</strong></span> <span class='ocrx_word' id='word_1_322' title='bbox 1392 4116 1538 4170; x_wconf 91' lang='lat' dir='ltr'><strong>inter</strong></span> <span class='ocrx_word' id='word_1_323' title='bbox 1562 4115 1741 4187; x_wconf 89' lang='lat' dir='ltr'><strong>justos</strong></span> <span class='ocrx_word' id='word_1_324' title='bbox 1771 4125 1825 4172; x_wconf 91' lang='lat' dir='ltr'><strong>et</strong></span> <span class='ocrx_word' id='word_1_325' title='bbox 1849 4133 2035 4188; x_wconf 86' lang='lat' dir='ltr'><strong>pecca-</strong></span> 
     </span>
    </p>
   </div>
   <div class='ocr_carea' id='block_1_44' title="bbox 445 4198 2034 4279">
    <p class='ocr_par' dir='ltr' id='par_1_44' title="bbox 445 4198 2034 4279">
     <span class='ocr_line' id='line_1_44' title="bbox 445 4198 2034 4279; baseline 0 -15"><span class='ocrx_word' id='word_1_326' title='bbox 445 4217 591 4264; x_wconf 87' lang='lat' dir='ltr'><strong>tores</strong></span> <span class='ocrx_word' id='word_1_327' title='bbox 621 4205 786 4262; x_wconf 85' lang='lat' dir='ltr'><strong>chaos</strong></span> <span class='ocrx_word' id='word_1_328' title='bbox 816 4206 1008 4278; x_wconf 86' lang='lat' dir='ltr'><strong>ingens</strong></span> <span class='ocrx_word' id='word_1_329' title='bbox 1033 4198 1412 4278; x_wconf 40' lang='lat' dir='ltr'><strong>erat,&#39;quanto</strong></span> <span class='ocrx_word' id='word_1_330' title='bbox 1439 4207 1610 4278; x_wconf 87' lang='lat' dir='ltr'><strong>magis</strong></span> <span class='ocrx_word' id='word_1_331' title='bbox 1642 4208 1784 4263; x_wconf 90' lang='lat' dir='ltr'><strong>inter</strong></span> <span class='ocrx_word' id='word_1_332' title='bbox 1815 4209 2034 4279; x_wconf 88' lang='lat' dir='ltr'><strong>impios,</strong></span> 
     </span>
    </p>
   </div>
   <div class='ocr_carea' id='block_1_45' title="bbox 445 4295 2036 4369">
    <p class='ocr_par' dir='ltr' id='par_1_45' title="bbox 445 4295 2036 4369">
     <span class='ocr_line' id='line_1_45' title="bbox 445 4295 2036 4369; baseline 0 -16"><span class='ocrx_word' id='word_1_333' title='bbox 445 4305 508 4354; x_wconf 90' lang='lat' dir='ltr'><strong>ut</strong></span> <span class='ocrx_word' id='word_1_334' title='bbox 557 4297 724 4369; x_wconf 90' lang='lat' dir='ltr'><strong>justis</strong></span> <span class='ocrx_word' id='word_1_335' title='bbox 770 4303 912 4352; x_wconf 88' lang='lat' dir='ltr'><strong>esset</strong></span> <span class='ocrx_word' id='word_1_336' title='bbox 957 4295 1302 4366; x_wconf 84' lang='lat' dir='ltr'><strong>refrigerium</strong></span> <span class='ocrx_word' id='word_1_337' title='bbox 1350 4295 1490 4366; x_wconf 84' lang='lat'><strong>(36),</strong></span> <span class='ocrx_word' id='word_1_338' title='bbox 1539 4303 1593 4350; x_wconf 91' lang='lat' dir='ltr'><strong>et</strong></span> <span class='ocrx_word' id='word_1_339' title='bbox 1659 4298 2036 4368; x_wconf 86' lang='lat' dir='ltr'><strong>peccatoribus</strong></span> 
     </span>
    </p>
   </div>
   <div class='ocr_carea' id='block_1_46' title="bbox 445 4383 2036 4460">
    <p class='ocr_par' dir='ltr' id='par_1_46' title="bbox 445 4383 2036 4460">
     <span class='ocr_line' id='line_1_46' title="bbox 445 4383 2036 4460; baseline 0 -18"><span class='ocrx_word' id='word_1_340' title='bbox 445 4395 628 4453; x_wconf 63' lang='lat' dir='ltr'><strong>aestus,</strong></span> <span class='ocrx_word' id='word_1_341' title='bbox 671 4386 858 4456; x_wconf 91' lang='lat' dir='ltr'><strong>impiis</strong></span> <span class='ocrx_word' id='word_1_342' title='bbox 901 4401 1032 4440; x_wconf 91' lang='lat' dir='ltr'><strong>vero</strong></span> <span class='ocrx_word' id='word_1_343' title='bbox 1077 4383 1278 4449; x_wconf 88' lang='lat' dir='ltr'><strong>ardor;</strong></span> <span class='ocrx_word' id='word_1_344' title='bbox 1334 4391 1395 4438; x_wconf 92' lang='lat' dir='ltr'><strong>ut</strong></span> <span class='ocrx_word' id='word_1_345' title='bbox 1444 4393 1568 4440; x_wconf 86' lang='lat' dir='ltr'><strong>ante</strong></span> <span class='ocrx_word' id='word_1_346' title='bbox 1599 4383 1873 4454; x_wconf 88' lang='lat' dir='ltr'><strong>judicium</strong></span> <span class='ocrx_word' id='word_1_347' title='bbox 1903 4388 2036 4460; x_wconf 89' lang='lat' dir='ltr'><strong>quid</strong></span> 
     </span>
    </p>
   </div>
   <div class='ocr_carea' id='block_1_47' title="bbox 445 4474 2038 4548">
    <p class='ocr_par' dir='ltr' id='par_1_47' title="bbox 445 4474 2038 4548">
     <span class='ocr_line' id='line_1_47' title="bbox 445 4474 2038 4548; baseline -0.001 -15"><span class='ocrx_word' id='word_1_348' title='bbox 445 4477 828 4548; x_wconf 85' lang='lat' dir='ltr'><strong>unusquisque</strong></span> <span class='ocrx_word' id='word_1_349' title='bbox 881 4475 1080 4545; x_wconf 83' lang='lat' dir='ltr'><strong>dignus</strong></span> <span class='ocrx_word' id='word_1_350' title='bbox 1106 4481 1264 4539; x_wconf 88' lang='lat' dir='ltr'><strong>esset,</strong></span> <span class='ocrx_word' id='word_1_351' title='bbox 1301 4490 1409 4528; x_wconf 87' lang='lat' dir='ltr'><strong>non</strong></span> <span class='ocrx_word' id='word_1_352' title='bbox 1443 4474 1675 4530; x_wconf 77' lang='lat' dir='ltr'><strong>lateret?</strong></span> <span class='ocrx_word' id='word_1_353' title='bbox 1700 4476 1782 4530; x_wconf 82' lang='lat' dir='ltr'><strong>A&#39;c</strong></span> <span class='ocrx_word' id='word_1_354' title='bbox 1811 4492 1904 4546; x_wconf 90' lang='lat' dir='ltr'><strong>per</strong></span> <span class='ocrx_word' id='word_1_355' title='bbox 1933 4476 2038 4532; x_wconf 88' lang='lat' dir='ltr'><strong>hoc</strong></span> 
     </span>
    </p>
   </div>
   <div class='ocr_carea' id='block_1_48' title="bbox 444 4561 2038 4638">
    <p class='ocr_par' dir='ltr' id='par_1_48' title="bbox 444 4561 2038 4638">
     <span class='ocr_line' id='line_1_48' title="bbox 444 4561 2038 4638; baseline 0.001 -17"><span class='ocrx_word' id='word_1_356' title='bbox 444 4566 709 4638; x_wconf 82' lang='lat' dir='ltr'><strong>regnabat</strong></span> <span class='ocrx_word' id='word_1_357' title='bbox 736 4564 793 4619; x_wconf 92' lang='lat' dir='ltr'><strong>in</strong></span> <span class='ocrx_word' id='word_1_358' title='bbox 821 4580 914 4618; x_wconf 91' lang='lat' dir='ltr'><strong>eos</strong></span> <span class='ocrx_word' id='word_1_359' title='bbox 934 4580 1102 4631; x_wconf 89' lang='lat' dir='ltr'><strong>mors,</strong></span> <span class='ocrx_word' id='word_1_360' title='bbox 1133 4563 1260 4636; x_wconf 88' lang='lat' dir='ltr'><strong>quia</strong></span> <span class='ocrx_word' id='word_1_361' title='bbox 1289 4561 1511 4617; x_wconf 86' lang='lat' dir='ltr'><strong>videbat</strong></span> <span class='ocrx_word' id='word_1_362' title='bbox 1529 4579 1690 4634; x_wconf 83' lang='lat' dir='ltr'><strong>opera</strong></span> <span class='ocrx_word' id='word_1_363' title='bbox 1715 4563 2038 4626; x_wconf 84' lang='lat' dir='ltr'><strong>subtilitatis</strong></span> 
     </span>
    </p>
   </div>
   <div class='ocr_carea' id='block_1_49' title="bbox 444 4653 2036 4728">
    <p class='ocr_par' dir='ltr' id='par_1_49' title="bbox 444 4653 2036 4728">
     <span class='ocr_line' id='line_1_49' title="bbox 444 4653 2036 4728; baseline -0.001 -15"><span class='ocrx_word' id='word_1_364' title='bbox 444 4666 556 4713; x_wconf 70' lang='lat' dir='ltr'><strong>ante</strong></span> <span class='ocrx_word' id='word_1_365' title='bbox 606 4655 904 4728; x_wconf 83' lang='lat' dir='ltr'><strong>profecisse</strong></span> <span class='ocrx_word' id='word_1_366' title='bbox 955 4653 1032 4709; x_wconf 84' lang='lat' dir='ltr'><strong>eis</strong></span> <span class='ocrx_word' id='word_1_367' title='bbox 1058 4653 1126 4708; x_wconf 90' lang='lat' dir='ltr'><strong>ad</strong></span> <span class='ocrx_word' id='word_1_368' title='bbox 1183 4669 1396 4724; x_wconf 87' lang='lat' dir='ltr'><strong>poenam</strong></span> <span class='ocrx_word' id='word_1_369' title='bbox 1429 4653 1583 4724; x_wconf 86' lang='lat' dir='ltr'><strong>quasi</strong></span> <span class='ocrx_word' id='word_1_370' title='bbox 1622 4653 1884 4710; x_wconf 90' lang='lat' dir='ltr'><strong>inimicis.</strong></span> <span class='ocrx_word' id='word_1_371' title='bbox 1916 4657 2036 4711; x_wconf 73' lang='lat' dir='ltr'><strong>Non</strong></span> 
     </span>
    </p>
   </div>
   <div class='ocr_carea' id='block_1_50' title="bbox 445 4741 2036 4814">
    <p class='ocr_par' dir='ltr' id='par_1_50' title="bbox 445 4741 2036 4814">
     <span class='ocr_line' id='line_1_50' title="bbox 445 4741 2036 4814; baseline -0.001 -12"><span class='ocrx_word' id='word_1_372' title='bbox 445 4747 591 4802; x_wconf 91' lang='lat' dir='ltr'><strong>enim</strong></span> <span class='ocrx_word' id='word_1_373' title='bbox 611 4745 770 4802; x_wconf 89' lang='lat' dir='ltr'><strong>latuit</strong></span> <span class='ocrx_word' id='word_1_374' title='bbox 792 4745 951 4799; x_wconf 90' lang='lat' dir='ltr'><strong>illum</strong></span> <span class='ocrx_word' id='word_1_375' title='bbox 977 4743 1044 4798; x_wconf 90' lang='lat' dir='ltr'><strong>ad</strong></span> <span class='ocrx_word' id='word_1_376' title='bbox 1068 4742 1174 4797; x_wconf 91' lang='lat' dir='ltr'><strong>hoc</strong></span> <span class='ocrx_word' id='word_1_377' title='bbox 1192 4741 1396 4796; x_wconf 87' lang='lat' dir='ltr'><strong>factum</strong></span> <span class='ocrx_word' id='word_1_378' title='bbox 1419 4741 1700 4798; x_wconf 88' lang='lat' dir='ltr'><strong>hominem</strong></span> <span class='ocrx_word' id='word_1_379' title='bbox 1724 4743 1780 4798; x_wconf 89' lang='lat' dir='ltr'><strong>in</strong></span> <span class='ocrx_word' id='word_1_380' title='bbox 1807 4745 2036 4814; x_wconf 89' lang='lat' dir='ltr'><strong>mundo,</strong></span> 
     </span>
    </p>
   </div>
   <div class='ocr_carea' id='block_1_51' title="bbox 449 4832 2036 4905">
    <p class='ocr_par' dir='ltr' id='par_1_51' title="bbox 449 4832 2036 4905">
     <span class='ocr_line' id='line_1_51' title="bbox 449 4832 2036 4905; baseline 0.001 -16"><span class='ocrx_word' id='word_1_381' title='bbox 449 4842 510 4889; x_wconf 92' lang='lat' dir='ltr'><strong>ut</strong></span> <span class='ocrx_word' id='word_1_382' title='bbox 544 4835 832 4905; x_wconf 90' lang='lat' dir='ltr'><strong>imperium</strong></span> <span class='ocrx_word' id='word_1_383' title='bbox 867 4834 1033 4890; x_wconf 88' lang='lat' dir='ltr'><strong>unius</strong></span> <span class='ocrx_word' id='word_1_384' title='bbox 1089 4833 1187 4888; x_wconf 91' lang='lat' dir='ltr'><strong>Dei</strong></span> <span class='ocrx_word' id='word_1_385' title='bbox 1216 4832 1560 4904; x_wconf 67' lang='lat' dir='ltr'><strong>preedicaret,</strong></span> <span class='ocrx_word' id='word_1_386' title='bbox 1602 4832 1749 4905; x_wconf 88' lang='lat' dir='ltr'><strong>quod</strong></span> <span class='ocrx_word' id='word_1_387' title='bbox 1780 4836 2036 4905; x_wconf 66' lang='lat' dir='ltr'><strong>praevari-</strong></span> 
     </span>
    </p>
   </div>
   <div class='ocr_carea' id='block_1_52' title="bbox 451 4923 996 4978">
    <p class='ocr_par' dir='ltr' id='par_1_52' title="bbox 451 4923 996 4978">
     <span class='ocr_line' id='line_1_52' title="bbox 451 4923 996 4978; baseline 0.004 -2"><span class='ocrx_word' id='word_1_388' title='bbox 451 4929 609 4976; x_wconf 86' lang='lat' dir='ltr'><strong>catus</strong></span> <span class='ocrx_word' id='word_1_389' title='bbox 638 4929 718 4976; x_wconf 91' lang='lat' dir='ltr'><strong>est</strong></span> <span class='ocrx_word' id='word_1_390' title='bbox 750 4923 996 4978; x_wconf 87' lang='lat' dir='ltr'><strong>Satanas.</strong></span> 
     </span>
    </p>
   </div>
   <div class='ocr_carea' id='block_1_53' title="bbox 521 5007 2034 5077">
    <p class='ocr_par' dir='ltr' id='par_1_53' title="bbox 521 5007 2034 5077">
     <span class='ocr_line' id='line_1_53' title="bbox 521 5007 2034 5077; baseline 0.003 -15"><span class='ocrx_word' id='word_1_391' title='bbox 521 5009 603 5064; x_wconf 86' lang='lat' dir='ltr'><strong>Ac</strong></span> <span class='ocrx_word' id='word_1_392' title='bbox 627 5007 674 5063; x_wconf 87' lang='lat' dir='ltr'><strong>si</strong></span> <span class='ocrx_word' id='word_1_393' title='bbox 704 5009 759 5062; x_wconf 92' lang='lat' dir='ltr'><strong>in</strong></span> <span class='ocrx_word' id='word_1_394' title='bbox 791 5009 980 5065; x_wconf 58' lang='lat' dir='ltr'><strong>Graeco</strong></span> <span class='ocrx_word' id='word_1_395' title='bbox 1010 5027 1122 5065; x_wconf 91' lang='lat' dir='ltr'><strong>non</strong></span> <span class='ocrx_word' id='word_1_396' title='bbox 1151 5011 1228 5066; x_wconf 91' lang='lat' dir='ltr'><strong>ita</strong></span> <span class='ocrx_word' id='word_1_397' title='bbox 1253 5017 1473 5066; x_wconf 88' lang='lat' dir='ltr'><strong>cautum</strong></span> <span class='ocrx_word' id='word_1_398' title='bbox 1501 5007 1752 5077; x_wconf 89' lang='lat' dir='ltr'><strong>dicatur;</strong></span> <span class='ocrx_word' id='word_1_399' title='bbox 1783 5009 1863 5066; x_wconf 89' lang='lat' dir='ltr'><strong>sic</strong></span> <span class='ocrx_word' id='word_1_400' title='bbox 1887 5011 2034 5067; x_wconf 90' lang='lat' dir='ltr'><strong>enim</strong></span> 
     </span>
    </p>
   </div>
   <div class='ocr_carea' id='block_1_54' title="bbox 447 5097 2035 5172">
    <p class='ocr_par' dir='ltr' id='par_1_54' title="bbox 447 5097 2035 5172">
     <span class='ocr_line' id='line_1_54' title="bbox 447 5097 2035 5172; baseline 0.001 -17"><span class='ocrx_word' id='word_1_401' title='bbox 447 5097 656 5155; x_wconf 89' lang='lat' dir='ltr'><strong>dicitur</strong></span> <span class='ocrx_word' id='word_1_402' title='bbox 701 5097 987 5168; x_wconf 89' lang='lat' dir='ltr'><strong>scriptum,</strong></span> <span class='ocrx_word' id='word_1_403' title='bbox 1037 5099 1201 5153; x_wconf 90' lang='lat' dir='ltr'><strong>etiam</strong></span> <span class='ocrx_word' id='word_1_404' title='bbox 1240 5099 1298 5154; x_wconf 93' lang='lat' dir='ltr'><strong>in</strong></span> <span class='ocrx_word' id='word_1_405' title='bbox 1353 5117 1446 5156; x_wconf 92' lang='lat' dir='ltr'><strong>eos</strong></span> <span class='ocrx_word' id='word_1_406' title='bbox 1485 5107 1718 5155; x_wconf 90' lang='lat' dir='ltr'><strong>mortem</strong></span> <span class='ocrx_word' id='word_1_407' title='bbox 1764 5117 2035 5172; x_wconf 84' lang='lat' dir='ltr'><strong>regnasse,</strong></span> 
     </span>
    </p>
   </div>
   <div class='ocr_carea' id='block_1_55' title="bbox 447 5187 2038 5262">
    <p class='ocr_par' dir='ltr' id='par_1_55' title="bbox 447 5187 2038 5262">
     <span class='ocr_line' id='line_1_55' title="bbox 447 5187 2038 5262; baseline 0.003 -19"><span class='ocrx_word' id='word_1_408' title='bbox 447 5188 542 5262; x_wconf 90' lang='lat' dir='ltr'><strong>qui</strong></span> <span class='ocrx_word' id='word_1_409' title='bbox 608 5202 715 5242; x_wconf 91' lang='lat' dir='ltr'><strong>non</strong></span> <span class='ocrx_word' id='word_1_410' title='bbox 768 5195 1134 5258; x_wconf 85' lang='lat' dir='ltr'><strong>peccaverunt</strong></span> <span class='ocrx_word' id='word_1_411' title='bbox 1162 5187 1220 5242; x_wconf 91' lang='lat' dir='ltr'><strong>in</strong></span> <span class='ocrx_word' id='word_1_412' title='bbox 1267 5187 1689 5245; x_wconf 88' lang='lat' dir='ltr'><strong>similitudinem</strong></span> <span class='ocrx_word' id='word_1_413' title='bbox 1718 5191 2038 5262; x_wconf 65' lang='lat' dir='ltr'><strong>praevarica-</strong></span> 
     </span>
    </p>
   </div>
   <div class='ocr_carea' id='block_1_56' title="bbox 448 5276 2036 5353">
    <p class='ocr_par' dir='ltr' id='par_1_56' title="bbox 448 5276 2036 5353">
     <span class='ocr_line' id='line_1_56' title="bbox 448 5276 2036 5353; baseline 0.003 -19"><span class='ocrx_word' id='word_1_414' title='bbox 448 5277 616 5336; x_wconf 89' lang='lat' dir='ltr'><strong>tionis</strong></span> <span class='ocrx_word' id='word_1_415' title='bbox 699 5276 852 5335; x_wconf 70' lang='lat' dir='ltr'><strong>Adze.</strong></span> <span class='ocrx_word' id='word_1_416' title='bbox 886 5277 1080 5334; x_wconf 85' lang='lat' dir='ltr'><strong>Totum</strong></span> <span class='ocrx_word' id='word_1_417' title='bbox 1105 5278 1250 5334; x_wconf 91' lang='lat' dir='ltr'><strong>enim</strong></span> <span class='ocrx_word' id='word_1_418' title='bbox 1281 5277 1372 5336; x_wconf 92' lang='lat' dir='ltr'><strong>hic</strong></span> <span class='ocrx_word' id='word_1_419' title='bbox 1417 5282 1740 5353; x_wconf 88' lang='lat' dir='ltr'><strong>complexus</strong></span> <span class='ocrx_word' id='word_1_420' title='bbox 1795 5282 2036 5352; x_wconf 89' lang='lat' dir='ltr'><strong>videtur,</strong></span> 
     </span>
    </p>
   </div>
   <div class='ocr_carea' id='block_1_57' title="bbox 522 5402 2037 5476">
    <p class='ocr_par' dir='ltr' id='par_1_57' title="bbox 522 5402 2037 5476">
     <span class='ocr_line' id='line_1_57' title="bbox 522 5402 2037 5476; baseline 0.003 -16"><span class='ocrx_word' id='word_1_421' title='bbox 522 5405 638 5474; x_wconf 77' lang='grc'><strong>(34)</strong></span> <span class='ocrx_word' id='word_1_422' title='bbox 673 5406 876 5462; x_wconf 80' lang='lat' dir='ltr'><strong>Idcirco</strong></span> <span class='ocrx_word' id='word_1_423' title='bbox 928 5402 1272 5462; x_wconf 71' lang='lat' dir='ltr'><strong>(celabatur...</strong></span> <span class='ocrx_word' id='word_1_424' title='bbox 1314 5408 1534 5476; x_wconf 76' lang='lat' dir='ltr'><strong>effectos,</strong></span> <span class='ocrx_word' id='word_1_425' title='bbox 1564 5407 1750 5462; x_wconf 86' lang='lat' dir='ltr'><strong>deerat</strong></span> <span class='ocrx_word' id='word_1_426' title='bbox 1777 5407 1832 5462; x_wconf 91' lang='lat' dir='ltr'><strong>in</strong></span> <span class='ocrx_word' id='word_1_427' title='bbox 1861 5409 2037 5464; x_wconf 86' lang='lat' dir='ltr'><strong>omni-</strong></span> 
     </span>
    </p>
   </div>
   <div class='ocr_carea' id='block_1_58' title="bbox 448 5475 2037 5557">
    <p class='ocr_par' dir='ltr' id='par_1_58' title="bbox 448 5475 2037 5557">
     <span class='ocr_line' id='line_1_58' title="bbox 448 5475 2037 5557; baseline 0.004 -27"><span class='ocrx_word' id='word_1_428' title='bbox 448 5476 551 5557; x_wconf 80' lang='lat' dir='ltr'><strong>bus</strong></span> <span class='ocrx_word' id='word_1_429' title='bbox 579 5477 736 5544; x_wconf 90' lang='lat' dir='ltr'><strong>edit.,</strong></span> <span class='ocrx_word' id='word_1_430' title='bbox 768 5475 914 5550; x_wconf 90' lang='lat' dir='ltr'><strong>quod</strong></span> <span class='ocrx_word' id='word_1_431' title='bbox 946 5492 1047 5531; x_wconf 87' lang='lat' dir='ltr'><strong>nos</strong></span> <span class='ocrx_word' id='word_1_432' title='bbox 1115 5493 1282 5548; x_wconf 85' lang='lat' dir='ltr'><strong>prepe</strong></span> <span class='ocrx_word' id='word_1_433' title='bbox 1323 5493 1388 5533; x_wconf 87' lang='lat' dir='ltr'><strong>ex</strong></span> <span class='ocrx_word' id='word_1_434' title='bbox 1425 5477 1686 5532; x_wconf 90' lang='lat' dir='ltr'><strong>omnibus</strong></span> <span class='ocrx_word' id='word_1_435' title='bbox 1719 5495 1846 5534; x_wconf 87' lang='lat' dir='ltr'><strong>mss.</strong></span> <span class='ocrx_word' id='word_1_436' title='bbox 1883 5481 2037 5536; x_wconf 81' lang='lat' dir='ltr'><strong>resti-</strong></span> 
     </span>
    </p>
   </div>
   <div class='ocr_carea' id='block_1_59' title="bbox 447 5553 2037 5688">
    <p class='ocr_par' dir='ltr' id='par_1_59' title="bbox 447 5553 2037 5688">
     <span class='ocr_line' id='line_1_59' title="bbox 447 5553 2037 5688; baseline 0.001 -14"><span class='ocrx_word' id='word_1_437' title='bbox 447 5553 803 5688; x_wconf 53' lang='grc' dir='ltr'><strong>ω’(ιὲἓῗῖζοᾱ.</strong></span> <span class='ocrx_word' id='word_1_438' title='bbox 839 5619 1118 5685; x_wconf 82' lang='lat' dir='ltr'><strong>nonnulli,</strong></span> <span class='ocrx_word' id='word_1_439' title='bbox 1149 5619 1396 5674; x_wconf 74' lang='lat' dir='ltr'><strong>adventui</strong></span> <span class='ocrx_word' id='word_1_440' title='bbox 1429 5620 1726 5675; x_wconf 75' lang='lat' dir='ltr'><strong>Salvatoris</strong></span> <span class='ocrx_word' id='word_1_441' title='bbox 1756 5621 1811 5676; x_wconf 82' lang='lat' dir='ltr'><strong>in</strong></span> <span class='ocrx_word' id='word_1_442' title='bbox 1847 5621 2037 5677; x_wconf 82' lang='lat' dir='ltr'><strong>libera-</strong></span> 
     </span>
    </p>
   </div>
   <div class='ocr_carea' id='block_1_60' title="bbox 453 5689 2036 5761">
    <p class='ocr_par' dir='ltr' id='par_1_60' title="bbox 453 5689 2036 5761">
     <span class='ocr_line' id='line_1_60' title="bbox 453 5689 2036 5761; baseline 0.003 -17"><span class='ocrx_word' id='word_1_443' title='bbox 453 5689 681 5761; x_wconf 71' lang='lat' dir='ltr'><strong>tionem‘;</strong></span> <span class='ocrx_word' id='word_1_444' title='bbox 709 5689 802 5744; x_wconf 90' lang='lat' dir='ltr'><strong>alii</strong></span> <span class='ocrx_word' id='word_1_445' title='bbox 833 5706 987 5758; x_wconf 86' lang='lat' dir='ltr'><strong>vero,</strong></span> <span class='ocrx_word' id='word_1_446' title='bbox 1035 5699 1090 5745; x_wconf 91' lang='lat' dir='ltr'><strong>et</strong></span> <span class='ocrx_word' id='word_1_447' title='bbox 1117 5690 1253 5761; x_wconf 87' lang='lat' dir='ltr'><strong>edit.</strong></span> <span class='ocrx_word' id='word_1_448' title='bbox 1295 5689 1400 5744; x_wconf 89' lang='lat' dir='ltr'><strong>hoc</strong></span> <span class='ocrx_word' id='word_1_449' title='bbox 1444 5690 1590 5746; x_wconf 89' lang='lat' dir='ltr'><strong>inter</strong></span> <span class='ocrx_word' id='word_1_450' title='bbox 1633 5709 1688 5747; x_wconf 88' lang='lat' dir='ltr'><strong>se</strong></span> <span class='ocrx_word' id='word_1_451' title='bbox 1745 5691 2036 5761; x_wconf 84' lang='lat' dir='ltr'><strong>dissident,</strong></span> 
     </span>
    </p>
   </div>
   <div class='ocr_carea' id='block_1_61' title="bbox 449 5760 2034 5835">
    <p class='ocr_par' dir='ltr' id='par_1_61' title="bbox 449 5760 2034 5835">
     <span class='ocr_line' id='line_1_61' title="bbox 449 5760 2034 5835; baseline 0.001 -18"><span class='ocrx_word' id='word_1_452' title='bbox 449 5760 597 5835; x_wconf 86' lang='lat' dir='ltr'><strong>quod</strong></span> <span class='ocrx_word' id='word_1_453' title='bbox 639 5777 769 5817; x_wconf 89' lang='lat' dir='ltr'><strong>mss.</strong></span> <span class='ocrx_word' id='word_1_454' title='bbox 820 5777 928 5816; x_wconf 91' lang='lat' dir='ltr'><strong>non</strong></span> <span class='ocrx_word' id='word_1_455' title='bbox 977 5760 1160 5832; x_wconf 89' lang='lat' dir='ltr'><strong>pauci,</strong></span> <span class='ocrx_word' id='word_1_456' title='bbox 1219 5776 1284 5815; x_wconf 91' lang='lat' dir='ltr'><strong>ac</strong></span> <span class='ocrx_word' id='word_1_457' title='bbox 1335 5767 1444 5816; x_wconf 90' lang='lat' dir='ltr'><strong>vet.</strong></span> <span class='ocrx_word' id='word_1_458' title='bbox 1476 5761 1610 5818; x_wconf 91' lang='lat' dir='ltr'><strong>edit.</strong></span> <span class='ocrx_word' id='word_1_459' title='bbox 1660 5763 1913 5829; x_wconf 76' lang='lat' dir='ltr'><strong>efferunt,</strong></span> <span class='ocrx_word' id='word_1_460' title='bbox 1940 5760 2034 5818; x_wconf 49' lang='lat' dir='ltr'><strong>ad;</strong></span> 
     </span>
    </p>
   </div>
   <div class='ocr_carea' id='block_1_62' title="bbox 2133 617 3722 690">
    <p class='ocr_par' dir='ltr' id='par_1_62' title="bbox 2133 617 3722 690">
     <span class='ocr_line' id='line_1_62' title="bbox 2133 617 3722 690; baseline -0.004 -11"><span class='ocrx_word' id='word_1_461' title='bbox 2133 631 2214 679; x_wconf 90' lang='lat' dir='ltr'><strong>est</strong></span> <span class='ocrx_word' id='word_1_462' title='bbox 2265 622 2494 689; x_wconf 90' lang='lat' dir='ltr'><strong>diaboli,</strong></span> <span class='ocrx_word' id='word_1_463' title='bbox 2555 620 2718 675; x_wconf 90' lang='lat' dir='ltr'><strong>etiam</strong></span> <span class='ocrx_word' id='word_1_464' title='bbox 2770 619 2827 673; x_wconf 90' lang='lat' dir='ltr'><strong>in</strong></span> <span class='ocrx_word' id='word_1_465' title='bbox 2880 634 2972 672; x_wconf 92' lang='lat' dir='ltr'><strong>eos</strong></span> <span class='ocrx_word' id='word_1_466' title='bbox 3013 617 3108 690; x_wconf 90' lang='lat' dir='ltr'><strong>qui</strong></span> <span class='ocrx_word' id='word_1_467' title='bbox 3164 633 3276 673; x_wconf 90' lang='lat' dir='ltr'><strong>non</strong></span> <span class='ocrx_word' id='word_1_468' title='bbox 3333 627 3722 689; x_wconf 87' lang='lat' dir='ltr'><strong>peccaverunt,</strong></span> 
     </span>
    </p>
   </div>
   <div class='ocr_carea' id='block_1_63' title="bbox 2133 706 3722 784">
    <p class='ocr_par' dir='ltr' id='par_1_63' title="bbox 2133 706 3722 784">
     <span class='ocr_line' id='line_1_63' title="bbox 2133 706 3722 784; baseline -0.004 -16"><span class='ocrx_word' id='word_1_469' title='bbox 2133 727 2384 784; x_wconf 85' lang='lat' dir='ltr'><strong>regnasse</strong></span> <span class='ocrx_word' id='word_1_470' title='bbox 2414 718 2644 766; x_wconf 89' lang='lat' dir='ltr'><strong>mortem</strong></span> <span class='ocrx_word' id='word_1_471' title='bbox 2679 707 2856 774; x_wconf 88' lang='lat' dir='ltr'><strong>dicat;</strong></span> <span class='ocrx_word' id='word_1_472' title='bbox 2887 707 3201 762; x_wconf 89' lang='lat' dir='ltr'><strong>moriuntur</strong></span> <span class='ocrx_word' id='word_1_473' title='bbox 3229 707 3400 772; x_wconf 91' lang='lat' dir='ltr'><strong>enim,</strong></span> <span class='ocrx_word' id='word_1_474' title='bbox 3431 706 3578 780; x_wconf 91' lang='lat' dir='ltr'><strong>quod</strong></span> <span class='ocrx_word' id='word_1_475' title='bbox 3607 707 3722 763; x_wconf 88' lang='lat' dir='ltr'><strong>voti</strong></span> 
     </span>
    </p>
   </div>
   <div class='ocr_carea' id='block_1_64' title="bbox 2134 796 3724 868">
    <p class='ocr_par' dir='ltr' id='par_1_64' title="bbox 2134 796 3724 868">
     <span class='ocr_line' id='line_1_64' title="bbox 2134 796 3724 868; baseline -0.003 -11"><span class='ocrx_word' id='word_1_476' title='bbox 2134 809 2217 857; x_wconf 91' lang='lat' dir='ltr'><strong>est</strong></span> <span class='ocrx_word' id='word_1_477' title='bbox 2267 801 2499 856; x_wconf 65' lang='lat' dir='ltr'><strong>Satanm.</strong></span> <span class='ocrx_word' id='word_1_478' title='bbox 2556 797 2711 866; x_wconf 88' lang='lat' dir='ltr'><strong>Quod</strong></span> <span class='ocrx_word' id='word_1_479' title='bbox 2751 797 2796 852; x_wconf 92' lang='lat' dir='ltr'><strong>si</strong></span> <span class='ocrx_word' id='word_1_480' title='bbox 2855 813 3049 852; x_wconf 91' lang='lat' dir='ltr'><strong>verum</strong></span> <span class='ocrx_word' id='word_1_481' title='bbox 3101 804 3264 864; x_wconf 89' lang='lat' dir='ltr'><strong>esset,</strong></span> <span class='ocrx_word' id='word_1_482' title='bbox 3321 813 3433 851; x_wconf 90' lang='lat' dir='ltr'><strong>non</strong></span> <span class='ocrx_word' id='word_1_483' title='bbox 3477 796 3724 868; x_wconf 87' lang='lat' dir='ltr'><strong>oportuit</strong></span> 
     </span>
    </p>
   </div>
   <div class='ocr_carea' id='block_1_65' title="bbox 2135 886 3710 960">
    <p class='ocr_par' dir='ltr' id='par_1_65' title="bbox 2135 886 3710 960">
     <span class='ocr_line' id='line_1_65' title="bbox 2135 886 3710 960; baseline -0.001 -14"><span class='ocrx_word' id='word_1_484' title='bbox 2135 891 2244 946; x_wconf 92' lang='lat' dir='ltr'><strong>dici</strong></span> <span class='ocrx_word' id='word_1_485' title='bbox 2271 909 2282 946; x_wconf 93' lang='lat'><strong>:</strong></span> <span class='ocrx_word' id='word_1_486' title='bbox 2331 915 2348 936; x_wconf 75' lang='grc' dir='ltr'><strong>ε</strong></span> <span class='ocrx_word' id='word_1_487' title='bbox 2371 889 2812 960; x_wconf 80' lang='lat' dir='ltr'><strong>Regnavit-mors</strong></span> <span class='ocrx_word' id='word_1_488' title='bbox 2841 887 2908 941; x_wconf 89' lang='lat' dir='ltr'><strong>ab</strong></span> <span class='ocrx_word' id='word_1_489' title='bbox 2938 887 3110 942; x_wconf 83' lang='lat' dir='ltr'><strong>Adam</strong></span> <span class='ocrx_word' id='word_1_490' title='bbox 3143 903 3314 959; x_wconf 86' lang='lat' dir='ltr'><strong>usque</strong></span> <span class='ocrx_word' id='word_1_491' title='bbox 3342 886 3409 941; x_wconf 92' lang='lat' dir='ltr'><strong>ad</strong></span> <span class='ocrx_word' id='word_1_492' title='bbox 3439 887 3710 958; x_wconf 84' lang='lat' dir='ltr'><strong>Moysen:-</strong></span> 
     </span>
    </p>
   </div>
   <div class='ocr_carea' id='block_1_66' title="bbox 2137 976 3728 1051">
    <p class='ocr_par' dir='ltr' id='par_1_66' title="bbox 2137 976 3728 1051">
     <span class='ocr_line' id='line_1_66' title="bbox 2137 976 3728 1051; baseline -0.003 -16"><span class='ocrx_word' id='word_1_493' title='bbox 2137 981 2182 1036; x_wconf 91' lang='lat' dir='ltr'><strong>si</strong></span> <span class='ocrx_word' id='word_1_494' title='bbox 2208 981 2274 1035; x_wconf 89' lang='lat' dir='ltr'><strong>ab</strong></span> <span class='ocrx_word' id='word_1_495' title='bbox 2323 979 2485 1035; x_wconf 92' lang='lat' dir='ltr'><strong>initio</strong></span> <span class='ocrx_word' id='word_1_496' title='bbox 2538 993 2709 1051; x_wconf 88' lang='lat' dir='ltr'><strong>usque</strong></span> <span class='ocrx_word' id='word_1_497' title='bbox 2738 977 2805 1032; x_wconf 89' lang='lat' dir='ltr'><strong>ad</strong></span> <span class='ocrx_word' id='word_1_498' title='bbox 2836 976 3000 1032; x_wconf 84' lang='lat' dir='ltr'><strong>ﬁnem</strong></span> <span class='ocrx_word' id='word_1_499' title='bbox 3043 985 3232 1048; x_wconf 88' lang='lat' dir='ltr'><strong>regnat</strong></span> <span class='ocrx_word' id='word_1_500' title='bbox 3283 977 3338 1031; x_wconf 92' lang='lat' dir='ltr'><strong>in</strong></span> <span class='ocrx_word' id='word_1_501' title='bbox 3370 993 3578 1032; x_wconf 91' lang='lat' dir='ltr'><strong>omnes.</strong></span> <span class='ocrx_word' id='word_1_502' title='bbox 3613 978 3728 1032; x_wconf 85' lang='lat' dir='ltr'><strong>Aut</strong></span> 
     </span>
    </p>
   </div>
   <div class='ocr_carea' id='block_1_67' title="bbox 2137 1064 3726 1141">
    <p class='ocr_par' dir='ltr' id='par_1_67' title="bbox 2137 1064 3726 1141">
     <span class='ocr_line' id='line_1_67' title="bbox 2137 1064 3726 1141; baseline -0.001 -17"><span class='ocrx_word' id='word_1_503' title='bbox 2137 1070 2278 1124; x_wconf 84' lang='lat' dir='ltr'><strong>forte</strong></span> <span class='ocrx_word' id='word_1_504' title='bbox 2315 1069 2514 1141; x_wconf 89' lang='lat' dir='ltr'><strong>gradus</strong></span> <span class='ocrx_word' id='word_1_505' title='bbox 2566 1067 2718 1135; x_wconf 88' lang='lat' dir='ltr'><strong>fecit,</strong></span> <span class='ocrx_word' id='word_1_506' title='bbox 2748 1075 2809 1122; x_wconf 92' lang='lat' dir='ltr'><strong>ut</strong></span> <span class='ocrx_word' id='word_1_507' title='bbox 2863 1066 2930 1122; x_wconf 91' lang='lat' dir='ltr'><strong>ab</strong></span> <span class='ocrx_word' id='word_1_508' title='bbox 2973 1064 3148 1120; x_wconf 89' lang='lat' dir='ltr'><strong>Adam</strong></span> <span class='ocrx_word' id='word_1_509' title='bbox 3191 1083 3363 1138; x_wconf 87' lang='lat' dir='ltr'><strong>usque</strong></span> <span class='ocrx_word' id='word_1_510' title='bbox 3393 1065 3462 1120; x_wconf 93' lang='lat' dir='ltr'><strong>ad</strong></span> <span class='ocrx_word' id='word_1_511' title='bbox 3500 1067 3726 1138; x_wconf 82' lang='lat' dir='ltr'><strong>Moysen</strong></span> 
     </span>
    </p>
   </div>
   <div class='ocr_carea' id='block_1_68' title="bbox 2138 1156 3727 1231">
    <p class='ocr_par' dir='ltr' id='par_1_68' title="bbox 2138 1156 3727 1231">
     <span class='ocr_line' id='line_1_68' title="bbox 2138 1156 3727 1231; baseline 0 -17"><span class='ocrx_word' id='word_1_512' title='bbox 2138 1159 2468 1231; x_wconf 84' lang='lat' dir='ltr'><strong>regnaverit,</strong></span> <span class='ocrx_word' id='word_1_513' title='bbox 2500 1165 2553 1214; x_wconf 92' lang='lat' dir='ltr'><strong>et</strong></span> <span class='ocrx_word' id='word_1_514' title='bbox 2575 1175 2606 1213; x_wconf 90' lang='lat' dir='ltr'><strong>a</strong></span> <span class='ocrx_word' id='word_1_515' title='bbox 2621 1159 2808 1229; x_wconf 87' lang='lat' dir='ltr'><strong>Moyse</strong></span> <span class='ocrx_word' id='word_1_516' title='bbox 2833 1174 3004 1230; x_wconf 91' lang='lat' dir='ltr'><strong>usque</strong></span> <span class='ocrx_word' id='word_1_517' title='bbox 3024 1156 3092 1212; x_wconf 91' lang='lat' dir='ltr'><strong>ad</strong></span> <span class='ocrx_word' id='word_1_518' title='bbox 3120 1157 3424 1225; x_wconf 89' lang='lat' dir='ltr'><strong>Christum,</strong></span> <span class='ocrx_word' id='word_1_519' title='bbox 3453 1175 3483 1214; x_wconf 91' lang='lat' dir='ltr'><strong>a</strong></span> <span class='ocrx_word' id='word_1_520' title='bbox 3505 1157 3727 1215; x_wconf 85' lang='lat' dir='ltr'><strong>Christo</strong></span> 
     </span>
    </p>
   </div>
   <div class='ocr_carea' id='block_1_69' title="bbox 2137 1245 3728 1320">
    <p class='ocr_par' dir='ltr' id='par_1_69' title="bbox 2137 1245 3728 1320">
     <span class='ocr_line' id='line_1_69' title="bbox 2137 1245 3728 1320; baseline -0.001 -16"><span class='ocrx_word' id='word_1_521' title='bbox 2137 1265 2268 1304; x_wconf 89' lang='lat' dir='ltr'><strong>vero</strong></span> <span class='ocrx_word' id='word_1_522' title='bbox 2297 1263 2469 1320; x_wconf 87' lang='lat' dir='ltr'><strong>usque</strong></span> <span class='ocrx_word' id='word_1_523' title='bbox 2497 1246 2566 1302; x_wconf 90' lang='lat' dir='ltr'><strong>ad</strong></span> <span class='ocrx_word' id='word_1_524' title='bbox 2617 1247 2820 1312; x_wconf 84' lang='lat' dir='ltr'><strong>finem;</strong></span> <span class='ocrx_word' id='word_1_525' title='bbox 2862 1253 2925 1300; x_wconf 88' lang='lat' dir='ltr'><strong>ut</strong></span> <span class='ocrx_word' id='word_1_526' title='bbox 2973 1245 3040 1300; x_wconf 89' lang='lat' dir='ltr'><strong>ad</strong></span> <span class='ocrx_word' id='word_1_527' title='bbox 3075 1263 3238 1318; x_wconf 90' lang='lat' dir='ltr'><strong>quam</strong></span> <span class='ocrx_word' id='word_1_528' title='bbox 3269 1247 3568 1302; x_wconf 88' lang='lat' dir='ltr'><strong>utilitatem</strong></span> <span class='ocrx_word' id='word_1_529' title='bbox 3605 1246 3728 1303; x_wconf 73' lang='lat' dir='ltr'><strong>haec</strong></span> 
     </span>
    </p>
   </div>
   <div class='ocr_carea' id='block_1_70' title="bbox 2137 1336 3725 1410">
    <p class='ocr_par' dir='ltr' id='par_1_70' title="bbox 2137 1336 3725 1410">
     <span class='ocr_line' id='line_1_70' title="bbox 2137 1336 3725 1410; baseline 0 -16"><span class='ocrx_word' id='word_1_530' title='bbox 2137 1338 2344 1394; x_wconf 90' lang='lat' dir='ltr'><strong>locutio</strong></span> <span class='ocrx_word' id='word_1_531' title='bbox 2393 1337 2698 1410; x_wconf 79' lang='lat' dir='ltr'><strong>proficeret,</strong></span> <span class='ocrx_word' id='word_1_532' title='bbox 2747 1353 2871 1392; x_wconf 90' lang='lat' dir='ltr'><strong>cum</strong></span> <span class='ocrx_word' id='word_1_533' title='bbox 2930 1352 3034 1392; x_wconf 91' lang='lat' dir='ltr'><strong>nec</strong></span> <span class='ocrx_word' id='word_1_534' title='bbox 3059 1336 3140 1392; x_wconf 92' lang='lat' dir='ltr'><strong>sic</strong></span> <span class='ocrx_word' id='word_1_535' title='bbox 3194 1336 3412 1393; x_wconf 91' lang='lat' dir='ltr'><strong>locutus</strong></span> <span class='ocrx_word' id='word_1_536' title='bbox 3441 1337 3725 1409; x_wconf 88' lang='lat' dir='ltr'><strong>probetur.</strong></span> 
     </span>
    </p>
   </div>
   <div class='ocr_carea' id='block_1_71' title="bbox 2134 1425 3729 1499">
    <p class='ocr_par' dir='ltr' id='par_1_71' title="bbox 2134 1425 3729 1499">
     <span class='ocr_line' id='line_1_71' title="bbox 2134 1425 3729 1499; baseline -0.001 -16"><span class='ocrx_word' id='word_1_537' title='bbox 2134 1427 2290 1483; x_wconf 86' lang='lat' dir='ltr'><strong>Dixit</strong></span> <span class='ocrx_word' id='word_1_538' title='bbox 2318 1427 2467 1484; x_wconf 90' lang='lat' dir='ltr'><strong>enim</strong></span> <span class='ocrx_word' id='word_1_539' title='bbox 2495 1443 2505 1482; x_wconf 96' lang='lat'><strong>:</strong></span> <span class='ocrx_word' id='word_1_540' title='bbox 2573 1451 2590 1473; x_wconf 76' lang='grc' dir='ltr'>ι</span> <span class='ocrx_word' id='word_1_541' title='bbox 2618 1425 2703 1482; x_wconf 85' lang='lat' dir='ltr'><strong>Ab</strong></span> <span class='ocrx_word' id='word_1_542' title='bbox 2750 1425 2924 1480; x_wconf 87' lang='lat' dir='ltr'><strong>Adam</strong></span> <span class='ocrx_word' id='word_1_543' title='bbox 2976 1425 3227 1497; x_wconf 88' lang='lat' dir='ltr'><strong>regnavit</strong></span> <span class='ocrx_word' id='word_1_544' title='bbox 3258 1442 3404 1482; x_wconf 91' lang='lat' dir='ltr'><strong>mors</strong></span> <span class='ocrx_word' id='word_1_545' title='bbox 3453 1443 3626 1499; x_wconf 90' lang='lat' dir='ltr'><strong>usque</strong></span> <span class='ocrx_word' id='word_1_546' title='bbox 3658 1426 3729 1482; x_wconf 92' lang='lat' dir='ltr'><strong>ad</strong></span> 
     </span>
    </p>
   </div>
   <div class='ocr_carea' id='block_1_72' title="bbox 2137 1513 3727 1587">
    <p class='ocr_par' dir='ltr' id='par_1_72' title="bbox 2137 1513 3727 1587">
     <span class='ocr_line' id='line_1_72' title="bbox 2137 1513 3727 1587; baseline 0.001 -16"><span class='ocrx_word' id='word_1_547' title='bbox 2137 1517 2387 1587; x_wconf 83' lang='lat' dir='ltr'><strong>Moysen,</strong></span> <span class='ocrx_word' id='word_1_548' title='bbox 2414 1541 2432 1562; x_wconf 77' lang='grc' dir='ltr'><strong><em>ι</em></strong></span> <span class='ocrx_word' id='word_1_549' title='bbox 2477 1523 2698 1587; x_wconf 89' lang='lat' dir='ltr'><strong>propter</strong></span> <span class='ocrx_word' id='word_1_550' title='bbox 2751 1513 2899 1587; x_wconf 90' lang='lat' dir='ltr'><strong>quod</strong></span> <span class='ocrx_word' id='word_1_551' title='bbox 2947 1514 3036 1570; x_wconf 90' lang='lat' dir='ltr'><strong>lex</strong></span> <span class='ocrx_word' id='word_1_552' title='bbox 3069 1531 3179 1570; x_wconf 92' lang='lat' dir='ltr'><strong>non</strong></span> <span class='ocrx_word' id='word_1_553' title='bbox 3211 1524 3328 1572; x_wconf 91' lang='lat' dir='ltr'><strong>erat</strong></span> <span class='ocrx_word' id='word_1_554' title='bbox 3357 1515 3727 1582; x_wconf 88' lang='lat' dir='ltr'><strong>manifestata,</strong></span> 
     </span>
    </p>
   </div>
   <div class='ocr_carea' id='block_1_73' title="bbox 2137 1603 3732 1676">
    <p class='ocr_par' dir='ltr' id='par_1_73' title="bbox 2137 1603 3732 1676">
     <span class='ocr_line' id='line_1_73' title="bbox 2137 1603 3732 1676; baseline -0.001 -15"><span class='ocrx_word' id='word_1_555' title='bbox 2137 1614 2199 1662; x_wconf 91' lang='lat' dir='ltr'><strong>ut</strong></span> <span class='ocrx_word' id='word_1_556' title='bbox 2225 1605 2352 1661; x_wconf 89' lang='lat' dir='ltr'><strong>data</strong></span> <span class='ocrx_word' id='word_1_557' title='bbox 2380 1605 2518 1676; x_wconf 86' lang='lat' dir='ltr'><strong>lege,</strong></span> <span class='ocrx_word' id='word_1_558' title='bbox 2550 1604 2652 1660; x_wconf 91' lang='lat' dir='ltr'><strong>sub</strong></span> <span class='ocrx_word' id='word_1_559' title='bbox 2686 1604 3011 1661; x_wconf 88' lang='lat' dir='ltr'><strong>auctoritate</strong></span> <span class='ocrx_word' id='word_1_560' title='bbox 3040 1603 3157 1676; x_wconf 91' lang='lat' dir='ltr'><strong>ejus</strong></span> <span class='ocrx_word' id='word_1_561' title='bbox 3192 1603 3465 1674; x_wconf 88' lang='lat' dir='ltr'><strong>viverent,</strong></span> <span class='ocrx_word' id='word_1_562' title='bbox 3497 1605 3732 1663; x_wconf 87' lang='lat' dir='ltr'><strong>scientes</strong></span> 
     </span>
    </p>
   </div>
   <div class='ocr_carea' id='block_1_74' title="bbox 2138 1692 3728 1768">
    <p class='ocr_par' dir='ltr' id='par_1_74' title="bbox 2138 1692 3728 1768">
     <span class='ocr_line' id='line_1_74' title="bbox 2138 1692 3728 1768; baseline -0.001 -18"><span class='ocrx_word' id='word_1_563' title='bbox 2138 1694 2270 1768; x_wconf 91' lang='lat' dir='ltr'><strong>quid</strong></span> <span class='ocrx_word' id='word_1_564' title='bbox 2299 1703 2577 1759; x_wconf 88' lang='lat' dir='ltr'><strong>caverent,</strong></span> <span class='ocrx_word' id='word_1_565' title='bbox 2609 1709 2676 1749; x_wconf 92' lang='lat' dir='ltr'><strong>ne</strong></span> <span class='ocrx_word' id='word_1_566' title='bbox 2729 1701 2979 1765; x_wconf 89' lang='lat' dir='ltr'><strong>regnaret</strong></span> <span class='ocrx_word' id='word_1_567' title='bbox 3018 1692 3074 1748; x_wconf 90' lang='lat' dir='ltr'><strong>in</strong></span> <span class='ocrx_word' id='word_1_568' title='bbox 3105 1710 3195 1749; x_wconf 91' lang='lat' dir='ltr'><strong>eos</strong></span> <span class='ocrx_word' id='word_1_569' title='bbox 3225 1711 3390 1750; x_wconf 91' lang='lat' dir='ltr'><strong>mors.</strong></span> <span class='ocrx_word' id='word_1_570' title='bbox 3424 1695 3596 1766; x_wconf 88' lang='lat' dir='ltr'><strong>Igitur</strong></span> <span class='ocrx_word' id='word_1_571' title='bbox 3633 1695 3728 1767; x_wconf 88' lang='lat' dir='ltr'><strong>qui</strong></span> 
     </span>
    </p>
   </div>
   <div class='ocr_carea' id='block_1_75' title="bbox 2137 1782 3734 1858">
    <p class='ocr_par' dir='ltr' id='par_1_75' title="bbox 2137 1782 3734 1858">
     <span class='ocr_line' id='line_1_75' title="bbox 2137 1782 3734 1858; baseline -0.001 -17"><span class='ocrx_word' id='word_1_572' title='bbox 2137 1793 2264 1841; x_wconf 91' lang='lat' dir='ltr'><strong>ante</strong></span> <span class='ocrx_word' id='word_1_573' title='bbox 2293 1787 2465 1858; x_wconf 89' lang='lat' dir='ltr'><strong>legem</strong></span> <span class='ocrx_word' id='word_1_574' title='bbox 2492 1785 2598 1840; x_wconf 91' lang='lat' dir='ltr'><strong>hoc</strong></span> <span class='ocrx_word' id='word_1_575' title='bbox 2644 1783 2908 1850; x_wconf 87' lang='lat' dir='ltr'><strong>servavit,</strong></span> <span class='ocrx_word' id='word_1_576' title='bbox 2945 1789 3141 1839; x_wconf 89' lang='lat' dir='ltr'><strong>natura</strong></span> <span class='ocrx_word' id='word_1_577' title='bbox 3168 1782 3328 1852; x_wconf 89' lang='lat' dir='ltr'><strong>duce,</strong></span> <span class='ocrx_word' id='word_1_578' title='bbox 3365 1784 3511 1857; x_wconf 91' lang='lat' dir='ltr'><strong>quod</strong></span> <span class='ocrx_word' id='word_1_579' title='bbox 3541 1793 3734 1856; x_wconf 87' lang='lat' dir='ltr'><strong>postea</strong></span> 
     </span>
    </p>
   </div>
   <div class='ocr_carea' id='block_1_76' title="bbox 2061 1871 3731 1966">
    <p class='ocr_par' dir='ltr' id='par_1_76' title="bbox 2061 1871 3731 1966">
     <span class='ocr_line' id='line_1_76' title="bbox 2061 1871 3731 1966; baseline -0.001 -35"><span class='ocrx_word' id='word_1_580' title='bbox 2061 1907 2108 1966; x_wconf 80' lang='grc' dir='ltr'>Β</span> <span class='ocrx_word' id='word_1_581' title='bbox 2141 1877 2229 1930; x_wconf 87' lang='lat' dir='ltr'><strong>lex</strong></span> <span class='ocrx_word' id='word_1_582' title='bbox 2296 1875 2601 1943; x_wconf 89' lang='lat' dir='ltr'><strong>mandavit,</strong></span> <span class='ocrx_word' id='word_1_583' title='bbox 2632 1873 2906 1946; x_wconf 91' lang='lat' dir='ltr'><strong>numquid</strong></span> <span class='ocrx_word' id='word_1_584' title='bbox 2937 1880 3117 1944; x_wconf 88' lang='lat' dir='ltr'><strong>potest</strong></span> <span class='ocrx_word' id='word_1_585' title='bbox 3163 1871 3275 1928; x_wconf 90' lang='lat' dir='ltr'><strong>dici</strong></span> <span class='ocrx_word' id='word_1_586' title='bbox 3305 1875 3436 1946; x_wconf 88' lang='lat' dir='ltr'><strong>quia</strong></span> <span class='ocrx_word' id='word_1_587' title='bbox 3464 1891 3611 1930; x_wconf 88' lang='lat' dir='ltr'><strong>mors</strong></span> <span class='ocrx_word' id='word_1_588' title='bbox 3641 1891 3731 1930; x_wconf 90' lang='lat' dir='ltr'><strong>re-</strong></span> 
     </span>
    </p>
   </div>
   <div class='ocr_carea' id='block_1_77' title="bbox 2139 1961 3725 2036">
    <p class='ocr_par' dir='ltr' id='par_1_77' title="bbox 2139 1961 3725 2036">
     <span class='ocr_line' id='line_1_77' title="bbox 2139 1961 3725 2036; baseline 0.001 -18"><span class='ocrx_word' id='word_1_589' title='bbox 2139 1964 2328 2036; x_wconf 89' lang='lat' dir='ltr'><strong>gnavit</strong></span> <span class='ocrx_word' id='word_1_590' title='bbox 2349 1965 2406 2019; x_wconf 91' lang='lat' dir='ltr'><strong>in</strong></span> <span class='ocrx_word' id='word_1_591' title='bbox 2437 1979 2562 2019; x_wconf 90' lang='lat' dir='ltr'><strong>eum</strong></span> <span class='ocrx_word' id='word_1_592' title='bbox 2590 1963 2618 2018; x_wconf 74' lang='lat' dir='ltr'><strong>‘l</strong></span> <span class='ocrx_word' id='word_1_593' title='bbox 2655 1965 2791 2019; x_wconf 87' lang='lat' dir='ltr'><strong>Nam</strong></span> <span class='ocrx_word' id='word_1_594' title='bbox 2813 1961 2942 2018; x_wconf 88' lang='lat' dir='ltr'><strong>vide</strong></span> <span class='ocrx_word' id='word_1_595' title='bbox 2973 1961 3106 2034; x_wconf 91' lang='lat' dir='ltr'><strong>quid</strong></span> <span class='ocrx_word' id='word_1_596' title='bbox 3136 1961 3204 2019; x_wconf 90' lang='lat' dir='ltr'><strong>de</strong></span> <span class='ocrx_word' id='word_1_597' title='bbox 3235 1978 3300 2019; x_wconf 90' lang='lat' dir='ltr'><strong>eo</strong></span> <span class='ocrx_word' id='word_1_598' title='bbox 3331 1964 3598 2035; x_wconf 88' lang='lat' dir='ltr'><strong>scriptum</strong></span> <span class='ocrx_word' id='word_1_599' title='bbox 3615 1964 3687 2021; x_wconf 89' lang='lat' dir='ltr'><strong>sit</strong></span> <span class='ocrx_word' id='word_1_600' title='bbox 3715 1983 3725 2020; x_wconf 91' lang='lat'><strong>:</strong></span> 
     </span>
    </p>
   </div>
   <div class='ocr_carea' id='block_1_78' title="bbox 2155 2051 3730 2123">
    <p class='ocr_par' dir='ltr' id='par_1_78' title="bbox 2155 2051 3730 2123">
     <span class='ocr_line' id='line_1_78' title="bbox 2155 2051 3730 2123; baseline 0.001 -17"><span class='ocrx_word' id='word_1_601' title='bbox 2155 2079 2170 2099; x_wconf 79' lang='grc' dir='ltr'><strong>ε</strong></span> <span class='ocrx_word' id='word_1_602' title='bbox 2202 2053 2512 2118; x_wconf 88' lang='lat' dir='ltr'><strong>Peccatum,</strong></span> <span class='ocrx_word' id='word_1_603' title='bbox 2545 2051 2750 2123; x_wconf 90' lang='lat' dir='ltr'><strong>inquit,</strong></span> <span class='ocrx_word' id='word_1_604' title='bbox 2779 2067 2892 2106; x_wconf 90' lang='lat' dir='ltr'><strong>non</strong></span> <span class='ocrx_word' id='word_1_605' title='bbox 2922 2051 3319 2122; x_wconf 89' lang='lat' dir='ltr'><strong>imputabatur,</strong></span> <span class='ocrx_word' id='word_1_606' title='bbox 3351 2069 3475 2109; x_wconf 91' lang='lat' dir='ltr'><strong>cum</strong></span> <span class='ocrx_word' id='word_1_607' title='bbox 3498 2053 3589 2108; x_wconf 88' lang='lat' dir='ltr'><strong>lex</strong></span> <span class='ocrx_word' id='word_1_608' title='bbox 3618 2069 3730 2108; x_wconf 91' lang='lat' dir='ltr'><strong>non</strong></span> 
     </span>
    </p>
   </div>
   <div class='ocr_carea' id='block_1_79' title="bbox 2140 2139 3728 2212">
    <p class='ocr_par' dir='ltr' id='par_1_79' title="bbox 2140 2139 3728 2212">
     <span class='ocr_line' id='line_1_79' title="bbox 2140 2139 3728 2212; baseline 0.001 -16"><span class='ocrx_word' id='word_1_609' title='bbox 2140 2151 2320 2208; x_wconf 89' lang='lat' dir='ltr'><strong>esset;</strong></span> <span class='ocrx_word' id='word_1_610' title='bbox 2352 2167 2369 2189; x_wconf 77' lang='grc' dir='ltr'><strong><em>ι</em></strong></span> <span class='ocrx_word' id='word_1_611' title='bbox 2405 2148 2458 2195; x_wconf 93' lang='lat' dir='ltr'><strong>et</strong></span> <span class='ocrx_word' id='word_1_612' title='bbox 2509 2139 2744 2210; x_wconf 90' lang='lat' dir='ltr'><strong>adjecit:</strong></span> <span class='ocrx_word' id='word_1_613' title='bbox 2802 2165 2820 2185; x_wconf 76' lang='grc' dir='ltr'><strong>ε</strong></span> <span class='ocrx_word' id='word_1_614' title='bbox 2851 2139 2955 2194; x_wconf 90' lang='lat' dir='ltr'><strong>Sed</strong></span> <span class='ocrx_word' id='word_1_615' title='bbox 2977 2141 3228 2212; x_wconf 86' lang='lat' dir='ltr'><strong>regnavit</strong></span> <span class='ocrx_word' id='word_1_616' title='bbox 3266 2157 3413 2197; x_wconf 89' lang='lat' dir='ltr'><strong>mors</strong></span> <span class='ocrx_word' id='word_1_617' title='bbox 3441 2141 3508 2197; x_wconf 89' lang='lat' dir='ltr'><strong>ab</strong></span> <span class='ocrx_word' id='word_1_618' title='bbox 3555 2141 3728 2197; x_wconf 86' lang='lat' dir='ltr'><strong>Adam</strong></span> 
     </span>
    </p>
   </div>
   <div class='ocr_carea' id='block_1_80' title="bbox 2141 2227 3731 2303">
    <p class='ocr_par' dir='ltr' id='par_1_80' title="bbox 2141 2227 3731 2303">
     <span class='ocr_line' id='line_1_80' title="bbox 2141 2227 3731 2303; baseline 0 -18"><span class='ocrx_word' id='word_1_619' title='bbox 2141 2246 2313 2303; x_wconf 90' lang='lat' dir='ltr'><strong>usque</strong></span> <span class='ocrx_word' id='word_1_620' title='bbox 2341 2229 2408 2285; x_wconf 91' lang='lat' dir='ltr'><strong>ad</strong></span> <span class='ocrx_word' id='word_1_621' title='bbox 2428 2229 2675 2300; x_wconf 82' lang='lat' dir='ltr'><strong>Moysen,</strong></span> <span class='ocrx_word' id='word_1_622' title='bbox 2708 2253 2725 2274; x_wconf 79' lang='grc' dir='ltr'><strong>ι</strong></span> <span class='ocrx_word' id='word_1_623' title='bbox 2766 2244 2832 2284; x_wconf 90' lang='lat' dir='ltr'><strong>eo</strong></span> <span class='ocrx_word' id='word_1_624' title='bbox 2860 2227 3051 2300; x_wconf 90' lang='lat' dir='ltr'><strong>utique</strong></span> <span class='ocrx_word' id='word_1_625' title='bbox 3077 2236 3344 2300; x_wconf 89' lang='lat' dir='ltr'><strong>tempore,</strong></span> <span class='ocrx_word' id='word_1_626' title='bbox 3369 2245 3479 2301; x_wconf 91' lang='lat' dir='ltr'><strong>quo</strong></span> <span class='ocrx_word' id='word_1_627' title='bbox 3501 2230 3589 2284; x_wconf 92' lang='lat' dir='ltr'><strong>lex</strong></span> <span class='ocrx_word' id='word_1_628' title='bbox 3619 2245 3731 2285; x_wconf 89' lang='lat' dir='ltr'><strong>non</strong></span> 
     </span>
    </p>
   </div>
   <div class='ocr_carea' id='block_1_81' title="bbox 2140 2318 3731 2390">
    <p class='ocr_par' dir='ltr' id='par_1_81' title="bbox 2140 2318 3731 2390">
     <span class='ocr_line' id='line_1_81' title="bbox 2140 2318 3731 2390; baseline -0.001 -13"><span class='ocrx_word' id='word_1_629' title='bbox 2140 2330 2292 2388; x_wconf 89' lang='lat' dir='ltr'><strong>erat;</strong></span> <span class='ocrx_word' id='word_1_630' title='bbox 2325 2327 2379 2376; x_wconf 92' lang='lat' dir='ltr'><strong>et</strong></span> <span class='ocrx_word' id='word_1_631' title='bbox 2405 2318 2666 2374; x_wconf 91' lang='lat' dir='ltr'><strong>convenit</strong></span> <span class='ocrx_word' id='word_1_632' title='bbox 2711 2327 2775 2374; x_wconf 91' lang='lat' dir='ltr'><strong>ut</strong></span> <span class='ocrx_word' id='word_1_633' title='bbox 2803 2318 2934 2390; x_wconf 92' lang='lat' dir='ltr'><strong>quia</strong></span> <span class='ocrx_word' id='word_1_634' title='bbox 2993 2327 3284 2390; x_wconf 89' lang='lat' dir='ltr'><strong>antequam</strong></span> <span class='ocrx_word' id='word_1_635' title='bbox 3349 2319 3438 2374; x_wconf 87' lang='lat' dir='ltr'><strong>lex</strong></span> <span class='ocrx_word' id='word_1_636' title='bbox 3485 2318 3731 2388; x_wconf 90' lang='lat' dir='ltr'><strong>daretur,</strong></span> 
     </span>
    </p>
   </div>
   <div class='ocr_carea' id='block_1_82' title="bbox 2141 2406 3732 2480">
    <p class='ocr_par' dir='ltr' id='par_1_82' title="bbox 2141 2406 3732 2480">
     <span class='ocr_line' id='line_1_82' title="bbox 2141 2406 3732 2480; baseline 0 -16"><span class='ocrx_word' id='word_1_637' title='bbox 2141 2426 2290 2465; x_wconf 90' lang='lat' dir='ltr'><strong>mors</strong></span> <span class='ocrx_word' id='word_1_638' title='bbox 2319 2407 2591 2480; x_wconf 87' lang='lat' dir='ltr'><strong>regnavit,</strong></span> <span class='ocrx_word' id='word_1_639' title='bbox 2640 2406 2695 2461; x_wconf 89' lang='lat' dir='ltr'><strong>in</strong></span> <span class='ocrx_word' id='word_1_640' title='bbox 2726 2423 2818 2462; x_wconf 91' lang='lat' dir='ltr'><strong>eos</strong></span> <span class='ocrx_word' id='word_1_641' title='bbox 2852 2422 3103 2478; x_wconf 89' lang='lat' dir='ltr'><strong>regnasse</strong></span> <span class='ocrx_word' id='word_1_642' title='bbox 3131 2407 3368 2475; x_wconf 89' lang='lat' dir='ltr'><strong>dicatur,</strong></span> <span class='ocrx_word' id='word_1_643' title='bbox 3405 2407 3499 2480; x_wconf 88' lang='lat' dir='ltr'><strong>qui</strong></span> <span class='ocrx_word' id='word_1_644' title='bbox 3529 2424 3732 2480; x_wconf 87' lang='lat' dir='ltr'><strong>pecca-</strong></span> 
     </span>
    </p>
   </div>
   <div class='ocr_carea' id='block_1_83' title="bbox 2143 2497 3735 2570">
    <p class='ocr_par' dir='ltr' id='par_1_83' title="bbox 2143 2497 3735 2570">
     <span class='ocr_line' id='line_1_83' title="bbox 2143 2497 3735 2570; baseline 0.001 -14"><span class='ocrx_word' id='word_1_645' title='bbox 2143 2507 2342 2558; x_wconf 89' lang='lat' dir='ltr'><strong>verunt</strong></span> <span class='ocrx_word' id='word_1_646' title='bbox 2373 2501 2429 2556; x_wconf 91' lang='lat' dir='ltr'><strong>in</strong></span> <span class='ocrx_word' id='word_1_647' title='bbox 2459 2498 2885 2555; x_wconf 90' lang='lat' dir='ltr'><strong>similitudinem</strong></span> <span class='ocrx_word' id='word_1_648' title='bbox 2915 2497 3386 2570; x_wconf 77' lang='lat' dir='ltr'><strong>praevaricationis</strong></span> <span class='ocrx_word' id='word_1_649' title='bbox 3407 2499 3559 2568; x_wconf 84' lang='lat' dir='ltr'><strong>Adae,</strong></span> <span class='ocrx_word' id='word_1_650' title='bbox 3587 2501 3735 2557; x_wconf 92' lang='lat' dir='ltr'><strong>sicut</strong></span> 
     </span>
    </p>
   </div>
   <div class='ocr_carea' id='block_1_84' title="bbox 2142 2588 3732 2660">
    <p class='ocr_par' dir='ltr' id='par_1_84' title="bbox 2142 2588 3732 2660">
     <span class='ocr_line' id='line_1_84' title="bbox 2142 2588 3732 2660; baseline 0.002 -16"><span class='ocrx_word' id='word_1_651' title='bbox 2142 2605 2307 2660; x_wconf 88' lang='lat' dir='ltr'><strong>supra</strong></span> <span class='ocrx_word' id='word_1_652' title='bbox 2337 2589 2784 2644; x_wconf 84' lang='lat' dir='ltr'><strong>memoravimus.</strong></span> <span class='ocrx_word' id='word_1_653' title='bbox 2819 2588 2972 2644; x_wconf 89' lang='lat' dir='ltr'><strong>Sicut</strong></span> <span class='ocrx_word' id='word_1_654' title='bbox 3015 2588 3161 2643; x_wconf 91' lang='lat' dir='ltr'><strong>enim</strong></span> <span class='ocrx_word' id='word_1_655' title='bbox 3193 2596 3314 2660; x_wconf 88' lang='lat' dir='ltr'><strong>post</strong></span> <span class='ocrx_word' id='word_1_656' title='bbox 3345 2589 3516 2660; x_wconf 86' lang='lat' dir='ltr'><strong>legem</strong></span> <span class='ocrx_word' id='word_1_657' title='bbox 3548 2589 3732 2646; x_wconf 88' lang='lat' dir='ltr'><strong>datam</strong></span> 
     </span>
    </p>
   </div>
   <div class='ocr_carea' id='block_1_85' title="bbox 2143 2675 3734 2750">
    <p class='ocr_par' dir='ltr' id='par_1_85' title="bbox 2143 2675 3734 2750">
     <span class='ocr_line' id='line_1_85' title="bbox 2143 2675 3734 2750; baseline -0.001 -16"><span class='ocrx_word' id='word_1_658' title='bbox 2143 2679 2238 2750; x_wconf 89' lang='lat' dir='ltr'><strong>qui</strong></span> <span class='ocrx_word' id='word_1_659' title='bbox 2265 2678 2428 2734; x_wconf 89' lang='lat' dir='ltr'><strong>idolis</strong></span> <span class='ocrx_word' id='word_1_660' title='bbox 2456 2686 2550 2734; x_wconf 89' lang='lat' dir='ltr'><strong>aut</strong></span> <span class='ocrx_word' id='word_1_661' title='bbox 2599 2676 2951 2732; x_wconf 82' lang='lat' dir='ltr'><strong>fornicationi</strong></span> <span class='ocrx_word' id='word_1_662' title='bbox 2990 2675 3321 2744; x_wconf 88' lang='lat' dir='ltr'><strong>servierunt,</strong></span> <span class='ocrx_word' id='word_1_663' title='bbox 3379 2683 3734 2732; x_wconf 90' lang='lat' dir='ltr'><strong>contemnen-</strong></span> 
     </span>
    </p>
   </div>
   <div class='ocr_carea' id='block_1_86' title="bbox 2141 2765 3732 2838">
    <p class='ocr_par' dir='ltr' id='par_1_86' title="bbox 2141 2765 3732 2838">
     <span class='ocr_line' id='line_1_86' title="bbox 2141 2765 3732 2838; baseline 0.001 -16"><span class='ocrx_word' id='word_1_664' title='bbox 2141 2775 2223 2822; x_wconf 86' lang='lat' dir='ltr'><strong>tes</strong></span> <span class='ocrx_word' id='word_1_665' title='bbox 2250 2767 2643 2838; x_wconf 87' lang='lat' dir='ltr'><strong>legislatorem,</strong></span> <span class='ocrx_word' id='word_1_666' title='bbox 2699 2765 2948 2838; x_wconf 87' lang='lat' dir='ltr'><strong>regnavit</strong></span> <span class='ocrx_word' id='word_1_667' title='bbox 2981 2765 3038 2820; x_wconf 91' lang='lat' dir='ltr'><strong>in</strong></span> <span class='ocrx_word' id='word_1_668' title='bbox 3076 2782 3167 2820; x_wconf 91' lang='lat' dir='ltr'><strong>eos</strong></span> <span class='ocrx_word' id='word_1_669' title='bbox 3200 2782 3377 2831; x_wconf 90' lang='lat' dir='ltr'><strong>mors;</strong></span> <span class='ocrx_word' id='word_1_670' title='bbox 3413 2766 3490 2821; x_wconf 91' lang='lat' dir='ltr'><strong>ita</strong></span> <span class='ocrx_word' id='word_1_671' title='bbox 3523 2775 3576 2822; x_wconf 91' lang='lat' dir='ltr'><strong>et</strong></span> <span class='ocrx_word' id='word_1_672' title='bbox 3603 2776 3732 2824; x_wconf 88' lang='lat' dir='ltr'><strong>ante</strong></span> 
     </span>
    </p>
   </div>
   <div class='ocr_carea' id='block_1_87' title="bbox 2142 2855 3736 2931">
    <p class='ocr_par' dir='ltr' id='par_1_87' title="bbox 2142 2855 3736 2931">
     <span class='ocr_line' id='line_1_87' title="bbox 2142 2855 3736 2931; baseline -0.001 -17"><span class='ocrx_word' id='word_1_673' title='bbox 2142 2859 2314 2931; x_wconf 88' lang='lat' dir='ltr'><strong>legem</strong></span> <span class='ocrx_word' id='word_1_674' title='bbox 2363 2857 2459 2928; x_wconf 89' lang='lat' dir='ltr'><strong>qui</strong></span> <span class='ocrx_word' id='word_1_675' title='bbox 2517 2873 2738 2912; x_wconf 90' lang='lat' dir='ltr'><strong>sensum</strong></span> <span class='ocrx_word' id='word_1_676' title='bbox 2788 2856 2923 2926; x_wconf 86' lang='lat' dir='ltr'><strong>legis</strong></span> <span class='ocrx_word' id='word_1_677' title='bbox 2986 2864 3408 2927; x_wconf 58' lang='lat' dir='ltr'><strong>praesenserunt,</strong></span> <span class='ocrx_word' id='word_1_678' title='bbox 3470 2855 3736 2912; x_wconf 88' lang='lat' dir='ltr'><strong>honoriﬁ-</strong></span> 
     </span>
    </p>
   </div>
   <div class='ocr_carea' id='block_1_88' title="bbox 2141 2943 3740 3016">
    <p class='ocr_par' dir='ltr' id='par_1_88' title="bbox 2141 2943 3740 3016">
     <span class='ocr_line' id='line_1_88' title="bbox 2141 2943 3740 3016; baseline -0.001 -12"><span class='ocrx_word' id='word_1_679' title='bbox 2141 2955 2327 3006; x_wconf 89' lang='lat' dir='ltr'><strong>cantes</strong></span> <span class='ocrx_word' id='word_1_680' title='bbox 2361 2953 2636 3001; x_wconf 89' lang='lat' dir='ltr'><strong>auctorem</strong></span> <span class='ocrx_word' id='word_1_681' title='bbox 2695 2944 2833 3016; x_wconf 90' lang='lat' dir='ltr'><strong>ejus,</strong></span> <span class='ocrx_word' id='word_1_682' title='bbox 2868 2961 2976 2999; x_wconf 91' lang='lat' dir='ltr'><strong>non</strong></span> <span class='ocrx_word' id='word_1_683' title='bbox 3023 2945 3214 3016; x_wconf 90' lang='lat' dir='ltr'><strong>utique</strong></span> <span class='ocrx_word' id='word_1_684' title='bbox 3260 2943 3512 3015; x_wconf 83' lang='lat' dir='ltr'><strong>regnavit</strong></span> <span class='ocrx_word' id='word_1_685' title='bbox 3557 2945 3615 3001; x_wconf 90' lang='lat' dir='ltr'><strong>in</strong></span> <span class='ocrx_word' id='word_1_686' title='bbox 3644 2962 3740 3003; x_wconf 92' lang='lat' dir='ltr'><strong>eos</strong></span> 
     </span>
    </p>
   </div>
   <div class='ocr_carea' id='block_1_89' title="bbox 2144 3032 3742 3106">
    <p class='ocr_par' dir='ltr' id='par_1_89' title="bbox 2144 3032 3742 3106">
     <span class='ocr_line' id='line_1_89' title="bbox 2144 3032 3742 3106; baseline -0.002 -15"><span class='ocrx_word' id='word_1_687' title='bbox 2144 3053 2294 3091; x_wconf 90' lang='lat' dir='ltr'><strong>mors</strong></span> <span class='ocrx_word' id='word_1_688' title='bbox 2321 3053 2332 3090; x_wconf 89' lang='lat'><strong>:</strong></span> <span class='ocrx_word' id='word_1_689' title='bbox 2392 3041 2677 3106; x_wconf 90' lang='lat' dir='ltr'><strong>propterea</strong></span> <span class='ocrx_word' id='word_1_690' title='bbox 2704 3033 2852 3089; x_wconf 89' lang='lat' dir='ltr'><strong>enim</strong></span> <span class='ocrx_word' id='word_1_691' title='bbox 2886 3034 3136 3104; x_wconf 80' lang='lat' dir='ltr'><strong>regnasse</strong></span> <span class='ocrx_word' id='word_1_692' title='bbox 3183 3032 3410 3100; x_wconf 89' lang='lat' dir='ltr'><strong>dicitur,</strong></span> <span class='ocrx_word' id='word_1_693' title='bbox 3442 3033 3571 3106; x_wconf 89' lang='lat' dir='ltr'><strong>quia</strong></span> <span class='ocrx_word' id='word_1_694' title='bbox 3599 3051 3742 3106; x_wconf 87' lang='lat' dir='ltr'><strong>cog-</strong></span> 
     </span>
    </p>
   </div>
   <div class='ocr_carea' id='block_1_90' title="bbox 2144 3122 3741 3197">
    <p class='ocr_par' dir='ltr' id='par_1_90' title="bbox 2144 3122 3741 3197">
     <span class='ocr_line' id='line_1_90' title="bbox 2144 3122 3741 3197; baseline 0.002 -17"><span class='ocrx_word' id='word_1_695' title='bbox 2144 3125 2284 3181; x_wconf 91' lang='lat' dir='ltr'><strong>nitio</strong></span> <span class='ocrx_word' id='word_1_696' title='bbox 2313 3124 2479 3180; x_wconf 89' lang='lat' dir='ltr'><strong>unius</strong></span> <span class='ocrx_word' id='word_1_697' title='bbox 2534 3122 2631 3179; x_wconf 90' lang='lat' dir='ltr'><strong>Dei</strong></span> <span class='ocrx_word' id='word_1_698' title='bbox 2673 3131 2971 3178; x_wconf 89' lang='lat' dir='ltr'><strong>evanuerat</strong></span> <span class='ocrx_word' id='word_1_699' title='bbox 3027 3123 3084 3177; x_wconf 90' lang='lat' dir='ltr'><strong>in</strong></span> <span class='ocrx_word' id='word_1_700' title='bbox 3114 3123 3295 3178; x_wconf 89' lang='lat' dir='ltr'><strong>terris.</strong></span> <span class='ocrx_word' id='word_1_701' title='bbox 3355 3125 3606 3197; x_wconf 89' lang='lat' dir='ltr'><strong>Denique</strong></span> <span class='ocrx_word' id='word_1_702' title='bbox 3655 3127 3741 3184; x_wconf 91' lang='lat' dir='ltr'><strong>sic</strong></span> 
     </span>
    </p>
   </div>
   <div class='ocr_carea' id='block_1_91' title="bbox 2143 3211 3742 3286">
    <p class='ocr_par' dir='ltr' id='par_1_91' title="bbox 2143 3211 3742 3286">
     <span class='ocr_line' id='line_1_91' title="bbox 2143 3211 3742 3286; baseline 0.001 -14"><span class='ocrx_word' id='word_1_703' title='bbox 2143 3215 2311 3286; x_wconf 83' lang='lat' dir='ltr'><strong>coepit</strong></span> <span class='ocrx_word' id='word_1_704' title='bbox 2341 3215 2467 3271; x_wconf 84' lang='lat' dir='ltr'><strong>data</strong></span> <span class='ocrx_word' id='word_1_705' title='bbox 2513 3213 2640 3268; x_wconf 87' lang='lat' dir='ltr'><strong>lex:</strong></span> <span class='ocrx_word' id='word_1_706' title='bbox 2688 3239 2704 3259; x_wconf 83' lang='lat'><strong>-</strong></span> <span class='ocrx_word' id='word_1_707' title='bbox 2735 3215 2850 3284; x_wconf 85' lang='lat' dir='ltr'><strong>Ego</strong></span> <span class='ocrx_word' id='word_1_708' title='bbox 2891 3229 3034 3280; x_wconf 91' lang='lat' dir='ltr'><strong>sum,</strong></span> <span class='ocrx_word' id='word_1_709' title='bbox 3058 3211 3260 3284; x_wconf 89' lang='lat' dir='ltr'><strong>inquit,</strong></span> <span class='ocrx_word' id='word_1_710' title='bbox 3293 3214 3563 3270; x_wconf 89' lang='lat' dir='ltr'><strong>Dominus</strong></span> <span class='ocrx_word' id='word_1_711' title='bbox 3591 3217 3742 3274; x_wconf 90' lang='lat' dir='ltr'><strong>Deus</strong></span> 
     </span>
    </p>
   </div>
   <div class='ocr_carea' id='block_1_92' title="bbox 2143 3301 3737 3376">
    <p class='ocr_par' dir='ltr' id='par_1_92' title="bbox 2143 3301 3737 3376">
     <span class='ocr_line' id='line_1_92' title="bbox 2143 3301 3737 3376; baseline 0.001 -15"><span class='ocrx_word' id='word_1_712' title='bbox 2143 3312 2293 3369; x_wconf 88' lang='lat' dir='ltr'><strong>tuus,</strong></span> <span class='ocrx_word' id='word_1_713' title='bbox 2325 3302 2419 3376; x_wconf 90' lang='lat' dir='ltr'><strong>qui</strong></span> <span class='ocrx_word' id='word_1_714' title='bbox 2451 3301 2618 3358; x_wconf 88' lang='lat' dir='ltr'><strong>eduxi</strong></span> <span class='ocrx_word' id='word_1_715' title='bbox 2649 3309 2701 3357; x_wconf 89' lang='lat' dir='ltr'><strong>te</strong></span> <span class='ocrx_word' id='word_1_716' title='bbox 2721 3302 2788 3357; x_wconf 90' lang='lat' dir='ltr'><strong>de</strong></span> <span class='ocrx_word' id='word_1_717' title='bbox 2820 3303 3083 3374; x_wconf 64' lang='lat' dir='ltr'><strong>ngypto,</strong></span> <span class='ocrx_word' id='word_1_718' title='bbox 3117 3303 3184 3358; x_wconf 93' lang='lat' dir='ltr'><strong>de</strong></span> <span class='ocrx_word' id='word_1_719' title='bbox 3207 3303 3373 3359; x_wconf 93' lang='lat' dir='ltr'><strong>domo</strong></span> <span class='ocrx_word' id='word_1_720' title='bbox 3399 3305 3695 3362; x_wconf 86' lang='lat' dir='ltr'><strong>servitutis</strong></span> <span class='ocrx_word' id='word_1_721' title='bbox 3724 3325 3737 3362; x_wconf 92' lang='lat'><strong>:</strong></span> 
     </span>
    </p>
   </div>
   <div class='ocr_carea' id='block_1_93' title="bbox 2143 3390 3740 3462">
    <p class='ocr_par' dir='ltr' id='par_1_93' title="bbox 2143 3390 3740 3462">
     <span class='ocr_line' id='line_1_93' title="bbox 2143 3390 3740 3462; baseline 0.002 -14"><span class='ocrx_word' id='word_1_722' title='bbox 2143 3411 2253 3448; x_wconf 90' lang='lat' dir='ltr'><strong>non</strong></span> <span class='ocrx_word' id='word_1_723' title='bbox 2286 3400 2449 3448; x_wconf 91' lang='lat' dir='ltr'><strong>erunt</strong></span> <span class='ocrx_word' id='word_1_724' title='bbox 2477 3390 2578 3447; x_wconf 90' lang='lat' dir='ltr'><strong>tibi</strong></span> <span class='ocrx_word' id='word_1_725' title='bbox 2609 3391 2688 3446; x_wconf 94' lang='lat' dir='ltr'><strong>dii</strong></span> <span class='ocrx_word' id='word_1_726' title='bbox 2717 3390 2808 3446; x_wconf 89' lang='lat' dir='ltr'><strong>alii</strong></span> <span class='ocrx_word' id='word_1_727' title='bbox 2833 3399 3029 3462; x_wconf 73' lang='lat' dir='ltr'><strong>praeter</strong></span> <span class='ocrx_word' id='word_1_728' title='bbox 3058 3408 3176 3458; x_wconf 91' lang='lat' dir='ltr'><strong>me;</strong></span> <span class='ocrx_word' id='word_1_729' title='bbox 3201 3401 3255 3448; x_wconf 90' lang='lat' dir='ltr'><strong>et</strong></span> <span class='ocrx_word' id='word_1_730' title='bbox 3286 3409 3397 3448; x_wconf 92' lang='lat' dir='ltr'><strong>non</strong></span> <span class='ocrx_word' id='word_1_731' title='bbox 3427 3393 3595 3450; x_wconf 86' lang='lat' dir='ltr'><strong>facies</strong></span> <span class='ocrx_word' id='word_1_732' title='bbox 3635 3395 3740 3452; x_wconf 89' lang='lat' dir='ltr'><strong>tibi</strong></span> 
     </span>
    </p>
   </div>
   <div class='ocr_carea' id='block_1_94' title="bbox 2143 3480 3738 3553">
    <p class='ocr_par' dir='ltr' id='par_1_94' title="bbox 2143 3480 3738 3553">
     <span class='ocr_line' id='line_1_94' title="bbox 2143 3480 3738 3553; baseline 0 -15"><span class='ocrx_word' id='word_1_733' title='bbox 2143 3483 2375 3549; x_wconf 89' lang='lat' dir='ltr'><strong>idolum,</strong></span> <span class='ocrx_word' id='word_1_734' title='bbox 2442 3496 2617 3553; x_wconf 89' lang='lat' dir='ltr'><strong>neque</strong></span> <span class='ocrx_word' id='word_1_735' title='bbox 2665 3481 2833 3535; x_wconf 91' lang='lat' dir='ltr'><strong>ullam</strong></span> <span class='ocrx_word' id='word_1_736' title='bbox 2887 3480 3310 3537; x_wconf 88' lang='lat' dir='ltr'><strong>similitudinem</strong></span> <span class='ocrx_word' id='word_1_737' title='bbox 3383 3483 3585 3553; x_wconf 70' lang='lat' dir='ltr'><strong>(Exod.</strong></span> <span class='ocrx_word' id='word_1_738' title='bbox 3636 3499 3738 3552; x_wconf 87' lang='lat' dir='ltr'><strong>xx,</strong></span> 
     </span>
    </p>
   </div>
   <div class='ocr_carea' id='block_1_95' title="bbox 2143 3571 3741 3644">
    <p class='ocr_par' dir='ltr' id='par_1_95' title="bbox 2143 3571 3741 3644">
     <span class='ocr_line' id='line_1_95' title="bbox 2143 3571 3741 3644; baseline 0.001 -15"><span class='ocrx_word' id='word_1_739' title='bbox 2143 3572 2282 3644; x_wconf 77' lang='grc'><strong>2-4).</strong></span> <span class='ocrx_word' id='word_1_740' title='bbox 2320 3597 2338 3620; x_wconf 82' lang='grc'><strong><em>›</em></strong></span> <span class='ocrx_word' id='word_1_741' title='bbox 2383 3573 2519 3627; x_wconf 91' lang='lat' dir='ltr'><strong>Data</strong></span> <span class='ocrx_word' id='word_1_742' title='bbox 2572 3571 2741 3642; x_wconf 89' lang='lat' dir='ltr'><strong>igitur</strong></span> <span class='ocrx_word' id='word_1_743' title='bbox 2769 3571 2860 3625; x_wconf 91' lang='lat' dir='ltr'><strong>lex</strong></span> <span class='ocrx_word' id='word_1_744' title='bbox 2889 3579 2992 3639; x_wconf 88' lang='lat' dir='ltr'><strong>est,</strong></span> <span class='ocrx_word' id='word_1_745' title='bbox 3048 3588 3114 3626; x_wconf 91' lang='lat' dir='ltr'><strong>ne</strong></span> <span class='ocrx_word' id='word_1_746' title='bbox 3147 3588 3294 3628; x_wconf 89' lang='lat' dir='ltr'><strong>mors</strong></span> <span class='ocrx_word' id='word_1_747' title='bbox 3346 3583 3636 3644; x_wconf 85' lang='lat' dir='ltr'><strong>regnaret;</strong></span> <span class='ocrx_word' id='word_1_748' title='bbox 3675 3582 3741 3630; x_wconf 92' lang='lat' dir='ltr'><strong>ut</strong></span> 
     </span>
    </p>
   </div>
   <div class='ocr_carea' id='block_1_96' title="bbox 2143 3659 3740 3733">
    <p class='ocr_par' dir='ltr' id='par_1_96' title="bbox 2143 3659 3740 3733">
     <span class='ocr_line' id='line_1_96' title="bbox 2143 3659 3740 3733; baseline 0.002 -16"><span class='ocrx_word' id='word_1_749' title='bbox 2143 3662 2365 3718; x_wconf 85' lang='lat' dir='ltr'><strong>abolitis</strong></span> <span class='ocrx_word' id='word_1_750' title='bbox 2421 3661 2658 3733; x_wconf 87' lang='lat' dir='ltr'><strong>peccatis</strong></span> <span class='ocrx_word' id='word_1_751' title='bbox 2714 3660 3012 3732; x_wconf 89' lang='lat' dir='ltr'><strong>prioribus,</strong></span> <span class='ocrx_word' id='word_1_752' title='bbox 3059 3659 3157 3716; x_wconf 92' lang='lat' dir='ltr'><strong>uni</strong></span> <span class='ocrx_word' id='word_1_753' title='bbox 3183 3663 3296 3718; x_wconf 89' lang='lat' dir='ltr'><strong>Deo</strong></span> <span class='ocrx_word' id='word_1_754' title='bbox 3340 3661 3740 3720; x_wconf 90' lang='lat' dir='ltr'><strong>obsecundaret</strong></span> 
     </span>
    </p>
   </div>
   <div class='ocr_carea' id='block_1_97' title="bbox 2145 3747 3739 3824">
    <p class='ocr_par' dir='ltr' id='par_1_97' title="bbox 2145 3747 3739 3824">
     <span class='ocr_line' id='line_1_97' title="bbox 2145 3747 3739 3824; baseline 0.002 -18"><span class='ocrx_word' id='word_1_755' title='bbox 2145 3767 2314 3823; x_wconf 90' lang='lat' dir='ltr'><strong>genus</strong></span> <span class='ocrx_word' id='word_1_756' title='bbox 2369 3749 2694 3804; x_wconf 88' lang='lat' dir='ltr'><strong>humanum.</strong></span> <span class='ocrx_word' id='word_1_757' title='bbox 2743 3747 2896 3804; x_wconf 90' lang='lat' dir='ltr'><strong>Unde</strong></span> <span class='ocrx_word' id='word_1_758' title='bbox 2943 3749 3053 3804; x_wconf 90' lang='lat' dir='ltr'><strong>alio</strong></span> <span class='ocrx_word' id='word_1_759' title='bbox 3086 3750 3207 3805; x_wconf 91' lang='lat' dir='ltr'><strong>loco</strong></span> <span class='ocrx_word' id='word_1_760' title='bbox 3253 3749 3390 3807; x_wconf 88' lang='lat' dir='ltr'><strong>dicit</strong></span> <span class='ocrx_word' id='word_1_761' title='bbox 3420 3751 3565 3808; x_wconf 88' lang='lat' dir='ltr'><strong>idem</strong></span> <span class='ocrx_word' id='word_1_762' title='bbox 3594 3754 3739 3824; x_wconf 86' lang='lat' dir='ltr'><strong>Apo-</strong></span> 
     </span>
    </p>
   </div>
   <div class='ocr_carea' id='block_1_98' title="bbox 2143 3840 3735 3912">
    <p class='ocr_par' dir='ltr' id='par_1_98' title="bbox 2143 3840 3735 3912">
     <span class='ocr_line' id='line_1_98' title="bbox 2143 3840 3735 3912; baseline 0.003 -16"><span class='ocrx_word' id='word_1_763' title='bbox 2143 3840 2358 3896; x_wconf 90' lang='lat' dir='ltr'><strong>stolus:</strong></span> <span class='ocrx_word' id='word_1_764' title='bbox 2425 3866 2442 3887; x_wconf 76' lang='grc' dir='ltr'>ι</span> <span class='ocrx_word' id='word_1_765' title='bbox 2469 3840 2589 3895; x_wconf 82' lang='lat' dir='ltr'><strong>Non</strong></span> <span class='ocrx_word' id='word_1_766' title='bbox 2618 3849 2804 3911; x_wconf 89' lang='lat' dir='ltr'><strong>regnet</strong></span> <span class='ocrx_word' id='word_1_767' title='bbox 2836 3847 3119 3912; x_wconf 88' lang='lat' dir='ltr'><strong>peccatum</strong></span> <span class='ocrx_word' id='word_1_768' title='bbox 3174 3840 3232 3896; x_wconf 91' lang='lat' dir='ltr'><strong>in</strong></span> <span class='ocrx_word' id='word_1_769' title='bbox 3286 3852 3468 3899; x_wconf 87' lang='lat' dir='ltr'><strong>vestro</strong></span> <span class='ocrx_word' id='word_1_770' title='bbox 3515 3844 3735 3900; x_wconf 88' lang='lat' dir='ltr'><strong>mortali</strong></span> 
     </span>
    </p>
   </div>
   <div class='ocr_carea' id='block_1_99' title="bbox 2143 3932 3738 4005">
    <p class='ocr_par' dir='ltr' id='par_1_99' title="bbox 2143 3932 3738 4005">
     <span class='ocr_line' id='line_1_99' title="bbox 2143 3932 3738 4005; baseline 0.001 -15"><span class='ocrx_word' id='word_1_771' title='bbox 2143 3949 2394 4004; x_wconf 89' lang='lat' dir='ltr'><strong>corpore,</strong></span> <span class='ocrx_word' id='word_1_772' title='bbox 2432 3942 2493 3989; x_wconf 91' lang='lat' dir='ltr'><strong>ut</strong></span> <span class='ocrx_word' id='word_1_773' title='bbox 2522 3933 2792 3988; x_wconf 89' lang='lat' dir='ltr'><strong>obediatis</strong></span> <span class='ocrx_word' id='word_1_774' title='bbox 2821 3932 2870 3988; x_wconf 91' lang='lat' dir='ltr'><strong>ei</strong></span> <span class='ocrx_word' id='word_1_775' title='bbox 2906 3934 3082 4002; x_wconf 86' lang='lat' dir='ltr'><strong>(Rom.</strong></span> <span class='ocrx_word' id='word_1_776' title='bbox 3115 3949 3194 4000; x_wconf 80' lang='lat' dir='ltr'><strong>vr,</strong></span> <span class='ocrx_word' id='word_1_777' title='bbox 3232 3933 3343 4005; x_wconf 81' lang='lat' dir='ltr'><strong>l2).</strong></span> <span class='ocrx_word' id='word_1_778' title='bbox 3379 3960 3396 3983; x_wconf 77' lang='grc' dir='ltr'><strong>ιι</strong></span> <span class='ocrx_word' id='word_1_779' title='bbox 3437 3935 3558 4003; x_wconf 90' lang='lat' dir='ltr'><strong>Quo</strong></span> <span class='ocrx_word' id='word_1_780' title='bbox 3586 3935 3738 3994; x_wconf 91' lang='lat' dir='ltr'><strong>dicto</strong></span> 
     </span>
    </p>
   </div>
   <div class='ocr_carea' id='block_1_100' title="bbox 2145 4022 3736 4093">
    <p class='ocr_par' dir='ltr' id='par_1_100' title="bbox 2145 4022 3736 4093">
     <span class='ocr_line' id='line_1_100' title="bbox 2145 4022 3736 4093; baseline 0.003 -15"><span class='ocrx_word' id='word_1_781' title='bbox 2145 4022 2384 4078; x_wconf 89' lang='lat' dir='ltr'><strong>ostendit</strong></span> <span class='ocrx_word' id='word_1_782' title='bbox 2429 4023 2594 4078; x_wconf 91' lang='lat' dir='ltr'><strong>etiam</strong></span> <span class='ocrx_word' id='word_1_783' title='bbox 2643 4038 2793 4078; x_wconf 91' lang='lat' dir='ltr'><strong>nunc</strong></span> <span class='ocrx_word' id='word_1_784' title='bbox 2834 4037 3058 4093; x_wconf 88' lang='lat' dir='ltr'><strong>regnare</strong></span> <span class='ocrx_word' id='word_1_785' title='bbox 3103 4029 3356 4092; x_wconf 88' lang='lat' dir='ltr'><strong>mortem,</strong></span> <span class='ocrx_word' id='word_1_786' title='bbox 3403 4024 3449 4079; x_wconf 90' lang='lat' dir='ltr'><strong>si</strong></span> <span class='ocrx_word' id='word_1_787' title='bbox 3487 4025 3578 4080; x_wconf 90' lang='lat' dir='ltr'><strong>lex</strong></span> <span class='ocrx_word' id='word_1_788' title='bbox 3609 4041 3736 4082; x_wconf 88' lang='lat' dir='ltr'><strong>con-</strong></span> 
     </span>
    </p>
   </div>
   <div class='ocr_carea' id='block_1_101' title="bbox 2143 4113 3738 4184">
    <p class='ocr_par' dir='ltr' id='par_1_101' title="bbox 2143 4113 3738 4184">
     <span class='ocr_line' id='line_1_101' title="bbox 2143 4113 3738 4184; baseline 0.002 -16"><span class='ocrx_word' id='word_1_789' title='bbox 2143 4120 2440 4169; x_wconf 89' lang='lat' dir='ltr'><strong>temnatur.</strong></span> <span class='ocrx_word' id='word_1_790' title='bbox 2461 4113 2619 4180; x_wconf 92' lang='lat' dir='ltr'><strong>Quod</strong></span> <span class='ocrx_word' id='word_1_791' title='bbox 2634 4113 2782 4167; x_wconf 90' lang='lat' dir='ltr'><strong>enim</strong></span> <span class='ocrx_word' id='word_1_792' title='bbox 2801 4129 3028 4184; x_wconf 85' lang='lat' dir='ltr'><strong>regnum</strong></span> <span class='ocrx_word' id='word_1_793' title='bbox 3061 4113 3255 4168; x_wconf 89' lang='lat' dir='ltr'><strong>mortis</strong></span> <span class='ocrx_word' id='word_1_794' title='bbox 3274 4121 3376 4182; x_wconf 90' lang='lat' dir='ltr'><strong>est,</strong></span> <span class='ocrx_word' id='word_1_795' title='bbox 3399 4115 3505 4169; x_wconf 90' lang='lat' dir='ltr'><strong>nisi</strong></span> <span class='ocrx_word' id='word_1_796' title='bbox 3527 4131 3652 4170; x_wconf 90' lang='lat' dir='ltr'><strong>cum</strong></span> <span class='ocrx_word' id='word_1_797' title='bbox 3675 4116 3738 4172; x_wconf 85' lang='lat' dir='ltr'><strong>fit</strong></span> 
     </span>
    </p>
   </div>
   <div class='ocr_carea' id='block_1_102' title="bbox 2145 4199 3735 4278">
    <p class='ocr_par' dir='ltr' id='par_1_102' title="bbox 2145 4199 3735 4278">
     <span class='ocr_line' id='line_1_102' title="bbox 2145 4199 3735 4278; baseline 0.003 -22"><span class='ocrx_word' id='word_1_798' title='bbox 2145 4203 2402 4258; x_wconf 91' lang='lat' dir='ltr'><strong>voluntas</strong></span> <span class='ocrx_word' id='word_1_799' title='bbox 2418 4199 2555 4272; x_wconf 91' lang='lat' dir='ltr'><strong>ejus,</strong></span> <span class='ocrx_word' id='word_1_800' title='bbox 2577 4202 2708 4258; x_wconf 91' lang='lat' dir='ltr'><strong>dum</strong></span> <span class='ocrx_word' id='word_1_801' title='bbox 2727 4201 3054 4273; x_wconf 89' lang='lat' dir='ltr'><strong>imperat,ad</strong></span> <span class='ocrx_word' id='word_1_802' title='bbox 3079 4203 3381 4274; x_wconf 89' lang='lat' dir='ltr'><strong>perniciem</strong></span> <span class='ocrx_word' id='word_1_803' title='bbox 3403 4203 3735 4278; x_wconf 89' lang='lat' dir='ltr'><strong>obedientis,</strong></span> 
     </span>
    </p>
   </div>
   <div class='ocr_carea' id='block_1_103' title="bbox 2143 4292 3525 4366">
    <p class='ocr_par' dir='ltr' id='par_1_103' title="bbox 2143 4292 3525 4366">
     <span class='ocr_line' id='line_1_103' title="bbox 2143 4292 3525 4366; baseline -0.001 -16"><span class='ocrx_word' id='word_1_804' title='bbox 2143 4295 2304 4365; x_wconf 89' lang='lat' dir='ltr'><strong>cujus</strong></span> <span class='ocrx_word' id='word_1_805' title='bbox 2333 4293 2550 4366; x_wconf 90' lang='lat' dir='ltr'><strong>imperii</strong></span> <span class='ocrx_word' id='word_1_806' title='bbox 2580 4293 2835 4349; x_wconf 86' lang='lat' dir='ltr'><strong>voluntas</strong></span> <span class='ocrx_word' id='word_1_807' title='bbox 2863 4301 3026 4364; x_wconf 88' lang='lat' dir='ltr'><strong>caput</strong></span> <span class='ocrx_word' id='word_1_808' title='bbox 3041 4301 3121 4348; x_wconf 91' lang='lat' dir='ltr'><strong>est</strong></span> <span class='ocrx_word' id='word_1_809' title='bbox 3151 4292 3476 4349; x_wconf 67' lang='lat' dir='ltr'><strong>idololatriae</strong></span> <span class='ocrx_word' id='word_1_810' title='bbox 3497 4295 3525 4350; x_wconf 70' lang='grc' dir='ltr'>Ῡ</span> 
     </span>
    </p>
   </div>
   <div class='ocr_carea' id='block_1_104' title="bbox 2215 4381 3738 4454">
    <p class='ocr_par' dir='ltr' id='par_1_104' title="bbox 2215 4381 3738 4454">
     <span class='ocr_line' id='line_1_104' title="bbox 2215 4381 3738 4454; baseline 0 -15"><span class='ocrx_word' id='word_1_811' title='bbox 2215 4385 2286 4440; x_wconf 87' lang='lat' dir='ltr'><strong>Et</strong></span> <span class='ocrx_word' id='word_1_812' title='bbox 2314 4393 2493 4439; x_wconf 89' lang='lat' dir='ltr'><strong>tamen</strong></span> <span class='ocrx_word' id='word_1_813' title='bbox 2525 4384 2603 4439; x_wconf 92' lang='lat' dir='ltr'><strong>sic</strong></span> <span class='ocrx_word' id='word_1_814' title='bbox 2632 4382 3004 4454; x_wconf 63' lang='lat' dir='ltr'><strong>praiscribitur</strong></span> <span class='ocrx_word' id='word_1_815' title='bbox 3033 4381 3191 4437; x_wconf 89' lang='lat' dir='ltr'><strong>nobis</strong></span> <span class='ocrx_word' id='word_1_816' title='bbox 3237 4381 3306 4438; x_wconf 91' lang='lat' dir='ltr'><strong>de</strong></span> <span class='ocrx_word' id='word_1_817' title='bbox 3349 4383 3554 4440; x_wconf 64' lang='lat' dir='ltr'><strong>Graecis</strong></span> <span class='ocrx_word' id='word_1_818' title='bbox 3589 4384 3738 4441; x_wconf 88' lang='lat' dir='ltr'><strong>codi-</strong></span> 
     </span>
    </p>
   </div>
   <div class='ocr_carea' id='block_1_105' title="bbox 2145 4469 3739 4544">
    <p class='ocr_par' dir='ltr' id='par_1_105' title="bbox 2145 4469 3739 4544">
     <span class='ocr_line' id='line_1_105' title="bbox 2145 4469 3739 4544; baseline 0 -16"><span class='ocrx_word' id='word_1_819' title='bbox 2145 4473 2326 4540; x_wconf 91' lang='lat' dir='ltr'><strong>cibus,</strong></span> <span class='ocrx_word' id='word_1_820' title='bbox 2357 4472 2510 4544; x_wconf 90' lang='lat' dir='ltr'><strong>quasi</strong></span> <span class='ocrx_word' id='word_1_821' title='bbox 2543 4489 2652 4527; x_wconf 91' lang='lat' dir='ltr'><strong>non</strong></span> <span class='ocrx_word' id='word_1_822' title='bbox 2689 4472 2792 4542; x_wconf 91' lang='lat' dir='ltr'><strong>ipsi</strong></span> <span class='ocrx_word' id='word_1_823' title='bbox 2823 4471 2891 4526; x_wconf 90' lang='lat' dir='ltr'><strong>ab</strong></span> <span class='ocrx_word' id='word_1_824' title='bbox 2923 4471 3160 4527; x_wconf 87' lang='lat' dir='ltr'><strong>invicem</strong></span> <span class='ocrx_word' id='word_1_825' title='bbox 3195 4469 3544 4543; x_wconf 89' lang='lat' dir='ltr'><strong>discrepent:</strong></span> <span class='ocrx_word' id='word_1_826' title='bbox 3589 4472 3739 4544; x_wconf 92' lang='lat' dir='ltr'><strong>quod</strong></span> 
     </span>
    </p>
   </div>
   <div class='ocr_carea' id='block_1_106' title="bbox 2147 4559 3739 4632">
    <p class='ocr_par' dir='ltr' id='par_1_106' title="bbox 2147 4559 3739 4632">
     <span class='ocr_line' id='line_1_106' title="bbox 2147 4559 3739 4632; baseline 0.001 -17"><span class='ocrx_word' id='word_1_827' title='bbox 2147 4561 2278 4617; x_wconf 89' lang='lat' dir='ltr'><strong>facit</strong></span> <span class='ocrx_word' id='word_1_828' title='bbox 2306 4559 2553 4616; x_wconf 88' lang='lat' dir='ltr'><strong>studium</strong></span> <span class='ocrx_word' id='word_1_829' title='bbox 2583 4561 2972 4616; x_wconf 89' lang='lat' dir='ltr'><strong>contentionis.</strong></span> <span class='ocrx_word' id='word_1_830' title='bbox 3005 4560 3144 4628; x_wconf 89' lang='lat' dir='ltr'><strong>Quia</strong></span> <span class='ocrx_word' id='word_1_831' title='bbox 3184 4560 3329 4616; x_wconf 91' lang='lat' dir='ltr'><strong>enim</strong></span> <span class='ocrx_word' id='word_1_832' title='bbox 3362 4561 3584 4632; x_wconf 87' lang='lat' dir='ltr'><strong>propria</strong></span> <span class='ocrx_word' id='word_1_833' title='bbox 3613 4561 3739 4632; x_wconf 91' lang='lat' dir='ltr'><strong>quis</strong></span> 
     </span>
    </p>
   </div>
   <div class='ocr_carea' id='block_1_107' title="bbox 2147 4649 3738 4722">
    <p class='ocr_par' dir='ltr' id='par_1_107' title="bbox 2147 4649 3738 4722">
     <span class='ocr_line' id='line_1_107' title="bbox 2147 4649 3738 4722; baseline 0.001 -18"><span class='ocrx_word' id='word_1_834' title='bbox 2147 4651 2471 4707; x_wconf 88' lang='lat' dir='ltr'><strong>auctoritate</strong></span> <span class='ocrx_word' id='word_1_835' title='bbox 2499 4650 2580 4705; x_wconf 91' lang='lat' dir='ltr'><strong>uti</strong></span> <span class='ocrx_word' id='word_1_836' title='bbox 2611 4667 2720 4706; x_wconf 90' lang='lat' dir='ltr'><strong>non</strong></span> <span class='ocrx_word' id='word_1_837' title='bbox 2753 4657 2930 4722; x_wconf 90' lang='lat' dir='ltr'><strong>potest</strong></span> <span class='ocrx_word' id='word_1_838' title='bbox 2953 4649 3020 4705; x_wconf 91' lang='lat' dir='ltr'><strong>ad</strong></span> <span class='ocrx_word' id='word_1_839' title='bbox 3052 4649 3365 4718; x_wconf 88' lang='lat' dir='ltr'><strong>victoriam,</strong></span> <span class='ocrx_word' id='word_1_840' title='bbox 3397 4649 3566 4704; x_wconf 88' lang='lat' dir='ltr'><strong>verba</strong></span> <span class='ocrx_word' id='word_1_841' title='bbox 3601 4650 3738 4720; x_wconf 86' lang='lat' dir='ltr'><strong>legis</strong></span> 
     </span>
    </p>
   </div>
   <div class='ocr_carea' id='block_1_108' title="bbox 2147 4739 3737 4813">
    <p class='ocr_par' dir='ltr' id='par_1_108' title="bbox 2147 4739 3737 4813">
     <span class='ocr_line' id='line_1_108' title="bbox 2147 4739 3737 4813; baseline -0.001 -17"><span class='ocrx_word' id='word_1_842' title='bbox 2147 4740 2442 4809; x_wconf 90' lang='lat' dir='ltr'><strong>adulterat,</strong></span> <span class='ocrx_word' id='word_1_843' title='bbox 2503 4749 2565 4796; x_wconf 91' lang='lat' dir='ltr'><strong>ut</strong></span> <span class='ocrx_word' id='word_1_844' title='bbox 2625 4757 2847 4795; x_wconf 89' lang='lat' dir='ltr'><strong>sensum</strong></span> <span class='ocrx_word' id='word_1_845' title='bbox 2917 4756 3074 4794; x_wconf 89' lang='lat' dir='ltr'><strong>suum</strong></span> <span class='ocrx_word' id='word_1_846' title='bbox 3144 4739 3298 4813; x_wconf 86' lang='lat' dir='ltr'><strong>quasi</strong></span> <span class='ocrx_word' id='word_1_847' title='bbox 3367 4739 3537 4795; x_wconf 86' lang='lat' dir='ltr'><strong>verba</strong></span> <span class='ocrx_word' id='word_1_848' title='bbox 3601 4739 3737 4810; x_wconf 87' lang='lat' dir='ltr'><strong>legis</strong></span> 
     </span>
    </p>
   </div>
   <div class='ocr_carea' id='block_1_109' title="bbox 2145 4827 3738 4900">
    <p class='ocr_par' dir='ltr' id='par_1_109' title="bbox 2145 4827 3738 4900">
     <span class='ocr_line' id='line_1_109' title="bbox 2145 4827 3738 4900; baseline -0.001 -14"><span class='ocrx_word' id='word_1_849' title='bbox 2145 4837 2368 4898; x_wconf 89' lang='lat' dir='ltr'><strong>asserat,</strong></span> <span class='ocrx_word' id='word_1_850' title='bbox 2427 4838 2488 4886; x_wconf 89' lang='lat' dir='ltr'><strong>ut</strong></span> <span class='ocrx_word' id='word_1_851' title='bbox 2543 4845 2654 4884; x_wconf 90' lang='lat' dir='ltr'><strong>non</strong></span> <span class='ocrx_word' id='word_1_852' title='bbox 2702 4828 2864 4896; x_wconf 91' lang='lat' dir='ltr'><strong>ratio,</strong></span> <span class='ocrx_word' id='word_1_853' title='bbox 2895 4827 2989 4883; x_wconf 91' lang='lat' dir='ltr'><strong>sed</strong></span> <span class='ocrx_word' id='word_1_854' title='bbox 3045 4829 3342 4885; x_wconf 89' lang='lat' dir='ltr'><strong>auctoritas</strong></span> <span class='ocrx_word' id='word_1_855' title='bbox 3387 4828 3738 4900; x_wconf 78' lang='lat' dir='ltr'><strong>praescribere</strong></span> 
     </span>
    </p>
   </div>
   <div class='ocr_carea' id='block_1_110' title="bbox 2145 4917 3738 4992">
    <p class='ocr_par' dir='ltr' id='par_1_110' title="bbox 2145 4917 3738 4992">
     <span class='ocr_line' id='line_1_110' title="bbox 2145 4917 3738 4992; baseline 0 -19"><span class='ocrx_word' id='word_1_856' title='bbox 2145 4918 2421 4974; x_wconf 90' lang='lat' dir='ltr'><strong>videatur.</strong></span> <span class='ocrx_word' id='word_1_857' title='bbox 2455 4918 2683 4975; x_wconf 87' lang='lat' dir='ltr'><strong>Constat</strong></span> <span class='ocrx_word' id='word_1_858' title='bbox 2710 4925 2892 4972; x_wconf 88' lang='lat' dir='ltr'><strong>autem</strong></span> <span class='ocrx_word' id='word_1_859' title='bbox 2924 4933 3086 4988; x_wconf 89' lang='lat' dir='ltr'><strong>porro</strong></span> <span class='ocrx_word' id='word_1_860' title='bbox 3135 4918 3271 4974; x_wconf 94' lang='lat' dir='ltr'><strong>olim</strong></span> <span class='ocrx_word' id='word_1_861' title='bbox 3297 4918 3562 4992; x_wconf 88' lang='lat' dir='ltr'><strong>quosdam</strong></span> <span class='ocrx_word' id='word_1_862' title='bbox 3593 4917 3738 4974; x_wconf 83' lang='lat' dir='ltr'><strong>Lati-</strong></span> 
     </span>
    </p>
   </div>
   <div class='ocr_carea' id='block_1_111' title="bbox 2144 5007 3738 5082">
    <p class='ocr_par' dir='ltr' id='par_1_111' title="bbox 2144 5007 3738 5082">
     <span class='ocr_line' id='line_1_111' title="bbox 2144 5007 3738 5082; baseline 0 -18"><span class='ocrx_word' id='word_1_863' title='bbox 2144 5025 2246 5064; x_wconf 90' lang='lat' dir='ltr'><strong>nos</strong></span> <span class='ocrx_word' id='word_1_864' title='bbox 2293 5009 2359 5064; x_wconf 92' lang='lat' dir='ltr'><strong>de</strong></span> <span class='ocrx_word' id='word_1_865' title='bbox 2395 5007 2672 5064; x_wconf 89' lang='lat' dir='ltr'><strong>veteribus</strong></span> <span class='ocrx_word' id='word_1_866' title='bbox 2703 5007 2907 5063; x_wconf 70' lang='lat' dir='ltr'><strong>Graecis</strong></span> <span class='ocrx_word' id='word_1_867' title='bbox 2934 5007 3229 5063; x_wconf 90' lang='lat' dir='ltr'><strong>translatos</strong></span> <span class='ocrx_word' id='word_1_868' title='bbox 3256 5007 3561 5076; x_wconf 89' lang='lat' dir='ltr'><strong>codicibus,</strong></span> <span class='ocrx_word' id='word_1_869' title='bbox 3600 5025 3738 5082; x_wconf 91' lang='lat' dir='ltr'><strong>quos</strong></span> 
     </span>
    </p>
   </div>
   <div class='ocr_carea' id='block_1_112' title="bbox 2145 5097 3736 5170">
    <p class='ocr_par' dir='ltr' id='par_1_112' title="bbox 2145 5097 3736 5170">
     <span class='ocr_line' id='line_1_112' title="bbox 2145 5097 3736 5170; baseline -0.002 -15"><span class='ocrx_word' id='word_1_870' title='bbox 2145 5102 2494 5170; x_wconf 88' lang='lat' dir='ltr'><strong>incorruptos</strong></span> <span class='ocrx_word' id='word_1_871' title='bbox 2527 5097 2852 5170; x_wconf 89' lang='lat' dir='ltr'><strong>simplicitas</strong></span> <span class='ocrx_word' id='word_1_872' title='bbox 2896 5106 3206 5170; x_wconf 88' lang='lat' dir='ltr'><strong>temporum</strong></span> <span class='ocrx_word' id='word_1_873' title='bbox 3254 5097 3496 5154; x_wconf 88' lang='lat' dir='ltr'><strong>servavit</strong></span> <span class='ocrx_word' id='word_1_874' title='bbox 3532 5105 3585 5153; x_wconf 89' lang='lat' dir='ltr'><strong>et</strong></span> <span class='ocrx_word' id='word_1_875' title='bbox 3615 5114 3736 5170; x_wconf 87' lang='lat' dir='ltr'><strong>pro-</strong></span> 
     </span>
    </p>
   </div>
   <div class='ocr_carea' id='block_1_113' title="bbox 2145 5184 3738 5261">
    <p class='ocr_par' dir='ltr' id='par_1_113' title="bbox 2145 5184 3738 5261">
     <span class='ocr_line' id='line_1_113' title="bbox 2145 5184 3738 5261; baseline -0.002 -16"><span class='ocrx_word' id='word_1_876' title='bbox 2145 5189 2270 5245; x_wconf 89' lang='lat' dir='ltr'><strong>bat:</strong></span> <span class='ocrx_word' id='word_1_877' title='bbox 2305 5196 2590 5261; x_wconf 89' lang='lat' dir='ltr'><strong>postquam</strong></span> <span class='ocrx_word' id='word_1_878' title='bbox 2615 5194 2798 5243; x_wconf 90' lang='lat' dir='ltr'><strong>autem</strong></span> <span class='ocrx_word' id='word_1_879' title='bbox 2829 5203 2861 5242; x_wconf 94' lang='lat' dir='ltr'><strong>a</strong></span> <span class='ocrx_word' id='word_1_880' title='bbox 2891 5184 3186 5244; x_wconf 89' lang='lat' dir='ltr'><strong>concordia</strong></span> <span class='ocrx_word' id='word_1_881' title='bbox 3214 5186 3414 5243; x_wconf 90' lang='lat' dir='ltr'><strong>animis</strong></span> <span class='ocrx_word' id='word_1_882' title='bbox 3455 5186 3738 5244; x_wconf 89' lang='lat' dir='ltr'><strong>disceden-</strong></span> 
     </span>
    </p>
   </div>
   <div class='ocr_carea' id='block_1_114' title="bbox 2145 5276 3734 5350">
    <p class='ocr_par' dir='ltr' id='par_1_114' title="bbox 2145 5276 3734 5350">
     <span class='ocr_line' id='line_1_114' title="bbox 2145 5276 3734 5350; baseline -0.001 -16"><span class='ocrx_word' id='word_1_883' title='bbox 2145 5277 2313 5346; x_wconf 88' lang='lat' dir='ltr'><strong>tibus,</strong></span> <span class='ocrx_word' id='word_1_884' title='bbox 2343 5286 2397 5334; x_wconf 90' lang='lat' dir='ltr'><strong>et</strong></span> <span class='ocrx_word' id='word_1_885' title='bbox 2426 5277 2700 5336; x_wconf 67' lang='lat' dir='ltr'><strong>haereticis</strong></span> <span class='ocrx_word' id='word_1_886' title='bbox 2728 5277 3180 5350; x_wconf 88' lang='lat' dir='ltr'><strong>perturbantibus</strong></span> <span class='ocrx_word' id='word_1_887' title='bbox 3207 5277 3454 5350; x_wconf 90' lang='lat' dir='ltr'><strong>torqueri</strong></span> <span class='ocrx_word' id='word_1_888' title='bbox 3481 5276 3734 5348; x_wconf 75' lang='lat' dir='ltr'><strong>quzestio-</strong></span> 
     </span>
    </p>
   </div>
   <div class='ocr_carea' id='block_1_115' title="bbox 2144 5404 3734 5482">
    <p class='ocr_par' dir='ltr' id='par_1_115' title="bbox 2144 5404 3734 5482">
     <span class='ocr_line' id='line_1_115' title="bbox 2144 5404 3734 5482; baseline -0.003 -19"><span class='ocrx_word' id='word_1_889' title='bbox 2144 5415 2328 5482; x_wconf 71' lang='lat' dir='ltr'><strong>ventu:</strong></span> <span class='ocrx_word' id='word_1_890' title='bbox 2380 5407 2578 5482; x_wconf 90' lang='lat' dir='ltr'><strong>reliqui</strong></span> <span class='ocrx_word' id='word_1_891' title='bbox 2631 5407 2850 5476; x_wconf 90' lang='lat' dir='ltr'><strong>melius,</strong></span> <span class='ocrx_word' id='word_1_892' title='bbox 2881 5407 3172 5462; x_wconf 80' lang='lat' dir='ltr'><strong>adventui:</strong></span> <span class='ocrx_word' id='word_1_893' title='bbox 3220 5407 3380 5462; x_wconf 82' lang='lat' dir='ltr'><strong>Rom.</strong></span> <span class='ocrx_word' id='word_1_894' title='bbox 3427 5404 3562 5462; x_wconf 89' lang='lat' dir='ltr'><strong>edit.</strong></span> <span class='ocrx_word' id='word_1_895' title='bbox 3595 5405 3734 5472; x_wconf 88' lang='lat' dir='ltr'><strong>sola,</strong></span> 
     </span>
    </p>
   </div>
   <div class='ocr_carea' id='block_1_116' title="bbox 2145 5481 3731 5622">
    <p class='ocr_par' dir='ltr' id='par_1_116' title="bbox 2145 5481 3731 5622">
     <span class='ocr_line' id='line_1_116' title="bbox 2145 5481 3731 5622; baseline -0.003 -14"><span class='ocrx_word' id='word_1_896' title='bbox 2145 5481 2441 5622; x_wconf 54' lang='grc' dir='ltr'><strong>αάῗὲἓξυῗιὶλ</strong></span> <span class='ocrx_word' id='word_1_897' title='bbox 2469 5550 2598 5622; x_wconf 90' lang='lat' dir='ltr'><strong>Gill.</strong></span> <span class='ocrx_word' id='word_1_898' title='bbox 2629 5567 2694 5606; x_wconf 86' lang='lat' dir='ltr'><strong>ac</strong></span> <span class='ocrx_word' id='word_1_899' title='bbox 2722 5551 2880 5606; x_wconf 84' lang='lat' dir='ltr'><strong>Rom.</strong></span> <span class='ocrx_word' id='word_1_900' title='bbox 2913 5551 3046 5608; x_wconf 88' lang='lat' dir='ltr'><strong>edit.</strong></span> <span class='ocrx_word' id='word_1_901' title='bbox 3083 5566 3209 5608; x_wconf 91' lang='lat' dir='ltr'><strong>cum</strong></span> <span class='ocrx_word' id='word_1_902' title='bbox 3243 5567 3374 5606; x_wconf 92' lang='lat' dir='ltr'><strong>mss.</strong></span> <span class='ocrx_word' id='word_1_903' title='bbox 3409 5547 3731 5622; x_wconf 79' lang='lat' dir='ltr'><strong>nonnullis:</strong></span> 
     </span>
    </p>
   </div>
   <div class='ocr_carea' id='block_1_117' title="bbox 2146 5619 3736 5694">
    <p class='ocr_par' dir='ltr' id='par_1_117' title="bbox 2146 5619 3736 5694">
     <span class='ocr_line' id='line_1_117' title="bbox 2146 5619 3736 5694; baseline -0.003 -18"><span class='ocrx_word' id='word_1_904' title='bbox 2146 5619 2254 5694; x_wconf 83' lang='lat' dir='ltr'><strong>vet.</strong></span> <span class='ocrx_word' id='word_1_905' title='bbox 2287 5619 2469 5678; x_wconf 86' lang='lat' dir='ltr'><strong>autem</strong></span> <span class='ocrx_word' id='word_1_906' title='bbox 2499 5621 2642 5694; x_wconf 90' lang='lat' dir='ltr'><strong>edit._</strong></span> <span class='ocrx_word' id='word_1_907' title='bbox 2664 5629 2718 5677; x_wconf 89' lang='lat' dir='ltr'><strong>et</strong></span> <span class='ocrx_word' id='word_1_908' title='bbox 2768 5621 2965 5694; x_wconf 89' lang='lat' dir='ltr'><strong>reliqui</strong></span> <span class='ocrx_word' id='word_1_909' title='bbox 2998 5639 3156 5687; x_wconf 89' lang='lat' dir='ltr'><strong>mss.,</strong></span> <span class='ocrx_word' id='word_1_910' title='bbox 3201 5628 3400 5692; x_wconf 84' lang='lat' dir='ltr'><strong>quanto</strong></span> <span class='ocrx_word' id='word_1_911' title='bbox 3428 5619 3596 5690; x_wconf 73' lang='lat' dir='ltr'><strong>magis</strong></span> <span class='ocrx_word' id='word_1_912' title='bbox 3625 5619 3736 5688; x_wconf 71' lang='lat' dir='ltr'><strong>piis</strong></span> 
     </span>
    </p>
   </div>
   <div class='ocr_carea' id='block_1_118' title="bbox 2145 5692 2918 5764">
    <p class='ocr_par' dir='ltr' id='par_1_118' title="bbox 2145 5692 2918 5764">
     <span class='ocr_line' id='line_1_118' title="bbox 2145 5692 2918 5764; baseline -0.001 -14"><span class='ocrx_word' id='word_1_913' title='bbox 2145 5701 2192 5750; x_wconf 87' lang='lat' dir='ltr'><strong>et</strong></span> <span class='ocrx_word' id='word_1_914' title='bbox 2209 5693 2372 5764; x_wconf 83' lang='lat' dir='ltr'><strong>justis</strong></span> <span class='ocrx_word' id='word_1_915' title='bbox 2399 5699 2527 5748; x_wconf 82' lang='lat' dir='ltr'><strong>esset</strong></span> <span class='ocrx_word' id='word_1_916' title='bbox 2555 5692 2918 5764; x_wconf 65' lang='lat' dir='ltr'><strong>refrigerium.</strong></span> 
     </span>
    </p>
   </div>
  </div>
