3980 6370
203 407 302 464 101
1298 408 1658 469 COMMENT.
1701 411 1772 468 IN
1810 411 2008 469 EPIST
2072 413 2168 469 AD
2207 415 2376 472 ROM.

3383 425 3486 482 102

203 532 365 590 nibus
417 542 706 606 cmperunt
759 535 915 607 (37),
974 536 1144 592 multa
1197 537 1488 596 immutata
1537 549 1666 596 sunt
1720 540 1790 597 ad
1817 542 1868 600 A
1898 541 2436 611 condemnationem,
2477 543 2684 598 donum
2723 553 2904 600 autem
2941 561 3010 599 ex
3045 548 3234 604 multis
3270 547 3490 606 delictis

199 646 419 685 sensum
473 630 816 700 humanum;
875 640 936 688 ut
993 632 1099 689 hoc
1153 635 1532 692 contineretur
1581 635 1677 692 57
1735 639 1792 694 in

201 721 427 788 litteris,
475 722 623 794 quod
668 721 882 777 homini
921 723 1238 779 videretur:
1290 724 1437 781 unde
1473 727 1638 782 etiam
1687 729 1792 800 ipsi

199 809 376 866 Graeci
405 809 652 866 diversos
690 809 905 867 codices
947 811 1170 868 habent.
1224 814 1339 870 lloc
1385 823 1567 871 autem
1600 833 1790 874 verum

199 899 457 968 arbitror,
510 901 728 974 quando
765 909 820 956 et
863 904 1004 958 ratio
1033 911 1087 958 et
1128 904 1358 961 historia
1403 915 1458 962 et
1495 909 1792 964 auctoritas

198 990 567 1047 observatur:
622 1008 746 1047 nam
798 992 1070 1066 hodieque
1119 995 1177 1050 in
1228 996 1438 1052 Latinis
1485 999 1794 1070 reprehen-

197 1081 411 1136 duntur
427 1080 732 1150 codicibus,
757 1082 838 1138 sic
861 1083 1229 1140 inveniuntur
1248 1102 1278 1140 a
1295 1087 1573 1144 veteribus
1595 1089 1788 1160 posita,

198 1167 560 1236 Tertulliano,
595 1169 883 1226 Victorino
912 1179 966 1227 et
995 1173 1294 1244 Cypriano.

268 1259 516 1314 Primum
564 1260 732 1331 igitur
775 1261 832 1317 in
875 1262 1063 1318 Iudaea
1107 1265 1273 1336 coapit
1319 1266 1527 1322 destrui
1558 1283 1790 1338 regnum

198 1347 412 1414 mortis,
429 1349 558 1420 quia
586 1371 603 1395 ι
627 1357 789 1406 notus
817 1351 872 1406 in
893 1353 1081 1408 Iudaea
1098 1355 1243 1409 Deus
1266 1356 1437 1426 (Psal.
1463 1373 1633 1425 Lxxv,
1652 1357 1732 1428 2):
1758 1382 1776 1404 ι

193 1451 344 1492 nunc
377 1444 558 1492 autem
591 1438 648 1493 in
678 1440 1234 1514 omnibusggentibus
1265 1445 1514 1516 quotidie
1554 1445 1788 1502 destrui-

197 1534 305 1594 tur,
354 1525 487 1581 dum
537 1544 733 1599 magna
775 1546 844 1585 ex
893 1538 1043 1602 parte
1089 1549 1158 1588 ex
1205 1533 1336 1589 ﬁliis
1383 1534 1594 1590 diaboli
1647 1535 1789 1592 ﬁunt

193 1613 296 1668 ﬁlii
321 1615 440 1670 Dei.
475 1617 663 1689 Itaque
692 1635 804 1674 non
833 1619 890 1675 in
913 1637 1103 1676 omnes
1133 1624 1380 1692 regnavit
1410 1640 1577 1690 mors,
1609 1625 1702 1679 sed
1731 1625 1786 1679 in

192 1720 284 1759 eos
311 1703 410 1775 qui
439 1715 806 1775 peccaverunt
836 1709 894 1764 in
924 1711 1349 1766 similitudinem
1383 1713 1786 1784 praevaricatio-

191 1791 278 1848 nis
306 1793 466 1862 Adze,
509 1794 656 1852 sicut
699 1814 864 1868 supra
894 1800 1215 1856 memoravi.
1248 1801 1422 1856 Adam
1451 1811 1630 1858 autem
1665 1803 1787 1858 ideo

1901 631 1958 686 in
2002 629 2477 702 justiﬁcationem.
2513 657 2531 678 ι
2571 632 2860 688 Manifeste
2893 632 3171 689 diversum
3215 644 3314 702 est,
3359 637 3489 710 quia

1899 736 2016 775 uno
2045 720 2175 775 Adaa
2204 731 2423 791 peccato
2448 720 2802 778 condemnati
2830 729 2979 788 sunt,
3010 723 3102 794 qui
3138 723 3193 777 in
3230 724 3485 781 similitu-

1898 809 2086 866 dinem
2144 811 2615 881 przevaricationis
2669 811 2787 882 ejus
2843 821 3250 882 peccaverunt:
3318 817 3488 884 gratia

1900 918 2030 956 vero
2060 901 2154 956 Dei
2201 917 2296 972 per
2324 901 2602 957 Christum
2646 919 2756 957 non
2789 917 2856 956 ex
2887 919 2997 957 uno
3032 902 3256 969 delicto,
3297 903 3389 957 sed
3418 920 3486 958 ex

1899 990 2090 1044 multis
2113 988 2443 1059 justiﬁcavit
2469 989 2743 1058 homines,
2767 989 2949 1046 dando
2969 991 3082 1046 illis
3103 990 3480 1046 remissionem

1897 1087 2267 1149 peccatorum.
2311 1079 2426 1135 Hoc
2456 1078 2524 1134 ad
2553 1079 3016 1152 magniﬁcentiam
3057 1079 3273 1152 pietatis
3301 1079 3399 1136 Dei
3431 1087 3487 1134 et

1898 1167 2108 1224 Christi
2139 1168 2404 1240 loquitur,
2426 1175 2489 1223 ut
2510 1186 2635 1224 cum
2655 1169 2860 1225 delicto
2881 1169 3013 1224 Adzn
3044 1169 3204 1225 multi
3226 1177 3488 1226 tenentur

1896 1272 1928 1312 a
1957 1265 2133 1312 morte
2163 1258 2403 1313 secunda
2430 1258 2489 1312 in
2519 1258 2740 1314 inferno
2768 1259 3044 1326 inferiori,
3067 1259 3276 1315 donum
3299 1268 3482 1316 tamen

1897 1346 2082 1417 gratiae
2105 1347 2222 1412 Dei,
2253 1364 2377 1402 cum
2399 1347 2610 1418 justum
2631 1355 2774 1403 esset
2805 1347 2970 1419 plecti
2997 1348 3144 1415 illos,
3171 1365 3281 1404 non
3301 1350 3482 1405 solum

1896 1435 2130 1506 ignoscit
2160 1437 2297 1505 illis,
2327 1435 2422 1492 sed
2443 1435 2734 1507 justiﬁcat.

1969 1528 2150 1599 (Vers.
2179 1529 2291 1600 17.)
2335 1552 2352 1573 ι
2383 1528 2438 1584 Si
2469 1529 2616 1584 enim
2644 1528 2809 1583 unius
2829 1527 3033 1584 delicto
3059 1546 3204 1584 mors
3236 1531 3486 1601 regnavit

1897 1631 1992 1686 per
2039 1633 2245 1680 unum,
2300 1619 2477 1672 multo
2534 1616 2706 1687 magis
2752 1617 3144 1672 abundantiam
3199 1619 3384 1690 gratiae
3431 1626 3486 1673 et

1894 1703 2209 1761 donationis
2228 1712 2282 1760 et
2305 1705 2537 1776 justitia:
2567 1706 2916 1777 accipientes,
2954 1707 3012 1762 in
3035 1709 3151 1763 vita
3180 1708 3486 1778 regnahunt

1893 1810 1991 1865 per
2045 1811 2217 1850 unum
2276 1796 2462 1851 Jesum
2516 1795 2818 1851 Christum.
2880 1821 2898 1843 ι
2958 1795 3342 1852 Contuendum
3403 1804 3485 1853 est

190 1879 368 1936 forma
394 1881 570 1939 futuri
599 1892 699 1953 est,
732 1887 862 1958 quia
880 1885 996 1958 jam
1017 1896 1136 1944 tum
1168 1889 1226 1945 in
1252 1891 1516 1962 mysterio
1542 1892 1788 1948 decrevit
1819 1899 1861 1959 Β
1895 1899 2070 1938 unum
2101 1900 2217 1939 esse
2245 1899 2491 1952 Sensum,
2533 1891 2590 1939 Θῑ
2635 1882 2694 1938 in
2740 1883 2895 1939 ηιιυο
2936 1882 3156 1938 differre
3185 1901 3196 1938 ἒ
3247 1890 3480 1938 mortem

188 1969 334 2024 Deus
393 1986 491 2042 per
541 1988 714 2028 unum
771 1973 1055 2032 Christum
1107 1978 1433 2048 emendare,
1491 1980 1636 2052 quod
1691 1997 1786 2053 per

188 2073 362 2114 unum
405 2060 581 2116 Adam
631 2072 914 2134 peccatum
963 2075 1079 2123 erat
1127 2068 1268 2140 (38),
1309 2069 1454 2124 sicut
1489 2069 1696 2126 dicitur
1727 2071 1786 2126 in

189 2149 524 2221 Apocalypsi
553 2151 780 2210 Joannis
807 2156 1041 2226 apostoli
1077 2174 1088 2211 :
1134 2179 1152 2202 ι
1184 2158 1406 2228 Agnus,
1439 2157 1656 2232 inquit,
1685 2161 1785 2234 qui

188 2237 405 2292 occisus
429 2246 510 2294 est
551 2255 582 2294 a
622 2240 1022 2298 constitutione
1051 2242 1246 2299 mundi
1279 2244 1466 2316 (Apoc.
1493 2263 1622 2315 xm,
1639 2248 1723 2320 8).
1752 2274 1770 2296 ιι

187 2326 440 2400 Denique
467 2327 705 2400 subjecit
733 2348 745 2386 :

259 2416 579 2490 (Vers.15.)
624 2443 642 2465 ι
672 2418 778 2475 Sed
818 2436 930 2478 non
972 2421 1118 2478 sicut
1159 2422 1448 2493 delictum,
1479 2423 1557 2481 ita
1592 2433 1646 2482 et
1675 2425 1785 2482 do—

190 2521 346 2561 num.
382 2531 401 2554 »
436 2506 664 2580 Propter
684 2509 831 2581 quod
858 2511 1007 2566 enim
1038 2511 1270 2569 formam
1301 2530 1416 2569 esse
1446 2513 1593 2569 dixit
1618 2517 1785 2572 unius

188 2592 395 2651 Christi
455 2611 629 2652 unum
679 2598 895 2667 Adam;
947 2616 1015 2656 ne
1061 2609 1116 2657 et
1163 2619 1382 2660 causam
1432 2603 1565 2659 Adae
1616 2605 1782 2660 talem

186 2682 527 2756 signiﬁcasse
567 2694 876 2758 putaretur,
922 2690 1102 2762 qualis
1139 2700 1194 2747 et
1239 2692 1448 2750 Christi
1490 2703 1609 2761 est;
1659 2694 1784 2750 ideo

187 2771 263 2828 ait
288 2790 301 2828 :
350 2797 368 2819 ι
400 2773 508 2830 Sed
535 2791 647 2832 non
672 2776 816 2834 sicut
843 2778 1133 2846 delictum,
1160 2781 1237 2837 ita
1257 2791 1308 2837 et
1333 2782 1570 2847 donum;
1605 2809 1622 2831 -
1655 2783 1786 2856 quia

191 2859 250 2915 in
293 2877 360 2917 eo
407 2871 624 2920 tantum
665 2865 844 2921 forma
870 2867 1049 2923 Adam
1075 2867 1280 2924 Christi
1313 2878 1415 2938 est,
1464 2871 1594 2944 quia
1635 2872 1782 2944 quod

193 2965 338 3007 unus
367 2953 638 3023 peccavit,
669 2970 813 3010 unus
843 2955 1178 3014 emendavit.

269 3063 288 3086 ι
321 3040 378 3095 Si
411 3040 560 3096 enim
582 3042 750 3098 unius
768 3043 974 3100 delicto
1002 3046 1166 3102 multi
1196 3048 1401 3103 mortui
1429 3055 1581 3115 sunt,
1605 3049 1784 3104 multo

189 3129 360 3201 magis
390 3131 568 3202 gratia
594 3131 696 3188 Dei
726 3139 780 3188 et
805 3132 1016 3188 donum
1055 3133 1114 3188 in
1145 3135 1318 3207 gratia
1341 3135 1509 3192 unius
1539 3135 1786 3192 hominis

187 3218 312 3317 {esu
332 3219 540 3277 Christi
572 3221 628 3276 in
649 3223 833 3293 plures
860 3222 1196 3291 abundavit;
1232 3251 1250 3273 ι
1284 3223 1389 3281 hoc
1413 3232 1514 3292 est,
1537 3225 1584 3281 si
1615 3226 1781 3282 unius
1810 3258 1853 3317 ο

187 3305 392 3364 delicto
421 3310 585 3366 multi
629 3313 834 3368 mortui
871 3319 1020 3380 sunt,
1066 3313 1348 3369 imitantes
1377 3315 1780 3386 praevaricatio-

188 3412 310 3452 nem
363 3397 504 3469 ejus,
552 3401 723 3472 magis
771 3402 944 3472 gratia
993 3403 1093 3458 Dei
1137 3411 1191 3458 et
1241 3403 1448 3458 donum
1499 3404 1556 3458 in
1597 3406 1782 3476 plures

187 3485 492 3542 abundavit
519 3489 904 3561 confugientes
933 3489 1002 3545 ad
1042 3506 1119 3545 se.
1155 3492 1346 3548 Plures
1369 3493 1516 3547 enim
1549 3493 1778 3562 gratiam

187 3585 622 3650 consequuntur,
644 3595 810 3650 quam
841 3579 1045 3634 mortui
1075 3587 1204 3636 sunt
1224 3579 1429 3637 delicto
1449 3581 1604 3638 Adet.
1627 3581 1779 3638 Unde

189 3665 542 3721 manifestum
583 3675 666 3722 est
710 3682 824 3722 non
869 3665 936 3723 de
981 3667 1082 3724 hac
1127 3677 1340 3734 morte,
1369 3687 1490 3742 qua:
1522 3671 1781 3727 omnibus

187 3754 500 3809 communis
515 3761 614 3823 est,
646 3755 999 3827 signiﬁcasse,
1033 3757 1162 3830 quia
1190 3775 1380 3814 omnes
1409 3760 1639 3816 omnino
1665 3777 1778 3816 mo-

187 3843 432 3912 riuntur,
473 3853 526 3900 et
562 3861 674 3901 non
717 3853 896 3901 tamen
928 3864 1118 3903 omnes
1157 3849 1387 3920 gratiam
1421 3866 1780 3923 consequun-

187 3937 320 3987 tur:
372 3948 550 4004 neque
607 3943 837 3990 mortem
898 3935 955 3991 in
1009 3952 1201 3993 omnes
1249 3954 1522 4009 regnasse,
1571 3939 1664 3994 sed
1720 3938 1779 3994 in

189 4037 277 4078 eos
296 4023 389 4095 qui
417 4022 620 4080 delicto
649 4024 804 4093 Adae,
838 4025 1046 4081 mortui
1077 4036 1225 4096 sunt,
1257 4029 1621 4100 signiﬁcatur,
1643 4046 1780 4102 quos

189 4111 246 4166 in
273 4111 697 4170 similitudinem
728 4115 1200 4185 praevaricationis
1219 4118 1351 4173 Adae
1371 4119 1512 4175 dicit
1528 4135 1779 4191 peccasse

195 4201 328 4273 (390.
379 4203 423 4258 li
459 4212 588 4258 sunt
633 4219 770 4276 quos
815 4203 955 4261 dicit
1002 4205 1061 4261 in
1109 4207 1276 4263 unius
1322 4207 1528 4265 delicto
1575 4210 1780 4264 multos

195 4301 456 4361 mortuos,
502 4293 731 4365 gratiam
771 4302 952 4350 autem
999 4296 1098 4351 Dei
1146 4297 1204 4351 in
1252 4299 1436 4369 plures
1477 4298 1775 4366 abundare,

195 4384 317 4454 quia
342 4393 395 4440 et
441 4386 500 4440 in
549 4386 618 4440 iis
664 4385 760 4458 qui
807 4386 1012 4442 delicto
1061 4387 1194 4443 Adae
1245 4389 1446 4444 mortui
1493 4389 1776 4456 dicuntur,

195 4471 444 4529 similiter
473 4484 777 4546 peccantes,
821 4483 874 4530 et
917 4475 973 4530 in
1021 4476 1088 4531 iis
1129 4477 1222 4548 qui
1269 4494 1378 4533 non
1417 4484 1779 4549 peccaverunt

197 4557 250 4614 in
278 4561 376 4618 hac
397 4563 529 4618 Adze
560 4563 1032 4634 pi'azvaricationis
1059 4565 1452 4634 similitudine,
1476 4566 1572 4621 Dei
1605 4566 1778 4637 gratia

197 4649 492 4708 abundavit
524 4672 534 4709 :
571 4663 799 4726 paterno
828 4661 1011 4709 autem
1043 4663 1263 4726 peccato
1292 4671 1359 4710 ex
1385 4656 1482 4711 Dei
1509 4657 1779 4711 sententia

199 4749 341 4796 erant
369 4743 515 4814 apud
540 4743 766 4811 inferos,
800 4745 973 4815 gratia
990 4744 1086 4799 Dei
1109 4743 1414 4800 abundavit
1435 4744 1492 4799 in
1509 4745 1775 4802 descensu

199 4829 508 4901 Salvatoris,
529 4834 788 4890 omnibus
811 4835 949 4890 dans
981 4835 1404 4907 indulgentiam,
1427 4852 1550 4892 cum
1585 4835 1774 4892 trium-

201 4919 301 4992 pho
329 4925 558 4981 sublatis
588 4925 668 4982 eis
693 4925 751 4981 in
779 4927 1001 4983 omium.

265 5014 439 5082 (Vers.
479 5017 591 5089 l6.)
637 5042 654 5063 ε
683 5019 756 5074 Et
803 5035 914 5074 non
955 5017 1097 5075 sicut
1140 5037 1236 5092 per
1263 5037 1438 5077 unum
1469 5027 1772 5093 peccatum,

204 5097 272 5154 ita
305 5112 356 5160 et
394 5105 640 5162 donum:
693 5123 818 5162 nam
856 5104 1135 5177 judicium
1179 5108 1402 5180 quidem
1445 5126 1514 5166 ex
1556 5127 1668 5167 uno
1717 5110 1774 5166 in

269 5329 379 5412 (37)
419 5335 578 5412 Item.
612 5334 771 5412 edit,
807 5334 1024 5412 Constat
1051 5342 1226 5412 autem
1262 5338 1356 5394 hoc
1393 5355 1491 5412 per
1517 5341 1774 5410 quosdam

207 5397 403 5460 Latinos
430 5407 492 5461 de
520 5397 776 5462 veteribus
807 5409 1005 5464 ercis
1049 5411 1344 5464 translatos
1385 5397 1772 5477 olim‘codices,

206 5486 322 5552 quos
344 5477 676 5549 incorruptos
703 5479 1013 5552 simplicitas
1043 5487 1331 5552 temporum
1352 5482 1578 5536 servavit
1597 5489 1645 5536 et
1667 5501 1773 5536 ser-

207 5549 287 5620 pat
313 5561 330 5598 :
369 5556 650 5620 postquam
689 5549 862 5605 autin:
909 5549 1186 5607 concordia
1225 5553 1418 5608 animis
1461 5553 1774 5609 dissidenti-

208 5610 618 5694 bus...'torq-ucri
655 5623 1030 5691 quwstionibus
1063 5625 1232 5694 cwpit.
1267 5625 1389 5681 Vet.
1423 5633 1606 5680 autem
1635 5625 1769 5680 edit.

208 5695 264 5739 ac
300 5704 441 5764 mss,
465 5692 755 5750 nobiscum
795 5694 1024 5764 faciunt,
1067 5692 1176 5750 nisi
1205 5696 1352 5764 quod
1391 5696 1592 5753 eaedem
1635 5696 1768 5752 edit.

208 5767 264 5813 ac
298 5762 446 5832 pauci
491 5779 623 5822 mss.
669 5780 769 5836 pro
804 5762 1180 5824 discedentibus
1217 5762 1422 5824 habent
1460 5767 1773 5825 dissidenti-

1805 4619 1855 4678 D

1895 1973 2046 2028 enim
2085 1971 2225 2028 dicit
2270 1988 2543 2043 regnasse,
2587 1988 2698 2027 non
2741 1988 2984 2043 regnare,
3017 1971 3148 2044 quia
3173 1971 3269 2044 qui
3308 1971 3485 2026 intel-

1898 2061 2154 2115 lexerunt
2193 2077 2290 2132 per
2331 2061 2504 2132 legem
2539 2058 2817 2130 judicium
2844 2059 2964 2128 Dei,
3011 2059 3210 2115 sublati
3257 2067 3388 2115 sunt
3414 2058 3482 2114 de

1893 2149 2012 2221 ejus
2040 2149 2292 2222 imperio.
2321 2149 2589 2220 Regnavit
2621 2159 2827 2216 autem,
2859 2149 2989 2222 quia
3017 2149 3135 2205 sine
3166 2148 3484 2204 manifesta-

1893 2239 2043 2296 tione
2084 2240 2216 2312 legis
2245 2240 2414 2296 timor
2456 2239 2556 2296 Dei
2597 2240 2656 2296 in
2686 2240 2848 2296 terris
2887 2255 2999 2296 non
3035 2249 3172 2297 erat.
3222 2240 3484 2312 Superior

1892 2332 2022 2401 ergo
2062 2346 2254 2386 sensus
2295 2335 2397 2396 est,
2447 2335 2509 2384 ut
2550 2329 2679 2402 quia
2724 2345 2870 2384 mors
2915 2327 3164 2400 regnavit
3204 2327 3272 2384 ah
3305 2327 3482 2384 Adam

1891 2435 2066 2491 usque
2092 2418 2160 2474 ad
2187 2419 2412 2490 Moysen
2447 2418 2505 2472 in
2529 2433 2642 2484 eos,
2666 2417 2760 2490 qui
2790 2422 3156 2490 peccaverunt
3183 2416 3242 2471 in
3271 2417 3484 2473 simili-

1893 2507 2142 2562 tudinem
2184 2507 2652 2578 praavaricationis
2689 2506 2846 2574 Adae,
2887 2508 3064 2563 multo
3103 2505 3274 2578 magis
3307 2505 3483 2577 gratia

1891 2605 2080 2666 regnet
2123 2595 2464 2650 abundantia
2507 2594 2639 2650 doni
2695 2595 2795 2651 Dei
2843 2595 2902 2651 in
2950 2596 3118 2651 vitam
3171 2611 3268 2667 per
3306 2611 3479 2651 unum

1893 2685 2077 2740 Jesum
2125 2684 2429 2741 Christum.
2481 2684 2538 2739 Si
2585 2684 2733 2740 enim
2781 2701 2930 2740 mors
2976 2685 3262 2757 regnavit,
3312 2700 3480 2757 quare

1892 2790 2004 2828 non
2034 2774 2206 2844 magis
2227 2774 2400 2843 gratia
2418 2780 2623 2844 regnet,
2646 2790 2766 2844 quas
2788 2775 2963 2828 multo
2986 2774 3167 2844 plures
3189 2773 3475 2844 justiﬁcat,

1893 2879 2055 2935 quam
2086 2861 2145 2917 hi
2173 2869 2303 2917 sunt
2331 2863 2388 2918 in
2417 2878 2554 2935 quos
2584 2863 2832 2934 regnavit
2858 2879 3003 2918 mors
3029 2881 3041 2918 :
3078 2871 3284 2936 quanto
3310 2865 3482 2936 magis

1893 2951 2065 3023 gratia
2090 2967 2314 3022 regnare
2347 2951 2617 3007 credenda
2646 2959 2749 3017 est,
2782 2967 2902 3023 qua:
2931 2951 3144 3009 confert
3171 2953 3344 3008 vitam
3385 2970 3481 3025 per

1893 3041 2176 3098 Christum
2203 3043 2230 3097 ?

1967 3131 2148 3202 (Vers.
2183 3130 2298 3201 18.)
2349 3154 2368 3178 ι
2412 3129 2585 3201 Igitur
2613 3131 2756 3188 sicut
2795 3147 2893 3204 per
2917 3132 3081 3188 unius
3113 3132 3376 3190 delictum
3420 3133 3479 3190 in

1893 3236 2083 3276 omnes
2135 3219 2388 3276 homines
2437 3221 2496 3276 in
2543 3220 3096 3291 condemnationem,
3155 3223 3235 3280 sic
3280 3233 3334 3281 et
3385 3240 3481 3296 per

1892 3311 2058 3366 unius
2081 3309 2355 3381 justitiam
2376 3311 2434 3367 in
2457 3329 2645 3368 omnes
2667 3311 2917 3368 homines
2936 3313 2994 3368 in
3019 3313 3476 3384 justiﬁcationem

1892 3399 2020 3455 vitae
2045 3443 2059 3467 ,
2091 3426 2108 3447 -
2152 3400 2257 3456 hoc
2284 3409 2401 3470 est,
2449 3401 2593 3458 sicut
2641 3417 2736 3473 per
2779 3401 2942 3457 unius
2983 3401 3248 3458 delictum
3287 3421 3480 3460 omnes

1891 3488 2403 3546 condemnationem
2433 3498 2752 3546 meruerunt
2781 3490 3036 3546 similiter
3064 3499 3370 3562 peccantes,
3404 3493 3480 3549 ita

1891 3586 1945 3634 et
1975 3577 2030 3633 in
2055 3577 2273 3649 justitia
2300 3579 2466 3634 unius
2486 3595 2675 3634 omnes
2693 3577 3147 3650 justiﬁcabuntur
3171 3579 3472 3638 credentes.

1891 3677 1946 3733 Si
1977 3677 2069 3750 qui
2101 3675 2196 3732 58
2231 3686 2412 3734 autem
2445 3679 2956 3734 condemnationem
2998 3679 3140 3737 hanc
3171 3681 3475 3752 generalem

1891 3784 2006 3824 esse
2035 3776 2250 3840 putant,
2297 3768 2469 3824 simili
2516 3769 2679 3824 modo
2707 3777 2761 3824 et
2801 3768 3252 3840 justiﬁcationem
3303 3787 3478 3843 gene—

1891 3858 2059 3913 ralem
2111 3858 2400 3930 accipient.
2455 3858 2559 3914 Sed
2611 3874 2721 3914 non
2772 3867 2854 3914 est
2902 3875 3130 3926 verum,
3186 3859 3316 3932 quia
3365 3875 3474 3914 non

1890 3964 2082 4002 omnes
2115 3949 2366 4004 credunt.

1964 4037 2145 4108 (Vers.
2182 4038 2292 4108 19.)
2329 4061 2348 4083 ι
2375 4037 2528 4094 Sicut
2555 4038 2703 4094 enim
2733 4054 2829 4110 per
2849 4038 3280 4096 inobedientiam
3309 4039 3477 4096 unius

1891 4124 2135 4182 hominis
2181 4135 2489 4199 peccatores
2532 4128 2819 4185 constituti
2866 4137 2996 4185 sunt
3041 4131 3268 4201 plures:
3318 4130 3394 4186 ita
3421 4140 3478 4188 et

1891 4233 1986 4288 per
2017 4217 2184 4272 unius
2221 4217 2589 4274 obedientiam
2622 4217 2759 4289 justi
2797 4217 3202 4274 constituentur
3231 4219 3410 4276 multi.
3445 4245 3462 4267 -

1889 4306 2038 4373 Quos
2065 4323 2230 4380 supra
2248 4324 2440 4363 omnes
2469 4307 2634 4376 dixit,
2666 4306 2758 4364 hic
2786 4307 2969 4379 plures
2997 4317 3051 4364 et
3080 4310 3281 4364 multos
3309 4309 3476 4381 signi-

1889 4394 2052 4463 ﬁcat;
2095 4397 2277 4467 plures
2317 4397 2465 4452 enim
2495 4396 2757 4453 delictum
2796 4396 2928 4451 Adae
2957 4395 3132 4452 secuti
3173 4405 3303 4452 sunt
3345 4414 3476 4468 prai-

1889 4485 2204 4554 varicando,
2236 4503 2346 4541 non
2377 4503 2592 4553 omnes;
2626 4495 2680 4542 et
2719 4484 2878 4540 multi
2902 4484 3040 4556 justi
3069 4486 3476 4541 constituentur

1890 4594 1984 4649 per
2030 4576 2194 4631 ﬁdem
2243 4575 2485 4644 Christi,
2533 4592 2645 4630 non
2687 4591 2896 4631 omnes.
2947 4575 3068 4630 Non
3113 4591 3240 4645 ergo
3287 4574 3344 4627 in
3383 4590 3476 4628 eos

1889 4667 2138 4737 regnavit
2169 4683 2335 4733 mors,
2366 4665 2460 4738 qui
2498 4681 2608 4720 non
2644 4670 3010 4736 peccaverunt
3046 4661 3104 4716 in
3139 4661 3476 4717 similitudi—

1887 4772 2013 4811 nem
2045 4755 2512 4827 praevaricationis
2537 4753 2689 4810 Adae.

1960 4846 2140 4916 (Vers.
2174 4844 2290 4916 20.)
2341 4868 2357 4890 -
2405 4845 2518 4899 Lex
2551 4851 2730 4898 autem
2780 4838 3131 4906 subintravit,
3180 4848 3243 4894 ut
3287 4838 3474 4894 abun—

1885 4934 2041 4990 daret
2067 4934 2352 4991 delictum.
2405 4959 2422 4980 ι
2463 4933 2646 4988 Potest
2680 4930 2790 4987 dici
2838 4945 2868 4985 e
2907 4939 3097 4986 contra
3130 4947 3140 4984 :
3193 4929 3314 4985 Non
3343 4945 3473 5002 ergo

1887 5025 2133 5095 oportuit
2179 5023 2298 5079 dari
2349 5024 2540 5094 legem,
2596 5035 2664 5074 ne
2711 5027 2930 5092 peccata
2971 5019 3376 5086 increscerent;
3426 5019 3472 5074 si

1887 5113 2034 5168 enim
2080 5119 2205 5168 ante
2251 5112 2422 5183 legem
2471 5109 2654 5164 minus
2700 5117 2980 5180 peccatum
3029 5117 3130 5177 est,
3182 5125 3292 5164 non
3337 5123 3474 5179 opus

1887 5336 2219 5414 (Insaniens
2243 5333 2531 5414 (ξοηρίοηθ-
2705 5413 2709 5414 κ

1959 5410 2076 5479 (38)
2115 5411 2196 5466 Ita
2225 5409 2468 5481 plerique
2504 5424 2632 5462 mss.
2665 5413 2720 5463 at
2747 5407 2843 5481 alii
2873 5404 3128 5481 nonn_ull_i
3148 5445 3163 5471 ,
3197 5408 3250 5458 et
3281 5417 3472 5458 omnes

1885 5474 2479 5551 edit.,'prwvaricat'um
2509 5484 2662 5551 erat:
2691 5478 2814 5535 cod.
2847 5494 2976 5533 vero
3001 5474 3186 5540 Corb.,
3213 5491 3310 5546 per
3334 5492 3471 5546 pra--

1885 5550 2259 5628 inminutionem
2284 5558 2549 5628 peccatum
2575 5550 2883 5628 increverat.
2930 5619 2940 5628 _
3012 5618 3044 5628 Α
3205 5617 3214 5627 _
3413 5618 3449 5628 η

1959 5624 2073 5694 (39)
2107 5618 2438 5692 (Ιοώ.ὀο‹1.,
2469 5639 2597 5693 quos
2621 5622 2677 5676 in
2702 5618 3142 5692 pravaricatione
3169 5618 3470 5673 similitudi-

1883 5696 1970 5752 nis
1998 5697 2130 5752 Adaa
2163 5712 2394 5766 peccasse
2421 5694 2632 5751 asserit.
