3980 6386
463 397 566 458 103

1456 396 1554 454 ΑΙ)
1592 393 1828 454 OPERA
1864 394 1920 452 S.
1961 391 2296 452 AMBROSII
2333 392 2718 452 APRENDIX.

3549 389 3558 396 ”
3663 391 3770 450 104

462 525 570 582 fuit
615 524 750 596 lege.
801 523 968 580 Plane
1013 521 1320 580 necessaria
1346 521 1454 580 fuit
1495 522 1604 592 lex,
1648 532 1711 580 ut
1741 521 2053 579 ostenderet
2084 521 2136 581 A
2165 528 2304 577 cato.
2358 519 2632 576 Gaudium
2662 519 2810 576 enim
2841 518 2976 576 doni
3022 517 3121 576 Dei
3166 517 3334 575 etiam
3379 517 3469 575 his
3513 517 3760 591 proﬁcit,

464 613 724 685 imputari
771 611 918 686 apud
965 614 1141 668 Deum
1186 619 1444 685 peccata,
1499 629 1619 684 quae
1667 611 1893 684 impune
1937 611 2058 668 ﬁeri

461 703 866 771 credebantur;
923 709 986 758 ut
1031 703 1100 758 de
1152 709 1348 760 caetero
1402 702 1609 758 scirent
1661 703 1796 776 quid
1850 702 2059 758 evitare

463 794 744 852 deberent.
778 793 932 851 Unde
961 794 1126 850 Isaias
1154 793 1420 867 propheta
1451 811 1464 850 :
1511 816 1528 839 ι
1569 793 1716 861 Lex,
1751 793 1966 865 inquit,
1999 792 2058 847 in

465 884 804 958 adjutorium
834 885 960 942 data
997 893 1079 941 est
1115 885 1257 954 (Isa.
1291 900 1412 952 vm,
1444 883 1575 956 20):
1611 909 1629 932 ι
1671 890 1733 939 ιιι
1778 885 1909 958 quia
1952 883 2057 956 ipsi

465 983 676 1032 natura;
704 974 1110 1049 quodammodo
1140 973 1344 1029 inserta
1383 981 1514 1030 sunt
1552 971 1785 1044 justitiae
1823 973 2056 1041 semina,

466 1063 655 1120 addita
711 1065 799 1120 lex
853 1071 969 1132 est,
1027 1063 1190 1136 cujus
1243 1061 1573 1119 auctoritate
1628 1070 1683 1118 et
1745 1061 2059 1134 magisterio

467 1154 750 1228 ingenium
799 1155 1048 1214 naturale
1095 1154 1384 1228 proﬁceret
1425 1152 1494 1210 ad
1541 1153 1784 1209 fructum
1827 1153 2060 1224 justitiae

467 1243 800 1300 faciendum.
830 1243 985 1300 Sicut
1016 1243 1165 1300 enim
1216 1242 1482 1298 nativitas
1529 1241 1722 1298 interit
1751 1240 1890 1314 (40),
1949 1241 2058 1298 nisi

466 1331 804 1389 nutrimenta
851 1331 1067 1400 habeat,
1117 1331 1319 1406 quibus
1365 1330 1480 1387 fota
1524 1329 1832 1398 adolescat,
1886 1331 1964 1386 ita
2007 1337 2063 1386 et

465 1421 712 1477 naturale
735 1419 967 1493 justitiaa
995 1420 1300 1494 ingenium,
1332 1419 1442 1476 nisi
1477 1418 1674 1476 habeat
1700 1419 1849 1493 quod
1878 1417 2061 1490 respi-

463 1508 575 1566 ciat
601 1515 656 1564 et
683 1517 997 1578 veneretur,
1043 1524 1157 1564 non
1201 1507 1362 1566 facile
1404 1507 1647 1580 proﬁcit,
1695 1507 1790 1564 sed
1837 1516 2062 1579 aegrotat

465 1605 522 1654 et
569 1599 1086 1671 supervenientibus
1131 1597 1279 1657 cedit
1333 1597 1593 1671 peccatis.
1651 1596 2062 1654 Consuetudine

463 1687 613 1744 enim
638 1686 996 1762 delinquendi
1027 1687 1316 1760 premitur,
1349 1703 1418 1743 ne
1444 1695 1652 1744 crescat
1691 1687 1748 1742 in
1791 1687 2058 1754 fructum,

464 1783 520 1834 et
547 1791 644 1850 per
674 1777 780 1835 hoc
805 1777 1199 1851 exstinguitur.
1249 1777 1612 1834 Providenter
1647 1793 1776 1848 ergo
1819 1775 1945 1832 data
1980 1784 2064 1832 est

2167 607 2238 665 de
2265 608 2467 682 quibus
2494 607 2838 682 triumphare
2868 623 2980 664 non
3007 606 3192 681 potuit
3233 607 3460 664 Satanas
3492 623 3504 663 :
3557 606 3770 665 idcirco

2167 695 2640 769 superabundavit
2670 697 2844 770 gratia
2880 713 3044 770 super
3069 705 3350 771 peccatum
3367 739 3383 767 ,
3419 695 3568 770 quod
3596 697 3772 754 suasit

2167 785 2415 842 Satanas.
3419 813 3424 818 ι

2241 875 2424 947 (Vers.
2457 873 2574 946 21.)
2618 897 2638 923 ε
2668 875 2738 932 Ut
2775 873 3242 950 quemadmodum
3285 875 3538 948 regnavit
3565 891 3770 948 pecca-

2167 965 2374 1020 tumin
2404 973 2661 1033 mortem,
2689 963 2766 1020 ita
2798 972 2853 1020 et
2898 963 3073 1037 gratia
3120 971 3310 1037 regnet
3354 980 3452 1038 per
3491 965 3771 1038 justitiam

2169 1059 2228 1116 in
2255 1058 2430 1116 vitam
2477 1066 2735 1116 aeternam
2783 1075 2878 1132 per
2914 1059 3102 1115 Iesum
3143 1058 3425 1118 Christum
3465 1060 3769 1117 Dominum

2168 1156 2442 1206 nostrum.
2477 1173 2496 1198 ι
2538 1148 2838 1206 Peccatum
2867 1147 3122 1222 regnavit
3149 1147 3392 1206 videndo
3426 1166 3564 1223 opus
3605 1165 3769 1206 suum

2169 1238 2524 1312 peccantibus
2566 1239 2627 1295 in
2657 1246 2888 1296 mortem
2931 1239 3219 1312 proﬁcere,
3263 1239 3322 1296 in
3352 1256 3459 1314 qua
3503 1241 3772 1313 gloriaba-

2169 1336 2262 1386 tur
2289 1329 2462 1386 simili
2489 1328 2674 1397 modo,
2698 1337 2760 1386 ut
2778 1335 2832 1384 et
2861 1329 3035 1401 gratia
3063 1336 3255 1402 regnet
3285 1345 3378 1402 per
3405 1329 3679 1402 justitiam
3711 1331 3772 1388 in

2170 1418 2342 1476 vitam
2372 1427 2652 1488 aeternam,
2683 1435 2780 1492 per
2805 1419 2992 1476 Iesum
3021 1419 3307 1478 Christum
3333 1421 3635 1478 Dominum
3672 1438 3773 1479 no-

2169 1515 2346 1564 strum
2371 1507 2519 1580 (lli);
2551 1515 2612 1564 ut
2638 1507 2783 1566 sicut
2807 1525 2904 1581 per
2922 1508 3096 1565 Adam
3119 1517 3360 1582 emptum
3381 1518 3664 1584 peccatum
3687 1528 3776 1569 re-

2173 1599 2382 1674 gnavit,
2413 1599 2491 1657 ita
2509 1610 2563 1658 et
2592 1617 2688 1674 per
2707 1601 2988 1660 Christum
3021 1603 3212 1676 gratia.
3247 1603 3338 1662 Sic
3363 1613 3547 1662 autem
3577 1615 3776 1679 regnat

2171 1686 2346 1759 gratia
2374 1702 2472 1760 per
2493 1685 2792 1759 justitiam,
2825 1689 2871 1746 si
2901 1697 3122 1762 accepta
3154 1689 3478 1746 remissione
3507 1701 3779 1763 peccato-

2173 1793 2318 1845 rum,
2357 1773 2633 1848 justitiam
2660 1778 2964 1852 sequimur,
2991 1785 3057 1835 ut
3080 1777 3276 1836 videns
3307 1779 3480 1852 gratia
3523 1779 3776 1837 fructum

465 1865 560 1923 lex
604 1866 664 1922 in
711 1866 1072 1939 adjutorium,
1128 1867 1274 1925 sicut
1317 1875 1552 1924 testatur
1597 1865 1863 1939 propheta
1895 1884 1907 1922 :
1967 1864 2062 1921 sed
2095 1877 2143 1938 Β
2172 1883 2230 1922 se
2254 1865 2456 1922 habere
2487 1865 2544 1923 in
2572 1866 2754 1936 bonis,
2795 1885 2932 1942 quos
2976 1868 3229 1938 redemit,
3275 1877 3464 1942 regnet
3505 1869 3566 1926 in
3594 1869 3776 1926 vitam

465 1957 706 2028 populus
732 1963 972 2012 veterem
1012 1956 1468 2014 consuetudinem
1507 1971 1742 2028 sequens
1775 1954 2060 2026 multipli-

465 2045 616 2102 cavit
653 2054 891 2116 peccata.
944 2047 1068 2119 Ipso
1109 2047 1256 2102 enim
1302 2063 1408 2102 usu
1446 2046 1571 2118 plus
1610 2045 1776 2118 cmpit
1817 2060 2060 2117 peccare,

467 2147 634 2206 quam
665 2140 826 2190 antea
865 2143 1220 2206 peccaverat:
1255 2142 1309 2191 et
1350 2136 1430 2192 sic
1458 2135 1665 2192 factum
1695 2142 1810 2203 est,
1847 2142 1909 2190 ut
1937 2133 2064 2190 data

467 2223 587 2295 lege
631 2239 745 2280 non
791 2225 1200 2294 minuerentur,
1253 2225 1348 2282 sed
1405 2224 1748 2282 abundarent
1795 2233 2056 2298 peccata:

469 2311 767 2384 Apostolus
796 2311 941 2369 enim
973 2313 1215 2370 ostendit
1244 2313 1378 2387 quid
1420 2303 1739 2386 provenerit
1767 2313 1894 2370 data
1923 2313 2058 2384 lege,

470 2417 583 2456 non
613 2399 747 2474 quid
792 2401 883 2458 lex
928 2400 1140 2458 fecerit.
1191 2401 1478 2470 Quomodo
1511 2411 1693 2458 autem
1744 2402 1877 2474 legis
1920 2402 2060 2459 vitio

468 2489 786 2548 crescebant
818 2498 1056 2564 peccata,
1101 2508 1220 2564 quae
1251 2493 1714 2560 comminabatur,
1757 2508 1825 2548 ne
1858 2508 2060 2565 pecce-

471 2585 595 2636 tur:
632 2579 722 2636 sed
746 2579 1084 2638 subintrasse
1101 2580 1306 2638 dicitur
1326 2589 1387 2638 ut
1407 2581 1708 2640 abundaret
1731 2590 2010 2654 peccatum
2031 2581 2060 2638 ?

467 2669 670 2728 Verum
697 2679 800 2740 est,
849 2670 979 2745 quia
1015 2671 1169 2744 quasi
1209 2671 1500 2745 profutura
1542 2671 1791 2740 intravit,
1835 2678 1890 2727 et
1931 2686 2058 2727 cum

465 2759 814 2819 humilitate:
851 2743 1048 2834 postea
1065 2743 1247 2818 autem
1277 2762 1446 2834 coepit
1473 2761 1749 2818 dominari
1779 2761 1856 2818 eis
1875 2803 1890 2829 ,
1921 2761 2058 2834 qui-

464 2855 568 2912 bus
596 2867 928 2929 praceperat
955 2874 1024 2914 ne
1053 2865 1360 2930 peccarent,
1403 2865 1456 2914 et
1503 2857 1822 2930 peccabant.
1855 2856 2064 2914 Osten-

398 2971 402 2975 ~
465 2946 594 3002 dere
645 2945 790 3002 enim
849 2946 1016 3018 ccepit
1072 2947 1164 3002 lex
1219 2945 1615 3002 abundantiam
1671 2951 2060 3018 peccatorum;

468 3049 598 3090 cum
651 3050 774 3106 quas
825 3032 1210 3102 interdixerat,
1267 3033 1392 3105 plus
1444 3032 1651 3089 ﬁebant
1703 3049 1868 3106 quam
1921 3033 2068 3090 facta

467 3133 643 3181 erant.
675 3124 850 3196 Igitur
874 3121 982 3179 hoc
1007 3122 1170 3179 modo
1203 3121 1319 3196 (41)
1351 3129 1414 3178 ιιι
1441 3121 1746 3178 abundaret
1775 3121 2062 3191 delictum,

2172 1963 2454 2024 aeternam,
2500 1956 2680 2013 sciens
2726 1973 2828 2014 nos
2856 1957 3073 2014 futuros
3102 1963 3356 2014 aeternos.
3408 1955 3782 2030 Superabun—

2172 2045 2266 2103 dat
2293 2062 2422 2118 ergo
2446 2046 2650 2118 gratia,
2685 2047 2816 2120 quia
2842 2055 3128 2120 peccatum
3151 2041 3220 2104 ad
3247 2055 3468 2120 tempus
3497 2049 3778 2121 regnavit,

2172 2135 2346 2208 gratia
2385 2141 2569 2191 autem
2617 2133 2676 2190 in
2717 2141 3004 2190 aeternum.
3056 2133 3157 2191 Dei
3199 2134 3349 2190 enim
3395 2151 3628 2208 regnum
3667 2143 3778 2208 est,

2172 2233 2344 2307 gratia
2381 2228 2478 2288 59
2525 2236 2826 2304 regnante,
2873 2229 3018 2288 sicut
3063 2228 3270 2285 diaboli
3327 2245 3558 2303 regnum
3607 2241 3768 2303 erat,

2169 2329 2394 2396 peccato
2422 2327 2703 2394 regnante.
2736 2319 2934 2375 Totum
2963 2325 3149 2374 tamen
3173 2318 3242 2375 ad
3265 2318 3551 2378 Christum
3581 2322 3775 2392 refert,

2169 2425 2232 2474 ιιι
2261 2417 2448 2474 omnis
2477 2416 2650 2490 gratia
2676 2417 2776 2473 Dei
2809 2433 2842 2474 a
2871 2415 3094 2476 Christo
3121 2415 3368 2474 discatur
3391 2417 3536 2491 (45).
3569 2417 3656 2475 Ad
3683 2435 3779 2476 su-

2169 2506 2441 2578 periorem
2467 2502 2636 2576 igitur
2661 2519 2883 2560 sensum
2913 2503 3205 2576 respondet
3230 2502 3422 2561 dicens
3448 2521 3461 2560 :

2245 2690 2428 2763 (Vers.
2463 2689 2542 2758 1.)
2583 2713 2602 2737 ι
2631 2689 2776 2759 Quid
2814 2707 2942 2764 ergo
2980 2690 3278 2747 dicemus?
3314 2689 3770 2748 Permanebimus

2171 2778 2231 2835 in
2273 2785 2519 2851 peccato,
2562 2786 2625 2834 ut
2671 2780 2844 2853 gratia
2884 2779 3187 2837 abundet?
3222 2780 3404 2837 Absit.
3439 2805 3458 2829 ι
3497 2780 3613 2836 Hoc
3659 2787 3774 2850 est,

2171 2868 2428 2942 nunquid
2477 2885 2692 2942 semper
2740 2869 3077 2944 peccandum
3127 2879 3228 2940 est,
3285 2878 3350 2926 ut
3403 2869 3611 2926 donum
3667 2871 3776 2927 Dei

2173 2956 2438 3025 abundet,
2480 2966 2666 3030 tegens
2704 2966 2890 3016 nostra
2922 2969 3174 3032 peccata,
3204 2967 3267 3016 ut
3307 2975 3523 3031 semper
3564 2959 3776 3016 remis—

2173 3048 2384 3122 sionem
2415 3057 2762 3120 peccatorum
2799 3057 3109 3122 sperantes,
3151 3048 3283 3122 quia
3311 3051 3456 3105 Deus
3498 3048 3624 3121 pius
3655 3059 3773 3120 est,

2175 3137 2381 3195 Christi
2435 3137 2662 3210 gratiam
2723 3137 3078 3210 praeferamus
3107 3137 3136 3192 7
3189 3137 3311 3193 Non
3365 3137 3580 3210 utique.
3641 3139 3776 3196 Ideo

467 3213 597 3270 data
641 3219 724 3270 θεῖ
771 3213 899 3279 18X;
931 3211 1323 3268 commendans
1369 3211 1518 3267 enim
1548 3211 1846 3284 ΑΡοεῖοωδ
1873 3209 2060 3280 ﬁdem»
2097 3235 2140 3296 ο
2175 3227 2323 3283 enim
2365 3209 2538 3284 nostri
2587 3209 2844 3283 misertus
2890 3235 2972 3283 est
3018 3228 3166 3282 Deus
3210 3242 3308 3298 per
3353 3209 3662 3298 Christum,
3709 3236 3776 3286 ut

467 3317 566 3376 per
588 3317 752 3376 quam
781 3301 972 3374 utique
1003 3307 1222 3373 peccata
1249 3299 1523 3368 delentur,
1574 3299 1750 3372 legem
1776 3299 1925 3356 dixit
1972 3299 2066 3356 fe-

467 3391 626 3460 cisse,
648 3403 710 3447 ιιι
733 3389 1038 3448 abundaret
1059 3397 1364 3462 peceatum,
1387 3389 1534 3446 sicut
1563 3405 1731 3462 supra
1749 3389 1899 3459 dixi;
1933 3391 2064 3463 quia

467 3496 580 3537 non
607 3481 738 3538 data
763 3487 880 3550 est,
909 3487 971 3536 ut
998 3479 1352 3537 abolerentur
1379 3487 1630 3551 peccata,
1661 3478 1758 3536 sed
1786 3489 1848 3536 ut
1874 3479 2064 3537 abun-

467 3569 702 3628 darent:
735 3568 870 3626 dum
899 3577 955 3626 et
995 3577 1122 3626 ante
1159 3569 1330 3642 legem
1374 3577 1684 3640 peccatores
1713 3569 1977 3640 ostendit,
2007 3578 2062 3628 et

469 3665 592 3732 post
628 3657 804 3730 legem
842 3672 964 3714 reos
1000 3671 1192 3712 omnes
1219 3656 1418 3712 tenuit.

553 3792 570 3819 ς
591 3766 700 3825 Ubi
725 3773 910 3823 autem
936 3765 1240 3823 abundavit
1261 3775 1566 3840 peccatum,
1589 3767 2060 3842 superabundavit

467 3857 660 3931 gratia.
694 3881 713 3904 ι
745 3855 1098 3914 Manifestum
1119 3864 1218 3925 est,
1242 3857 1372 3929 quia
1391 3873 1518 3914 cum
1539 3857 1842 3914 abundaret
1870 3872 2058 3929 pecca-

466 3955 616 4016 tum,
646 3945 1113 4019 superabundavit
1156 3945 1330 4018 gratia
1359 3964 1370 4003 :
1405 3946 1534 4003 dum
1565 3946 1794 4004 domum
1833 3947 1934 4004 Dei
1969 3963 2060 4003 ve-

465 4037 551 4094 nit
601 4051 672 4092 ex
727 4037 1130 4108 promissione,
1177 4045 1232 4094 et
1285 4037 1536 4095 omnium
1593 4048 1814 4112 peccata
1859 4049 2060 4098 conte-

463 4129 550 4186 xit
575 4126 694 4201 (42)
720 4145 732 4184 :
757 4134 818 4183 ut
837 4126 1044 4183 diaboli
1069 4126 1284 4184 invidia
1303 4127 1445 4184 nihil
1467 4144 1524 4184 se
1543 4128 1838 4200 profecisse
1854 4129 2055 4186 doleat.

465 4217 608 4287 Quia
635 4215 783 4274 enim
813 4233 938 4274 cum
967 4217 1096 4274 data
1123 4224 1264 4274 esset
1301 4218 1393 4274 lex
1421 4217 1490 4273 ad
1520 4217 1819 4274 utilitatem
1849 4217 2060 4275 huma-

463 4324 614 4378 nam,
649 4307 706 4364 id
735 4309 845 4380 egit
881 4307 1154 4376 diabolus,
1185 4316 1248 4364 ut
1284 4305 1566 4362 suadendo
1602 4305 1822 4377 illicita,
1860 4307 2058 4364 inver-

468 4403 640 4468 teret;
681 4405 744 4454 ut
785 4397 932 4471 quod
963 4397 1314 4470 profuturum
1343 4395 1531 4452 datum
1562 4403 1706 4464 erat,
1742 4397 1799 4452 in
1829 4404 2057 4453 contra-

461 4489 606 4546 rium
636 4485 946 4562 proﬁceret,
981 4485 1113 4542 dum
1145 4483 1403 4541 mandata
1444 4491 1758 4557 contempta
1799 4491 1949 4555 sunt,
1995 4495 2056 4544 ut

2171 3317 2239 3373 de
2270 3325 2469 3374 caetero
2497 3333 2610 3374 non
2639 3323 2924 3390 peccantes
2944 3359 2960 3385 ,
2999 3323 3054 3372 et
3094 3315 3357 3372 meritum
3396 3317 3558 3374 nobis
3588 3325 3642 3374 et
3671 3318 3773 3378 Dei

2173 3406 2403 3481 gratiam
2443 3407 2501 3462 in
2539 3423 2641 3462 nos
2678 3422 2903 3478 regnare
2931 3406 3218 3462 faciamus.
3265 3406 3464 3464 Aufert
3491 3407 3640 3464 enim
3672 3425 3775 3465 re-

2173 3515 2342 3572 gnum
2371 3497 2557 3570 gratiae
2583 3497 2706 3566 Dei,
2731 3504 2788 3553 et
2817 3495 2982 3554 tradit
3015 3504 3260 3570 peccato,
3281 3498 3377 3571 qui
3403 3515 3593 3556 rursus
3622 3499 3772 3558 redit

2170 3587 2240 3644 ad
2265 3583 2506 3645 veterem
2548 3586 2853 3656 hominem,
2902 3587 2960 3644 id
3005 3595 3108 3658 est,
3151 3587 3219 3644 ad
3256 3589 3426 3645 ritum
3476 3590 3771 3664 praeteritae

2170 3676 2321 3733 vitae.
2369 3677 2595 3733 Duabus
2631 3675 2780 3732 enim
2809 3691 2879 3732 ex
2917 3677 3100 3734 causis
3141 3677 3575 3735 misericordiam
3605 3695 3772 3737 acce—

2169 3765 2391 3838 pimus:
2433 3774 2496 3823 ut
2535 3773 2591 3822 et
2622 3765 2832 3822 diaboli
2872 3781 3100 3838 regnum
3131 3767 3537 3835 excluderetur,
3571 3777 3622 3826 et
3665 3768 3770 3824 Dei

2169 3853 2462 3928 imperium
2487 3855 2869 3929 ignorantibus
2897 3855 3312 3930 praedicaretur,
3334 3873 3430 3930 per
3450 3857 3554 3916 hoc
3582 3858 3763 3932 ipsum

2167 3945 2434 4019 dignitate
2465 3947 2625 4004 nobis
2655 3947 2904 4022 quaesita.

2241 4037 2424 4108 (Vers.
2447 4037 2528 4110 2.)
2566 4061 2584 4085 ι
2606 4037 2713 4106 Qui
2732 4039 2880 4095 enim
2912 4039 3118 4098 mortui
3137 4056 3328 4098 sumus
3357 4049 3604 4112 peccato,
3629 4056 3764 4114 quo-

2167 4126 2332 4183 modo
2363 4127 2545 4184 adhuc
2569 4128 2824 4184 vivemus
2853 4129 2912 4185 in
2942 4129 3040 4186 illo
3061 4129 3089 4186 (ἲ
3121 4155 3138 4178 ›
3175 4130 3291 4186 Hoc
3311 4129 3472 4196 dicit,
3499 4131 3758 4204 quoniam

2166 4216 2418 4274 viventes
2456 4225 2700 4292 peccato,
2739 4219 2945 4276 mortui
2981 4235 3199 4276 eramus
3233 4220 3378 4292 apud
3415 4222 3624 4288 Deum;
3665 4221 3761 4294 qui

2165 4316 2354 4379 peccat
2393 4308 2564 4374 enim,
2605 4308 2749 4364 vivit
2793 4316 3034 4381 peccato,
3085 4309 3230 4366 sicut
3273 4309 3367 4382 qui
3413 4325 3524 4365 non
3553 4316 3759 4382 peccat,

2165 4399 2308 4456 vivit
2336 4401 2468 4456 Deo.
2503 4399 2936 4472 Superveniente
2967 4401 3115 4456 enim
3147 4399 3321 4473 gratia
3347 4399 3448 4456 Dei
3485 4415 3583 4472 per
3605 4399 3760 4458 Chri-

2163 4501 2332 4563 stum,
2351 4499 2406 4549 et
2430 4509 2530 4550 nos
2550 4509 2646 4566 per
2664 4493 2830 4550 ﬁdem
2865 4494 3085 4550 lavacro
3118 4491 3356 4566 spiritali
3385 4497 3757 4564 regenerante,

459 4595 571 4637 non
617 4578 831 4636 utilitas
877 4593 946 4632 ex
993 4577 1130 4648 lege,
1175 4575 1270 4632 sed
1315 4573 1590 4647 judicium
1636 4575 1706 4632 ad
1749 4576 2049 4634 vindictam
2086 4595 2135 4656 ι)
2169 4583 2436 4656 coepimus
2472 4583 2662 4641 vivere
2710 4586 2844 4649 Deo,
2885 4583 3092 4639 mortui
3133 4589 3315 4638 autem
3354 4597 3470 4638 esse
3515 4588 3760 4654 peccato,

459 4672 778 4745 procederet
801 4669 918 4742 (43)
946 4687 958 4725 :
987 4676 1122 4727 tunc
1143 4666 1328 4740 justus
1357 4675 1518 4742 atque
1549 4668 1862 4726 misericors
1886 4671 2052 4738 Deus,

458 4769 522 4818 ut
569 4762 799 4833 gloriam
848 4758 1054 4816 diaboli
1103 4775 1267 4833 quam
1319 4757 1386 4814 de
1441 4757 1780 4830 triumphato
1827 4757 2054 4816 homine

460 4850 772 4924 quaesierat,
795 4851 1124 4921 exinaniret,
1147 4850 1351 4908 Filium
1373 4866 1534 4907 suum
1557 4857 1850 4906 venturum
1873 4850 2056 4908 decre-

461 4939 566 5008 vit,
594 4941 690 5014 qui
720 4942 907 4997 omnia
935 4950 1152 5014 peccata
1176 4940 1426 5010 donaret,
1465 4947 1529 4996 ut
1563 4939 1739 5012 major
1766 4939 1922 4996 ﬁeret
1949 4939 2055 4996 lae-

461 5030 588 5086 titia
614 5046 686 5086 ex
713 5030 862 5086 dono
889 5032 1095 5102 gratiae,
1144 5050 1307 5107 quam
1357 5032 1536 5090 fuerat
1581 5032 1773 5089 luctus
1806 5048 1876 5088 ex
1917 5047 2054 5105 pec-

561 5201 655 5276 40)
695 5202 844 5276 Idem
872 5201 1053 5276 codex
1076 5201 1265 5276 Corb.,
1295 5203 1549 5260 nativitas
1585 5202 1870 5276 intepescit.

559 5273 652 5348 lii)
694 5273 869 5348 Paris.
901 5274 1149 5348 quaedam
1178 5274 1334 5344 edit.,
1371 5277 1541 5347 Igitur
1559 5273 1926 5343 huic—mundo,
1941 5281 2046 5334 etc.

560 5345 654 5420 42)
695 5347 860 5420 Corb.
891 5345 1039 5416 cod,
1065 5354 1280 5420 peccata
1301 5345 1587 5420 contraxit.
1621 5348 1900 5420 Continuo
1919 5364 2051 5404 vero

458 5424 583 5501 post
619 5418 855 5501 Amerb;
877 5425 932 5475 et
977 5418 1108 5476 mss.
1157 5419 1467 5501 non.p_auci
1503 5420 1722 5501 legunt,
1768 5419 2052 5501 profecisse

457 5489 659 5555 doceat,
685 5490 780 5546 ubi
810 5491 964 5564 Eras.
997 5507 1060 5548 ac
1091 5506 1204 5563 seq.
1231 5489 1364 5548 edit.
1395 5505 1520 5548 cum
1553 5489 1677 5545 aliis
1707 5489 1838 5548 mss.
1873 5489 2051 5564 magis

457 5575 721 5632 congrue,
745 5561 1032 5632 profecisse
1058 5561 1252 5620 doleat.

533 5630 650 5704 (43)
691 5630 817 5704 Vét.
845 5630 1002 5702 edit.,
1033 5641 1094 5690 ut
1133 5651 1241 5689 non
1285 5633 1492 5704 utilitas
1519 5649 1586 5688 ea:
1629 5633 1754 5703 lege,
1799 5649 2048 5688 commen-

458 5701 604 5774 datio
631 5701 837 5774 'gratia:
878 5701 1016 5772 Dei;
1066 5706 1156 5762 sed
1196 5703 1464 5774 judicium
1491 5704 1562 5760 ad
1602 5701 1887 5759 vindictam
1923 5720 2050 5774 pro-

456 5773 692 5832 cederet:
735 5791 868 5832 mss.
895 5791 1026 5833 vero
1053 5784 1108 5832 et
1134 5773 1432 5834 Rem.edit.
1463 5775 1525 5830 In
1567 5782 1812 5832 nostram
1865 5773 2049 5832 lectio-

2161 4673 2258 4748 qui
2287 4679 2368 4729 est
2404 4673 2690 4742 diabolus;
2738 4672 2844 4730 hoc
2872 4681 2954 4729 est
2990 4679 3175 4728 tamen
3216 4670 3360 4728 mori
3387 4678 3644 4744 peccato,
3679 4670 3762 4726 li-

2160 4763 2342 4821 berari
2371 4780 2404 4820 a
2443 4773 2692 4836 peccato,
2740 4762 2862 4819 ﬁeri
2903 4771 3086 4819 autem
3133 4779 3355 4819 servum
3399 4761 3520 4818 Dei.
3571 4761 3760 4835 Itaque

2162 4854 2366 4910 mortui
2409 4851 2524 4924 jam
2573 4860 2817 4926 peccato,
2863 4868 2977 4908 non
3027 4850 3315 4908 redeamus
3349 4850 3418 4907 ad
3461 4850 3604 4906 mala
3633 4849 3760 4923 pri-

2161 4943 2327 5011 stina,
2351 4957 2420 4998 ne
2449 4941 2650 4996 iterum
2671 4941 2927 4997 vivemus
2954 4947 3200 5013 peccato,
3221 4947 3277 4996 et
3302 4939 3602 4996 morientes
3620 4941 3756 5006 Deo,

2161 5035 2362 5091 amissa
2371 5033 2658 5107 dignitate,
2671 5049 2892 5106 poenam
2905 5049 3067 5108 quam
3081 5032 3752 5104 evasimus,incurramus.

2159 5214 2286 5256 nem
2316 5197 2691 5274 conveniunt,
2717 5199 2827 5256 nisi
2855 5197 3004 5274 quod
3040 5214 3144 5274 pro
3179 5199 3252 5256 ad
3279 5198 3585 5269 vindictam,
3618 5197 3756 5256 illo-

2160 5288 2284 5328 rum
2315 5272 2571 5328 nonnulli
2602 5271 2832 5339 habent,
2857 5271 2906 5327 ἐι
2927 5271 3181 5327 vindicta.

2233 5343 2352 5471 (44g
2393 5345 2522 5428 Mss.
2563 5343 2785 5426 quidam
2815 5359 2827 5398 :
2855 5343 3048 5423 .Simili
3075 5342 3228 5426 modo
3256 5347 3306 5426 et
3345 5345 3524 5426 gratia
3557 5349 3754 5426 regnet,

2233 5433 2321 5470 mo
2353 5417 2577 5471 adtente:
2612 5415 2714 5470 sibi
2755 5413 2918 5471 facit:
2961 5414 3086 5469 dum
3123 5433 3166 5469 ιι
3205 5415 3396 5471 auibus
3438 5431 3754 5471 misericor-

2158 5421 2208 5470 et
2232 5413 2598 5472 inobedientes‘
2612 5414 2715 5470 sibi
2754 5413 2918 5484 facit;
2961 5414 3086 5486 dum
3123 5414 3166 5469 ii
3205 5413 3396 5486 quibus
3438 5413 3755 5486 misericor-

2157 5487 2304 5543 diam
2322 5488 2484 5556 dedit,
2513 5492 2647 5560 recte
2671 5491 2981 5560 versantur,
3003 5485 3230 5560 Medea
3251 5485 3430 5556 futuri
3451 5503 3553 5560 per
3583 5485 3754 5560 Chri-

2157 5565 2295 5614 stum
2315 5601 2334 5626 ,
2385 5560 2520 5632 sicut
2563 5557 2781 5628 fuerant
2826 5557 3142 5629 perditionis
3177 5558 3394 5616 obnoxii
3427 5557 3528 5632 per
3552 5557 3748 5615 Adam.

2160 5631 2303 5702 Quid
2328 5647 2448 5702 ergo
2475 5631 2699 5702 dicemus
2721 5631 2750 5686 ἵ
2777 5636 2881 5702 etc.

2231 5701 2348 5774 (45)
2388 5703 2548 5758 Rom.
2579 5701 2712 5760 edit.
2744 5701 2880 5772 sola,
2917 5719 2952 5758 α
2984 5701 3195 5758 Christo
3231 5701 3461 5758 dicatur.
