  <div class='ocr_page' id='page_1' title='image "/cluster/home/n/w/nwhite01/storage/ocr_20150623/17/umn.31951002477311b/060.png"; bbox 0 0 3980 6442; ppageno 0'>
   <div class='ocr_carea' id='block_1_1' title="bbox 207 436 300 496">
    <p class='ocr_par' dir='ltr' id='par_1_1' title="bbox 207 436 300 496">
     <span class='ocr_line' id='line_1_1' title="bbox 207 436 300 496; baseline -0.011 0"><span class='ocrx_word' id='word_1_1' title='bbox 207 436 300 496; x_wconf 83' lang='grc'>105</span> 
     </span>
    </p>
   </div>
   <div class='ocr_carea' id='block_1_2' title="bbox 1296 430 2367 493">
    <p class='ocr_par' dir='ltr' id='par_1_2' title="bbox 1296 430 2367 493">
     <span class='ocr_line' id='line_1_2' title="bbox 1296 430 2367 493; baseline -0.002 -3"><span class='ocrx_word' id='word_1_2' title='bbox 1296 432 1658 492; x_wconf 87' lang='lat' dir='ltr'>COMMENT.</span> <span class='ocrx_word' id='word_1_3' title='bbox 1696 433 1766 490; x_wconf 88' lang='lat' dir='ltr'><strong>IN</strong></span> <span class='ocrx_word' id='word_1_4' title='bbox 1805 431 2024 493; x_wconf 88' lang='lat' dir='ltr'>EPIST.</span> <span class='ocrx_word' id='word_1_5' title='bbox 2065 433 2162 488; x_wconf 87' lang='lat' dir='ltr'><strong>AD</strong></span> <span class='ocrx_word' id='word_1_6' title='bbox 2202 430 2367 490; x_wconf 82' lang='lat' dir='ltr'>ROM.</span> 
     </span>
    </p>
   </div>
   <div class='ocr_carea' id='block_1_3' title="bbox 3384 432 3489 492">
    <p class='ocr_par' dir='ltr' id='par_1_3' title="bbox 3384 432 3489 492">
     <span class='ocr_line' id='line_1_3' title="bbox 3384 432 3489 492; baseline 0 0"><span class='ocrx_word' id='word_1_7' title='bbox 3384 432 3489 492; x_wconf 74' lang='lat'>106</span> 
     </span>
    </p>
   </div>
   <div class='ocr_carea' id='block_1_4' title="bbox 274 556 3486 634">
    <p class='ocr_par' dir='ltr' id='par_1_4' title="bbox 274 556 3486 634">
     <span class='ocr_line' id='line_1_4' title="bbox 274 556 3486 634; baseline -0.001 -15"><span class='ocrx_word' id='word_1_8' title='bbox 274 562 453 634; x_wconf 89' lang='lat' dir='ltr'>(Vers.</span> <span class='ocrx_word' id='word_1_9' title='bbox 486 563 567 633; x_wconf 92' lang='lat'>3.)</span> <span class='ocrx_word' id='word_1_10' title='bbox 613 586 631 607; x_wconf 80' lang='grc' dir='ltr'>ι</span> <span class='ocrx_word' id='word_1_11' title='bbox 671 564 759 617; x_wconf 84' lang='lat' dir='ltr'>An</span> <span class='ocrx_word' id='word_1_12' title='bbox 800 560 1065 632; x_wconf 81' lang='lat' dir='ltr'>ignoratis</span> <span class='ocrx_word' id='word_1_13' title='bbox 1094 559 1222 630; x_wconf 85' lang='lat' dir='ltr'>quia</span> <span class='ocrx_word' id='word_1_14' title='bbox 1250 560 1563 632; x_wconf 87' lang='lat' dir='ltr'>quicunque</span> <span class='ocrx_word' id='word_1_15' title='bbox 1600 558 1792 630; x_wconf 89' lang='lat' dir='ltr'>bapti-</span> <span class='ocrx_word' id='word_1_16' title='bbox 1817 560 1869 619; x_wconf 89' lang='lat' dir='ltr'><strong>A</strong></span> <span class='ocrx_word' id='word_1_17' title='bbox 1899 557 2098 614; x_wconf 85' lang='lat' dir='ltr'>debere</span> <span class='ocrx_word' id='word_1_18' title='bbox 2128 574 2383 631; x_wconf 84' lang='lat' dir='ltr'>peccare:</span> <span class='ocrx_word' id='word_1_19' title='bbox 2418 556 2659 612; x_wconf 84' lang='lat' dir='ltr'>maxime</span> <span class='ocrx_word' id='word_1_20' title='bbox 2688 571 2758 612; x_wconf 89' lang='lat' dir='ltr'>ne</span> <span class='ocrx_word' id='word_1_21' title='bbox 2793 556 2861 612; x_wconf 84' lang='lat' dir='ltr'>ad</span> <span class='ocrx_word' id='word_1_22' title='bbox 2890 556 3259 615; x_wconf 82' lang='lat' dir='ltr'>idololatriam</span> <span class='ocrx_word' id='word_1_23' title='bbox 3291 573 3486 617; x_wconf 87' lang='lat' dir='ltr'>rever-</span> 
     </span>
    </p>
   </div>
   <div class='ocr_carea' id='block_1_5' title="bbox 203 647 1792 718">
    <p class='ocr_par' dir='ltr' id='par_1_5' title="bbox 203 647 1792 718">
     <span class='ocr_line' id='line_1_5' title="bbox 203 647 1792 718; baseline -0.004 -10"><span class='ocrx_word' id='word_1_24' title='bbox 203 652 301 708; x_wconf 87' lang='lat' dir='ltr'>zati</span> <span class='ocrx_word' id='word_1_25' title='bbox 331 668 521 708; x_wconf 88' lang='lat' dir='ltr'>sumus</span> <span class='ocrx_word' id='word_1_26' title='bbox 552 652 608 706; x_wconf 90' lang='lat' dir='ltr'>in</span> <span class='ocrx_word' id='word_1_27' title='bbox 650 650 869 706; x_wconf 75' lang='lat' dir='ltr'>Christo</span> <span class='ocrx_word' id='word_1_28' title='bbox 899 650 1045 716; x_wconf 89' lang='lat' dir='ltr'>.lesu,</span> <span class='ocrx_word' id='word_1_29' title='bbox 1079 648 1135 702; x_wconf 92' lang='lat' dir='ltr'>in</span> <span class='ocrx_word' id='word_1_30' title='bbox 1171 655 1347 702; x_wconf 86' lang='lat' dir='ltr'>morte</span> <span class='ocrx_word' id='word_1_31' title='bbox 1377 648 1495 718; x_wconf 85' lang='lat' dir='ltr'>ejus</span> <span class='ocrx_word' id='word_1_32' title='bbox 1532 647 1792 718; x_wconf 87' lang='lat' dir='ltr'>baptizati</span> 
     </span>
    </p>
   </div>
   <div class='ocr_carea' id='block_1_6' title="bbox 203 738 1794 808">
    <p class='ocr_par' dir='ltr' id='par_1_6' title="bbox 203 738 1794 808">
     <span class='ocr_line' id='line_1_6' title="bbox 203 738 1794 808; baseline -0.005 -10"><span class='ocrx_word' id='word_1_33' title='bbox 203 743 479 798; x_wconf 76' lang='lat' dir='ltr'>sumus?-</span> <span class='ocrx_word' id='word_1_34' title='bbox 564 743 677 797; x_wconf 88' lang='lat' dir='ltr'>lloc</span> <span class='ocrx_word' id='word_1_35' title='bbox 729 740 882 806; x_wconf 87' lang='lat' dir='ltr'>dicit,</span> <span class='ocrx_word' id='word_1_36' title='bbox 936 747 997 793; x_wconf 90' lang='lat' dir='ltr'>ut</span> <span class='ocrx_word' id='word_1_37' title='bbox 1045 739 1282 795; x_wconf 78' lang='lat' dir='ltr'>sciamus</span> <span class='ocrx_word' id='word_1_38' title='bbox 1338 738 1639 808; x_wconf 75' lang='lat' dir='ltr'>baptizatos</span> <span class='ocrx_word' id='word_1_39' title='bbox 1694 752 1794 791; x_wconf 89' lang='lat' dir='ltr'>nos</span> 
     </span>
    </p>
   </div>
   <div class='ocr_carea' id='block_1_7' title="bbox 199 826 1790 904">
    <p class='ocr_par' dir='ltr' id='par_1_7' title="bbox 199 826 1790 904">
     <span class='ocr_line' id='line_1_7' title="bbox 199 826 1790 904; baseline -0.005 -18"><span class='ocrx_word' id='word_1_40' title='bbox 199 832 309 904; x_wconf 90' lang='lat' dir='ltr'>jam</span> <span class='ocrx_word' id='word_1_41' title='bbox 366 848 477 885; x_wconf 84' lang='lat' dir='ltr'>non</span> <span class='ocrx_word' id='word_1_42' title='bbox 529 830 723 885; x_wconf 87' lang='lat' dir='ltr'>debere</span> <span class='ocrx_word' id='word_1_43' title='bbox 772 844 1014 899; x_wconf 88' lang='lat' dir='ltr'>peccare,</span> <span class='ocrx_word' id='word_1_44' title='bbox 1067 828 1195 899; x_wconf 97' lang='lat' dir='ltr'>quia</span> <span class='ocrx_word' id='word_1_45' title='bbox 1245 844 1369 882; x_wconf 91' lang='lat' dir='ltr'>cum</span> <span class='ocrx_word' id='word_1_46' title='bbox 1426 826 1790 897; x_wconf 88' lang='lat' dir='ltr'>baptizamur,</span> 
     </span>
    </p>
   </div>
   <div class='ocr_carea' id='block_1_8' title="bbox 204 913 1797 985">
    <p class='ocr_par' dir='ltr' id='par_1_8' title="bbox 204 913 1797 985">
     <span class='ocr_line' id='line_1_8' title="bbox 204 913 1797 985; baseline -0.004 -11"><span class='ocrx_word' id='word_1_47' title='bbox 204 920 599 975; x_wconf 88' lang='lat' dir='ltr'>commorimur</span> <span class='ocrx_word' id='word_1_48' title='bbox 641 918 879 974; x_wconf 86' lang='lat' dir='ltr'>Christo.</span> <span class='ocrx_word' id='word_1_49' title='bbox 917 917 1029 971; x_wconf 89' lang='lat' dir='ltr'>lloc</span> <span class='ocrx_word' id='word_1_50' title='bbox 1060 918 1141 969; x_wconf 86' lang='lat' dir='ltr'>est</span> <span class='ocrx_word' id='word_1_51' title='bbox 1180 915 1237 969; x_wconf 91' lang='lat' dir='ltr'>in</span> <span class='ocrx_word' id='word_1_52' title='bbox 1272 923 1446 969; x_wconf 89' lang='lat' dir='ltr'>morte</span> <span class='ocrx_word' id='word_1_53' title='bbox 1478 913 1596 984; x_wconf 84' lang='lat' dir='ltr'>ejus</span> <span class='ocrx_word' id='word_1_54' title='bbox 1624 913 1797 985; x_wconf 89' lang='lat' dir='ltr'>bapti-</span> 
     </span>
    </p>
   </div>
   <div class='ocr_carea' id='block_1_9' title="bbox 205 1006 1796 1079">
    <p class='ocr_par' dir='ltr' id='par_1_9' title="bbox 205 1006 1796 1079">
     <span class='ocr_line' id='line_1_9' title="bbox 205 1006 1796 1079; baseline -0.007 -10"><span class='ocrx_word' id='word_1_55' title='bbox 205 1013 349 1079; x_wconf 73' lang='lat' dir='ltr'>zari,</span> <span class='ocrx_word' id='word_1_56' title='bbox 384 1012 499 1067; x_wconf 89' lang='lat' dir='ltr'>illic</span> <span class='ocrx_word' id='word_1_57' title='bbox 539 1010 685 1065; x_wconf 90' lang='lat' dir='ltr'>enim</span> <span class='ocrx_word' id='word_1_58' title='bbox 731 1008 918 1063; x_wconf 86' lang='lat' dir='ltr'><strong>omnia</strong></span> <span class='ocrx_word' id='word_1_59' title='bbox 965 1015 1188 1078; x_wconf 84' lang='lat' dir='ltr'>peccata</span> <span class='ocrx_word' id='word_1_60' title='bbox 1227 1014 1412 1060; x_wconf 90' lang='lat' dir='ltr'>nostra</span> <span class='ocrx_word' id='word_1_61' title='bbox 1462 1006 1796 1074; x_wconf 90' lang='lat' dir='ltr'>moriuntur,</span> 
     </span>
    </p>
   </div>
   <div class='ocr_carea' id='block_1_10' title="bbox 208 1092 1799 1170">
    <p class='ocr_par' dir='ltr' id='par_1_10' title="bbox 208 1092 1799 1170">
     <span class='ocr_line' id='line_1_10' title="bbox 208 1092 1799 1170; baseline -0.006 -12"><span class='ocrx_word' id='word_1_62' title='bbox 208 1112 267 1158; x_wconf 91' lang='lat' dir='ltr'>ut</span> <span class='ocrx_word' id='word_1_63' title='bbox 301 1102 543 1157; x_wconf 88' lang='lat' dir='ltr'>innovati</span> <span class='ocrx_word' id='word_1_64' title='bbox 578 1099 824 1170; x_wconf 87' lang='lat' dir='ltr'>deposita</span> <span class='ocrx_word' id='word_1_65' title='bbox 856 1106 1047 1164; x_wconf 86' lang='lat' dir='ltr'>morte,</span> <span class='ocrx_word' id='word_1_66' title='bbox 1086 1112 1363 1166; x_wconf 77' lang='lat' dir='ltr'>resurgere</span> <span class='ocrx_word' id='word_1_67' title='bbox 1407 1095 1695 1150; x_wconf 82' lang='lat' dir='ltr'>videamur</span> <span class='ocrx_word' id='word_1_68' title='bbox 1731 1092 1799 1148; x_wconf 89' lang='lat' dir='ltr'>ad</span> 
     </span>
    </p>
   </div>
   <div class='ocr_carea' id='block_1_11' title="bbox 207 1186 1798 1259">
    <p class='ocr_par' dir='ltr' id='par_1_11' title="bbox 207 1186 1798 1259">
     <span class='ocr_line' id='line_1_11' title="bbox 207 1186 1798 1259; baseline -0.007 -12"><span class='ocrx_word' id='word_1_69' title='bbox 207 1192 374 1247; x_wconf 88' lang='lat' dir='ltr'>vitam</span> <span class='ocrx_word' id='word_1_70' title='bbox 422 1190 594 1245; x_wconf 79' lang='lat' dir='ltr'>renati</span> <span class='ocrx_word' id='word_1_71' title='bbox 626 1208 638 1244; x_wconf 88' lang='lat'>:</span> <span class='ocrx_word' id='word_1_72' title='bbox 670 1197 730 1243; x_wconf 90' lang='lat' dir='ltr'>ut</span> <span class='ocrx_word' id='word_1_73' title='bbox 768 1187 1042 1259; x_wconf 90' lang='lat' dir='ltr'>quomodo</span> <span class='ocrx_word' id='word_1_74' title='bbox 1093 1186 1349 1242; x_wconf 82' lang='lat' dir='ltr'>Christus</span> <span class='ocrx_word' id='word_1_75' title='bbox 1382 1194 1634 1239; x_wconf 90' lang='lat' dir='ltr'>mortuus</span> <span class='ocrx_word' id='word_1_76' title='bbox 1681 1199 1798 1253; x_wconf 87' lang='lat' dir='ltr'>pec-</span> 
     </span>
    </p>
   </div>
   <div class='ocr_carea' id='block_1_12' title="bbox 204 1273 1799 1353">
    <p class='ocr_par' dir='ltr' id='par_1_12' title="bbox 204 1273 1799 1353">
     <span class='ocr_line' id='line_1_12' title="bbox 204 1273 1799 1353; baseline -0.007 -19"><span class='ocrx_word' id='word_1_77' title='bbox 204 1288 323 1353; x_wconf 83' lang='lat' dir='ltr'>cato</span> <span class='ocrx_word' id='word_1_78' title='bbox 375 1278 693 1345; x_wconf 84' lang='lat' dir='ltr'>resurrexit,</span> <span class='ocrx_word' id='word_1_79' title='bbox 752 1277 829 1331; x_wconf 90' lang='lat' dir='ltr'>ita</span> <span class='ocrx_word' id='word_1_80' title='bbox 875 1284 928 1331; x_wconf 91' lang='lat' dir='ltr'>et</span> <span class='ocrx_word' id='word_1_81' title='bbox 972 1292 1071 1330; x_wconf 90' lang='lat' dir='ltr'>nos</span> <span class='ocrx_word' id='word_1_82' title='bbox 1125 1292 1220 1346; x_wconf 86' lang='lat' dir='ltr'>per</span> <span class='ocrx_word' id='word_1_83' title='bbox 1258 1273 1592 1344; x_wconf 80' lang='lat' dir='ltr'>baptismum</span> <span class='ocrx_word' id='word_1_84' title='bbox 1649 1287 1799 1342; x_wconf 86' lang='lat' dir='ltr'>spem</span> 
     </span>
    </p>
   </div>
   <div class='ocr_carea' id='block_1_13' title="bbox 202 1364 1802 1435">
    <p class='ocr_par' dir='ltr' id='par_1_13' title="bbox 202 1364 1802 1435">
     <span class='ocr_line' id='line_1_13' title="bbox 202 1364 1802 1435; baseline -0.006 -11"><span class='ocrx_word' id='word_1_85' title='bbox 202 1368 624 1424; x_wconf 86' lang='lat' dir='ltr'>resurrectionis</span> <span class='ocrx_word' id='word_1_86' title='bbox 678 1366 998 1421; x_wconf 82' lang='lat' dir='ltr'>habeamus.</span> <span class='ocrx_word' id='word_1_87' title='bbox 1067 1364 1347 1435; x_wconf 83' lang='lat' dir='ltr'>Baptisma</span> <span class='ocrx_word' id='word_1_88' title='bbox 1388 1364 1591 1434; x_wconf 82' lang='lat' dir='ltr'>itaque</span> <span class='ocrx_word' id='word_1_89' title='bbox 1655 1376 1802 1416; x_wconf 87' lang='lat' dir='ltr'>mors</span> 
     </span>
    </p>
   </div>
   <div class='ocr_carea' id='block_1_14' title="bbox 204 1452 1799 1528">
    <p class='ocr_par' dir='ltr' id='par_1_14' title="bbox 204 1452 1799 1528">
     <span class='ocr_line' id='line_1_14' title="bbox 204 1452 1799 1528; baseline -0.006 -17"><span class='ocrx_word' id='word_1_90' title='bbox 204 1456 410 1528; x_wconf 85' lang='lat' dir='ltr'>peccati</span> <span class='ocrx_word' id='word_1_91' title='bbox 456 1463 555 1522; x_wconf 91' lang='lat' dir='ltr'>est,</span> <span class='ocrx_word' id='word_1_92' title='bbox 598 1454 812 1510; x_wconf 75' lang='lat' dir='ltr'>ut-alia</span> <span class='ocrx_word' id='word_1_93' title='bbox 841 1460 1097 1525; x_wconf 83' lang='lat' dir='ltr'>sequatur</span> <span class='ocrx_word' id='word_1_94' title='bbox 1137 1452 1421 1516; x_wconf 86' lang='lat' dir='ltr'>nativitas,</span> <span class='ocrx_word' id='word_1_95' title='bbox 1458 1466 1578 1522; x_wconf 82' lang='lat' dir='ltr'>quae</span> <span class='ocrx_word' id='word_1_96' title='bbox 1612 1464 1799 1519; x_wconf 88' lang='lat' dir='ltr'>corpo-</span> 
     </span>
    </p>
   </div>
   <div class='ocr_carea' id='block_1_15' title="bbox 202 1538 1800 1614">
    <p class='ocr_par' dir='ltr' id='par_1_15' title="bbox 202 1538 1800 1614">
     <span class='ocr_line' id='line_1_15' title="bbox 202 1538 1800 1614; baseline -0.006 -14"><span class='ocrx_word' id='word_1_97' title='bbox 202 1545 278 1600; x_wconf 86' lang='lat' dir='ltr'>ris</span> <span class='ocrx_word' id='word_1_98' title='bbox 318 1553 572 1600; x_wconf 88' lang='lat' dir='ltr'>manente</span> <span class='ocrx_word' id='word_1_99' title='bbox 619 1543 961 1614; x_wconf 81' lang='lat' dir='ltr'>compagine,</span> <span class='ocrx_word' id='word_1_100' title='bbox 998 1541 1280 1596; x_wconf 85' lang='lat' dir='ltr'>hominem</span> <span class='ocrx_word' id='word_1_101' title='bbox 1328 1546 1511 1594; x_wconf 86' lang='lat' dir='ltr'>mente</span> <span class='ocrx_word' id='word_1_102' title='bbox 1552 1538 1800 1602; x_wconf 89' lang='lat' dir='ltr'>innovat,</span> 
     </span>
    </p>
   </div>
   <div class='ocr_carea' id='block_1_16' title="bbox 204 1632 1569 1705">
    <p class='ocr_par' dir='ltr' id='par_1_16' title="bbox 204 1632 1569 1705">
     <span class='ocr_line' id='line_1_16' title="bbox 204 1632 1569 1705; baseline -0.007 -16"><span class='ocrx_word' id='word_1_103' title='bbox 204 1635 416 1705; x_wconf 89' lang='lat' dir='ltr'>sepulta</span> <span class='ocrx_word' id='word_1_104' title='bbox 445 1632 693 1688; x_wconf 89' lang='lat' dir='ltr'>omnium</span> <span class='ocrx_word' id='word_1_105' title='bbox 725 1632 996 1686; x_wconf 85' lang='lat' dir='ltr'>malorum</span> <span class='ocrx_word' id='word_1_106' title='bbox 1025 1638 1247 1685; x_wconf 86' lang='lat' dir='ltr'>actuum</span> <span class='ocrx_word' id='word_1_107' title='bbox 1282 1634 1569 1682; x_wconf 82' lang='lat' dir='ltr'>vetustate.</span> 
     </span>
    </p>
   </div>
   <div class='ocr_carea' id='block_1_17' title="bbox 275 1714 1805 1795">
    <p class='ocr_par' dir='ltr' id='par_1_17' title="bbox 275 1714 1805 1795">
     <span class='ocr_line' id='line_1_17' title="bbox 275 1714 1805 1795; baseline -0.009 -16"><span class='ocrx_word' id='word_1_108' title='bbox 275 1724 460 1795; x_wconf 76' lang='lat' dir='ltr'>(Vers.</span> <span class='ocrx_word' id='word_1_109' title='bbox 493 1722 574 1794; x_wconf 79' lang='grc'>4.)</span> <span class='ocrx_word' id='word_1_110' title='bbox 621 1746 638 1767; x_wconf 73' lang='grc' dir='ltr'><strong><em>ι</em></strong></span> <span class='ocrx_word' id='word_1_111' title='bbox 671 1720 991 1792; x_wconf 91' lang='lat' dir='ltr'>Consepulti</span> <span class='ocrx_word' id='word_1_112' title='bbox 1020 1719 1169 1774; x_wconf 89' lang='lat' dir='ltr'>enim</span> <span class='ocrx_word' id='word_1_113' title='bbox 1201 1734 1395 1773; x_wconf 89' lang='lat' dir='ltr'>sumus</span> <span class='ocrx_word' id='word_1_114' title='bbox 1426 1732 1551 1771; x_wconf 90' lang='lat' dir='ltr'>cum</span> <span class='ocrx_word' id='word_1_115' title='bbox 1584 1714 1681 1767; x_wconf 90' lang='lat' dir='ltr'>illo</span> <span class='ocrx_word' id='word_1_116' title='bbox 1710 1728 1805 1783; x_wconf 87' lang='lat' dir='ltr'>per</span> 
     </span>
    </p>
   </div>
   <div class='ocr_carea' id='block_1_18' title="bbox 202 1801 1805 1884">
    <p class='ocr_par' dir='ltr' id='par_1_18' title="bbox 202 1801 1805 1884">
     <span class='ocr_line' id='line_1_18' title="bbox 202 1801 1805 1884; baseline -0.007 -17"><span class='ocrx_word' id='word_1_117' title='bbox 202 1812 536 1884; x_wconf 85' lang='lat' dir='ltr'>baptismum</span> <span class='ocrx_word' id='word_1_118' title='bbox 570 1811 627 1866; x_wconf 92' lang='lat' dir='ltr'>in</span> <span class='ocrx_word' id='word_1_119' title='bbox 672 1819 927 1876; x_wconf 87' lang='lat' dir='ltr'>mortem,</span> <span class='ocrx_word' id='word_1_120' title='bbox 968 1816 1029 1862; x_wconf 91' lang='lat' dir='ltr'>ut</span> <span class='ocrx_word' id='word_1_121' title='bbox 1058 1805 1520 1879; x_wconf 86' lang='lat' dir='ltr'>quemadmodum</span> <span class='ocrx_word' id='word_1_122' title='bbox 1553 1801 1805 1860; x_wconf 85' lang='lat' dir='ltr'>Christus</span> 
     </span>
    </p>
   </div>
   <div class='ocr_carea' id='block_1_19' title="bbox 202 1892 1805 1968">
    <p class='ocr_par' dir='ltr' id='par_1_19' title="bbox 202 1892 1805 1968">
     <span class='ocr_line' id='line_1_19' title="bbox 202 1892 1805 1968; baseline -0.009 -11"><span class='ocrx_word' id='word_1_123' title='bbox 202 1901 508 1957; x_wconf 76' lang='lat' dir='ltr'>resurrexit</span> <span class='ocrx_word' id='word_1_124' title='bbox 535 1916 566 1955; x_wconf 89' lang='lat' dir='ltr'>a</span> <span class='ocrx_word' id='word_1_125' title='bbox 598 1899 835 1954; x_wconf 88' lang='lat' dir='ltr'>mortuis</span> <span class='ocrx_word' id='word_1_126' title='bbox 866 1914 959 1968; x_wconf 91' lang='lat' dir='ltr'>per</span> <span class='ocrx_word' id='word_1_127' title='bbox 986 1897 1248 1952; x_wconf 86' lang='lat' dir='ltr'>virtutem</span> <span class='ocrx_word' id='word_1_128' title='bbox 1284 1894 1481 1960; x_wconf 86' lang='lat' dir='ltr'>Patris,</span> <span class='ocrx_word' id='word_1_129' title='bbox 1520 1892 1596 1947; x_wconf 90' lang='lat' dir='ltr'>ita</span> <span class='ocrx_word' id='word_1_130' title='bbox 1624 1898 1677 1945; x_wconf 91' lang='lat' dir='ltr'>et</span> <span class='ocrx_word' id='word_1_131' title='bbox 1707 1906 1805 1945; x_wconf 91' lang='lat' dir='ltr'>nos</span> 
     </span>
    </p>
   </div>
   <div class='ocr_carea' id='block_1_20' title="bbox 203 1979 1801 2049">
    <p class='ocr_par' dir='ltr' id='par_1_20' title="bbox 203 1979 1801 2049">
     <span class='ocr_line' id='line_1_20' title="bbox 203 1979 1801 2049; baseline -0.008 -4"><span class='ocrx_word' id='word_1_132' title='bbox 203 1992 257 2045; x_wconf 90' lang='lat' dir='ltr'>in</span> <span class='ocrx_word' id='word_1_133' title='bbox 288 1992 542 2045; x_wconf 86' lang='lat' dir='ltr'>novitate</span> <span class='ocrx_word' id='word_1_134' title='bbox 588 1990 716 2044; x_wconf 60' lang='lat' dir='ltr'>vitae</span> <span class='ocrx_word' id='word_1_135' title='bbox 749 1987 1113 2042; x_wconf 86' lang='lat' dir='ltr'>ambulemus.</span> <span class='ocrx_word' id='word_1_136' title='bbox 1152 2012 1167 2031; x_wconf 78' lang='grc' dir='ltr'><strong>ι</strong></span> <span class='ocrx_word' id='word_1_137' title='bbox 1230 1985 1357 2039; x_wconf 68' lang='lat' dir='ltr'>Haec</span> <span class='ocrx_word' id='word_1_138' title='bbox 1387 1982 1597 2049; x_wconf 88' lang='lat' dir='ltr'>dicens,</span> <span class='ocrx_word' id='word_1_139' title='bbox 1637 1979 1801 2034; x_wconf 89' lang='lat' dir='ltr'>etiam</span> 
     </span>
    </p>
   </div>
   <div class='ocr_carea' id='block_1_21' title="bbox 201 2068 1806 2149">
    <p class='ocr_par' dir='ltr' id='par_1_21' title="bbox 201 2068 1806 2149">
     <span class='ocr_line' id='line_1_21' title="bbox 201 2068 1806 2149; baseline -0.007 -15"><span class='ocrx_word' id='word_1_140' title='bbox 201 2079 350 2135; x_wconf 82' lang='lat' dir='ltr'>istud</span> <span class='ocrx_word' id='word_1_141' title='bbox 392 2078 691 2149; x_wconf 91' lang='lat' dir='ltr'>signiﬁcat,</span> <span class='ocrx_word' id='word_1_142' title='bbox 739 2076 883 2149; x_wconf 89' lang='lat' dir='ltr'>quod</span> <span class='ocrx_word' id='word_1_143' title='bbox 927 2076 1165 2146; x_wconf 88' lang='lat' dir='ltr'>primum</span> <span class='ocrx_word' id='word_1_144' title='bbox 1210 2082 1326 2138; x_wconf 89' lang='lat' dir='ltr'>est;</span> <span class='ocrx_word' id='word_1_145' title='bbox 1378 2072 1507 2144; x_wconf 88' lang='lat' dir='ltr'>quia</span> <span class='ocrx_word' id='word_1_146' title='bbox 1552 2068 1806 2127; x_wconf 86' lang='lat' dir='ltr'>Christus</span> 
     </span>
    </p>
   </div>
   <div class='ocr_carea' id='block_1_22' title="bbox 200 2158 1805 2241">
    <p class='ocr_par' dir='ltr' id='par_1_22' title="bbox 200 2158 1805 2241">
     <span class='ocr_line' id='line_1_22' title="bbox 200 2158 1805 2241; baseline -0.008 -16"><span class='ocrx_word' id='word_1_147' title='bbox 200 2185 403 2241; x_wconf 91' lang='lat' dir='ltr'>corpus</span> <span class='ocrx_word' id='word_1_148' title='bbox 443 2185 603 2223; x_wconf 89' lang='lat' dir='ltr'>suum</span> <span class='ocrx_word' id='word_1_149' title='bbox 652 2184 682 2222; x_wconf 90' lang='lat' dir='ltr'>a</span> <span class='ocrx_word' id='word_1_150' title='bbox 714 2165 945 2223; x_wconf 90' lang='lat' dir='ltr'>mortuis</span> <span class='ocrx_word' id='word_1_151' title='bbox 975 2163 1260 2229; x_wconf 77' lang='lat' dir='ltr'>excitavit,</span> <span class='ocrx_word' id='word_1_152' title='bbox 1294 2162 1409 2233; x_wconf 90' lang='lat' dir='ltr'>ipse</span> <span class='ocrx_word' id='word_1_153' title='bbox 1447 2160 1595 2216; x_wconf 93' lang='lat' dir='ltr'>enim</span> <span class='ocrx_word' id='word_1_154' title='bbox 1628 2158 1805 2213; x_wconf 90' lang='lat' dir='ltr'>virtus</span> 
     </span>
    </p>
   </div>
   <div class='ocr_carea' id='block_1_23' title="bbox 201 2248 1804 2323">
    <p class='ocr_par' dir='ltr' id='par_1_23' title="bbox 201 2248 1804 2323">
     <span class='ocr_line' id='line_1_23' title="bbox 201 2248 1804 2323; baseline -0.006 -9"><span class='ocrx_word' id='word_1_155' title='bbox 201 2268 281 2314; x_wconf 90' lang='lat' dir='ltr'>est</span> <span class='ocrx_word' id='word_1_156' title='bbox 309 2258 413 2314; x_wconf 89' lang='lat' dir='ltr'>Dei</span> <span class='ocrx_word' id='word_1_157' title='bbox 445 2257 642 2323; x_wconf 88' lang='lat' dir='ltr'>Patris,</span> <span class='ocrx_word' id='word_1_158' title='bbox 678 2256 821 2310; x_wconf 89' lang='lat' dir='ltr'>sicut</span> <span class='ocrx_word' id='word_1_159' title='bbox 863 2253 1036 2308; x_wconf 86' lang='lat' dir='ltr'>dicit:</span> <span class='ocrx_word' id='word_1_160' title='bbox 1094 2276 1110 2295; x_wconf 74' lang='grc' dir='ltr'><strong>ε</strong></span> <span class='ocrx_word' id='word_1_161' title='bbox 1143 2250 1350 2305; x_wconf 86' lang='lat' dir='ltr'>Solvite</span> <span class='ocrx_word' id='word_1_162' title='bbox 1381 2250 1648 2320; x_wconf 87' lang='lat' dir='ltr'>templum</span> <span class='ocrx_word' id='word_1_163' title='bbox 1676 2248 1804 2317; x_wconf 90' lang='lat' dir='ltr'>hoc,</span> 
     </span>
    </p>
   </div>
   <div class='ocr_carea' id='block_1_24' title="bbox 202 2339 1802 2418">
    <p class='ocr_par' dir='ltr' id='par_1_24' title="bbox 202 2339 1802 2418">
     <span class='ocr_line' id='line_1_24' title="bbox 202 2339 1802 2418; baseline -0.007 -15"><span class='ocrx_word' id='word_1_164' title='bbox 202 2356 255 2403; x_wconf 90' lang='lat' dir='ltr'>et</span> <span class='ocrx_word' id='word_1_165' title='bbox 311 2362 412 2418; x_wconf 90' lang='lat' dir='ltr'>ego</span> <span class='ocrx_word' id='word_1_166' title='bbox 473 2344 648 2400; x_wconf 88' lang='lat' dir='ltr'>tribus</span> <span class='ocrx_word' id='word_1_167' title='bbox 695 2341 889 2397; x_wconf 90' lang='lat' dir='ltr'>diebus</span> <span class='ocrx_word' id='word_1_168' title='bbox 932 2340 1186 2395; x_wconf 78' lang='lat' dir='ltr'>excitabo</span> <span class='ocrx_word' id='word_1_169' title='bbox 1236 2339 1395 2395; x_wconf 87' lang='lat' dir='ltr'>illud.</span> <span class='ocrx_word' id='word_1_170' title='bbox 1450 2340 1563 2395; x_wconf 88' lang='lat' dir='ltr'>Hoc</span> <span class='ocrx_word' id='word_1_171' title='bbox 1600 2345 1802 2406; x_wconf 89' lang='lat' dir='ltr'>autem,</span> 
     </span>
    </p>
   </div>
   <div class='ocr_carea' id='block_1_25' title="bbox 202 2427 1806 2508">
    <p class='ocr_par' dir='ltr' id='par_1_25' title="bbox 202 2427 1806 2508">
     <span class='ocr_line' id='line_1_25' title="bbox 202 2427 1806 2508; baseline -0.006 -18"><span class='ocrx_word' id='word_1_172' title='bbox 202 2436 412 2508; x_wconf 90' lang='lat' dir='ltr'>inquit,</span> <span class='ocrx_word' id='word_1_173' title='bbox 441 2433 657 2489; x_wconf 88' lang='lat' dir='ltr'>dicebat</span> <span class='ocrx_word' id='word_1_174' title='bbox 686 2431 751 2486; x_wconf 89' lang='lat' dir='ltr'>de</span> <span class='ocrx_word' id='word_1_175' title='bbox 783 2430 987 2501; x_wconf 90' lang='lat' dir='ltr'>templo</span> <span class='ocrx_word' id='word_1_176' title='bbox 1013 2428 1257 2500; x_wconf 90' lang='lat' dir='ltr'>corporis</span> <span class='ocrx_word' id='word_1_177' title='bbox 1286 2428 1372 2482; x_wconf 93' lang='lat' dir='ltr'>sui</span> <span class='ocrx_word' id='word_1_178' title='bbox 1408 2428 1588 2497; x_wconf 79' lang='lat' dir='ltr'>(Joan.</span> <span class='ocrx_word' id='word_1_179' title='bbox 1628 2444 1688 2494; x_wconf 81' lang='grc' dir='ltr'>ιι,</span> <span class='ocrx_word' id='word_1_180' title='bbox 1719 2427 1806 2494; x_wconf 85' lang='grc'>19,</span> 
     </span>
    </p>
   </div>
   <div class='ocr_carea' id='block_1_26' title="bbox 199 2520 1806 2596">
    <p class='ocr_par' dir='ltr' id='par_1_26' title="bbox 199 2520 1806 2596">
     <span class='ocr_line' id='line_1_26' title="bbox 199 2520 1806 2596; baseline -0.006 -15"><span class='ocrx_word' id='word_1_181' title='bbox 199 2526 292 2595; x_wconf 80' lang='grc'>21)</span> <span class='ocrx_word' id='word_1_182' title='bbox 331 2545 344 2591; x_wconf 87' lang='grc'>;</span> <span class='ocrx_word' id='word_1_183' title='bbox 384 2553 400 2571; x_wconf 80' lang='grc' dir='ltr'><strong>ι</strong></span> <span class='ocrx_word' id='word_1_184' title='bbox 461 2533 513 2580; x_wconf 89' lang='lat' dir='ltr'>et</span> <span class='ocrx_word' id='word_1_185' title='bbox 546 2524 675 2596; x_wconf 88' lang='lat' dir='ltr'>quia</span> <span class='ocrx_word' id='word_1_186' title='bbox 731 2523 1030 2577; x_wconf 82' lang='lat' dir='ltr'>resurrexit</span> <span class='ocrx_word' id='word_1_187' title='bbox 1084 2521 1143 2574; x_wconf 90' lang='lat' dir='ltr'>in</span> <span class='ocrx_word' id='word_1_188' title='bbox 1194 2536 1395 2575; x_wconf 85' lang='lat' dir='ltr'>novam</span> <span class='ocrx_word' id='word_1_189' title='bbox 1450 2520 1643 2587; x_wconf 86' lang='lat' dir='ltr'>vitam,</span> <span class='ocrx_word' id='word_1_190' title='bbox 1687 2534 1806 2589; x_wconf 80' lang='lat' dir='ltr'>quae</span> 
     </span>
    </p>
   </div>
   <div class='ocr_carea' id='block_1_27' title="bbox 194 2606 1806 2686">
    <p class='ocr_par' dir='ltr' id='par_1_27' title="bbox 194 2606 1806 2686">
     <span class='ocr_line' id='line_1_27' title="bbox 194 2606 1806 2686; baseline -0.006 -17"><span class='ocrx_word' id='word_1_191' title='bbox 194 2614 309 2686; x_wconf 88' lang='lat' dir='ltr'>jam</span> <span class='ocrx_word' id='word_1_192' title='bbox 346 2614 493 2669; x_wconf 88' lang='lat' dir='ltr'>mori</span> <span class='ocrx_word' id='word_1_193' title='bbox 524 2612 750 2667; x_wconf 87' lang='lat' dir='ltr'>nesciat.</span> <span class='ocrx_word' id='word_1_194' title='bbox 780 2612 933 2666; x_wconf 76' lang='lat' dir='ltr'>Nova</span> <span class='ocrx_word' id='word_1_195' title='bbox 967 2619 1148 2665; x_wconf 88' lang='lat' dir='ltr'>autem</span> <span class='ocrx_word' id='word_1_196' title='bbox 1180 2609 1404 2677; x_wconf 91' lang='lat' dir='ltr'>dicitur,</span> <span class='ocrx_word' id='word_1_197' title='bbox 1436 2608 1563 2681; x_wconf 88' lang='lat' dir='ltr'>quia</span> <span class='ocrx_word' id='word_1_198' title='bbox 1592 2625 1623 2663; x_wconf 94' lang='lat' dir='ltr'>a</span> <span class='ocrx_word' id='word_1_199' title='bbox 1652 2606 1806 2664; x_wconf 88' lang='lat' dir='ltr'>Chri-</span> 
     </span>
    </p>
   </div>
   <div class='ocr_carea' id='block_1_28' title="bbox 198 2699 1807 2775">
    <p class='ocr_par' dir='ltr' id='par_1_28' title="bbox 198 2699 1807 2775">
     <span class='ocr_line' id='line_1_28' title="bbox 198 2699 1807 2775; baseline -0.005 -16"><span class='ocrx_word' id='word_1_200' title='bbox 198 2712 285 2761; x_wconf 85' lang='lat' dir='ltr'>sto</span> <span class='ocrx_word' id='word_1_201' title='bbox 315 2704 448 2759; x_wconf 89' lang='lat' dir='ltr'>data</span> <span class='ocrx_word' id='word_1_202' title='bbox 474 2710 574 2770; x_wconf 90' lang='lat' dir='ltr'>est,</span> <span class='ocrx_word' id='word_1_203' title='bbox 608 2720 728 2775; x_wconf 66' lang='lat' dir='ltr'>quae</span> <span class='ocrx_word' id='word_1_204' title='bbox 758 2709 838 2756; x_wconf 87' lang='lat' dir='ltr'>est</span> <span class='ocrx_word' id='word_1_205' title='bbox 866 2700 1163 2772; x_wconf 87' lang='lat' dir='ltr'>disciplina</span> <span class='ocrx_word' id='word_1_206' title='bbox 1193 2699 1526 2755; x_wconf 88' lang='lat' dir='ltr'>Christiana.</span> <span class='ocrx_word' id='word_1_207' title='bbox 1558 2699 1669 2753; x_wconf 83' lang='lat' dir='ltr'>Nos</span> <span class='ocrx_word' id='word_1_208' title='bbox 1699 2713 1807 2752; x_wconf 90' lang='lat' dir='ltr'>au-</span> 
     </span>
    </p>
   </div>
   <div class='ocr_carea' id='block_1_29' title="bbox 199 2788 1805 2863">
    <p class='ocr_par' dir='ltr' id='par_1_29' title="bbox 199 2788 1805 2863">
     <span class='ocr_line' id='line_1_29' title="bbox 199 2788 1805 2863; baseline -0.007 -14"><span class='ocrx_word' id='word_1_209' title='bbox 199 2802 310 2849; x_wconf 88' lang='lat' dir='ltr'>tem</span> <span class='ocrx_word' id='word_1_210' title='bbox 345 2792 612 2863; x_wconf 85' lang='lat' dir='ltr'>baptizati</span> <span class='ocrx_word' id='word_1_211' title='bbox 662 2790 966 2861; x_wconf 88' lang='lat' dir='ltr'>consepulti</span> <span class='ocrx_word' id='word_1_212' title='bbox 999 2807 1187 2844; x_wconf 89' lang='lat' dir='ltr'>sumus</span> <span class='ocrx_word' id='word_1_213' title='bbox 1219 2788 1439 2845; x_wconf 81' lang='lat' dir='ltr'>Christo</span> <span class='ocrx_word' id='word_1_214' title='bbox 1473 2789 1701 2859; x_wconf 74' lang='lat' dir='ltr'>(Coloss.</span> <span class='ocrx_word' id='word_1_215' title='bbox 1744 2802 1805 2853; x_wconf 86' lang='lat' dir='ltr'>II,</span> 
     </span>
    </p>
   </div>
   <div class='ocr_carea' id='block_1_30' title="bbox 201 2879 1810 2955">
    <p class='ocr_par' dir='ltr' id='par_1_30' title="bbox 201 2879 1810 2955">
     <span class='ocr_line' id='line_1_30' title="bbox 201 2879 1810 2955; baseline -0.005 -16"><span class='ocrx_word' id='word_1_216' title='bbox 201 2885 319 2955; x_wconf 75' lang='grc'>12),</span> <span class='ocrx_word' id='word_1_217' title='bbox 373 2892 435 2937; x_wconf 80' lang='grc' dir='ltr'>ιιι</span> <span class='ocrx_word' id='word_1_218' title='bbox 484 2884 550 2938; x_wconf 89' lang='lat' dir='ltr'>de</span> <span class='ocrx_word' id='word_1_219' title='bbox 599 2890 794 2938; x_wconf 71' lang='lat' dir='ltr'>czntero</span> <span class='ocrx_word' id='word_1_220' title='bbox 842 2881 983 2935; x_wconf 89' lang='lat' dir='ltr'>hanc</span> <span class='ocrx_word' id='word_1_221' title='bbox 1034 2880 1202 2934; x_wconf 74' lang='lat' dir='ltr'>vitam</span> <span class='ocrx_word' id='word_1_222' title='bbox 1252 2896 1563 2951; x_wconf 85' lang='lat' dir='ltr'>sequamur,</span> <span class='ocrx_word' id='word_1_223' title='bbox 1617 2879 1672 2932; x_wconf 91' lang='lat' dir='ltr'>in</span> <span class='ocrx_word' id='word_1_224' title='bbox 1704 2893 1810 2949; x_wconf 90' lang='lat' dir='ltr'>qua</span> 
     </span>
    </p>
   </div>
   <div class='ocr_carea' id='block_1_31' title="bbox 198 2967 1811 3041">
    <p class='ocr_par' dir='ltr' id='par_1_31' title="bbox 198 2967 1811 3041">
     <span class='ocr_line' id='line_1_31' title="bbox 198 2967 1811 3041; baseline -0.006 -9"><span class='ocrx_word' id='word_1_225' title='bbox 198 2975 470 3033; x_wconf 86' lang='lat' dir='ltr'>Christus</span> <span class='ocrx_word' id='word_1_226' title='bbox 500 2972 820 3027; x_wconf 79' lang='lat' dir='ltr'>resurrexit.</span> <span class='ocrx_word' id='word_1_227' title='bbox 859 2970 1141 3041; x_wconf 87' lang='lat' dir='ltr'>Baptisma</span> <span class='ocrx_word' id='word_1_228' title='bbox 1179 2970 1360 3041; x_wconf 85' lang='lat' dir='ltr'>itaque</span> <span class='ocrx_word' id='word_1_229' title='bbox 1392 2967 1811 3023; x_wconf 86' lang='lat' dir='ltr'>resurrectionis</span> 
     </span>
    </p>
   </div>
   <div class='ocr_carea' id='block_1_32' title="bbox 198 3055 1808 3138">
    <p class='ocr_par' dir='ltr' id='par_1_32' title="bbox 198 3055 1808 3138">
     <span class='ocr_line' id='line_1_32' title="bbox 198 3055 1808 3138; baseline -0.006 -17"><span class='ocrx_word' id='word_1_230' title='bbox 198 3067 410 3138; x_wconf 85' lang='lat' dir='ltr'>pignus</span> <span class='ocrx_word' id='word_1_231' title='bbox 450 3074 553 3131; x_wconf 86' lang='lat' dir='ltr'>est,</span> <span class='ocrx_word' id='word_1_232' title='bbox 604 3070 657 3117; x_wconf 90' lang='lat' dir='ltr'>et</span> <span class='ocrx_word' id='word_1_233' title='bbox 704 3063 903 3131; x_wconf 88' lang='lat' dir='ltr'>imago,</span> <span class='ocrx_word' id='word_1_234' title='bbox 946 3068 1007 3113; x_wconf 90' lang='lat' dir='ltr'>ut</span> <span class='ocrx_word' id='word_1_235' title='bbox 1046 3057 1160 3129; x_wconf 90' lang='lat' dir='ltr'>jam</span> <span class='ocrx_word' id='word_1_236' title='bbox 1203 3059 1259 3113; x_wconf 90' lang='lat' dir='ltr'>in</span> <span class='ocrx_word' id='word_1_237' title='bbox 1290 3058 1575 3129; x_wconf 68' lang='lat' dir='ltr'>praeceptis</span> <span class='ocrx_word' id='word_1_238' title='bbox 1604 3055 1808 3111; x_wconf 89' lang='lat' dir='ltr'>Christi</span> 
     </span>
    </p>
   </div>
   <div class='ocr_carea' id='block_1_33' title="bbox 197 3146 1806 3222">
    <p class='ocr_par' dir='ltr' id='par_1_33' title="bbox 197 3146 1806 3222">
     <span class='ocr_line' id='line_1_33' title="bbox 197 3146 1806 3222; baseline -0.005 -13"><span class='ocrx_word' id='word_1_239' title='bbox 197 3162 516 3220; x_wconf 88' lang='lat' dir='ltr'>manentes,</span> <span class='ocrx_word' id='word_1_240' title='bbox 576 3152 643 3207; x_wconf 90' lang='lat' dir='ltr'>ad</span> <span class='ocrx_word' id='word_1_241' title='bbox 696 3149 971 3222; x_wconf 62' lang='lat' dir='ltr'>praeterita</span> <span class='ocrx_word' id='word_1_242' title='bbox 1029 3148 1209 3202; x_wconf 91' lang='lat' dir='ltr'>denuo</span> <span class='ocrx_word' id='word_1_243' title='bbox 1264 3163 1375 3201; x_wconf 90' lang='lat' dir='ltr'>non</span> <span class='ocrx_word' id='word_1_244' title='bbox 1431 3146 1806 3201; x_wconf 80' lang='lat' dir='ltr'>revolvamur.</span> 
     </span>
    </p>
   </div>
   <div class='ocr_carea' id='block_1_34' title="bbox 196 3234 1887 3331">
    <p class='ocr_par' dir='ltr' id='par_1_34' title="bbox 196 3234 1887 3331">
     <span class='ocr_line' id='line_1_34' title="bbox 196 3234 1887 3331; baseline -0.007 -32"><span class='ocrx_word' id='word_1_245' title='bbox 196 3244 304 3311; x_wconf 90' lang='lat' dir='ltr'>Qui</span> <span class='ocrx_word' id='word_1_246' title='bbox 358 3242 510 3297; x_wconf 88' lang='lat' dir='ltr'>enim</span> <span class='ocrx_word' id='word_1_247' title='bbox 565 3240 820 3305; x_wconf 86' lang='lat' dir='ltr'>moritur,</span> <span class='ocrx_word' id='word_1_248' title='bbox 864 3238 979 3309; x_wconf 90' lang='lat' dir='ltr'>jam</span> <span class='ocrx_word' id='word_1_249' title='bbox 1034 3254 1145 3291; x_wconf 91' lang='lat' dir='ltr'>non</span> <span class='ocrx_word' id='word_1_250' title='bbox 1194 3243 1411 3307; x_wconf 79' lang='lat' dir='ltr'>peccat:</span> <span class='ocrx_word' id='word_1_251' title='bbox 1465 3251 1612 3288; x_wconf 88' lang='lat' dir='ltr'>mors</span> <span class='ocrx_word' id='word_1_252' title='bbox 1661 3234 1807 3288; x_wconf 88' lang='lat' dir='ltr'>enim</span> <span class='ocrx_word' id='word_1_253' title='bbox 1843 3270 1887 3331; x_wconf 68' lang='grc' dir='ltr'>ο</span> 
     </span>
    </p>
   </div>
   <div class='ocr_carea' id='block_1_35' title="bbox 196 3322 1805 3402">
    <p class='ocr_par' dir='ltr' id='par_1_35' title="bbox 196 3322 1805 3402">
     <span class='ocr_line' id='line_1_35' title="bbox 196 3322 1805 3402; baseline -0.007 -15"><span class='ocrx_word' id='word_1_254' title='bbox 196 3331 330 3387; x_wconf 88' lang='lat' dir='ltr'>ﬁnis</span> <span class='ocrx_word' id='word_1_255' title='bbox 363 3329 573 3402; x_wconf 87' lang='lat' dir='ltr'>peccati</span> <span class='ocrx_word' id='word_1_256' title='bbox 612 3337 710 3384; x_wconf 88' lang='lat' dir='ltr'>est.</span> <span class='ocrx_word' id='word_1_257' title='bbox 752 3328 888 3382; x_wconf 77' lang='lat' dir='ltr'>Nam</span> <span class='ocrx_word' id='word_1_258' title='bbox 934 3324 1057 3380; x_wconf 90' lang='lat' dir='ltr'>ideo</span> <span class='ocrx_word' id='word_1_259' title='bbox 1104 3342 1199 3395; x_wconf 90' lang='lat' dir='ltr'>per</span> <span class='ocrx_word' id='word_1_260' title='bbox 1243 3340 1438 3395; x_wconf 91' lang='lat' dir='ltr'>aquam</span> <span class='ocrx_word' id='word_1_261' title='bbox 1483 3322 1805 3389; x_wconf 87' lang='lat' dir='ltr'>celebratur,</span> 
     </span>
    </p>
   </div>
   <div class='ocr_carea' id='block_1_36' title="bbox 196 3412 1809 3490">
    <p class='ocr_par' dir='ltr' id='par_1_36' title="bbox 196 3412 1809 3490">
     <span class='ocr_line' id='line_1_36' title="bbox 196 3412 1809 3490; baseline -0.007 -14"><span class='ocrx_word' id='word_1_262' title='bbox 196 3429 260 3476; x_wconf 89' lang='lat' dir='ltr'>ut</span> <span class='ocrx_word' id='word_1_263' title='bbox 307 3422 463 3475; x_wconf 87' lang='lat' dir='ltr'>sicut</span> <span class='ocrx_word' id='word_1_264' title='bbox 518 3434 656 3490; x_wconf 88' lang='lat' dir='ltr'>aqua</span> <span class='ocrx_word' id='word_1_265' title='bbox 685 3415 871 3471; x_wconf 88' lang='lat' dir='ltr'>sordes</span> <span class='ocrx_word' id='word_1_266' title='bbox 927 3412 1171 3484; x_wconf 88' lang='lat' dir='ltr'>corporis</span> <span class='ocrx_word' id='word_1_267' title='bbox 1228 3412 1424 3477; x_wconf 87' lang='lat' dir='ltr'>abluit,</span> <span class='ocrx_word' id='word_1_268' title='bbox 1481 3413 1556 3467; x_wconf 90' lang='lat' dir='ltr'>ita</span> <span class='ocrx_word' id='word_1_269' title='bbox 1603 3418 1654 3479; x_wconf 85' lang='lat' dir='ltr'>et</span> <span class='ocrx_word' id='word_1_270' title='bbox 1709 3427 1809 3465; x_wconf 89' lang='lat' dir='ltr'>nos</span> 
     </span>
    </p>
   </div>
   <div class='ocr_carea' id='block_1_37' title="bbox 196 3493 1808 3584">
    <p class='ocr_par' dir='ltr' id='par_1_37' title="bbox 196 3493 1808 3584">
     <span class='ocr_line' id='line_1_37' title="bbox 196 3493 1808 3584; baseline -0.007 -18"><span class='ocrx_word' id='word_1_271' title='bbox 196 3527 296 3584; x_wconf 89' lang='lat' dir='ltr'>per</span> <span class='ocrx_word' id='word_1_272' title='bbox 328 3510 670 3581; x_wconf 89' lang='lat' dir='ltr'>baptismum</span> <span class='ocrx_word' id='word_1_273' title='bbox 717 3508 784 3561; x_wconf 89' lang='lat' dir='ltr'>ab</span> <span class='ocrx_word' id='word_1_274' title='bbox 814 3505 968 3561; x_wconf 91' lang='lat' dir='ltr'>omni</span> <span class='ocrx_word' id='word_1_275' title='bbox 1016 3512 1237 3575; x_wconf 88' lang='lat' dir='ltr'>peccato</span> <span class='ocrx_word' id='word_1_276' title='bbox 1284 3493 1645 3572; x_wconf 82' lang='lat' dir='ltr'>spiritualiter</span> <span class='ocrx_word' id='word_1_277' title='bbox 1684 3517 1808 3572; x_wconf 87' lang='lat' dir='ltr'>pur-</span> 
     </span>
    </p>
   </div>
   <div class='ocr_carea' id='block_1_38' title="bbox 196 3590 1811 3673">
    <p class='ocr_par' dir='ltr' id='par_1_38' title="bbox 196 3590 1811 3673">
     <span class='ocr_line' id='line_1_38' title="bbox 196 3590 1811 3673; baseline -0.008 -17"><span class='ocrx_word' id='word_1_278' title='bbox 196 3609 358 3673; x_wconf 86' lang='lat' dir='ltr'>gatos</span> <span class='ocrx_word' id='word_1_279' title='bbox 392 3615 496 3653; x_wconf 89' lang='lat' dir='ltr'>nos</span> <span class='ocrx_word' id='word_1_280' title='bbox 525 3606 579 3652; x_wconf 93' lang='lat' dir='ltr'>et</span> <span class='ocrx_word' id='word_1_281' title='bbox 620 3597 912 3650; x_wconf 89' lang='lat' dir='ltr'>innovatos</span> <span class='ocrx_word' id='word_1_282' title='bbox 943 3592 1247 3659; x_wconf 89' lang='lat' dir='ltr'>credamus,</span> <span class='ocrx_word' id='word_1_283' title='bbox 1282 3600 1343 3647; x_wconf 91' lang='lat' dir='ltr'>ut</span> <span class='ocrx_word' id='word_1_284' title='bbox 1372 3590 1518 3663; x_wconf 90' lang='lat' dir='ltr'>quod</span> <span class='ocrx_word' id='word_1_285' title='bbox 1544 3591 1811 3661; x_wconf 84' lang='lat' dir='ltr'>incorpo-</span> 
     </span>
    </p>
   </div>
   <div class='ocr_carea' id='block_1_39' title="bbox 197 3681 1155 3754">
    <p class='ocr_par' dir='ltr' id='par_1_39' title="bbox 197 3681 1155 3754">
     <span class='ocr_line' id='line_1_39' title="bbox 197 3681 1155 3754; baseline -0.013 -8"><span class='ocrx_word' id='word_1_286' title='bbox 197 3691 313 3746; x_wconf 90' lang='lat' dir='ltr'>rale</span> <span class='ocrx_word' id='word_1_287' title='bbox 349 3695 462 3754; x_wconf 90' lang='lat' dir='ltr'>est,</span> <span class='ocrx_word' id='word_1_288' title='bbox 496 3683 855 3739; x_wconf 71' lang='lat' dir='ltr'>invisibiliter</span> <span class='ocrx_word' id='word_1_289' title='bbox 883 3681 1155 3736; x_wconf 86' lang='lat' dir='ltr'>abluatur.</span> 
     </span>
    </p>
   </div>
   <div class='ocr_carea' id='block_1_40' title="bbox 273 3767 1808 3850">
    <p class='ocr_par' dir='ltr' id='par_1_40' title="bbox 273 3767 1808 3850">
     <span class='ocr_line' id='line_1_40' title="bbox 273 3767 1808 3850; baseline -0.006 -18"><span class='ocrx_word' id='word_1_290' title='bbox 273 3778 474 3850; x_wconf 83' lang='lat' dir='ltr'>(Vers.</span> <span class='ocrx_word' id='word_1_291' title='bbox 504 3775 586 3842; x_wconf 80' lang='lat'>5.)</span> <span class='ocrx_word' id='word_1_292' title='bbox 633 3797 649 3818; x_wconf 76' lang='grc' dir='ltr'><strong>ε</strong></span> <span class='ocrx_word' id='word_1_293' title='bbox 685 3772 740 3827; x_wconf 89' lang='lat' dir='ltr'>Si</span> <span class='ocrx_word' id='word_1_294' title='bbox 769 3773 917 3826; x_wconf 91' lang='lat' dir='ltr'>enim</span> <span class='ocrx_word' id='word_1_295' title='bbox 947 3768 1303 3840; x_wconf 88' lang='lat' dir='ltr'>complantati</span> <span class='ocrx_word' id='word_1_296' title='bbox 1336 3785 1524 3823; x_wconf 89' lang='lat' dir='ltr'>sumus</span> <span class='ocrx_word' id='word_1_297' title='bbox 1554 3767 1808 3823; x_wconf 90' lang='lat' dir='ltr'>similitu-</span> 
     </span>
    </p>
   </div>
   <div class='ocr_carea' id='block_1_41' title="bbox 198 3857 1798 3931">
    <p class='ocr_par' dir='ltr' id='par_1_41' title="bbox 198 3857 1798 3931">
     <span class='ocr_line' id='line_1_41' title="bbox 198 3857 1798 3931; baseline -0.008 -8"><span class='ocrx_word' id='word_1_298' title='bbox 198 3866 325 3922; x_wconf 88' lang='lat' dir='ltr'>dini</span> <span class='ocrx_word' id='word_1_299' title='bbox 361 3862 569 3919; x_wconf 87' lang='lat' dir='ltr'>mortis</span> <span class='ocrx_word' id='word_1_300' title='bbox 615 3860 752 3931; x_wconf 88' lang='lat' dir='ltr'>ejus,</span> <span class='ocrx_word' id='word_1_301' title='bbox 803 3860 966 3916; x_wconf 89' lang='lat' dir='ltr'>simul</span> <span class='ocrx_word' id='word_1_302' title='bbox 999 3870 1051 3915; x_wconf 89' lang='lat' dir='ltr'>et</span> <span class='ocrx_word' id='word_1_303' title='bbox 1081 3858 1494 3914; x_wconf 86' lang='lat' dir='ltr'>resurrectionis</span> <span class='ocrx_word' id='word_1_304' title='bbox 1522 3857 1745 3913; x_wconf 84' lang='lat' dir='ltr'>erimus.</span> <span class='ocrx_word' id='word_1_305' title='bbox 1779 3882 1798 3904; x_wconf 78' lang='grc' dir='ltr'><strong>ι</strong></span> 
     </span>
    </p>
   </div>
   <div class='ocr_carea' id='block_1_42' title="bbox 199 3944 1810 4020">
    <p class='ocr_par' dir='ltr' id='par_1_42' title="bbox 199 3944 1810 4020">
     <span class='ocr_line' id='line_1_42' title="bbox 199 3944 1810 4020; baseline -0.007 -9"><span class='ocrx_word' id='word_1_306' title='bbox 199 3956 363 4010; x_wconf 89' lang='lat' dir='ltr'>Tunc</span> <span class='ocrx_word' id='word_1_307' title='bbox 398 3970 505 4008; x_wconf 88' lang='lat' dir='ltr'>nos</span> <span class='ocrx_word' id='word_1_308' title='bbox 550 3950 785 4005; x_wconf 86' lang='lat' dir='ltr'>feliciter</span> <span class='ocrx_word' id='word_1_309' title='bbox 830 3948 967 4003; x_wconf 90' lang='lat' dir='ltr'>dicit</span> <span class='ocrx_word' id='word_1_310' title='bbox 997 3966 1149 4020; x_wconf 87' lang='lat' dir='ltr'>posse</span> <span class='ocrx_word' id='word_1_311' title='bbox 1190 3965 1485 4019; x_wconf 87' lang='lat' dir='ltr'>resurgere,</span> <span class='ocrx_word' id='word_1_312' title='bbox 1531 3946 1578 4001; x_wconf 89' lang='lat' dir='ltr'>si</span> <span class='ocrx_word' id='word_1_313' title='bbox 1617 3944 1810 4001; x_wconf 90' lang='lat' dir='ltr'>simili-</span> 
     </span>
    </p>
   </div>
   <div class='ocr_carea' id='block_1_43' title="bbox 199 4037 1811 4112">
    <p class='ocr_par' dir='ltr' id='par_1_43' title="bbox 199 4037 1811 4112">
     <span class='ocr_line' id='line_1_43' title="bbox 199 4037 1811 4112; baseline -0.007 -10"><span class='ocrx_word' id='word_1_314' title='bbox 199 4044 396 4101; x_wconf 87' lang='lat' dir='ltr'>tudini</span> <span class='ocrx_word' id='word_1_315' title='bbox 442 4041 639 4097; x_wconf 88' lang='lat' dir='ltr'>mortis</span> <span class='ocrx_word' id='word_1_316' title='bbox 673 4040 790 4112; x_wconf 90' lang='lat' dir='ltr'>ejus</span> <span class='ocrx_word' id='word_1_317' title='bbox 821 4039 1097 4095; x_wconf 81' lang='lat' dir='ltr'>fuerimus</span> <span class='ocrx_word' id='word_1_318' title='bbox 1139 4039 1517 4111; x_wconf 86' lang='lat' dir='ltr'>complantati,</span> <span class='ocrx_word' id='word_1_319' title='bbox 1549 4038 1605 4093; x_wconf 89' lang='lat' dir='ltr'>id</span> <span class='ocrx_word' id='word_1_320' title='bbox 1635 4044 1735 4104; x_wconf 90' lang='lat' dir='ltr'>est,</span> <span class='ocrx_word' id='word_1_321' title='bbox 1767 4037 1811 4091; x_wconf 91' lang='lat' dir='ltr'>si</span> 
     </span>
    </p>
   </div>
   <div class='ocr_carea' id='block_1_44' title="bbox 200 4126 1814 4206">
    <p class='ocr_par' dir='ltr' id='par_1_44' title="bbox 200 4126 1814 4206">
     <span class='ocr_line' id='line_1_44' title="bbox 200 4126 1814 4206; baseline -0.007 -15"><span class='ocrx_word' id='word_1_322' title='bbox 200 4135 260 4191; x_wconf 89' lang='lat' dir='ltr'>in</span> <span class='ocrx_word' id='word_1_323' title='bbox 294 4132 585 4206; x_wconf 85' lang='lat' dir='ltr'>baptismo</span> <span class='ocrx_word' id='word_1_324' title='bbox 615 4130 801 4185; x_wconf 89' lang='lat' dir='ltr'>omnia</span> <span class='ocrx_word' id='word_1_325' title='bbox 831 4130 969 4184; x_wconf 87' lang='lat' dir='ltr'>vitia</span> <span class='ocrx_word' id='word_1_326' title='bbox 1009 4129 1361 4201; x_wconf 88' lang='lat' dir='ltr'>deponentes,</span> <span class='ocrx_word' id='word_1_327' title='bbox 1396 4129 1453 4183; x_wconf 91' lang='lat' dir='ltr'>in</span> <span class='ocrx_word' id='word_1_328' title='bbox 1486 4144 1685 4181; x_wconf 87' lang='lat' dir='ltr'>novam</span> <span class='ocrx_word' id='word_1_329' title='bbox 1715 4126 1814 4180; x_wconf 87' lang='lat' dir='ltr'>vi-</span> 
     </span>
    </p>
   </div>
   <div class='ocr_carea' id='block_1_45' title="bbox 198 4215 1815 4291">
    <p class='ocr_par' dir='ltr' id='par_1_45' title="bbox 198 4215 1815 4291">
     <span class='ocr_line' id='line_1_45' title="bbox 198 4215 1815 4291; baseline -0.007 -11"><span class='ocrx_word' id='word_1_330' title='bbox 198 4232 314 4281; x_wconf 87' lang='lat' dir='ltr'>tam</span> <span class='ocrx_word' id='word_1_331' title='bbox 366 4221 644 4289; x_wconf 87' lang='lat' dir='ltr'>translati,</span> <span class='ocrx_word' id='word_1_332' title='bbox 692 4220 759 4275; x_wconf 90' lang='lat' dir='ltr'>de</span> <span class='ocrx_word' id='word_1_333' title='bbox 806 4228 1001 4275; x_wconf 60' lang='lat' dir='ltr'>caetero</span> <span class='ocrx_word' id='word_1_334' title='bbox 1031 4236 1141 4274; x_wconf 90' lang='lat' dir='ltr'>non</span> <span class='ocrx_word' id='word_1_335' title='bbox 1189 4235 1510 4291; x_wconf 87' lang='lat' dir='ltr'>peccemus:</span> <span class='ocrx_word' id='word_1_336' title='bbox 1546 4234 1640 4289; x_wconf 89' lang='lat' dir='ltr'>per</span> <span class='ocrx_word' id='word_1_337' title='bbox 1669 4215 1815 4289; x_wconf 92' lang='lat' dir='ltr'>quod</span> 
     </span>
    </p>
   </div>
   <div class='ocr_carea' id='block_1_46' title="bbox 203 4305 1816 4373">
    <p class='ocr_par' dir='ltr' id='par_1_46' title="bbox 203 4305 1816 4373">
     <span class='ocr_line' id='line_1_46' title="bbox 203 4305 1816 4373; baseline -0.006 -4"><span class='ocrx_word' id='word_1_338' title='bbox 203 4313 378 4369; x_wconf 88' lang='lat' dir='ltr'>simul</span> <span class='ocrx_word' id='word_1_339' title='bbox 412 4319 471 4366; x_wconf 90' lang='lat' dir='ltr'>et</span> <span class='ocrx_word' id='word_1_340' title='bbox 502 4309 921 4365; x_wconf 83' lang='lat' dir='ltr'>resurrectionis</span> <span class='ocrx_word' id='word_1_341' title='bbox 953 4308 1102 4363; x_wconf 90' lang='lat' dir='ltr'>illius</span> <span class='ocrx_word' id='word_1_342' title='bbox 1134 4308 1341 4363; x_wconf 89' lang='lat' dir='ltr'>similes</span> <span class='ocrx_word' id='word_1_343' title='bbox 1367 4308 1571 4363; x_wconf 90' lang='lat' dir='ltr'>erimus</span> <span class='ocrx_word' id='word_1_344' title='bbox 1604 4325 1616 4373; x_wconf 85' lang='lat'>;</span> <span class='ocrx_word' id='word_1_345' title='bbox 1650 4305 1816 4361; x_wconf 88' lang='lat' dir='ltr'>simi-</span> 
     </span>
    </p>
   </div>
   <div class='ocr_carea' id='block_1_47' title="bbox 204 4394 1815 4468">
    <p class='ocr_par' dir='ltr' id='par_1_47' title="bbox 204 4394 1815 4468">
     <span class='ocr_line' id='line_1_47' title="bbox 204 4394 1815 4468; baseline -0.006 -11"><span class='ocrx_word' id='word_1_346' title='bbox 204 4400 393 4457; x_wconf 90' lang='lat' dir='ltr'>litudo</span> <span class='ocrx_word' id='word_1_347' title='bbox 438 4400 589 4454; x_wconf 88' lang='lat' dir='ltr'>enim</span> <span class='ocrx_word' id='word_1_348' title='bbox 640 4398 832 4453; x_wconf 90' lang='lat' dir='ltr'>mortis</span> <span class='ocrx_word' id='word_1_349' title='bbox 863 4396 1099 4451; x_wconf 88' lang='lat' dir='ltr'>similem</span> <span class='ocrx_word' id='word_1_350' title='bbox 1145 4397 1423 4468; x_wconf 68' lang='lat' dir='ltr'>praestabit</span> <span class='ocrx_word' id='word_1_351' title='bbox 1468 4394 1815 4450; x_wconf 88' lang='lat' dir='ltr'>resurrectio-</span> 
     </span>
    </p>
   </div>
   <div class='ocr_carea' id='block_1_48' title="bbox 205 4484 1817 4556">
    <p class='ocr_par' dir='ltr' id='par_1_48' title="bbox 205 4484 1817 4556">
     <span class='ocr_line' id='line_1_48' title="bbox 205 4484 1817 4556; baseline -0.004 -12"><span class='ocrx_word' id='word_1_352' title='bbox 205 4505 354 4545; x_wconf 89' lang='lat' dir='ltr'>nem.</span> <span class='ocrx_word' id='word_1_353' title='bbox 392 4486 557 4554; x_wconf 87' lang='lat' dir='ltr'>Quod</span> <span class='ocrx_word' id='word_1_354' title='bbox 602 4486 661 4540; x_wconf 91' lang='lat' dir='ltr'>in</span> <span class='ocrx_word' id='word_1_355' title='bbox 694 4485 924 4556; x_wconf 87' lang='lat' dir='ltr'>epistola</span> <span class='ocrx_word' id='word_1_356' title='bbox 972 4502 1070 4539; x_wconf 90' lang='lat' dir='ltr'>sua</span> <span class='ocrx_word' id='word_1_357' title='bbox 1117 4484 1352 4539; x_wconf 89' lang='lat' dir='ltr'>Joannes</span> <span class='ocrx_word' id='word_1_358' title='bbox 1402 4485 1680 4556; x_wconf 85' lang='lat' dir='ltr'>apostolus</span> <span class='ocrx_word' id='word_1_359' title='bbox 1710 4499 1817 4537; x_wconf 90' lang='lat' dir='ltr'>me-</span> 
     </span>
    </p>
   </div>
   <div class='ocr_carea' id='block_1_49' title="bbox 207 4573 1817 4645">
    <p class='ocr_par' dir='ltr' id='par_1_49' title="bbox 207 4573 1817 4645">
     <span class='ocr_line' id='line_1_49' title="bbox 207 4573 1817 4645; baseline -0.004 -11"><span class='ocrx_word' id='word_1_360' title='bbox 207 4587 390 4636; x_wconf 87' lang='lat' dir='ltr'>morat</span> <span class='ocrx_word' id='word_1_361' title='bbox 438 4577 670 4632; x_wconf 90' lang='lat' dir='ltr'>dicens:</span> <span class='ocrx_word' id='word_1_362' title='bbox 719 4598 735 4618; x_wconf 78' lang='grc' dir='ltr'>ι</span> <span class='ocrx_word' id='word_1_363' title='bbox 774 4574 990 4629; x_wconf 88' lang='lat' dir='ltr'>Scimus</span> <span class='ocrx_word' id='word_1_364' title='bbox 1040 4573 1169 4644; x_wconf 85' lang='lat' dir='ltr'>quia</span> <span class='ocrx_word' id='word_1_365' title='bbox 1216 4590 1336 4629; x_wconf 89' lang='lat' dir='ltr'>cum</span> <span class='ocrx_word' id='word_1_366' title='bbox 1379 4573 1709 4645; x_wconf 85' lang='lat' dir='ltr'>apparuerit,</span> <span class='ocrx_word' id='word_1_367' title='bbox 1749 4573 1817 4628; x_wconf 89' lang='lat' dir='ltr'>si-</span> 
     </span>
    </p>
   </div>
   <div class='ocr_carea' id='block_1_50' title="bbox 1900 643 3487 720">
    <p class='ocr_par' dir='ltr' id='par_1_50' title="bbox 1900 643 3487 720">
     <span class='ocr_line' id='line_1_50' title="bbox 1900 643 3487 720; baseline 0.003 -19"><span class='ocrx_word' id='word_1_368' title='bbox 1900 655 2087 703; x_wconf 88' lang='lat' dir='ltr'>tantur</span> <span class='ocrx_word' id='word_1_369' title='bbox 2122 666 2138 714; x_wconf 91' lang='lat'><strong>;</strong></span> <span class='ocrx_word' id='word_1_370' title='bbox 2186 645 2570 719; x_wconf 86' lang='lat' dir='ltr'>gravissimum</span> <span class='ocrx_word' id='word_1_371' title='bbox 2619 650 2716 708; x_wconf 83' lang='lat'>60</span> <span class='ocrx_word' id='word_1_372' title='bbox 2759 643 2907 700; x_wconf 88' lang='lat' dir='ltr'>enim</span> <span class='ocrx_word' id='word_1_373' title='bbox 2951 646 3184 715; x_wconf 87' lang='lat' dir='ltr'>crimen,</span> <span class='ocrx_word' id='word_1_374' title='bbox 3221 655 3276 702; x_wconf 91' lang='lat' dir='ltr'>et</span> <span class='ocrx_word' id='word_1_375' title='bbox 3321 656 3487 720; x_wconf 86' lang='lat' dir='ltr'>caput</span> 
     </span>
    </p>
   </div>
   <div class='ocr_carea' id='block_1_51' title="bbox 1902 741 3490 814">
    <p class='ocr_par' dir='ltr' id='par_1_51' title="bbox 1902 741 3490 814">
     <span class='ocr_line' id='line_1_51' title="bbox 1902 741 3490 814; baseline -0.004 -9"><span class='ocrx_word' id='word_1_376' title='bbox 1902 745 2071 805; x_wconf 87' lang='lat' dir='ltr'>totius</span> <span class='ocrx_word' id='word_1_377' title='bbox 2117 744 2317 800; x_wconf 89' lang='lat' dir='ltr'>erroris</span> <span class='ocrx_word' id='word_1_378' title='bbox 2357 753 2468 811; x_wconf 88' lang='lat' dir='ltr'>est;</span> <span class='ocrx_word' id='word_1_379' title='bbox 2506 760 2574 799; x_wconf 92' lang='lat' dir='ltr'>ne</span> <span class='ocrx_word' id='word_1_380' title='bbox 2609 741 2840 814; x_wconf 88' lang='lat' dir='ltr'>perdant</span> <span class='ocrx_word' id='word_1_381' title='bbox 2883 742 3114 813; x_wconf 79' lang='lat' dir='ltr'>gratiam</span> <span class='ocrx_word' id='word_1_382' title='bbox 3151 750 3427 814; x_wconf 85' lang='lat' dir='ltr'>acceptam</span> <span class='ocrx_word' id='word_1_383' title='bbox 3456 759 3490 799; x_wconf 87' lang='lat' dir='ltr'>a</span> 
     </span>
    </p>
   </div>
   <div class='ocr_carea' id='block_1_52' title="bbox 1902 832 3492 905">
    <p class='ocr_par' dir='ltr' id='par_1_52' title="bbox 1902 832 3492 905">
     <span class='ocr_line' id='line_1_52' title="bbox 1902 832 3492 905; baseline -0.001 -14"><span class='ocrx_word' id='word_1_384' title='bbox 1902 837 2014 891; x_wconf 90' lang='lat' dir='ltr'>Deo</span> <span class='ocrx_word' id='word_1_385' title='bbox 2060 850 2155 905; x_wconf 91' lang='lat' dir='ltr'>per</span> <span class='ocrx_word' id='word_1_386' title='bbox 2198 833 2499 891; x_wconf 88' lang='lat' dir='ltr'>Christum.</span> <span class='ocrx_word' id='word_1_387' title='bbox 2550 832 2839 887; x_wconf 87' lang='lat' dir='ltr'>Hominem</span> <span class='ocrx_word' id='word_1_388' title='bbox 2879 847 3008 903; x_wconf 85' lang='lat' dir='ltr'>ergo</span> <span class='ocrx_word' id='word_1_389' title='bbox 3053 839 3293 887; x_wconf 87' lang='lat' dir='ltr'>veterem</span> <span class='ocrx_word' id='word_1_390' title='bbox 3337 840 3492 889; x_wconf 88' lang='lat' dir='ltr'>actus</span> 
     </span>
    </p>
   </div>
   <div class='ocr_carea' id='block_1_53' title="bbox 1904 919 3493 995">
    <p class='ocr_par' dir='ltr' id='par_1_53' title="bbox 1904 919 3493 995">
     <span class='ocr_line' id='line_1_53' title="bbox 1904 919 3493 995; baseline 0 -17"><span class='ocrx_word' id='word_1_391' title='bbox 1904 923 2208 995; x_wconf 85' lang='lat' dir='ltr'>praeteritos</span> <span class='ocrx_word' id='word_1_392' title='bbox 2236 922 2390 990; x_wconf 91' lang='lat' dir='ltr'>dicit,</span> <span class='ocrx_word' id='word_1_393' title='bbox 2431 924 2561 995; x_wconf 85' lang='lat' dir='ltr'>quia</span> <span class='ocrx_word' id='word_1_394' title='bbox 2598 922 2742 978; x_wconf 90' lang='lat' dir='ltr'>sicut</span> <span class='ocrx_word' id='word_1_395' title='bbox 2774 937 2953 976; x_wconf 90' lang='lat' dir='ltr'>novus</span> <span class='ocrx_word' id='word_1_396' title='bbox 2992 919 3160 977; x_wconf 90' lang='lat' dir='ltr'>homo</span> <span class='ocrx_word' id='word_1_397' title='bbox 3201 936 3300 993; x_wconf 91' lang='lat' dir='ltr'>per</span> <span class='ocrx_word' id='word_1_398' title='bbox 3326 919 3493 978; x_wconf 87' lang='lat' dir='ltr'>ﬁdem</span> 
     </span>
    </p>
   </div>
   <div class='ocr_carea' id='block_1_54' title="bbox 1907 1009 3497 1083">
    <p class='ocr_par' dir='ltr' id='par_1_54' title="bbox 1907 1009 3497 1083">
     <span class='ocr_line' id='line_1_54' title="bbox 1907 1009 3497 1083; baseline -0.001 -16"><span class='ocrx_word' id='word_1_399' title='bbox 1907 1020 1959 1067; x_wconf 89' lang='lat' dir='ltr'>et</span> <span class='ocrx_word' id='word_1_400' title='bbox 1983 1029 2173 1083; x_wconf 89' lang='lat' dir='ltr'>puram</span> <span class='ocrx_word' id='word_1_401' title='bbox 2205 1013 2376 1068; x_wconf 90' lang='lat' dir='ltr'>vitam</span> <span class='ocrx_word' id='word_1_402' title='bbox 2417 1011 2622 1068; x_wconf 91' lang='lat' dir='ltr'>dicitur</span> <span class='ocrx_word' id='word_1_403' title='bbox 2650 1010 2790 1083; x_wconf 68' lang='lat'>(46),</span> <span class='ocrx_word' id='word_1_404' title='bbox 2824 1010 2901 1066; x_wconf 88' lang='lat' dir='ltr'>ita</span> <span class='ocrx_word' id='word_1_405' title='bbox 2931 1018 2985 1066; x_wconf 90' lang='lat' dir='ltr'>et</span> <span class='ocrx_word' id='word_1_406' title='bbox 3015 1018 3174 1066; x_wconf 89' lang='lat' dir='ltr'>vetus</span> <span class='ocrx_word' id='word_1_407' title='bbox 3204 1009 3371 1066; x_wconf 91' lang='lat' dir='ltr'>homo</span> <span class='ocrx_word' id='word_1_408' title='bbox 3400 1025 3497 1082; x_wconf 88' lang='lat' dir='ltr'>per</span> 
     </span>
    </p>
   </div>
   <div class='ocr_carea' id='block_1_55' title="bbox 1906 1098 3499 1158">
    <p class='ocr_par' dir='ltr' id='par_1_55' title="bbox 1906 1098 3499 1158">
     <span class='ocr_line' id='line_1_55' title="bbox 1906 1098 3499 1158; baseline -0.003 0"><span class='ocrx_word' id='word_1_409' title='bbox 1906 1101 2270 1158; x_wconf 77' lang='lat' dir='ltr'>difﬁdentiam</span> <span class='ocrx_word' id='word_1_410' title='bbox 2322 1109 2376 1158; x_wconf 91' lang='lat' dir='ltr'>et</span> <span class='ocrx_word' id='word_1_411' title='bbox 2422 1102 2596 1157; x_wconf 89' lang='lat' dir='ltr'>malos</span> <span class='ocrx_word' id='word_1_412' title='bbox 2644 1109 2818 1157; x_wconf 89' lang='lat' dir='ltr'>actus.</span> <span class='ocrx_word' id='word_1_413' title='bbox 2867 1100 2978 1156; x_wconf 85' lang='lat' dir='ltr'>Hos</span> <span class='ocrx_word' id='word_1_414' title='bbox 3012 1107 3166 1156; x_wconf 89' lang='lat' dir='ltr'>actus</span> <span class='ocrx_word' id='word_1_415' title='bbox 3202 1098 3499 1156; x_wconf 79' lang='lat' dir='ltr'>cruciﬁxos</span> 
     </span>
    </p>
   </div>
   <div class='ocr_carea' id='block_1_56' title="bbox 1907 1187 3495 1261">
    <p class='ocr_par' dir='ltr' id='par_1_56' title="bbox 1907 1187 3495 1261">
     <span class='ocr_line' id='line_1_56' title="bbox 1907 1187 3495 1261; baseline -0.001 -15"><span class='ocrx_word' id='word_1_416' title='bbox 1907 1190 2064 1257; x_wconf 86' lang='lat' dir='ltr'>dicit,</span> <span class='ocrx_word' id='word_1_417' title='bbox 2098 1190 2153 1246; x_wconf 90' lang='lat' dir='ltr'>id</span> <span class='ocrx_word' id='word_1_418' title='bbox 2180 1200 2261 1246; x_wconf 92' lang='lat' dir='ltr'>est</span> <span class='ocrx_word' id='word_1_419' title='bbox 2294 1199 2560 1257; x_wconf 89' lang='lat' dir='ltr'>mortuos,</span> <span class='ocrx_word' id='word_1_420' title='bbox 2591 1197 2654 1244; x_wconf 89' lang='lat' dir='ltr'>ut</span> <span class='ocrx_word' id='word_1_421' title='bbox 2695 1205 2893 1261; x_wconf 90' lang='lat' dir='ltr'>corpus</span> <span class='ocrx_word' id='word_1_422' title='bbox 2927 1187 3240 1244; x_wconf 88' lang='lat' dir='ltr'>destruatur</span> <span class='ocrx_word' id='word_1_423' title='bbox 3266 1187 3495 1260; x_wconf 81' lang='lat' dir='ltr'>peccati,</span> 
     </span>
    </p>
   </div>
   <div class='ocr_carea' id='block_1_57' title="bbox 1908 1277 3497 1351">
    <p class='ocr_par' dir='ltr' id='par_1_57' title="bbox 1908 1277 3497 1351">
     <span class='ocr_line' id='line_1_57' title="bbox 1908 1277 3497 1351; baseline -0.001 -16"><span class='ocrx_word' id='word_1_424' title='bbox 1908 1279 2055 1351; x_wconf 89' lang='lat' dir='ltr'>quod</span> <span class='ocrx_word' id='word_1_425' title='bbox 2085 1286 2166 1335; x_wconf 92' lang='lat' dir='ltr'>est</span> <span class='ocrx_word' id='word_1_426' title='bbox 2188 1288 2385 1336; x_wconf 90' lang='lat' dir='ltr'>cuncta</span> <span class='ocrx_word' id='word_1_427' title='bbox 2409 1278 2663 1335; x_wconf 88' lang='lat' dir='ltr'>crimina.</span> <span class='ocrx_word' id='word_1_428' title='bbox 2689 1277 2887 1333; x_wconf 86' lang='lat' dir='ltr'>Omnia</span> <span class='ocrx_word' id='word_1_429' title='bbox 2906 1279 3053 1334; x_wconf 88' lang='lat' dir='ltr'>enim</span> <span class='ocrx_word' id='word_1_430' title='bbox 3083 1284 3304 1349; x_wconf 89' lang='lat' dir='ltr'>peccata</span> <span class='ocrx_word' id='word_1_431' title='bbox 3329 1277 3497 1334; x_wconf 87' lang='lat' dir='ltr'>simul</span> 
     </span>
    </p>
   </div>
   <div class='ocr_carea' id='block_1_58' title="bbox 1908 1365 3499 1439">
    <p class='ocr_par' dir='ltr' id='par_1_58' title="bbox 1908 1365 3499 1439">
     <span class='ocr_line' id='line_1_58' title="bbox 1908 1365 3499 1439; baseline 0 -17"><span class='ocrx_word' id='word_1_432' title='bbox 1908 1383 2107 1439; x_wconf 89' lang='lat' dir='ltr'>corpus</span> <span class='ocrx_word' id='word_1_433' title='bbox 2143 1367 2400 1439; x_wconf 88' lang='lat' dir='ltr'>appellat,</span> <span class='ocrx_word' id='word_1_434' title='bbox 2450 1367 2597 1439; x_wconf 91' lang='lat' dir='ltr'>quod</span> <span class='ocrx_word' id='word_1_435' title='bbox 2627 1366 2838 1423; x_wconf 89' lang='lat' dir='ltr'>destrui</span> <span class='ocrx_word' id='word_1_436' title='bbox 2879 1365 3018 1423; x_wconf 90' lang='lat' dir='ltr'>dicit</span> <span class='ocrx_word' id='word_1_437' title='bbox 3046 1381 3142 1439; x_wconf 88' lang='lat' dir='ltr'>per</span> <span class='ocrx_word' id='word_1_438' title='bbox 3169 1365 3371 1423; x_wconf 91' lang='lat' dir='ltr'>bonam</span> <span class='ocrx_word' id='word_1_439' title='bbox 3417 1365 3499 1422; x_wconf 89' lang='lat' dir='ltr'>vi-</span> 
     </span>
    </p>
   </div>
   <div class='ocr_carea' id='block_1_59' title="bbox 1909 1455 2697 1523">
    <p class='ocr_par' dir='ltr' id='par_1_59' title="bbox 1909 1455 2697 1523">
     <span class='ocr_line' id='line_1_59' title="bbox 1909 1455 2697 1523; baseline -0.001 -11"><span class='ocrx_word' id='word_1_440' title='bbox 1909 1464 2043 1523; x_wconf 88' lang='lat' dir='ltr'>tam,</span> <span class='ocrx_word' id='word_1_441' title='bbox 2072 1463 2126 1511; x_wconf 91' lang='lat' dir='ltr'>et</span> <span class='ocrx_word' id='word_1_442' title='bbox 2154 1455 2316 1510; x_wconf 88' lang='lat' dir='ltr'>ﬁdem</span> <span class='ocrx_word' id='word_1_443' title='bbox 2348 1455 2697 1512; x_wconf 87' lang='lat' dir='ltr'>catholicam.</span> 
     </span>
    </p>
   </div>
   <div class='ocr_carea' id='block_1_60' title="bbox 1983 1542 3501 1614">
    <p class='ocr_par' dir='ltr' id='par_1_60' title="bbox 1983 1542 3501 1614">
     <span class='ocr_line' id='line_1_60' title="bbox 1983 1542 3501 1614; baseline 0 -12"><span class='ocrx_word' id='word_1_444' title='bbox 1983 1545 2164 1614; x_wconf 83' lang='lat' dir='ltr'>(Vers.</span> <span class='ocrx_word' id='word_1_445' title='bbox 2198 1545 2279 1614; x_wconf 89' lang='lat'>8.)</span> <span class='ocrx_word' id='word_1_446' title='bbox 2339 1570 2357 1591; x_wconf 77' lang='grc' dir='ltr'>ι</span> <span class='ocrx_word' id='word_1_447' title='bbox 2395 1544 2452 1602; x_wconf 91' lang='lat' dir='ltr'>Si</span> <span class='ocrx_word' id='word_1_448' title='bbox 2492 1552 2673 1600; x_wconf 89' lang='lat' dir='ltr'>autem</span> <span class='ocrx_word' id='word_1_449' title='bbox 2706 1543 2912 1600; x_wconf 89' lang='lat' dir='ltr'>mortui</span> <span class='ocrx_word' id='word_1_450' title='bbox 2942 1560 3132 1601; x_wconf 85' lang='lat' dir='ltr'>sumus</span> <span class='ocrx_word' id='word_1_451' title='bbox 3173 1559 3300 1601; x_wconf 90' lang='lat' dir='ltr'>cum</span> <span class='ocrx_word' id='word_1_452' title='bbox 3328 1542 3501 1603; x_wconf 80' lang='lat' dir='ltr'>Chri-</span> 
     </span>
    </p>
   </div>
   <div class='ocr_carea' id='block_1_61' title="bbox 1912 1634 3488 1706">
    <p class='ocr_par' dir='ltr' id='par_1_61' title="bbox 1912 1634 3488 1706">
     <span class='ocr_line' id='line_1_61' title="bbox 1912 1634 3488 1706; baseline 0.001 -17"><span class='ocrx_word' id='word_1_453' title='bbox 1912 1642 2017 1701; x_wconf 88' lang='lat' dir='ltr'>sto,</span> <span class='ocrx_word' id='word_1_454' title='bbox 2048 1634 2326 1690; x_wconf 88' lang='lat' dir='ltr'>credimus</span> <span class='ocrx_word' id='word_1_455' title='bbox 2346 1634 2494 1706; x_wconf 91' lang='lat' dir='ltr'>quod</span> <span class='ocrx_word' id='word_1_456' title='bbox 2525 1634 2691 1690; x_wconf 88' lang='lat' dir='ltr'>etiam</span> <span class='ocrx_word' id='word_1_457' title='bbox 2722 1634 2888 1690; x_wconf 88' lang='lat' dir='ltr'>simul</span> <span class='ocrx_word' id='word_1_458' title='bbox 2916 1634 3171 1691; x_wconf 89' lang='lat' dir='ltr'>vivemus</span> <span class='ocrx_word' id='word_1_459' title='bbox 3191 1650 3317 1691; x_wconf 86' lang='lat' dir='ltr'>cum</span> <span class='ocrx_word' id='word_1_460' title='bbox 3338 1634 3488 1692; x_wconf 85' lang='lat' dir='ltr'>illo.-</span> 
     </span>
    </p>
   </div>
   <div class='ocr_carea' id='block_1_62' title="bbox 1911 1722 3500 1796">
    <p class='ocr_par' dir='ltr' id='par_1_62' title="bbox 1911 1722 3500 1796">
     <span class='ocr_line' id='line_1_62' title="bbox 1911 1722 3500 1796; baseline 0.001 -17"><span class='ocrx_word' id='word_1_461' title='bbox 1911 1722 2260 1779; x_wconf 82' lang='lat' dir='ltr'>Manifestum</span> <span class='ocrx_word' id='word_1_462' title='bbox 2288 1732 2369 1779; x_wconf 91' lang='lat' dir='ltr'>est</span> <span class='ocrx_word' id='word_1_463' title='bbox 2388 1723 2489 1779; x_wconf 90' lang='lat' dir='ltr'>hos</span> <span class='ocrx_word' id='word_1_464' title='bbox 2513 1723 2609 1796; x_wconf 90' lang='lat' dir='ltr'>qui</span> <span class='ocrx_word' id='word_1_465' title='bbox 2628 1739 2847 1781; x_wconf 89' lang='lat' dir='ltr'>carnem</span> <span class='ocrx_word' id='word_1_466' title='bbox 2874 1724 3272 1782; x_wconf 84' lang='lat' dir='ltr'>cruciﬁxerunt</span> <span class='ocrx_word' id='word_1_467' title='bbox 3292 1724 3500 1796; x_wconf 77' lang='lat' dir='ltr'>(Galat.</span> 
     </span>
    </p>
   </div>
   <div class='ocr_carea' id='block_1_63' title="bbox 1911 1811 3505 1885">
    <p class='ocr_par' dir='ltr' id='par_1_63' title="bbox 1911 1811 3505 1885">
     <span class='ocr_line' id='line_1_63' title="bbox 1911 1811 3505 1885; baseline 0.002 -19"><span class='ocrx_word' id='word_1_468' title='bbox 1911 1826 1969 1878; x_wconf 92' lang='lat' dir='ltr'>v,</span> <span class='ocrx_word' id='word_1_469' title='bbox 1998 1811 2113 1882; x_wconf 77' lang='grc'>24),</span> <span class='ocrx_word' id='word_1_470' title='bbox 2162 1811 2220 1867; x_wconf 89' lang='lat' dir='ltr'>id</span> <span class='ocrx_word' id='word_1_471' title='bbox 2248 1820 2348 1879; x_wconf 89' lang='lat' dir='ltr'>est,</span> <span class='ocrx_word' id='word_1_472' title='bbox 2382 1811 2651 1868; x_wconf 89' lang='lat' dir='ltr'>mundum</span> <span class='ocrx_word' id='word_1_473' title='bbox 2679 1828 2806 1869; x_wconf 89' lang='lat' dir='ltr'>cum</span> <span class='ocrx_word' id='word_1_474' title='bbox 2835 1811 2991 1868; x_wconf 84' lang='lat' dir='ltr'>vitiis</span> <span class='ocrx_word' id='word_1_475' title='bbox 3016 1819 3072 1868; x_wconf 90' lang='lat' dir='ltr'>et</span> <span class='ocrx_word' id='word_1_476' title='bbox 3098 1812 3505 1885; x_wconf 88' lang='lat' dir='ltr'>concupiscen-</span> 
     </span>
    </p>
   </div>
   <div class='ocr_carea' id='block_1_64' title="bbox 1838 1898 3504 1977">
    <p class='ocr_par' dir='ltr' id='par_1_64' title="bbox 1838 1898 3504 1977">
     <span class='ocr_line' id='line_1_64' title="bbox 1838 1898 3504 1977; baseline 0.001 -22"><span class='ocrx_word' id='word_1_477' title='bbox 1838 1918 1883 1977; x_wconf 79' lang='grc' dir='ltr'><strong>Β</strong></span> <span class='ocrx_word' id='word_1_478' title='bbox 1912 1900 2005 1955; x_wconf 90' lang='lat' dir='ltr'>tiis</span> <span class='ocrx_word' id='word_1_479' title='bbox 2031 1899 2169 1971; x_wconf 91' lang='lat' dir='ltr'>ejus,</span> <span class='ocrx_word' id='word_1_480' title='bbox 2210 1900 2352 1956; x_wconf 90' lang='lat' dir='ltr'>mori</span> <span class='ocrx_word' id='word_1_481' title='bbox 2384 1898 2613 1968; x_wconf 91' lang='lat' dir='ltr'>mundo,</span> <span class='ocrx_word' id='word_1_482' title='bbox 2641 1908 2695 1956; x_wconf 90' lang='lat' dir='ltr'>et</span> <span class='ocrx_word' id='word_1_483' title='bbox 2721 1901 2990 1957; x_wconf 91' lang='lat' dir='ltr'>commori</span> <span class='ocrx_word' id='word_1_484' title='bbox 3017 1900 3261 1970; x_wconf 88' lang='lat' dir='ltr'>Christo,</span> <span class='ocrx_word' id='word_1_485' title='bbox 3286 1909 3504 1959; x_wconf 61' lang='lat' dir='ltr'>aeterna</span> 
     </span>
    </p>
   </div>
   <div class='ocr_carea' id='block_1_65' title="bbox 1913 1989 3505 2063">
    <p class='ocr_par' dir='ltr' id='par_1_65' title="bbox 1913 1989 3505 2063">
     <span class='ocr_line' id='line_1_65' title="bbox 1913 1989 3505 2063; baseline 0.001 -18"><span class='ocrx_word' id='word_1_486' title='bbox 1913 2005 2130 2063; x_wconf 90' lang='lat' dir='ltr'>quoque</span> <span class='ocrx_word' id='word_1_487' title='bbox 2181 1989 2311 2044; x_wconf 74' lang='lat' dir='ltr'>vitae</span> <span class='ocrx_word' id='word_1_488' title='bbox 2365 2005 2430 2045; x_wconf 91' lang='lat' dir='ltr'>ac</span> <span class='ocrx_word' id='word_1_489' title='bbox 2484 1989 2713 2045; x_wconf 86' lang='lat' dir='ltr'>salutari</span> <span class='ocrx_word' id='word_1_490' title='bbox 2766 1989 3146 2062; x_wconf 85' lang='lat' dir='ltr'>coimaginari,</span> <span class='ocrx_word' id='word_1_491' title='bbox 3201 1996 3265 2046; x_wconf 89' lang='lat' dir='ltr'>ut</span> <span class='ocrx_word' id='word_1_492' title='bbox 3317 1990 3505 2062; x_wconf 65' lang='lat' dir='ltr'>gloria</span> 
     </span>
    </p>
   </div>
   <div class='ocr_carea' id='block_1_66' title="bbox 1913 2077 3504 2149">
    <p class='ocr_par' dir='ltr' id='par_1_66' title="bbox 1913 2077 3504 2149">
     <span class='ocr_line' id='line_1_66' title="bbox 1913 2077 3504 2149; baseline -0.001 -12"><span class='ocrx_word' id='word_1_493' title='bbox 1913 2079 2119 2137; x_wconf 87' lang='lat' dir='ltr'>Christi</span> <span class='ocrx_word' id='word_1_494' title='bbox 2167 2078 2376 2134; x_wconf 90' lang='lat' dir='ltr'>similes</span> <span class='ocrx_word' id='word_1_495' title='bbox 2408 2077 2551 2134; x_wconf 87' lang='lat' dir='ltr'>eﬂici</span> <span class='ocrx_word' id='word_1_496' title='bbox 2596 2087 2929 2135; x_wconf 86' lang='lat' dir='ltr'>mereantur.</span> <span class='ocrx_word' id='word_1_497' title='bbox 2959 2078 3098 2137; x_wconf 86' lang='lat' dir='ltr'>Caro</span> <span class='ocrx_word' id='word_1_498' title='bbox 3124 2095 3276 2149; x_wconf 91' lang='lat' dir='ltr'>vero,</span> <span class='ocrx_word' id='word_1_499' title='bbox 3315 2078 3374 2135; x_wconf 91' lang='lat' dir='ltr'>id</span> <span class='ocrx_word' id='word_1_500' title='bbox 3401 2088 3504 2149; x_wconf 87' lang='lat' dir='ltr'>est,</span> 
     </span>
    </p>
   </div>
   <div class='ocr_carea' id='block_1_67' title="bbox 1913 2166 3507 2243">
    <p class='ocr_par' dir='ltr' id='par_1_67' title="bbox 1913 2166 3507 2243">
     <span class='ocr_line' id='line_1_67' title="bbox 1913 2166 3507 2243; baseline 0 -18"><span class='ocrx_word' id='word_1_501' title='bbox 1913 2184 2112 2240; x_wconf 88' lang='lat' dir='ltr'>corpus</span> <span class='ocrx_word' id='word_1_502' title='bbox 2142 2168 2221 2222; x_wconf 90' lang='lat' dir='ltr'>sic</span> <span class='ocrx_word' id='word_1_503' title='bbox 2252 2166 2616 2243; x_wconf 83' lang='lat' dir='ltr'>cruciﬁgitur,</span> <span class='ocrx_word' id='word_1_504' title='bbox 2662 2167 2709 2222; x_wconf 90' lang='lat' dir='ltr'>si</span> <span class='ocrx_word' id='word_1_505' title='bbox 2752 2166 3023 2226; x_wconf 87' lang='lat' dir='ltr'>desideria</span> <span class='ocrx_word' id='word_1_506' title='bbox 3058 2166 3177 2240; x_wconf 91' lang='lat' dir='ltr'>ejus</span> <span class='ocrx_word' id='word_1_507' title='bbox 3202 2168 3507 2238; x_wconf 82' lang='lat' dir='ltr'>calcentur,</span> 
     </span>
    </p>
   </div>
   <div class='ocr_carea' id='block_1_68' title="bbox 1914 2256 3509 2330">
    <p class='ocr_par' dir='ltr' id='par_1_68' title="bbox 1914 2256 3509 2330">
     <span class='ocr_line' id='line_1_68' title="bbox 1914 2256 3509 2330; baseline 0.001 -18"><span class='ocrx_word' id='word_1_508' title='bbox 1914 2273 2035 2329; x_wconf 68' lang='lat' dir='ltr'>qum</span> <span class='ocrx_word' id='word_1_509' title='bbox 2066 2264 2319 2312; x_wconf 88' lang='lat' dir='ltr'>manente</span> <span class='ocrx_word' id='word_1_510' title='bbox 2349 2256 2409 2311; x_wconf 90' lang='lat' dir='ltr'>in</span> <span class='ocrx_word' id='word_1_511' title='bbox 2452 2272 2515 2311; x_wconf 89' lang='lat' dir='ltr'>ea</span> <span class='ocrx_word' id='word_1_512' title='bbox 2545 2263 2784 2327; x_wconf 88' lang='lat' dir='ltr'>peccato,</span> <span class='ocrx_word' id='word_1_513' title='bbox 2819 2264 3076 2314; x_wconf 86' lang='lat' dir='ltr'>creantur</span> <span class='ocrx_word' id='word_1_514' title='bbox 3107 2256 3224 2330; x_wconf 76' lang='grc'>(47)</span> <span class='ocrx_word' id='word_1_515' title='bbox 3265 2273 3336 2314; x_wconf 79' lang='lat' dir='ltr'>ex</span> <span class='ocrx_word' id='word_1_516' title='bbox 3358 2273 3509 2330; x_wconf 77' lang='lat' dir='ltr'>pm-</span> 
     </span>
    </p>
   </div>
   <div class='ocr_carea' id='block_1_69' title="bbox 1914 2343 3508 2418">
    <p class='ocr_par' dir='ltr' id='par_1_69' title="bbox 1914 2343 3508 2418">
     <span class='ocr_line' id='line_1_69' title="bbox 1914 2343 3508 2418; baseline 0.001 -17"><span class='ocrx_word' id='word_1_517' title='bbox 1914 2346 2251 2402; x_wconf 86' lang='lat' dir='ltr'>varicatione</span> <span class='ocrx_word' id='word_1_518' title='bbox 2297 2345 2464 2417; x_wconf 88' lang='lat' dir='ltr'>primi</span> <span class='ocrx_word' id='word_1_519' title='bbox 2512 2343 2758 2401; x_wconf 88' lang='lat' dir='ltr'>hominis</span> <span class='ocrx_word' id='word_1_520' title='bbox 2800 2353 3012 2418; x_wconf 88' lang='lat' dir='ltr'>coepta:</span> <span class='ocrx_word' id='word_1_521' title='bbox 3061 2346 3121 2401; x_wconf 90' lang='lat' dir='ltr'>in</span> <span class='ocrx_word' id='word_1_522' title='bbox 3161 2362 3324 2403; x_wconf 83' lang='lat' dir='ltr'>carne</span> <span class='ocrx_word' id='word_1_523' title='bbox 3357 2345 3508 2402; x_wconf 87' lang='lat' dir='ltr'>enim</span> 
     </span>
    </p>
   </div>
   <div class='ocr_carea' id='block_1_70' title="bbox 1915 2433 3511 2509">
    <p class='ocr_par' dir='ltr' id='par_1_70' title="bbox 1915 2433 3511 2509">
     <span class='ocr_line' id='line_1_70' title="bbox 1915 2433 3511 2509; baseline 0 -19"><span class='ocrx_word' id='word_1_524' title='bbox 1915 2434 2168 2491; x_wconf 90' lang='lat' dir='ltr'>diabolus</span> <span class='ocrx_word' id='word_1_525' title='bbox 2214 2433 2594 2506; x_wconf 85' lang='lat' dir='ltr'>cruciﬁgitur;</span> <span class='ocrx_word' id='word_1_526' title='bbox 2628 2433 2744 2506; x_wconf 89' lang='lat' dir='ltr'>ipse</span> <span class='ocrx_word' id='word_1_527' title='bbox 2781 2435 2931 2491; x_wconf 88' lang='lat' dir='ltr'>enim</span> <span class='ocrx_word' id='word_1_528' title='bbox 2959 2442 3062 2505; x_wconf 90' lang='lat' dir='ltr'>est,</span> <span class='ocrx_word' id='word_1_529' title='bbox 3103 2436 3199 2509; x_wconf 90' lang='lat' dir='ltr'>qui</span> <span class='ocrx_word' id='word_1_530' title='bbox 3232 2435 3379 2492; x_wconf 83' lang='lat' dir='ltr'>fallit</span> <span class='ocrx_word' id='word_1_531' title='bbox 3414 2449 3511 2508; x_wconf 86' lang='lat' dir='ltr'>per</span> 
     </span>
    </p>
   </div>
   <div class='ocr_carea' id='block_1_71' title="bbox 1915 2522 3507 2596">
    <p class='ocr_par' dir='ltr' id='par_1_71' title="bbox 1915 2522 3507 2596">
     <span class='ocr_line' id='line_1_71' title="bbox 1915 2522 3507 2596; baseline -0.002 -14"><span class='ocrx_word' id='word_1_532' title='bbox 1915 2541 2158 2582; x_wconf 85' lang='lat' dir='ltr'>carnem.</span> <span class='ocrx_word' id='word_1_533' title='bbox 2212 2522 2350 2580; x_wconf 90' lang='lat' dir='ltr'>Caro</span> <span class='ocrx_word' id='word_1_534' title='bbox 2414 2539 2541 2595; x_wconf 79' lang='lat' dir='ltr'>ergo</span> <span class='ocrx_word' id='word_1_535' title='bbox 2592 2522 2890 2596; x_wconf 87' lang='lat' dir='ltr'>aliquando</span> <span class='ocrx_word' id='word_1_536' title='bbox 2954 2523 3219 2593; x_wconf 90' lang='lat' dir='ltr'>mundus,</span> <span class='ocrx_word' id='word_1_537' title='bbox 3280 2524 3339 2580; x_wconf 89' lang='lat' dir='ltr'>id</span> <span class='ocrx_word' id='word_1_538' title='bbox 3404 2531 3507 2593; x_wconf 86' lang='lat' dir='ltr'>est,</span> 
     </span>
    </p>
   </div>
   <div class='ocr_carea' id='block_1_72' title="bbox 1916 2611 3509 2685">
    <p class='ocr_par' dir='ltr' id='par_1_72' title="bbox 1916 2611 3509 2685">
     <span class='ocr_line' id='line_1_72' title="bbox 1916 2611 3509 2685; baseline -0.001 -16"><span class='ocrx_word' id='word_1_539' title='bbox 1916 2614 2205 2680; x_wconf 87' lang='lat' dir='ltr'>elementa,</span> <span class='ocrx_word' id='word_1_540' title='bbox 2248 2611 2546 2684; x_wconf 88' lang='lat' dir='ltr'>aliquando</span> <span class='ocrx_word' id='word_1_541' title='bbox 2574 2627 2706 2667; x_wconf 90' lang='lat' dir='ltr'>vero</span> <span class='ocrx_word' id='word_1_542' title='bbox 2733 2628 2930 2685; x_wconf 89' lang='lat' dir='ltr'>corpus</span> <span class='ocrx_word' id='word_1_543' title='bbox 2959 2611 3203 2670; x_wconf 88' lang='lat' dir='ltr'>hominis</span> <span class='ocrx_word' id='word_1_544' title='bbox 3232 2611 3509 2685; x_wconf 86' lang='lat' dir='ltr'>intelligi-</span> 
     </span>
    </p>
   </div>
   <div class='ocr_carea' id='block_1_73' title="bbox 1916 2702 3220 2776">
    <p class='ocr_par' dir='ltr' id='par_1_73' title="bbox 1916 2702 3220 2776">
     <span class='ocr_line' id='line_1_73' title="bbox 1916 2702 3220 2776; baseline -0.001 -16"><span class='ocrx_word' id='word_1_545' title='bbox 1916 2713 2028 2773; x_wconf 88' lang='lat' dir='ltr'>tur,</span> <span class='ocrx_word' id='word_1_546' title='bbox 2058 2705 2148 2759; x_wconf 90' lang='lat' dir='ltr'>vel</span> <span class='ocrx_word' id='word_1_547' title='bbox 2174 2704 2291 2776; x_wconf 89' lang='lat' dir='ltr'>ipsa</span> <span class='ocrx_word' id='word_1_548' title='bbox 2318 2704 2503 2759; x_wconf 90' lang='lat' dir='ltr'>anima</span> <span class='ocrx_word' id='word_1_549' title='bbox 2527 2719 2759 2776; x_wconf 89' lang='lat' dir='ltr'>sequens</span> <span class='ocrx_word' id='word_1_550' title='bbox 2782 2719 3043 2776; x_wconf 89' lang='lat' dir='ltr'>corporea</span> <span class='ocrx_word' id='word_1_551' title='bbox 3064 2702 3220 2759; x_wconf 86' lang='lat' dir='ltr'>vitia.</span> 
     </span>
    </p>
   </div>
   <div class='ocr_carea' id='block_1_74' title="bbox 1990 2791 3507 2865">
    <p class='ocr_par' dir='ltr' id='par_1_74' title="bbox 1990 2791 3507 2865">
     <span class='ocr_line' id='line_1_74' title="bbox 1990 2791 3507 2865; baseline -0.005 -13"><span class='ocrx_word' id='word_1_552' title='bbox 1990 2794 2171 2865; x_wconf 74' lang='lat' dir='ltr'>(Vers.</span> <span class='ocrx_word' id='word_1_553' title='bbox 2204 2794 2238 2849; x_wconf 89' lang='lat'>9</span> <span class='ocrx_word' id='word_1_554' title='bbox 2270 2801 2323 2847; x_wconf 91' lang='lat' dir='ltr'>et</span> <span class='ocrx_word' id='word_1_555' title='bbox 2356 2793 2469 2863; x_wconf 82' lang='lat' dir='ltr'>l0.)</span> <span class='ocrx_word' id='word_1_556' title='bbox 2517 2817 2536 2839; x_wconf 71' lang='grc' dir='ltr'>ι</span> <span class='ocrx_word' id='word_1_557' title='bbox 2569 2793 2814 2852; x_wconf 89' lang='lat' dir='ltr'>Scientes</span> <span class='ocrx_word' id='word_1_558' title='bbox 2846 2792 2993 2865; x_wconf 89' lang='lat' dir='ltr'>quod</span> <span class='ocrx_word' id='word_1_559' title='bbox 3031 2791 3284 2849; x_wconf 85' lang='lat' dir='ltr'>Christus</span> <span class='ocrx_word' id='word_1_560' title='bbox 3312 2805 3507 2848; x_wconf 80' lang='lat' dir='ltr'>resur-</span> 
     </span>
    </p>
   </div>
   <div class='ocr_carea' id='block_1_75' title="bbox 1918 2879 3509 2955">
    <p class='ocr_par' dir='ltr' id='par_1_75' title="bbox 1918 2879 3509 2955">
     <span class='ocr_line' id='line_1_75' title="bbox 1918 2879 3509 2955; baseline -0.001 -18"><span class='ocrx_word' id='word_1_561' title='bbox 1918 2898 2048 2955; x_wconf 82' lang='lat' dir='ltr'>gens</span> <span class='ocrx_word' id='word_1_562' title='bbox 2077 2898 2148 2937; x_wconf 84' lang='lat' dir='ltr'>ex</span> <span class='ocrx_word' id='word_1_563' title='bbox 2178 2881 2434 2948; x_wconf 88' lang='lat' dir='ltr'>mortuis,</span> <span class='ocrx_word' id='word_1_564' title='bbox 2458 2880 2574 2952; x_wconf 89' lang='lat' dir='ltr'>jam</span> <span class='ocrx_word' id='word_1_565' title='bbox 2608 2897 2719 2937; x_wconf 91' lang='lat' dir='ltr'>non</span> <span class='ocrx_word' id='word_1_566' title='bbox 2760 2880 3017 2949; x_wconf 89' lang='lat' dir='ltr'>moritur,</span> <span class='ocrx_word' id='word_1_567' title='bbox 3048 2896 3197 2937; x_wconf 91' lang='lat' dir='ltr'>mors</span> <span class='ocrx_word' id='word_1_568' title='bbox 3237 2879 3321 2935; x_wconf 91' lang='lat' dir='ltr'>illi</span> <span class='ocrx_word' id='word_1_569' title='bbox 3361 2880 3509 2936; x_wconf 83' lang='lat' dir='ltr'>ultra</span> 
     </span>
    </p>
   </div>
   <div class='ocr_carea' id='block_1_76' title="bbox 1917 2969 3502 3041">
    <p class='ocr_par' dir='ltr' id='par_1_76' title="bbox 1917 2969 3502 3041">
     <span class='ocr_line' id='line_1_76' title="bbox 1917 2969 3502 3041; baseline 0 -15"><span class='ocrx_word' id='word_1_570' title='bbox 1917 2987 2029 3026; x_wconf 91' lang='lat' dir='ltr'>non</span> <span class='ocrx_word' id='word_1_571' title='bbox 2063 2969 2459 3026; x_wconf 88' lang='lat' dir='ltr'>dominabitur.</span> <span class='ocrx_word' id='word_1_572' title='bbox 2492 2969 2649 3037; x_wconf 86' lang='lat' dir='ltr'>Quod</span> <span class='ocrx_word' id='word_1_573' title='bbox 2686 2970 2834 3025; x_wconf 90' lang='lat' dir='ltr'>enim</span> <span class='ocrx_word' id='word_1_574' title='bbox 2869 2976 3122 3025; x_wconf 87' lang='lat' dir='ltr'>mortuus</span> <span class='ocrx_word' id='word_1_575' title='bbox 3152 2977 3235 3024; x_wconf 90' lang='lat' dir='ltr'>est</span> <span class='ocrx_word' id='word_1_576' title='bbox 3259 2977 3502 3041; x_wconf 83' lang='lat' dir='ltr'>peccato,</span> 
     </span>
    </p>
   </div>
   <div class='ocr_carea' id='block_1_77' title="bbox 1917 3059 3491 3133">
    <p class='ocr_par' dir='ltr' id='par_1_77' title="bbox 1917 3059 3491 3133">
     <span class='ocr_line' id='line_1_77' title="bbox 1917 3059 3491 3133; baseline 0 -18"><span class='ocrx_word' id='word_1_577' title='bbox 1917 3072 2167 3118; x_wconf 91' lang='lat' dir='ltr'>mortuus</span> <span class='ocrx_word' id='word_1_578' title='bbox 2195 3070 2276 3118; x_wconf 89' lang='lat' dir='ltr'>est</span> <span class='ocrx_word' id='word_1_579' title='bbox 2304 3061 2470 3117; x_wconf 92' lang='lat' dir='ltr'>semel</span> <span class='ocrx_word' id='word_1_580' title='bbox 2496 3080 2507 3116; x_wconf 91' lang='grc'>;</span> <span class='ocrx_word' id='word_1_581' title='bbox 2544 3061 2691 3133; x_wconf 92' lang='lat' dir='ltr'>quod</span> <span class='ocrx_word' id='word_1_582' title='bbox 2719 3068 2903 3116; x_wconf 90' lang='lat' dir='ltr'>autem</span> <span class='ocrx_word' id='word_1_583' title='bbox 2931 3060 3094 3129; x_wconf 86' lang='lat' dir='ltr'>vivit,</span> <span class='ocrx_word' id='word_1_584' title='bbox 3126 3059 3269 3115; x_wconf 88' lang='lat' dir='ltr'>vivit</span> <span class='ocrx_word' id='word_1_585' title='bbox 3306 3061 3441 3115; x_wconf 88' lang='lat' dir='ltr'>Deo.</span> <span class='ocrx_word' id='word_1_586' title='bbox 3470 3081 3491 3107; x_wconf 78' lang='grc' dir='ltr'><strong><em>ι</em></strong></span> 
     </span>
    </p>
   </div>
   <div class='ocr_carea' id='block_1_78' title="bbox 1918 3147 3506 3207">
    <p class='ocr_par' dir='ltr' id='par_1_78' title="bbox 1918 3147 3506 3207">
     <span class='ocr_line' id='line_1_78' title="bbox 1918 3147 3506 3207; baseline -0.002 0"><span class='ocrx_word' id='word_1_587' title='bbox 1918 3151 2274 3207; x_wconf 88' lang='lat' dir='ltr'>Securitatem</span> <span class='ocrx_word' id='word_1_588' title='bbox 2316 3150 2638 3207; x_wconf 85' lang='lat' dir='ltr'>aeternitatis</span> <span class='ocrx_word' id='word_1_589' title='bbox 2678 3150 2737 3205; x_wconf 89' lang='lat' dir='ltr'>in</span> <span class='ocrx_word' id='word_1_590' title='bbox 2775 3149 3172 3206; x_wconf 89' lang='lat' dir='ltr'>resurrectione</span> <span class='ocrx_word' id='word_1_591' title='bbox 3207 3147 3506 3205; x_wconf 86' lang='lat' dir='ltr'>Salvatoris</span> 
     </span>
    </p>
   </div>
   <div class='ocr_carea' id='block_1_79' title="bbox 1918 3237 3506 3313">
    <p class='ocr_par' dir='ltr' id='par_1_79' title="bbox 1918 3237 3506 3313">
     <span class='ocr_line' id='line_1_79' title="bbox 1918 3237 3506 3313; baseline -0.002 -17"><span class='ocrx_word' id='word_1_592' title='bbox 1918 3240 2198 3296; x_wconf 89' lang='lat' dir='ltr'>ostendit:</span> <span class='ocrx_word' id='word_1_593' title='bbox 2250 3240 2320 3296; x_wconf 90' lang='lat' dir='ltr'>ad</span> <span class='ocrx_word' id='word_1_594' title='bbox 2366 3257 2531 3313; x_wconf 89' lang='lat' dir='ltr'>quam</span> <span class='ocrx_word' id='word_1_595' title='bbox 2572 3239 2763 3295; x_wconf 88' lang='lat' dir='ltr'>venire</span> <span class='ocrx_word' id='word_1_596' title='bbox 2814 3238 3104 3310; x_wconf 89' lang='lat' dir='ltr'>contingit,</span> <span class='ocrx_word' id='word_1_597' title='bbox 3164 3238 3211 3295; x_wconf 89' lang='lat' dir='ltr'>si</span> <span class='ocrx_word' id='word_1_598' title='bbox 3259 3237 3506 3294; x_wconf 84' lang='lat' dir='ltr'>melioris</span> 
     </span>
    </p>
   </div>
   <div class='ocr_carea' id='block_1_80' title="bbox 1917 3327 3510 3400">
    <p class='ocr_par' dir='ltr' id='par_1_80' title="bbox 1917 3327 3510 3400">
     <span class='ocr_line' id='line_1_80' title="bbox 1917 3327 3510 3400; baseline 0 -17"><span class='ocrx_word' id='word_1_599' title='bbox 1917 3329 2043 3384; x_wconf 83' lang='lat' dir='ltr'>vitae</span> <span class='ocrx_word' id='word_1_600' title='bbox 2074 3330 2242 3386; x_wconf 89' lang='lat' dir='ltr'>fuerit</span> <span class='ocrx_word' id='word_1_601' title='bbox 2288 3331 2583 3386; x_wconf 83' lang='lat' dir='ltr'>aemulatio.</span> <span class='ocrx_word' id='word_1_602' title='bbox 2628 3329 2733 3397; x_wconf 91' lang='lat' dir='ltr'>Qui</span> <span class='ocrx_word' id='word_1_603' title='bbox 2763 3329 2911 3384; x_wconf 90' lang='lat' dir='ltr'>enim</span> <span class='ocrx_word' id='word_1_604' title='bbox 2949 3328 3086 3384; x_wconf 89' lang='lat' dir='ltr'>bene</span> <span class='ocrx_word' id='word_1_605' title='bbox 3128 3328 3336 3400; x_wconf 87' lang='lat' dir='ltr'>agendo</span> <span class='ocrx_word' id='word_1_606' title='bbox 3366 3327 3510 3383; x_wconf 85' lang='lat' dir='ltr'>vivit</span> 
     </span>
    </p>
   </div>
   <div class='ocr_carea' id='block_1_81' title="bbox 1917 3415 3372 3489">
    <p class='ocr_par' dir='ltr' id='par_1_81' title="bbox 1917 3415 3372 3489">
     <span class='ocr_line' id='line_1_81' title="bbox 1917 3415 3372 3489; baseline -0.003 -15"><span class='ocrx_word' id='word_1_607' title='bbox 1917 3420 2051 3486; x_wconf 90' lang='lat' dir='ltr'>Deo,</span> <span class='ocrx_word' id='word_1_608' title='bbox 2080 3418 2173 3475; x_wconf 90' lang='lat' dir='ltr'>hic</span> <span class='ocrx_word' id='word_1_609' title='bbox 2196 3435 2322 3475; x_wconf 90' lang='lat' dir='ltr'>vere</span> <span class='ocrx_word' id='word_1_610' title='bbox 2348 3419 2512 3486; x_wconf 89' lang='lat' dir='ltr'>vivit,</span> <span class='ocrx_word' id='word_1_611' title='bbox 2548 3417 2677 3489; x_wconf 89' lang='lat' dir='ltr'>quia</span> <span class='ocrx_word' id='word_1_612' title='bbox 2700 3426 2956 3473; x_wconf 87' lang='lat' dir='ltr'>aeternam</span> <span class='ocrx_word' id='word_1_613' title='bbox 2987 3415 3152 3471; x_wconf 88' lang='lat' dir='ltr'>habet</span> <span class='ocrx_word' id='word_1_614' title='bbox 3180 3416 3372 3471; x_wconf 90' lang='lat' dir='ltr'>vitam.</span> 
     </span>
    </p>
   </div>
   <div class='ocr_carea' id='block_1_82' title="bbox 1992 3503 3509 3580">
    <p class='ocr_par' dir='ltr' id='par_1_82' title="bbox 1992 3503 3509 3580">
     <span class='ocr_line' id='line_1_82' title="bbox 1992 3503 3509 3580; baseline -0.003 -17"><span class='ocrx_word' id='word_1_615' title='bbox 1992 3509 2174 3580; x_wconf 86' lang='lat' dir='ltr'>(Vers.</span> <span class='ocrx_word' id='word_1_616' title='bbox 2223 3508 2335 3579; x_wconf 82' lang='grc'>11.)</span> <span class='ocrx_word' id='word_1_617' title='bbox 2402 3532 2419 3553; x_wconf 74' lang='grc' dir='ltr'>ι</span> <span class='ocrx_word' id='word_1_618' title='bbox 2449 3507 2529 3561; x_wconf 90' lang='lat' dir='ltr'>Ita</span> <span class='ocrx_word' id='word_1_619' title='bbox 2572 3512 2627 3561; x_wconf 90' lang='lat' dir='ltr'>et</span> <span class='ocrx_word' id='word_1_620' title='bbox 2667 3521 2765 3560; x_wconf 89' lang='lat' dir='ltr'>vos</span> <span class='ocrx_word' id='word_1_621' title='bbox 2793 3503 3105 3560; x_wconf 82' lang='lat' dir='ltr'>existimate</span> <span class='ocrx_word' id='word_1_622' title='bbox 3132 3517 3232 3558; x_wconf 92' lang='lat' dir='ltr'>vos</span> <span class='ocrx_word' id='word_1_623' title='bbox 3261 3508 3509 3559; x_wconf 81' lang='lat' dir='ltr'>mortuos</span> 
     </span>
    </p>
   </div>
   <div class='ocr_carea' id='block_1_83' title="bbox 1919 3589 3511 3669">
    <p class='ocr_par' dir='ltr' id='par_1_83' title="bbox 1919 3589 3511 3669">
     <span class='ocr_line' id='line_1_83' title="bbox 1919 3589 3511 3669; baseline -0.002 -18"><span class='ocrx_word' id='word_1_624' title='bbox 1919 3596 2139 3669; x_wconf 90' lang='lat' dir='ltr'>quidem</span> <span class='ocrx_word' id='word_1_625' title='bbox 2172 3611 2285 3650; x_wconf 90' lang='lat' dir='ltr'>esse</span> <span class='ocrx_word' id='word_1_626' title='bbox 2316 3601 2559 3666; x_wconf 89' lang='lat' dir='ltr'>peccato,</span> <span class='ocrx_word' id='word_1_627' title='bbox 2588 3592 2839 3649; x_wconf 90' lang='lat' dir='ltr'>viventes</span> <span class='ocrx_word' id='word_1_628' title='bbox 2867 3599 3046 3648; x_wconf 87' lang='lat' dir='ltr'>autem</span> <span class='ocrx_word' id='word_1_629' title='bbox 3072 3592 3184 3647; x_wconf 91' lang='lat' dir='ltr'>Deo</span> <span class='ocrx_word' id='word_1_630' title='bbox 3210 3591 3270 3646; x_wconf 91' lang='lat' dir='ltr'>in</span> <span class='ocrx_word' id='word_1_631' title='bbox 3289 3589 3511 3649; x_wconf 88' lang='lat' dir='ltr'>Christo</span> 
     </span>
    </p>
   </div>
   <div class='ocr_carea' id='block_1_84' title="bbox 1918 3679 3511 3755">
    <p class='ocr_par' dir='ltr' id='par_1_84' title="bbox 1918 3679 3511 3755">
     <span class='ocr_line' id='line_1_84' title="bbox 1918 3679 3511 3755; baseline -0.004 -13"><span class='ocrx_word' id='word_1_632' title='bbox 1918 3687 2044 3742; x_wconf 88' lang='lat' dir='ltr'>Jesu</span> <span class='ocrx_word' id='word_1_633' title='bbox 2075 3685 2312 3741; x_wconf 91' lang='lat' dir='ltr'>Domino</span> <span class='ocrx_word' id='word_1_634' title='bbox 2359 3691 2568 3739; x_wconf 88' lang='lat' dir='ltr'>nostro.</span> <span class='ocrx_word' id='word_1_635' title='bbox 2599 3707 2617 3731; x_wconf 78' lang='grc' dir='ltr'><strong><em>ι</em></strong></span> <span class='ocrx_word' id='word_1_636' title='bbox 2660 3682 2751 3740; x_wconf 89' lang='lat' dir='ltr'>Sic</span> <span class='ocrx_word' id='word_1_637' title='bbox 2789 3682 3056 3755; x_wconf 89' lang='lat' dir='ltr'>loquitur,</span> <span class='ocrx_word' id='word_1_638' title='bbox 3088 3688 3150 3738; x_wconf 93' lang='lat' dir='ltr'>ut</span> <span class='ocrx_word' id='word_1_639' title='bbox 3176 3679 3368 3738; x_wconf 86' lang='lat' dir='ltr'>doceat</span> <span class='ocrx_word' id='word_1_640' title='bbox 3397 3695 3511 3737; x_wconf 88' lang='lat' dir='ltr'>non</span> 
     </span>
    </p>
   </div>
   <div class='ocr_carea' id='block_1_85' title="bbox 1917 3770 3511 3845">
    <p class='ocr_par' dir='ltr' id='par_1_85' title="bbox 1917 3770 3511 3845">
     <span class='ocr_line' id='line_1_85' title="bbox 1917 3770 3511 3845; baseline -0.003 -15"><span class='ocrx_word' id='word_1_641' title='bbox 1917 3776 2076 3831; x_wconf 90' lang='lat' dir='ltr'>aliter</span> <span class='ocrx_word' id='word_1_642' title='bbox 2117 3774 2258 3829; x_wconf 89' lang='lat' dir='ltr'>mori</span> <span class='ocrx_word' id='word_1_643' title='bbox 2309 3789 2465 3845; x_wconf 90' lang='lat' dir='ltr'>posse</span> <span class='ocrx_word' id='word_1_644' title='bbox 2520 3779 2766 3844; x_wconf 89' lang='lat' dir='ltr'>peccato,</span> <span class='ocrx_word' id='word_1_645' title='bbox 2816 3778 2870 3826; x_wconf 89' lang='lat' dir='ltr'>et</span> <span class='ocrx_word' id='word_1_646' title='bbox 2922 3771 3036 3827; x_wconf 88' lang='lat' dir='ltr'>Deo</span> <span class='ocrx_word' id='word_1_647' title='bbox 3083 3770 3293 3838; x_wconf 90' lang='lat' dir='ltr'>vivere,</span> <span class='ocrx_word' id='word_1_648' title='bbox 3347 3784 3511 3843; x_wconf 84' lang='lat' dir='ltr'>quam</span> 
     </span>
    </p>
   </div>
   <div class='ocr_carea' id='block_1_86' title="bbox 1918 3859 3513 3933">
    <p class='ocr_par' dir='ltr' id='par_1_86' title="bbox 1918 3859 3513 3933">
     <span class='ocr_line' id='line_1_86' title="bbox 1918 3859 3513 3933; baseline -0.004 -13"><span class='ocrx_word' id='word_1_649' title='bbox 1918 3872 1983 3920; x_wconf 92' lang='lat' dir='ltr'>ut</span> <span class='ocrx_word' id='word_1_650' title='bbox 2018 3864 2076 3919; x_wconf 91' lang='lat' dir='ltr'>in</span> <span class='ocrx_word' id='word_1_651' title='bbox 2106 3862 2325 3920; x_wconf 91' lang='lat' dir='ltr'>Christo</span> <span class='ocrx_word' id='word_1_652' title='bbox 2356 3862 2429 3918; x_wconf 91' lang='lat' dir='ltr'>sit</span> <span class='ocrx_word' id='word_1_653' title='bbox 2468 3861 2649 3917; x_wconf 90' lang='lat' dir='ltr'>omnis</span> <span class='ocrx_word' id='word_1_654' title='bbox 2675 3876 2827 3932; x_wconf 87' lang='lat' dir='ltr'>spes:</span> <span class='ocrx_word' id='word_1_655' title='bbox 2871 3876 3033 3933; x_wconf 90' lang='lat' dir='ltr'>quem</span> <span class='ocrx_word' id='word_1_656' title='bbox 3073 3859 3372 3915; x_wconf 90' lang='lat' dir='ltr'>Dominum</span> <span class='ocrx_word' id='word_1_657' title='bbox 3400 3873 3513 3914; x_wconf 89' lang='lat' dir='ltr'>no-</span> 
     </span>
    </p>
   </div>
   <div class='ocr_carea' id='block_1_87' title="bbox 1920 3945 3514 4022">
    <p class='ocr_par' dir='ltr' id='par_1_87' title="bbox 1920 3945 3514 4022">
     <span class='ocr_line' id='line_1_87' title="bbox 1920 3945 3514 4022; baseline -0.003 -16"><span class='ocrx_word' id='word_1_658' title='bbox 1920 3959 2095 4007; x_wconf 90' lang='lat' dir='ltr'>strum</span> <span class='ocrx_word' id='word_1_659' title='bbox 2139 3950 2393 4022; x_wconf 89' lang='lat' dir='ltr'>appellat,</span> <span class='ocrx_word' id='word_1_660' title='bbox 2441 3956 2504 4004; x_wconf 90' lang='lat' dir='ltr'>ut</span> <span class='ocrx_word' id='word_1_661' title='bbox 2542 3948 2683 4005; x_wconf 88' lang='lat' dir='ltr'>nihil</span> <span class='ocrx_word' id='word_1_662' title='bbox 2714 3948 2850 4019; x_wconf 83' lang='lat' dir='ltr'>legis</span> <span class='ocrx_word' id='word_1_663' title='bbox 2890 3946 2960 4004; x_wconf 91' lang='lat' dir='ltr'>ad</span> <span class='ocrx_word' id='word_1_664' title='bbox 2998 3949 3230 4004; x_wconf 90' lang='lat' dir='ltr'>salutem</span> <span class='ocrx_word' id='word_1_665' title='bbox 3262 3945 3514 4020; x_wconf 86' lang='lat' dir='ltr'>proﬁciat</span> 
     </span>
    </p>
   </div>
   <div class='ocr_carea' id='block_1_88' title="bbox 1921 4034 3515 4111">
    <p class='ocr_par' dir='ltr' id='par_1_88' title="bbox 1921 4034 3515 4111">
     <span class='ocr_line' id='line_1_88' title="bbox 1921 4034 3515 4111; baseline -0.004 -16"><span class='ocrx_word' id='word_1_666' title='bbox 1921 4038 2304 4111; x_wconf 85' lang='lat' dir='ltr'>capessendam</span> <span class='ocrx_word' id='word_1_667' title='bbox 2335 4036 2392 4091; x_wconf 90' lang='lat' dir='ltr'>in</span> <span class='ocrx_word' id='word_1_668' title='bbox 2440 4037 2626 4092; x_wconf 84' lang='lat' dir='ltr'>futuro</span> <span class='ocrx_word' id='word_1_669' title='bbox 2677 4034 2896 4103; x_wconf 83' lang='lat' dir='ltr'>saeculo,</span> <span class='ocrx_word' id='word_1_670' title='bbox 2930 4034 3149 4108; x_wconf 90' lang='lat' dir='ltr'>quando</span> <span class='ocrx_word' id='word_1_671' title='bbox 3196 4050 3309 4092; x_wconf 89' lang='lat' dir='ltr'>non</span> <span class='ocrx_word' id='word_1_672' title='bbox 3353 4034 3515 4091; x_wconf 85' lang='lat' dir='ltr'>aliter</span> 
     </span>
    </p>
   </div>
   <div class='ocr_carea' id='block_1_89' title="bbox 1920 4125 2938 4201">
    <p class='ocr_par' dir='ltr' id='par_1_89' title="bbox 1920 4125 2938 4201">
     <span class='ocr_line' id='line_1_89' title="bbox 1920 4125 2938 4201; baseline -0.005 -13"><span class='ocrx_word' id='word_1_673' title='bbox 1920 4133 2033 4188; x_wconf 91' lang='lat' dir='ltr'>Deo</span> <span class='ocrx_word' id='word_1_674' title='bbox 2059 4129 2288 4198; x_wconf 88' lang='lat' dir='ltr'>vivitur,</span> <span class='ocrx_word' id='word_1_675' title='bbox 2320 4145 2482 4201; x_wconf 88' lang='lat' dir='ltr'>quam</span> <span class='ocrx_word' id='word_1_676' title='bbox 2514 4144 2609 4200; x_wconf 90' lang='lat' dir='ltr'>per</span> <span class='ocrx_word' id='word_1_677' title='bbox 2638 4125 2938 4184; x_wconf 91' lang='lat' dir='ltr'>Christum.</span> 
     </span>
    </p>
   </div>
   <div class='ocr_carea' id='block_1_90' title="bbox 1998 4217 3514 4293">
    <p class='ocr_par' dir='ltr' id='par_1_90' title="bbox 1998 4217 3514 4293">
     <span class='ocr_line' id='line_1_90' title="bbox 1998 4217 3514 4293; baseline -0.003 -15"><span class='ocrx_word' id='word_1_678' title='bbox 1998 4222 2177 4293; x_wconf 77' lang='lat' dir='ltr'>(Vers.</span> <span class='ocrx_word' id='word_1_679' title='bbox 2212 4221 2324 4290; x_wconf 82' lang='grc'>12.)</span> <span class='ocrx_word' id='word_1_680' title='bbox 2371 4246 2387 4267; x_wconf 75' lang='grc' dir='ltr'>ι</span> <span class='ocrx_word' id='word_1_681' title='bbox 2416 4221 2537 4277; x_wconf 82' lang='lat' dir='ltr'>Non</span> <span class='ocrx_word' id='word_1_682' title='bbox 2567 4235 2695 4290; x_wconf 87' lang='lat' dir='ltr'>ergo</span> <span class='ocrx_word' id='word_1_683' title='bbox 2723 4226 2911 4291; x_wconf 83' lang='lat' dir='ltr'>regnet</span> <span class='ocrx_word' id='word_1_684' title='bbox 2934 4226 3219 4290; x_wconf 87' lang='lat' dir='ltr'>peccatum</span> <span class='ocrx_word' id='word_1_685' title='bbox 3253 4217 3310 4273; x_wconf 89' lang='lat' dir='ltr'>in</span> <span class='ocrx_word' id='word_1_686' title='bbox 3329 4225 3514 4275; x_wconf 87' lang='lat' dir='ltr'>vestro</span> 
     </span>
    </p>
   </div>
   <div class='ocr_carea' id='block_1_91' title="bbox 1924 4304 3498 4381">
    <p class='ocr_par' dir='ltr' id='par_1_91' title="bbox 1924 4304 3498 4381">
     <span class='ocr_line' id='line_1_91' title="bbox 1924 4304 3498 4381; baseline -0.001 -17"><span class='ocrx_word' id='word_1_687' title='bbox 1924 4309 2143 4365; x_wconf 89' lang='lat' dir='ltr'>mortali</span> <span class='ocrx_word' id='word_1_688' title='bbox 2168 4324 2414 4381; x_wconf 89' lang='lat' dir='ltr'>corpore,</span> <span class='ocrx_word' id='word_1_689' title='bbox 2450 4316 2511 4363; x_wconf 92' lang='lat' dir='ltr'>ut</span> <span class='ocrx_word' id='word_1_690' title='bbox 2540 4305 2808 4363; x_wconf 89' lang='lat' dir='ltr'>obediatis</span> <span class='ocrx_word' id='word_1_691' title='bbox 2836 4306 3298 4378; x_wconf 89' lang='lat' dir='ltr'>concupiscentiis</span> <span class='ocrx_word' id='word_1_692' title='bbox 3328 4304 3498 4377; x_wconf 80' lang='lat' dir='ltr'>ejus.-</span> 
     </span>
    </p>
   </div>
   <div class='ocr_carea' id='block_1_92' title="bbox 1925 4393 3511 4469">
    <p class='ocr_par' dir='ltr' id='par_1_92' title="bbox 1925 4393 3511 4469">
     <span class='ocr_line' id='line_1_92' title="bbox 1925 4393 3511 4469; baseline -0.004 -13"><span class='ocrx_word' id='word_1_693' title='bbox 1925 4398 2152 4456; x_wconf 86' lang='lat' dir='ltr'>Mortale</span> <span class='ocrx_word' id='word_1_694' title='bbox 2199 4414 2395 4469; x_wconf 90' lang='lat' dir='ltr'>corpus</span> <span class='ocrx_word' id='word_1_695' title='bbox 2424 4404 2506 4451; x_wconf 91' lang='lat' dir='ltr'>est</span> <span class='ocrx_word' id='word_1_696' title='bbox 2538 4412 2607 4451; x_wconf 86' lang='lat' dir='ltr'>ex</span> <span class='ocrx_word' id='word_1_697' title='bbox 2647 4411 2808 4453; x_wconf 85' lang='lat' dir='ltr'>causa</span> <span class='ocrx_word' id='word_1_698' title='bbox 2846 4394 3314 4467; x_wconf 72' lang='lat' dir='ltr'>praevaricationis</span> <span class='ocrx_word' id='word_1_699' title='bbox 3355 4393 3511 4464; x_wconf 63' lang='lat' dir='ltr'>Adae,</span> 
     </span>
    </p>
   </div>
   <div class='ocr_carea' id='block_1_93' title="bbox 1925 4481 3515 4543">
    <p class='ocr_par' dir='ltr' id='par_1_93' title="bbox 1925 4481 3515 4543">
     <span class='ocr_line' id='line_1_93' title="bbox 1925 4481 3515 4543; baseline -0.003 -1"><span class='ocrx_word' id='word_1_700' title='bbox 1925 4504 1994 4543; x_wconf 83' lang='lat' dir='ltr'>ex</span> <span class='ocrx_word' id='word_1_701' title='bbox 2042 4486 2149 4542; x_wconf 87' lang='lat' dir='ltr'>ﬁde</span> <span class='ocrx_word' id='word_1_702' title='bbox 2186 4496 2365 4543; x_wconf 91' lang='lat' dir='ltr'>autem</span> <span class='ocrx_word' id='word_1_703' title='bbox 2410 4484 2616 4542; x_wconf 89' lang='lat' dir='ltr'>Christi</span> <span class='ocrx_word' id='word_1_704' title='bbox 2655 4484 2771 4540; x_wconf 84' lang='lat' dir='ltr'>fore</span> <span class='ocrx_word' id='word_1_705' title='bbox 2812 4483 3054 4542; x_wconf 89' lang='lat' dir='ltr'>creditur</span> <span class='ocrx_word' id='word_1_706' title='bbox 3083 4481 3412 4540; x_wconf 88' lang='lat' dir='ltr'>immortale.</span> <span class='ocrx_word' id='word_1_707' title='bbox 3444 4483 3515 4538; x_wconf 89' lang='lat' dir='ltr'>Ut</span> 
     </span>
    </p>
   </div>
   <div class='ocr_carea' id='block_1_94' title="bbox 1928 4570 3512 4647">
    <p class='ocr_par' dir='ltr' id='par_1_94' title="bbox 1928 4570 3512 4647">
     <span class='ocr_line' id='line_1_94' title="bbox 1928 4570 3512 4647; baseline -0.004 -14"><span class='ocrx_word' id='word_1_708' title='bbox 1928 4586 2108 4633; x_wconf 89' lang='lat' dir='ltr'>autem</span> <span class='ocrx_word' id='word_1_709' title='bbox 2160 4577 2227 4632; x_wconf 89' lang='lat' dir='ltr'>ad</span> <span class='ocrx_word' id='word_1_710' title='bbox 2278 4574 2696 4647; x_wconf 89' lang='lat' dir='ltr'>promissionem</span> <span class='ocrx_word' id='word_1_711' title='bbox 2736 4573 2879 4629; x_wconf 90' lang='lat' dir='ltr'>hanc</span> <span class='ocrx_word' id='word_1_712' title='bbox 2928 4573 3199 4641; x_wconf 89' lang='lat' dir='ltr'>veniatur,</span> <span class='ocrx_word' id='word_1_713' title='bbox 3246 4587 3357 4627; x_wconf 89' lang='lat' dir='ltr'>non</span> <span class='ocrx_word' id='word_1_714' title='bbox 3386 4570 3512 4627; x_wconf 87' lang='lat' dir='ltr'>ohe-</span> 
     </span>
    </p>
   </div>
   <div class='ocr_carea' id='block_1_95' title="bbox 208 4627 3512 4736">
    <p class='ocr_par' dir='ltr' id='par_1_95' title="bbox 208 4627 3512 4736">
     <span class='ocr_line' id='line_1_95' title="bbox 208 4627 3199 4647; baseline -0.002 -1"><span class='ocrx_word' id='word_1_715' title='bbox 208 4627 388 4636; x_wconf 71' lang='grc' dir='ltr'><strong><em>---ν---</em></strong></span> <span class='ocrx_word' id='word_1_716' title='bbox 442 4627 669 4632; x_wconf 87' lang='grc'><strong><em>-</em></strong></span> <span class='ocrx_word' id='word_1_717' title='bbox 790 4627 831 4629; x_wconf 55' lang='grc' dir='ltr'>η</span> <span class='ocrx_word' id='word_1_718' title='bbox 1055 4627 1073 4644; x_wconf 72' lang='grc' dir='ltr'><strong><em>ι</em></strong></span> <span class='ocrx_word' id='word_1_719' title='bbox 1160 4627 1163 4628; x_wconf 50' lang='grc' dir='ltr'><em>ν</em></span> <span class='ocrx_word' id='word_1_720' title='bbox 1227 4627 1235 4629; x_wconf 64' lang='lat'>~</span> <span class='ocrx_word' id='word_1_721' title='bbox 1695 4627 1709 4641; x_wconf 72' lang='grc' dir='ltr'><em>ι</em></span> <span class='ocrx_word' id='word_1_722' title='bbox 1759 4627 1765 4628; x_wconf 39' lang='grc' dir='ltr'><em>γ</em></span> <span class='ocrx_word' id='word_1_723' title='bbox 1929 4627 2108 4633; x_wconf 62' lang='grc' dir='ltr'><strong><em>η-υ-</em></strong></span> <span class='ocrx_word' id='word_1_724' title='bbox 2162 4627 2227 4632; x_wconf 65' lang='grc' dir='ltr'>π-</span> 
     </span>
     <span class='ocr_line' id='line_1_96' title="bbox 208 4627 3512 4736; baseline -0.002 -13"><span class='ocrx_word' id='word_1_725' title='bbox 208 4668 370 4722; x_wconf 89' lang='lat' dir='ltr'>miles</span> <span class='ocrx_word' id='word_1_726' title='bbox 402 4668 457 4722; x_wconf 91' lang='lat' dir='ltr'>ei</span> <span class='ocrx_word' id='word_1_727' title='bbox 489 4666 695 4722; x_wconf 90' lang='lat' dir='ltr'>erimus</span> <span class='ocrx_word' id='word_1_728' title='bbox 729 4663 785 4736; x_wconf 94' lang='grc' dir='ltr'>(Ι</span> <span class='ocrx_word' id='word_1_729' title='bbox 811 4664 971 4718; x_wconf 83' lang='lat' dir='ltr'>Joan.</span> <span class='ocrx_word' id='word_1_730' title='bbox 1006 4680 1085 4730; x_wconf 88' lang='lat' dir='ltr'>III,</span> <span class='ocrx_word' id='word_1_731' title='bbox 1120 4661 1199 4733; x_wconf 72' lang='lat'>2),</span> <span class='ocrx_word' id='word_1_732' title='bbox 1230 4689 1255 4725; x_wconf 53' lang='grc' dir='ltr'>ι,</span> <span class='ocrx_word' id='word_1_733' title='bbox 1288 4662 1389 4717; x_wconf 92' lang='lat' dir='ltr'>hoc</span> <span class='ocrx_word' id='word_1_734' title='bbox 1409 4672 1510 4729; x_wconf 90' lang='lat' dir='ltr'>est,</span> <span class='ocrx_word' id='word_1_735' title='bbox 1541 4663 1816 4717; x_wconf 82' lang='lat' dir='ltr'>immorta-</span> <span class='ocrx_word' id='word_1_736' title='bbox 1848 4627 1898 4686; x_wconf 84' lang='lat' dir='ltr'><strong>D</strong></span> <span class='ocrx_word' id='word_1_737' title='bbox 1928 4667 2190 4724; x_wconf 81' lang='lat' dir='ltr'>diendum</span> <span class='ocrx_word' id='word_1_738' title='bbox 2220 4664 2352 4722; x_wconf 90' lang='lat' dir='ltr'>dicit</span> <span class='ocrx_word' id='word_1_739' title='bbox 2379 4670 2618 4736; x_wconf 89' lang='lat' dir='ltr'>peccato,</span> <span class='ocrx_word' id='word_1_740' title='bbox 2661 4680 2728 4719; x_wconf 89' lang='lat' dir='ltr'>ne</span> <span class='ocrx_word' id='word_1_741' title='bbox 2771 4670 2957 4735; x_wconf 85' lang='lat' dir='ltr'>regnet</span> <span class='ocrx_word' id='word_1_742' title='bbox 2987 4663 3045 4718; x_wconf 91' lang='lat' dir='ltr'>in</span> <span class='ocrx_word' id='word_1_743' title='bbox 3076 4670 3264 4718; x_wconf 85' lang='lat' dir='ltr'>nostro</span> <span class='ocrx_word' id='word_1_744' title='bbox 3293 4657 3512 4715; x_wconf 79' lang='lat' dir='ltr'>mortali</span> 
     </span>
    </p>
   </div>
   <div class='ocr_carea' id='block_1_96' title="bbox 207 4750 1819 4826">
    <p class='ocr_par' dir='ltr' id='par_1_96' title="bbox 207 4750 1819 4826">
     <span class='ocr_line' id='line_1_97' title="bbox 207 4750 1819 4826; baseline -0.003 -15"><span class='ocrx_word' id='word_1_745' title='bbox 207 4756 314 4812; x_wconf 91' lang='lat' dir='ltr'>lem</span> <span class='ocrx_word' id='word_1_746' title='bbox 369 4764 427 4811; x_wconf 91' lang='lat' dir='ltr'>et</span> <span class='ocrx_word' id='word_1_747' title='bbox 492 4754 791 4826; x_wconf 84' lang='lat' dir='ltr'>gloriosum</span> <span class='ocrx_word' id='word_1_748' title='bbox 848 4768 1146 4822; x_wconf 84' lang='lat' dir='ltr'>resurgere.</span> <span class='ocrx_word' id='word_1_749' title='bbox 1202 4751 1311 4805; x_wconf 74' lang='lat' dir='ltr'>Nec</span> <span class='ocrx_word' id='word_1_750' title='bbox 1364 4750 1509 4805; x_wconf 90' lang='lat' dir='ltr'>enim</span> <span class='ocrx_word' id='word_1_751' title='bbox 1558 4750 1674 4806; x_wconf 69' lang='lat' dir='ltr'>haec</span> <span class='ocrx_word' id='word_1_752' title='bbox 1715 4751 1819 4806; x_wconf 89' lang='lat' dir='ltr'>erit</span> 
     </span>
    </p>
   </div>
   <div class='ocr_carea' id='block_1_97' title="bbox 208 4840 1819 4914">
    <p class='ocr_par' dir='ltr' id='par_1_97' title="bbox 208 4840 1819 4914">
     <span class='ocr_line' id='line_1_98' title="bbox 208 4840 1819 4914; baseline -0.004 -14"><span class='ocrx_word' id='word_1_753' title='bbox 208 4844 559 4912; x_wconf 89' lang='lat' dir='ltr'>similitudo,</span> <span class='ocrx_word' id='word_1_754' title='bbox 591 4852 653 4899; x_wconf 90' lang='lat' dir='ltr'>ut</span> <span class='ocrx_word' id='word_1_755' title='bbox 684 4842 827 4897; x_wconf 90' lang='lat' dir='ltr'>nihil</span> <span class='ocrx_word' id='word_1_756' title='bbox 858 4842 1044 4908; x_wconf 90' lang='lat' dir='ltr'>distet,</span> <span class='ocrx_word' id='word_1_757' title='bbox 1078 4841 1208 4914; x_wconf 91' lang='lat' dir='ltr'>quia</span> <span class='ocrx_word' id='word_1_758' title='bbox 1237 4840 1435 4896; x_wconf 89' lang='lat' dir='ltr'>similis</span> <span class='ocrx_word' id='word_1_759' title='bbox 1463 4840 1567 4896; x_wconf 92' lang='lat' dir='ltr'>erit</span> <span class='ocrx_word' id='word_1_760' title='bbox 1596 4840 1654 4894; x_wconf 92' lang='lat' dir='ltr'>in</span> <span class='ocrx_word' id='word_1_761' title='bbox 1687 4856 1819 4895; x_wconf 90' lang='lat' dir='ltr'>cor-</span> 
     </span>
    </p>
   </div>
   <div class='ocr_carea' id='block_1_98' title="bbox 209 4930 1404 5006">
    <p class='ocr_par' dir='ltr' id='par_1_98' title="bbox 209 4930 1404 5006">
     <span class='ocr_line' id='line_1_99' title="bbox 209 4930 1404 5006; baseline -0.003 -17"><span class='ocrx_word' id='word_1_762' title='bbox 209 4934 362 5006; x_wconf 89' lang='lat' dir='ltr'>poris</span> <span class='ocrx_word' id='word_1_763' title='bbox 399 4931 602 5004; x_wconf 80' lang='lat' dir='ltr'>gloria,</span> <span class='ocrx_word' id='word_1_764' title='bbox 634 4948 744 4987; x_wconf 89' lang='lat' dir='ltr'>non</span> <span class='ocrx_word' id='word_1_765' title='bbox 778 4931 833 4986; x_wconf 92' lang='lat' dir='ltr'>in</span> <span class='ocrx_word' id='word_1_766' title='bbox 858 4930 1167 4986; x_wconf 87' lang='lat' dir='ltr'>divinitatis</span> <span class='ocrx_word' id='word_1_767' title='bbox 1192 4940 1404 4985; x_wconf 86' lang='lat' dir='ltr'>natura.</span> 
     </span>
    </p>
   </div>
   <div class='ocr_carea' id='block_1_99' title="bbox 283 5018 1820 5095">
    <p class='ocr_par' dir='ltr' id='par_1_99' title="bbox 283 5018 1820 5095">
     <span class='ocr_line' id='line_1_100' title="bbox 283 5018 1820 5095; baseline -0.004 -16"><span class='ocrx_word' id='word_1_768' title='bbox 283 5025 480 5095; x_wconf 76' lang='lat' dir='ltr'>(Vers.</span> <span class='ocrx_word' id='word_1_769' title='bbox 525 5021 559 5076; x_wconf 87' lang='lat'>6</span> <span class='ocrx_word' id='word_1_770' title='bbox 597 5032 650 5077; x_wconf 93' lang='lat' dir='ltr'>et</span> <span class='ocrx_word' id='word_1_771' title='bbox 697 5022 775 5091; x_wconf 89' lang='lat'>7.)</span> <span class='ocrx_word' id='word_1_772' title='bbox 835 5045 853 5067; x_wconf 75' lang='grc' dir='ltr'>ι</span> <span class='ocrx_word' id='word_1_773' title='bbox 885 5020 1127 5075; x_wconf 89' lang='lat' dir='ltr'>Scientes</span> <span class='ocrx_word' id='word_1_774' title='bbox 1159 5020 1263 5077; x_wconf 90' lang='lat' dir='ltr'>hoc</span> <span class='ocrx_word' id='word_1_775' title='bbox 1301 5020 1429 5092; x_wconf 88' lang='lat' dir='ltr'>quia</span> <span class='ocrx_word' id='word_1_776' title='bbox 1469 5029 1625 5076; x_wconf 88' lang='lat' dir='ltr'>vetus</span> <span class='ocrx_word' id='word_1_777' title='bbox 1654 5018 1820 5074; x_wconf 91' lang='lat' dir='ltr'>homo</span> 
     </span>
    </p>
   </div>
   <div class='ocr_carea' id='block_1_100' title="bbox 212 5108 1821 5181">
    <p class='ocr_par' dir='ltr' id='par_1_100' title="bbox 212 5108 1821 5181">
     <span class='ocr_line' id='line_1_101' title="bbox 212 5108 1821 5181; baseline -0.003 -13"><span class='ocrx_word' id='word_1_778' title='bbox 212 5122 401 5168; x_wconf 90' lang='lat' dir='ltr'>noster</span> <span class='ocrx_word' id='word_1_779' title='bbox 454 5111 624 5166; x_wconf 89' lang='lat' dir='ltr'>simul</span> <span class='ocrx_word' id='word_1_780' title='bbox 675 5108 976 5167; x_wconf 85' lang='lat' dir='ltr'>cruciﬁxus</span> <span class='ocrx_word' id='word_1_781' title='bbox 1014 5118 1115 5177; x_wconf 91' lang='lat' dir='ltr'>est,</span> <span class='ocrx_word' id='word_1_782' title='bbox 1163 5118 1224 5164; x_wconf 91' lang='lat' dir='ltr'>ut</span> <span class='ocrx_word' id='word_1_783' title='bbox 1266 5110 1578 5166; x_wconf 88' lang='lat' dir='ltr'>destruatur</span> <span class='ocrx_word' id='word_1_784' title='bbox 1625 5125 1821 5181; x_wconf 90' lang='lat' dir='ltr'>corpus</span> 
     </span>
    </p>
   </div>
   <div class='ocr_carea' id='block_1_101' title="bbox 214 5202 1823 5276">
    <p class='ocr_par' dir='ltr' id='par_1_101' title="bbox 214 5202 1823 5276">
     <span class='ocr_line' id='line_1_102' title="bbox 214 5202 1823 5276; baseline -0.004 -14"><span class='ocrx_word' id='word_1_785' title='bbox 214 5204 451 5276; x_wconf 82' lang='lat' dir='ltr'>peccati,</span> <span class='ocrx_word' id='word_1_786' title='bbox 505 5212 569 5259; x_wconf 90' lang='lat' dir='ltr'>ut</span> <span class='ocrx_word' id='word_1_787' title='bbox 615 5204 760 5258; x_wconf 87' lang='lat' dir='ltr'>ultra</span> <span class='ocrx_word' id='word_1_788' title='bbox 807 5218 918 5257; x_wconf 91' lang='lat' dir='ltr'>non</span> <span class='ocrx_word' id='word_1_789' title='bbox 964 5202 1266 5257; x_wconf 87' lang='lat' dir='ltr'>serviamus</span> <span class='ocrx_word' id='word_1_790' title='bbox 1312 5212 1549 5274; x_wconf 89' lang='lat' dir='ltr'>peccato.</span> <span class='ocrx_word' id='word_1_791' title='bbox 1584 5228 1601 5249; x_wconf 80' lang='grc' dir='ltr'>ι</span> <span class='ocrx_word' id='word_1_792' title='bbox 1652 5203 1823 5259; x_wconf 86' lang='lat' dir='ltr'>Multa</span> 
     </span>
    </p>
   </div>
   <div class='ocr_carea' id='block_1_102' title="bbox 214 5290 1821 5363">
    <p class='ocr_par' dir='ltr' id='par_1_102' title="bbox 214 5290 1821 5363">
     <span class='ocr_line' id='line_1_103' title="bbox 214 5290 1821 5363; baseline -0.002 -15"><span class='ocrx_word' id='word_1_793' title='bbox 214 5292 455 5349; x_wconf 88' lang='lat' dir='ltr'>innectit</span> <span class='ocrx_word' id='word_1_794' title='bbox 515 5300 569 5347; x_wconf 90' lang='lat' dir='ltr'>et</span> <span class='ocrx_word' id='word_1_795' title='bbox 622 5292 802 5359; x_wconf 89' lang='lat' dir='ltr'>iterat,</span> <span class='ocrx_word' id='word_1_796' title='bbox 858 5300 920 5347; x_wconf 92' lang='lat' dir='ltr'>ut</span> <span class='ocrx_word' id='word_1_797' title='bbox 971 5291 1273 5363; x_wconf 87' lang='lat' dir='ltr'>baptizatos</span> <span class='ocrx_word' id='word_1_798' title='bbox 1330 5291 1519 5349; x_wconf 87' lang='lat' dir='ltr'>doceat</span> <span class='ocrx_word' id='word_1_799' title='bbox 1551 5290 1664 5363; x_wconf 88' lang='lat' dir='ltr'>jam</span> <span class='ocrx_word' id='word_1_800' title='bbox 1711 5307 1821 5346; x_wconf 90' lang='lat' dir='ltr'>non</span> 
     </span>
    </p>
   </div>
   <div class='ocr_carea' id='block_1_103' title="bbox 292 5497 1825 5576">
    <p class='ocr_par' dir='ltr' id='par_1_103' title="bbox 292 5497 1825 5576">
     <span class='ocr_line' id='line_1_104' title="bbox 292 5497 1825 5576; baseline -0.006 -15"><span class='ocrx_word' id='word_1_801' title='bbox 292 5503 412 5576; x_wconf 72' lang='grc'>(46)</span> <span class='ocrx_word' id='word_1_802' title='bbox 456 5502 697 5576; x_wconf 82' lang='lat' dir='ltr'>Quidam</span> <span class='ocrx_word' id='word_1_803' title='bbox 723 5516 894 5576; x_wconf 76' lang='lat' dir='ltr'>_mss._,</span> <span class='ocrx_word' id='word_1_804' title='bbox 932 5517 1103 5576; x_wconf 55' lang='lat' dir='ltr'>novus</span> <span class='ocrx_word' id='word_1_805' title='bbox 1146 5502 1295 5555; x_wconf 83' lang='lat' dir='ltr'>homo</span> <span class='ocrx_word' id='word_1_806' title='bbox 1322 5518 1416 5571; x_wconf 78' lang='lat' dir='ltr'>per</span> <span class='ocrx_word' id='word_1_807' title='bbox 1448 5499 1737 5576; x_wconf 74' lang='lat' dir='ltr'>Christum,</span> <span class='ocrx_word' id='word_1_808' title='bbox 1768 5497 1825 5552; x_wconf 76' lang='lat' dir='ltr'>id</span> 
     </span>
    </p>
   </div>
   <div class='ocr_carea' id='block_1_104' title="bbox 219 5573 1823 5645">
    <p class='ocr_par' dir='ltr' id='par_1_104' title="bbox 219 5573 1823 5645">
     <span class='ocr_line' id='line_1_105' title="bbox 219 5573 1823 5645; baseline -0.005 -15"><span class='ocrx_word' id='word_1_809' title='bbox 219 5573 311 5641; x_wconf 78' lang='lat' dir='ltr'>est,</span> <span class='ocrx_word' id='word_1_810' title='bbox 364 5573 464 5645; x_wconf 79' lang='lat' dir='ltr'>qui</span> <span class='ocrx_word' id='word_1_811' title='bbox 511 5573 621 5643; x_wconf 64' lang='lat' dir='ltr'>eius</span> <span class='ocrx_word' id='word_1_812' title='bbox 663 5574 815 5643; x_wconf 79' lang='lat' dir='ltr'>ﬁdem</span> <span class='ocrx_word' id='word_1_813' title='bbox 857 5573 1026 5637; x_wconf 78' lang='lat' dir='ltr'>habet,</span> <span class='ocrx_word' id='word_1_814' title='bbox 1068 5589 1364 5644; x_wconf 80' lang='lat' dir='ltr'>puramque</span> <span class='ocrx_word' id='word_1_815' title='bbox 1410 5573 1571 5626; x_wconf 78' lang='lat' dir='ltr'>vitam</span> <span class='ocrx_word' id='word_1_816' title='bbox 1605 5576 1823 5637; x_wconf 70' lang='lat' dir='ltr'>exercet,</span> 
     </span>
    </p>
   </div>
   <div class='ocr_carea' id='block_1_105' title="bbox 218 5646 780 5709">
    <p class='ocr_par' dir='ltr' id='par_1_105' title="bbox 218 5646 780 5709">
     <span class='ocr_line' id='line_1_106' title="bbox 218 5646 780 5709; baseline -0.005 -7"><span class='ocrx_word' id='word_1_817' title='bbox 218 5665 388 5702; x_wconf 72' lang='lat' dir='ltr'>nouus</span> <span class='ocrx_word' id='word_1_818' title='bbox 420 5646 646 5709; x_wconf 78' lang='lat' dir='ltr'>dicitur,</span> <span class='ocrx_word' id='word_1_819' title='bbox 677 5652 780 5700; x_wconf 86' lang='lat' dir='ltr'>etc.</span> 
     </span>
    </p>
   </div>
   <div class='ocr_carea' id='block_1_106' title="bbox 293 5712 1827 5792">
    <p class='ocr_par' dir='ltr' id='par_1_106' title="bbox 293 5712 1827 5792">
     <span class='ocr_line' id='line_1_107' title="bbox 293 5712 1827 5792; baseline -0.005 -18"><span class='ocrx_word' id='word_1_820' title='bbox 293 5718 414 5792; x_wconf 74' lang='grc'>(47)</span> <span class='ocrx_word' id='word_1_821' title='bbox 450 5718 581 5772; x_wconf 83' lang='lat' dir='ltr'>Mss.</span> <span class='ocrx_word' id='word_1_822' title='bbox 616 5715 844 5788; x_wconf 86' lang='lat' dir='ltr'>aliquot,</span> <span class='ocrx_word' id='word_1_823' title='bbox 877 5734 992 5788; x_wconf 77' lang='lat' dir='ltr'>qum</span> <span class='ocrx_word' id='word_1_824' title='bbox 1013 5722 1221 5773; x_wconf 71' lang='lat' dir='ltr'>nzanent</span> <span class='ocrx_word' id='word_1_825' title='bbox 1250 5716 1300 5771; x_wconf 79' lang='lat' dir='ltr'>in</span> <span class='ocrx_word' id='word_1_826' title='bbox 1335 5734 1393 5772; x_wconf 73' lang='lat' dir='ltr'>ea</span> <span class='ocrx_word' id='word_1_827' title='bbox 1414 5734 1432 5780; x_wconf 90' lang='lat'><strong><em>;</em></strong></span> <span class='ocrx_word' id='word_1_828' title='bbox 1456 5721 1662 5786; x_wconf 83' lang='lat' dir='ltr'>peccato</span> <span class='ocrx_word' id='word_1_829' title='bbox 1690 5712 1827 5769; x_wconf 76' lang='lat' dir='ltr'>enim</span> 
     </span>
    </p>
   </div>
   <div class='ocr_carea' id='block_1_107' title="bbox 221 5794 635 5858">
    <p class='ocr_par' dir='ltr' id='par_1_107' title="bbox 221 5794 635 5858">
     <span class='ocr_line' id='line_1_108' title="bbox 221 5794 635 5858; baseline -0.007 -12"><span class='ocrx_word' id='word_1_830' title='bbox 221 5797 503 5858; x_wconf 82' lang='lat' dir='ltr'>creantur,</span> <span class='ocrx_word' id='word_1_831' title='bbox 533 5794 635 5844; x_wconf 90' lang='lat' dir='ltr'>etc.</span> 
     </span>
    </p>
   </div>
   <div class='ocr_carea' id='block_1_108' title="bbox 405 5876 877 5948">
    <p class='ocr_par' dir='ltr' id='par_1_108' title="bbox 405 5876 877 5948">
     <span class='ocr_line' id='line_1_109' title="bbox 405 5876 877 5948; baseline 0.002 -1"><span class='ocrx_word' id='word_1_832' title='bbox 405 5888 657 5947; x_wconf 66' lang='lat' dir='ltr'>Parnm.</span> <span class='ocrx_word' id='word_1_833' title='bbox 698 5876 877 5948; x_wconf 78' lang='lat' dir='ltr'>XVII.</span> 
     </span>
    </p>
   </div>
   <div class='ocr_carea' id='block_1_109' title="bbox 1924 4747 3513 4829">
    <p class='ocr_par' dir='ltr' id='par_1_109' title="bbox 1924 4747 3513 4829">
     <span class='ocr_line' id='line_1_110' title="bbox 1924 4747 3513 4829; baseline -0.007 -16"><span class='ocrx_word' id='word_1_834' title='bbox 1924 4772 2187 4829; x_wconf 87' lang='lat' dir='ltr'>corpore:</span> <span class='ocrx_word' id='word_1_835' title='bbox 2245 4761 2434 4826; x_wconf 84' lang='lat' dir='ltr'>regnat</span> <span class='ocrx_word' id='word_1_836' title='bbox 2494 4762 2677 4810; x_wconf 91' lang='lat' dir='ltr'>autem</span> <span class='ocrx_word' id='word_1_837' title='bbox 2725 4751 2858 4807; x_wconf 91' lang='lat' dir='ltr'>dum</span> <span class='ocrx_word' id='word_1_838' title='bbox 2913 4750 3162 4822; x_wconf 85' lang='lat' dir='ltr'>imperat.</span> <span class='ocrx_word' id='word_1_839' title='bbox 3221 4747 3279 4803; x_wconf 91' lang='lat' dir='ltr'>Si</span> <span class='ocrx_word' id='word_1_840' title='bbox 3328 4754 3513 4803; x_wconf 88' lang='lat' dir='ltr'>autem</span> 
     </span>
    </p>
   </div>
   <div class='ocr_carea' id='block_1_110' title="bbox 1927 4836 3513 4917">
    <p class='ocr_par' dir='ltr' id='par_1_110' title="bbox 1927 4836 3513 4917">
     <span class='ocr_line' id='line_1_111' title="bbox 1927 4836 3513 4917; baseline -0.005 -16"><span class='ocrx_word' id='word_1_841' title='bbox 1927 4862 2038 4901; x_wconf 91' lang='lat' dir='ltr'>non</span> <span class='ocrx_word' id='word_1_842' title='bbox 2068 4852 2282 4917; x_wconf 85' lang='lat' dir='ltr'>regnat,</span> <span class='ocrx_word' id='word_1_843' title='bbox 2309 4860 2421 4899; x_wconf 90' lang='lat' dir='ltr'>non</span> <span class='ocrx_word' id='word_1_844' title='bbox 2452 4842 2735 4898; x_wconf 88' lang='lat' dir='ltr'>videbitur</span> <span class='ocrx_word' id='word_1_845' title='bbox 2764 4855 2961 4911; x_wconf 89' lang='lat' dir='ltr'>corpus</span> <span class='ocrx_word' id='word_1_846' title='bbox 2989 4837 3095 4893; x_wconf 90' lang='lat' dir='ltr'>hoc</span> <span class='ocrx_word' id='word_1_847' title='bbox 3117 4851 3233 4892; x_wconf 81' lang='lat' dir='ltr'>esse</span> <span class='ocrx_word' id='word_1_848' title='bbox 3262 4836 3513 4906; x_wconf 86' lang='lat' dir='ltr'>mortale,</span> 
     </span>
    </p>
   </div>
   <div class='ocr_carea' id='block_1_111' title="bbox 1928 4925 3515 5007">
    <p class='ocr_par' dir='ltr' id='par_1_111' title="bbox 1928 4925 3515 5007">
     <span class='ocr_line' id='line_1_112' title="bbox 1928 4925 3515 5007; baseline -0.004 -17"><span class='ocrx_word' id='word_1_849' title='bbox 1928 4936 2057 5007; x_wconf 90' lang='lat' dir='ltr'>quia</span> <span class='ocrx_word' id='word_1_850' title='bbox 2100 4935 2157 4989; x_wconf 91' lang='lat' dir='ltr'>in</span> <span class='ocrx_word' id='word_1_851' title='bbox 2202 4950 2295 5005; x_wconf 90' lang='lat' dir='ltr'>spe</span> <span class='ocrx_word' id='word_1_852' title='bbox 2344 4930 2665 4989; x_wconf 69' lang='lat' dir='ltr'>aeternitatis</span> <span class='ocrx_word' id='word_1_853' title='bbox 2710 4935 2808 4983; x_wconf 92' lang='lat' dir='ltr'>est.</span> <span class='ocrx_word' id='word_1_854' title='bbox 2862 4926 2983 5000; x_wconf 80' lang='lat' dir='ltr'>Nqn</span> <span class='ocrx_word' id='word_1_855' title='bbox 3034 4935 3254 4998; x_wconf 90' lang='lat' dir='ltr'>propter</span> <span class='ocrx_word' id='word_1_856' title='bbox 3282 4925 3515 4984; x_wconf 87' lang='lat' dir='ltr'>dissolu-</span> 
     </span>
    </p>
   </div>
   <div class='ocr_carea' id='block_1_112' title="bbox 1926 5014 3517 5089">
    <p class='ocr_par' dir='ltr' id='par_1_112' title="bbox 1926 5014 3517 5089">
     <span class='ocr_line' id='line_1_113' title="bbox 1926 5014 3517 5089; baseline -0.006 -11"><span class='ocrx_word' id='word_1_857' title='bbox 1926 5023 2133 5079; x_wconf 91' lang='lat' dir='ltr'>tionem</span> <span class='ocrx_word' id='word_1_858' title='bbox 2190 5022 2337 5076; x_wconf 86' lang='lat' dir='ltr'>dixit</span> <span class='ocrx_word' id='word_1_859' title='bbox 2406 5018 2637 5074; x_wconf 89' lang='lat' dir='ltr'>mortale</span> <span class='ocrx_word' id='word_1_860' title='bbox 2697 5031 2916 5086; x_wconf 88' lang='lat' dir='ltr'>corpus,</span> <span class='ocrx_word' id='word_1_861' title='bbox 2969 5014 3062 5070; x_wconf 89' lang='lat' dir='ltr'>sed</span> <span class='ocrx_word' id='word_1_862' title='bbox 3118 5022 3339 5087; x_wconf 90' lang='lat' dir='ltr'>propter</span> <span class='ocrx_word' id='word_1_863' title='bbox 3388 5032 3517 5089; x_wconf 73' lang='lat' dir='ltr'>pcn-</span> 
     </span>
    </p>
   </div>
   <div class='ocr_carea' id='block_1_113' title="bbox 1929 5093 3516 5183">
    <p class='ocr_par' dir='ltr' id='par_1_113' title="bbox 1929 5093 3516 5183">
     <span class='ocr_line' id='line_1_114' title="bbox 1929 5093 3516 5183; baseline -0.005 -15"><span class='ocrx_word' id='word_1_864' title='bbox 1929 5129 2056 5168; x_wconf 89' lang='lat' dir='ltr'>nam</span> <span class='ocrx_word' id='word_1_865' title='bbox 2115 5112 2396 5183; x_wconf 85' lang='lat' dir='ltr'>gehennae,</span> <span class='ocrx_word' id='word_1_866' title='bbox 2449 5093 2511 5163; x_wconf 50' lang='lat' dir='ltr'>ut</span> <span class='ocrx_word' id='word_1_867' title='bbox 2563 5107 2656 5162; x_wconf 93' lang='lat' dir='ltr'>ille</span> <span class='ocrx_word' id='word_1_868' title='bbox 2709 5105 2958 5162; x_wconf 89' lang='lat' dir='ltr'>mortalis</span> <span class='ocrx_word' id='word_1_869' title='bbox 3008 5104 3245 5175; x_wconf 91' lang='lat' dir='ltr'>dicatur,</span> <span class='ocrx_word' id='word_1_870' title='bbox 3307 5106 3403 5180; x_wconf 89' lang='lat' dir='ltr'>qui</span> <span class='ocrx_word' id='word_1_871' title='bbox 3456 5105 3516 5160; x_wconf 89' lang='lat' dir='ltr'>in</span> 
     </span>
    </p>
   </div>
   <div class='ocr_carea' id='block_1_114' title="bbox 1930 5192 3516 5272">
    <p class='ocr_par' dir='ltr' id='par_1_114' title="bbox 1930 5192 3516 5272">
     <span class='ocr_line' id='line_1_115' title="bbox 1930 5192 3516 5272; baseline -0.005 -16"><span class='ocrx_word' id='word_1_872' title='bbox 1930 5202 2233 5272; x_wconf 87' lang='lat' dir='ltr'>gehennam</span> <span class='ocrx_word' id='word_1_873' title='bbox 2286 5195 2589 5254; x_wconf 90' lang='lat' dir='ltr'>mittendus</span> <span class='ocrx_word' id='word_1_874' title='bbox 2645 5202 2764 5264; x_wconf 86' lang='lat' dir='ltr'>est;</span> <span class='ocrx_word' id='word_1_875' title='bbox 2810 5195 2940 5267; x_wconf 87' lang='lat' dir='ltr'>quia</span> <span class='ocrx_word' id='word_1_876' title='bbox 2984 5194 3080 5268; x_wconf 89' lang='lat' dir='ltr'>qui</span> <span class='ocrx_word' id='word_1_877' title='bbox 3124 5202 3346 5267; x_wconf 84' lang='lat' dir='ltr'>peccato</span> <span class='ocrx_word' id='word_1_878' title='bbox 3392 5192 3516 5249; x_wconf 90' lang='lat' dir='ltr'>obe-</span> 
     </span>
    </p>
   </div>
   <div class='ocr_carea' id='block_1_115' title="bbox 1930 5281 3516 5359">
    <p class='ocr_par' dir='ltr' id='par_1_115' title="bbox 1930 5281 3516 5359">
     <span class='ocr_line' id='line_1_116' title="bbox 1930 5281 3516 5359; baseline -0.005 -13"><span class='ocrx_word' id='word_1_879' title='bbox 1930 5289 2113 5359; x_wconf 88' lang='lat' dir='ltr'>diunt,</span> <span class='ocrx_word' id='word_1_880' title='bbox 2148 5296 2379 5345; x_wconf 90' lang='lat' dir='ltr'>mortem</span> <span class='ocrx_word' id='word_1_881' title='bbox 2408 5285 2703 5343; x_wconf 89' lang='lat' dir='ltr'>secundam</span> <span class='ocrx_word' id='word_1_882' title='bbox 2732 5284 2936 5341; x_wconf 87' lang='lat' dir='ltr'>inferni</span> <span class='ocrx_word' id='word_1_883' title='bbox 2967 5283 3084 5357; x_wconf 64' lang='lat'>(48)</span> <span class='ocrx_word' id='word_1_884' title='bbox 3118 5300 3229 5341; x_wconf 90' lang='lat' dir='ltr'>non</span> <span class='ocrx_word' id='word_1_885' title='bbox 3254 5281 3516 5351; x_wconf 87' lang='lat' dir='ltr'>evadunt,</span> 
     </span>
    </p>
   </div>
   <div class='ocr_carea' id='block_1_116' title="bbox 2007 5482 3522 5567">
    <p class='ocr_par' dir='ltr' id='par_1_116' title="bbox 2007 5482 3522 5567">
     <span class='ocr_line' id='line_1_117' title="bbox 2007 5482 3522 5567; baseline -0.005 -19"><span class='ocrx_word' id='word_1_886' title='bbox 2007 5492 2132 5567; x_wconf 54' lang='lat'>(1&amp;8)</span> <span class='ocrx_word' id='word_1_887' title='bbox 2177 5490 2317 5567; x_wconf 63' lang='lat' dir='ltr'>Vg_t._</span> <span class='ocrx_word' id='word_1_888' title='bbox 2348 5488 2481 5567; x_wconf 83' lang='lat' dir='ltr'>edit.</span> <span class='ocrx_word' id='word_1_889' title='bbox 2526 5502 2652 5545; x_wconf 88' lang='lat' dir='ltr'>cum</span> <span class='ocrx_word' id='word_1_890' title='bbox 2698 5505 2828 5567; x_wconf 66' lang='lat' dir='ltr'>mss.</span> <span class='ocrx_word' id='word_1_891' title='bbox 2876 5482 3243 5567; x_wconf 47' lang='lat' dir='ltr'>non‘paucis,</span> <span class='ocrx_word' id='word_1_892' title='bbox 3298 5489 3522 5541; x_wconf 81' lang='lat' dir='ltr'>mortem</span> 
     </span>
    </p>
   </div>
   <div class='ocr_carea' id='block_1_117' title="bbox 1932 5556 3522 5635">
    <p class='ocr_par' dir='ltr' id='par_1_117' title="bbox 1932 5556 3522 5635">
     <span class='ocr_line' id='line_1_118' title="bbox 1932 5556 3522 5635; baseline -0.004 -17"><span class='ocrx_word' id='word_1_893' title='bbox 1932 5556 2342 5635; x_wconf 52' lang='lat' dir='ltr'>infament.</span> <span class='ocrx_word' id='word_1_894' title='bbox 2384 5562 2441 5617; x_wconf 90' lang='lat' dir='ltr'>in</span> <span class='ocrx_word' id='word_1_895' title='bbox 2471 5576 2640 5631; x_wconf 84' lang='lat' dir='ltr'>marg.</span> <span class='ocrx_word' id='word_1_896' title='bbox 2674 5566 2728 5615; x_wconf 89' lang='lat' dir='ltr'>et</span> <span class='ocrx_word' id='word_1_897' title='bbox 2755 5561 2912 5635; x_wconf 81' lang='lat' dir='ltr'>Rom.</span> <span class='ocrx_word' id='word_1_898' title='bbox 2963 5556 3095 5613; x_wconf 89' lang='lat' dir='ltr'>edit.</span> <span class='ocrx_word' id='word_1_899' title='bbox 3128 5556 3186 5611; x_wconf 91' lang='lat' dir='ltr'>in</span> <span class='ocrx_word' id='word_1_900' title='bbox 3211 5571 3522 5635; x_wconf 26' lang='lat' dir='ltr'>corpucum</span> 
     </span>
    </p>
   </div>
   <div class='ocr_carea' id='block_1_118' title="bbox 1937 5626 3519 5701">
    <p class='ocr_par' dir='ltr' id='par_1_118' title="bbox 1937 5626 3519 5701">
     <span class='ocr_line' id='line_1_119' title="bbox 1937 5626 3519 5701; baseline -0.006 -9"><span class='ocrx_word' id='word_1_901' title='bbox 1937 5626 2064 5692; x_wconf 79' lang='lat' dir='ltr'>mss.</span> <span class='ocrx_word' id='word_1_902' title='bbox 2089 5626 2438 5701; x_wconf 86' lang='lat' dir='ltr'>quibusdam,</span> <span class='ocrx_word' id='word_1_903' title='bbox 2465 5626 2681 5687; x_wconf 65' lang='lat' dir='ltr'>mortem</span> <span class='ocrx_word' id='word_1_904' title='bbox 2700 5629 2977 5701; x_wconf 70' lang='lat' dir='ltr'>secundum</span> <span class='ocrx_word' id='word_1_905' title='bbox 3003 5646 3015 5695; x_wconf 92' lang='lat'><strong>;</strong></span> <span class='ocrx_word' id='word_1_906' title='bbox 3040 5643 3170 5683; x_wconf 87' lang='lat' dir='ltr'>mss.</span> <span class='ocrx_word' id='word_1_907' title='bbox 3199 5626 3334 5684; x_wconf 83' lang='lat' dir='ltr'>vero</span> <span class='ocrx_word' id='word_1_908' title='bbox 3359 5626 3519 5683; x_wconf 90' lang='lat' dir='ltr'>Gem.</span> 
     </span>
    </p>
   </div>
   <div class='ocr_carea' id='block_1_119' title="bbox 1935 5698 3525 5772">
    <p class='ocr_par' dir='ltr' id='par_1_119' title="bbox 1935 5698 3525 5772">
     <span class='ocr_line' id='line_1_120' title="bbox 1935 5698 3525 5772; baseline -0.008 -8"><span class='ocrx_word' id='word_1_909' title='bbox 1935 5708 2078 5764; x_wconf 89' lang='lat' dir='ltr'>Prat.</span> <span class='ocrx_word' id='word_1_910' title='bbox 2103 5698 2277 5762; x_wconf 82' lang='lat' dir='ltr'>Mich.</span> <span class='ocrx_word' id='word_1_911' title='bbox 2310 5698 2454 5762; x_wconf 83' lang='lat' dir='ltr'>Vall.</span> <span class='ocrx_word' id='word_1_912' title='bbox 2488 5703 2703 5760; x_wconf 89' lang='lat' dir='ltr'>Thuan.</span> <span class='ocrx_word' id='word_1_913' title='bbox 2733 5710 2786 5757; x_wconf 92' lang='lat' dir='ltr'>et</span> <span class='ocrx_word' id='word_1_914' title='bbox 2814 5698 3049 5772; x_wconf 67' lang='lat' dir='ltr'>Remig,</span> <span class='ocrx_word' id='word_1_915' title='bbox 3082 5705 3301 5756; x_wconf 81' lang='lat' dir='ltr'>mortem</span> <span class='ocrx_word' id='word_1_916' title='bbox 3330 5714 3525 5754; x_wconf 80' lang='lat' dir='ltr'>secun-</span> 
     </span>
    </p>
   </div>
   <div class='ocr_carea' id='block_1_120' title="bbox 1934 5776 2305 5851">
    <p class='ocr_par' dir='ltr' id='par_1_120' title="bbox 1934 5776 2305 5851">
     <span class='ocr_line' id='line_1_121' title="bbox 1934 5776 2305 5851; baseline -0.003 -14"><span class='ocrx_word' id='word_1_917' title='bbox 1934 5780 2059 5837; x_wconf 87' lang='lat' dir='ltr'>dam</span> <span class='ocrx_word' id='word_1_918' title='bbox 2086 5776 2305 5851; x_wconf 73' lang='lat' dir='ltr'>inferni.</span> 
     </span>
    </p>
   </div>
  </div>
