3980 6380
519 411 621 468 107

1555 408 1650 462 AD
1691 405 1926 463 OPEBA
1964 405 2020 461 S.
2062 401 2396 462 AMBROSII
2435 401 2812 460 APPENDIX.

3719 393 3825 455 108

515 557 548 596 a
576 555 684 612 qua
733 539 984 597 Salvator
1025 537 1085 592 in
1133 553 1190 594 se
1233 535 1517 594 credentes
1561 536 1838 592 liberavit.
1880 535 2108 592 Mortale
2143 536 2194 596 A
2222 535 2294 591 iis
2335 535 2484 590 enim
2533 535 2874 602 dominatur,
2921 533 3017 606 qui
3063 539 3310 606 peccant.
3371 532 3492 588 Non
3549 533 3700 588 enim
3749 533 3824 588 ita

514 645 642 703 ergo
688 629 878 685 dicens
925 645 1143 701 corpus,
1191 636 1369 685 totum
1415 626 1695 683 hominem
1750 625 2104 698 signiﬁcavit,

515 717 646 792 quia
701 719 796 791 qui
854 717 1120 774 obediunt
1175 723 1417 788 peccato,
1478 716 1735 772 mortales
1793 715 2105 772 dicuntur:

527 832 552 857 α
580 809 781 864 Anima
823 808 992 874 enim,
1044 805 1244 877 inquit,
1279 823 1397 878 quas
1435 813 1640 877 peccat,
1690 805 1807 876 ipsa
1845 805 2111 861 morietur

517 899 734 970 (Ezech.
767 913 928 962 xvm,
958 895 1039 964 4),
1068 919 1086 942 ι
1133 894 1188 949 id
1218 902 1320 963 est,
1353 903 1502 950 totus
1531 894 1698 950 homo
1724 913 1736 962 ;
1769 910 1932 950 nemo
1961 895 2108 950 enim

512 985 632 1042 sine
661 1000 886 1056 corpore
900 983 1243 1054 judicabitur
1275 983 1414 1055 (49).

586 1074 768 1146 (Vers.
831 1071 944 1142 13.)
1019 1097 1036 1120 ι
1091 1071 1197 1127 Sed
1259 1089 1437 1144 neque
1494 1072 1804 1129 exhibeatis
1868 1071 2114 1129 membra

514 1170 696 1218 vestra
724 1178 875 1217 arma
894 1161 1207 1233 iniquitatis
1229 1170 1469 1233 peccato.
1491 1188 1508 1210 ι
1554 1162 1808 1218 Ostendit
1829 1162 2110 1218 diabolum

513 1252 720 1308 nostris
764 1269 865 1308 nos
908 1251 1109 1323 jaculis
1147 1252 1503 1325 impugnare;
1537 1254 1750 1310 occasio
1779 1254 1923 1309 enim
1953 1253 2112 1309 datur

515 1341 600 1398 illi
639 1358 735 1412 per
778 1348 965 1396 nostra
1003 1349 1245 1413 peccata,
1277 1351 1339 1397 ut
1382 1342 1662 1398 deserente
1701 1359 1801 1398 nos
1831 1344 1964 1411 Deo,
2013 1359 2113 1399 ac-

516 1436 672 1501 cepta
701 1437 967 1500 potestate
997 1428 1195 1484 illudat
1224 1438 1278 1485 et
1308 1432 1605 1488 mortificet
1635 1449 1754 1488 nos.
1788 1431 1916 1488 Ideo
1946 1448 2110 1486 mem-

514 1518 616 1574 bra
643 1525 829 1574 nostra
869 1518 937 1574 ab
968 1518 1120 1573 omni
1161 1534 1322 1590 Opere
1360 1519 1667 1592 iniquitatis
1697 1521 1979 1577 continere
2007 1520 2113 1576 de-

514 1607 730 1676 bemus,
778 1615 840 1663 ut
869 1607 1130 1664 inimicus
1171 1617 1357 1664 noster
1390 1610 1616 1665 inermis
1645 1612 1903 1665 inventus
1944 1609 2110 1680 subji-

513 1697 711 1757 ciatur.
752 1700 825 1753 Et
855 1714 967 1753 non
997 1698 1180 1755 dixit:
1221 1699 1498 1756 Exhibete
1529 1717 1756 1772 corpora
1786 1708 1983 1767 vestra,
2017 1700 2110 1756 sed

528 1811 547 1835 ι
573 1787 820 1843 membra
841 1796 1058 1852 vestra;
1094 1811 1111 1834 ι
1129 1787 1388 1844 membris
1413 1788 1559 1843 enim
1585 1787 1854 1844 ministris
1874 1797 2106 1856 erratur,

511 1891 624 1933 non
655 1884 770 1932 toto
801 1891 1026 1947 corpore
1058 1874 1196 1947 (50).

603 1990 622 2013 ι
649 1965 754 2021 Sed
807 1965 1066 2021 exhibete
1114 1982 1212 2020 vos
1249 1967 1381 2031 Deo,
1440 1973 1699 2038 tanquam
1748 1983 1816 2022 ex
1877 1968 2110 2023 mortuis

514 2055 822 2110 viventes»
867 2054 1098 2110 Mortem
1120 2053 1482 2125 ignorantiam
1507 2061 1560 2108 et
1580 2055 1961 2111 inﬁdelitatem
1983 2074 2108 2112 cum

513 2144 660 2200 mala
727 2144 842 2200 vita
895 2142 1188 2215 signiﬁcat,
1259 2143 1389 2215 quia
1455 2143 1571 2200 vita
1635 2154 1717 2201 est
1786 2162 2110 2218 cognoscere

512 2233 688 2290 Deum
721 2249 816 2304 per
857 2231 1160 2290 Christum.
1194 2232 1334 2300 Quia
1364 2232 1510 2288 enim
1550 2249 1713 2289 nemo
1742 2235 1860 2289 sine
1889 2245 2111 2307 parente

511 2335 695 2384 ortum
741 2328 909 2384 sumit
955 2328 1106 2393 vitae,
1156 2330 1343 2383 omnia
1371 2337 1552 2384 autem
1599 2346 1631 2384 a
1672 2331 1786 2385 Deo
1833 2336 1953 2384 orta
1982 2336 2111 2384 sunt

511 2417 582 2474 ad
619 2417 790 2472 vitam
836 2434 932 2489 per
964 2417 1264 2486 Christum,
1309 2417 1519 2474 idcirco
1549 2419 1643 2491 qui
1679 2435 1789 2474 non
1830 2418 2111 2489 cognoscit

510 2514 793 2580 parentem
823 2508 1073 2563 omnium
1115 2523 1230 2564 esse
1270 2510 1446 2564 Deum
1477 2525 1573 2580 per
1603 2508 1906 2575 Christum,
1937 2507 2108 2563 vitam

512 2595 714 2652 habere
755 2613 864 2651 non
894 2596 1114 2664 dicitur,
1152 2597 1257 2653 hoc
1297 2605 1396 2665 est,
1443 2597 1522 2652 sic
1551 2597 1783 2652 habetur
1814 2614 1877 2652 ac
1923 2596 1967 2651 si
1997 2612 2109 2651 non

511 2686 626 2744 sit:
677 2687 791 2759 ipse
837 2688 984 2743 enim
1029 2689 1383 2760 semetipsum
1430 2704 1546 2745 esse
1584 2696 1764 2760 negat,
1811 2688 1942 2744 dum
1991 2687 2109 2743 sine

510 2784 734 2850 parente
790 2779 904 2833 Deo
947 2794 1063 2834 esse
1120 2795 1176 2835 se
1231 2786 1406 2850 putat.
1465 2779 1654 2851 Itaque
1700 2776 2012 2850 ignorantia
2056 2782 2110 2831 et

513 2865 688 2938 turpis
716 2866 833 2922 vita
861 2885 1010 2923 mors
1038 2876 1156 2934 est;
1189 2868 1327 2922 vitia
1353 2868 1501 2923 enim
1534 2869 1637 2924 ista
1666 2876 1897 2923 mortem
1927 2866 2110 2940 acqui-

510 2965 661 3025 runt,
701 2972 814 3012 non
855 2966 1085 3013 mortem
1134 2957 1295 3024 hanc,
1337 2975 1456 3030 quae
1485 2959 1796 3015 communis
1827 2966 1909 3013 est
1932 2957 2108 3013 omni-

508 3046 635 3114 bus,
667 3046 763 3101 sed
791 3052 1022 3101 mortem
1069 3045 1349 3117 gehennae,
1390 3047 1532 3102 sicut
1561 3064 1723 3119 supra
1755 3047 2057 3102 memoravi
2092 3064 2103 3101 :

509 3135 841 3208 utcognitio
883 3136 1124 3207 parentis
1167 3135 1285 3203 Dei,
1317 3143 1371 3190 et
1405 3144 1591 3193 sancta
1621 3137 1966 3193 conversatio
1996 3136 2110 3191 vita

511 3225 605 3292 sit,
656 3241 767 3280 non
815 3223 932 3282 haec
962 3242 1081 3298 qua)
1129 3225 1346 3282 occasui
1377 3223 1641 3295 subjacet,
1677 3227 1769 3282 sed
1813 3227 1909 3281 illa
1935 3225 2108 3280 futuri

510 3316 719 3385 saeculi,
772 3332 892 3388 quae
935 3324 1164 3371 vocatur
1209 3322 1427 3372 aeterna.
1453 3316 1850 3403 Quamobrem,
1913 3343 1929 3364 -
1955 3316 2109 3373 exhi-

509 3404 633 3461 bete
657 3421 756 3460 vos
786 3406 920 3473 Deo,
951 3429 969 3452 ι
1010 3404 1213 3477 inquit,
1246 3421 1406 3477 quem
1435 3413 1824 3477 cognoscentes
1853 3405 2109 3478 profecis-

512 3495 588 3552 tis
616 3496 673 3551 in
703 3496 958 3564 salutem,
999 3503 1063 3550 ut
1094 3495 1397 3551 inhonestae
1428 3496 1556 3552 vitae
1588 3496 1985 3565 renuntiantes,
2017 3512 2109 3552 es-

509 3585 646 3643 setis
671 3601 741 3640 ex
771 3585 1005 3640 mortuis
1034 3584 1303 3641 viventes.

593 3678 683 3734 61
747 3696 765 3719 ι
804 3673 875 3727 Et
918 3671 1166 3726 membra
1211 3680 1398 3728 vestra
1441 3689 1592 3728 arma
1632 3669 1865 3744 justitiaa
1914 3673 2047 3727 Deo.
2077 3695 2096 3720 ι

513 3767 686 3824 Tanta
732 3782 832 3821 nos
879 3765 1147 3821 modestia
1189 3768 1660 3824 conversationem
1703 3776 1945 3824 nostram
1991 3769 2112 3826 vult

514 3857 838 3930 gubernare,
872 3863 933 3910 ut
963 3862 1115 3911 actus
1143 3855 1318 3912 nostri
1350 3855 1582 3928 justitiaa
1611 3855 1710 3913 Dei
1742 3857 2109 3929 proﬁcientes,

512 3964 624 4004 non
656 3946 948 4002 mundanae
970 3945 1203 4016 justitize
1228 3947 1384 4020 (quia
1415 3947 1607 4003 mundi
1625 3947 1845 4018 justitia
1865 3947 1982 4003 sine
2005 3947 2112 4003 ﬁde

513 4044 596 4093 est
624 4035 851 4104 Christi,
893 4037 1010 4090 sine
1042 4051 1148 4107 qua
1178 4052 1289 4091 non
1322 4035 1455 4104 vita,
1494 4035 1588 4091 sed
1632 4052 1779 4092 mors
1820 4035 1924 4107 est)
1963 4051 2114 4091 arma

514 4126 855 4199 praebeamus
887 4125 970 4182 illi
1001 4127 1070 4182 ad
1097 4127 1468 4183 defendendos
1497 4143 1598 4183 nos
1625 4146 1636 4182 :
1675 4127 1766 4184 cui
1796 4145 1922 4184 cum
1962 4143 2113 4182 arma

514 4231 612 4287 per
653 4232 816 4288 opera
843 4216 988 4272 bona
1018 4215 1344 4288 prabemus,
1388 4216 1582 4288 dignos
1612 4233 1711 4271 nos
1755 4216 1989 4272 facimus
2021 4215 2111 4271 ad-

509 4304 697 4376 juvari
743 4305 810 4360 ab
849 4321 928 4372 ea,
979 4305 1109 4377 quia
1151 4304 1370 4376 justitia
1419 4306 1518 4361 Dei
1570 4305 1830 4376 indignos
1858 4305 2108 4376 despicit.

514 4394 619 4450 Ubi
667 4393 814 4448 enim
860 4393 1076 4464 justitia
1125 4395 1222 4450 Dei
1258 4395 1445 4464 fuerit,
1491 4395 1569 4451 ibi
1622 4395 1835 4452 habitat
1875 4394 2114 4467 Spiritus

515 4492 739 4542 sanctus
788 4484 857 4540 ad
909 4484 1274 4556 adjuvandam
1325 4485 1764 4542 imbecillitatem
1817 4493 2108 4552 nostram;

514 4575 659 4633 sicut
689 4575 835 4630 enim
868 4583 1089 4646 peccato
1120 4591 1270 4630 arma
1298 4575 1624 4647 praebemus,
1657 4593 1782 4631 cum
1813 4576 1956 4631 male
1987 4574 2112 4648 agi-

2217 626 2580 695 ambulantes,
2629 633 2691 682 ut
2720 625 2989 699 praecipit,
3029 624 3131 680 sub
3174 624 3291 696 lege
3333 622 3450 695 (51)
3492 638 3726 679 sumus:
3779 623 3823 678 si

2219 733 2352 771 vero
2388 732 2500 772 non
2547 731 2853 788 peccemus,
2905 732 3015 771 non
3056 730 3246 770 sumus
3275 712 3376 768 sub
3413 712 3550 786 lege,
3594 713 3690 769 sed
3721 714 3825 770 sub

2221 806 2410 878 gratia.
2462 805 2518 861 Si
2558 813 2739 860 autem
2772 821 3086 881 peccemus,
3133 802 3402 858 vertimur
3430 802 3545 857 sub
3592 802 3731 874 lege,
3773 813 3826 860 et

2223 895 2451 966 incipiet
2494 893 2672 949 nostri
2703 892 2976 948 dominari
3007 900 3311 962 peccatum,
3342 889 3472 962 quia
3504 890 3598 963 qui
3643 914 3662 937 ε
3691 890 3826 946 facit

2221 991 2526 1056 peccatum,
2557 999 2747 1038 servus
2789 991 2870 1038 est
2900 981 3107 1054 peccati
3157 980 3337 1050 (Joan.
3390 995 3514 1047 vm,
3546 979 3676 1048 34):
3710 1003 3729 1026 ι
3773 989 3827 1036 et

2222 1090 2440 1131 necesse
2494 1081 2574 1129 est
2619 1080 2682 1129 ut
2724 1073 2795 1128 sit
2841 1072 2942 1128 sub
2979 1071 3094 1142 lege
3141 1070 3281 1142 (52),
3321 1068 3566 1141 quandiu
3597 1069 3827 1126 remissa

2223 1179 2332 1218 non
2362 1163 2562 1235 accipit
2586 1181 2598 1230 ;
2651 1169 2933 1234 peccatum
2975 1159 3121 1215 enim
3151 1158 3477 1214 auctoritate
3506 1158 3639 1230 legis
3668 1174 3824 1214 reum

2221 1250 2354 1306 facit
2404 1259 2782 1323 peccatorem:
2841 1267 2905 1306 ac
2950 1265 3045 1322 per
3093 1247 3197 1304 hoc
3245 1248 3335 1304 cui
3391 1247 3515 1304 data
3572 1247 3826 1304 remissio

2221 1347 2320 1408 est,
2353 1350 2407 1396 et
2436 1340 2677 1397 custodit
2711 1357 2786 1410 se,
2833 1357 2902 1397 ne
2935 1338 3002 1395 de
3032 1347 3230 1395 caetero
3258 1345 3466 1410 peccet,
3497 1354 3676 1410 neque
3704 1353 3826 1410 pec-

2221 1437 2402 1486 catum
2441 1431 2489 1484 ei
2521 1429 2924 1497 dominabitur,
2973 1443 3150 1500 neque
3192 1425 3294 1482 sub
3330 1426 3456 1500 'lege
3503 1435 3604 1484 est.
3637 1427 3829 1484 Cessat

2220 1519 2368 1575 enim
2401 1520 2547 1575 circa
2576 1536 2699 1576 eum
2731 1517 3029 1576 auctoritas
3065 1515 3219 1589 legis,
3252 1515 3348 1589 qui
3389 1516 3654 1574 liberatus
3683 1529 3767 1573 est
3797 1531 3827 1571 a

2221 1617 2444 1682 peccato
2479 1629 2491 1678 ;
2525 1627 2664 1683 quos
2697 1609 2844 1665 enim
2876 1624 2997 1664 reos
3038 1614 3185 1664 tenet
3214 1608 3325 1677 lex,
3359 1606 3547 1664 traditi
3579 1617 3712 1664 sunt
3742 1606 3827 1663 illi

2221 1716 2252 1756 a
2281 1710 2522 1773 peccato.
2553 1700 2661 1768 Qui
2693 1716 2819 1772 ergo
2855 1698 3095 1771 peccatis
3123 1706 3323 1754 exutus
3368 1705 3470 1767 est,
3501 1713 3613 1754 non
3645 1705 3828 1772 potest

2220 1806 2336 1845 esse
2365 1789 2465 1845 sub
2492 1790 2627 1862 lege.

2293 1883 2477 1953 (Vers.
2519 1883 2633 1954 i5.)
2692 1908 2709 1930 ‹
2741 1881 2885 1951 Quid
2933 1898 3059 1957 ergo
3086 1882 3116 1940 ?
3153 1881 3519 1956 peccabimus,
3551 1880 3684 1955 quia
3711 1894 3825 1936 non

2220 1987 2410 2028 sumus
2451 1971 2554 2027 sub
2586 1973 2722 2044 lege,
2775 1972 2866 2028 sed
2900 1972 3003 2028 sub
3029 1973 3203 2045 gratia
3223 1971 3252 2028 ?
3278 1971 3458 2028 Absit.
3486 1993 3506 2019 ι
3547 1967 3824 2037 Quoniam

2221 2060 2310 2115 lex
2356 2077 2388 2114 a
2434 2062 2547 2115 Deo
2591 2068 2694 2128 est,
2743 2077 2806 2116 ac
2847 2077 2943 2132 per
2990 2061 3096 2118 hoc
3144 2075 3213 2116 ne
3257 2059 3399 2116 forte
3427 2065 3824 2131 opponeretur,

2217 2149 2334 2220 ipse
2365 2147 2471 2204 sibi
2515 2149 2802 2220 proposuit
2831 2149 2983 2220 (53):
3019 2150 3074 2205 Si
3104 2165 3174 2204 ex
3205 2149 3318 2203 Deo
3347 2157 3430 2202 est
3471 2147 3581 2215 lex,
3616 2143 3823 2220 inquit,

2219 2255 2320 2296 cur
2362 2254 2474 2293 non
2523 2237 2786 2294 debemus
2829 2254 2945 2294 esse
2993 2237 3095 2294 sub
3141 2235 3305 2308 lege?
3351 2236 3467 2292 Hoc
3512 2241 3733 2308 purgat,
3765 2250 3826 2291 ac

2220 2325 2377 2382 docet
2424 2342 2547 2382 cum
2596 2326 2693 2382 Dei
2744 2328 3047 2396 voluntate,
3091 2325 3186 2399 qui
3233 2325 3368 2397 legis
3417 2331 3610 2381 auctor
3659 2331 3766 2392 est,
3795 2338 3824 2378 a

2220 2417 2440 2476 Christo
2487 2435 2589 2474 nos
2636 2418 2896 2475 liberatos
2928 2418 2996 2474 de
3040 2418 3143 2473 sub
3188 2419 3344 2490 lege;
3380 2417 3635 2490 quamvis
3674 2417 3820 2472 enim

2219 2518 2366 2564 recte
2399 2508 2524 2563 data
2555 2508 2627 2564 sit
2656 2508 2745 2563 lex
2795 2509 2945 2580 (data
2987 2515 3068 2565 est
3100 2508 3269 2577 enim,
3319 2517 3380 2565 ut
3410 2517 3463 2564 et
3492 2524 3614 2564 reos
3644 2516 3822 2564 osten-

2219 2597 2370 2653 deret
2426 2598 2571 2670 apud
2617 2600 2813 2668 Deum,
2877 2599 2970 2672 qui
3019 2607 3388 2671 peccaverunt
3443 2605 3568 2652 ante
3598 2597 3818 2669 legem:

2218 2695 2271 2742 et
2301 2687 2487 2743 timori
2520 2696 2678 2756 esset,
2711 2697 2772 2744 ut
2817 2688 2884 2744 de
2913 2697 3110 2745 castero
3157 2705 3269 2744 non
3316 2689 3686 2760 peccaretur),
3728 2683 3822 2741 sed

2219 2781 2348 2852 quia
2379 2780 2718 2837 inﬁrmitatis
2748 2798 2860 2838 suae
2901 2781 3283 2840 imbecillitate
3314 2797 3483 2852 genus
3512 2781 3820 2836 humanum

2217 2886 2249 2926 a
2293 2872 2529 2941 peccatis
2577 2887 2634 2927 se
2682 2871 2933 2928 inhibere
2979 2888 3089 2927 non
3139 2871 3341 2944 potuit,
3395 2870 3599 2927 factum
3653 2868 3820 2924 obno-

2218 2960 2376 3014 xium
2425 2962 2620 3017 mortis
2663 2960 2903 3029 inferni;
2952 2969 3136 3017 motus
3177 2962 3322 3018 Deus
3353 2959 3552 3032 pietate
3583 2957 3820 3014 clemen-

2217 3050 2308 3106 tiae
2340 3067 2471 3118 suae,
2508 3068 2614 3122 qua
2645 3067 2858 3122 semper
2887 3050 3131 3106 humano
3147 3044 3347 3121 'generi
3378 3048 3656 3116 subvenit,
3690 3063 3816 3120 pro-

2217 3137 2360 3193 vidit
2415 3153 2512 3210 per
2565 3139 2867 3207 Christum,
2918 3155 3026 3211 qua
3085 3139 3298 3193 ratione
3352 3137 3657 3208 desperatis
3710 3135 3819 3208 jam

2217 3228 2442 3284 daretur
2491 3227 2723 3296 medela,
2775 3237 2837 3284 ut
2891 3228 3216 3285 remissione
3267 3235 3613 3301 peccatorum
3675 3241 3817 3282 acce-

2218 3327 2332 3392 pta,
2365 3320 2506 3375 eruti
2555 3336 2586 3375 a
2637 3320 2774 3390 lege,
2808 3336 2927 3392 quae
2969 3320 3094 3375 illos
3146 3318 3380 3375 habebat
3425 3317 3722 3386 obnoxios,
3769 3323 3822 3372 et

2218 3409 2448 3463 relevati
2480 3415 2534 3464 et
2577 3408 2832 3480 reparati,
2865 3410 2978 3464 Deo
3009 3407 3302 3480 adjuvante
3332 3425 3429 3481 per
3476 3408 3638 3464 ﬁdem
3681 3406 3818 3481 (54),

2219 3495 2374 3551 vitiis
2403 3511 2434 3551 a
2466 3495 2671 3568 quibus
2716 3496 2868 3567 prius
2899 3495 3112 3552 subacti
3160 3496 3398 3565 fuerant,
3429 3501 3818 3569 repugnarent,

2219 3584 2455 3656 ideoque
2512 3601 2623 3640 non
2671 3585 3020 3657 peccavimus
3075 3583 3229 3657 quasi
3280 3585 3451 3656 legem
3505 3591 3823 3656 spernentes

2217 3675 2337 3741 Dei,
2381 3674 2475 3730 sed
2523 3674 2696 3745 ipsius
2744 3674 2845 3730 Dei
2893 3673 3049 3748 quasi
3079 3673 3484 3747 providentiam
3531 3674 3707 3732 secuti
3736 3687 3817 3730 su-

2219 3779 2341 3819 mus
2369 3779 2465 3835 per
2495 3762 2797 3820 Christum.
3183 3761 3191 3771 ”

2293 3854 2475 3926 (Vers.
2514 3853 2627 3924 16.)
2686 3878 2703 3899 ι
2734 3853 2966 3909 Nescitis
2999 3853 3128 3927 quia
3156 3853 3246 3910 cui
3277 3852 3553 3911 exhibetis
3585 3871 3684 3911 vos
3714 3866 3816 3910 ser-

2221 3964 2318 4003 vos
2359 3946 2429 4002 ad
2472 3946 2866 4015 obediendum,
2915 3948 3060 4003 servi
3091 3947 3221 4003 estis
3252 3946 3388 4019 ejus,
3419 3948 3509 4004 cui
3535 3946 3814 4014 obedistis,

2219 4038 2336 4094 sive
2369 4038 2579 4110 peccati
2625 4037 2682 4093 in
2731 4043 2984 4106 mortem,
3030 4038 3146 4094 sive
3178 4037 3511 4094 obeditionis
3551 4037 3621 4093 ad
3663 4034 3817 4109 justi-

2220 4127 2397 4184 tiam?
2429 4152 2446 4174 ι
2503 4129 2662 4185 Nunc
2699 4144 2766 4182 ne
2798 4125 2949 4182 aliud
2978 4126 3315 4198 proﬁtentes,
3347 4125 3500 4182 aliud
3530 4126 3816 4191 faciamus,

2220 4224 2274 4274 et
2319 4234 2445 4274 cum
2498 4217 2597 4273 Dei
2648 4217 2792 4273 servi
2835 4216 3096 4285 dicimur,
3130 4216 3294 4289 gestis
3324 4217 3468 4272 servi
3498 4215 3707 4273 diaboli
3736 4215 3816 4270 in-

2221 4306 2518 4362 veniamur
2545 4325 2558 4374 ;
2608 4313 2909 4379 prmmonet
2937 4313 2991 4361 et
3037 4305 3328 4363 denuntiat
3356 4305 3474 4378 ejus
3509 4322 3608 4362 nos
3637 4320 3818 4363 servos

2220 4413 2358 4464 esse,
2405 4395 2566 4468 cujus
2613 4405 2667 4453 et
2714 4397 3055 4452 voluntatem
3095 4397 3381 4468 explemus
3429 4395 3716 4469 operibus;
3765 4399 3817 4448 et

2220 4503 2332 4542 non
2393 4501 2584 4557 parum
2639 4485 2827 4542 obesse
2874 4487 3047 4542 Deum
3101 4485 3350 4542 conﬁteri
3400 4486 3720 4554 Dominum,
3767 4490 3818 4537 et

2224 4575 2438 4631 actibus
2510 4574 2728 4630 diabolo
2801 4573 3088 4641 famulari;
3150 4590 3276 4629 nam
3336 4573 3442 4630 hoc
3488 4574 3622 4630 olim
3678 4575 3817 4630 Deus

513 4683 672 4723 mus:
709 4665 785 4721 ita
833 4674 887 4721 et
915 4664 1168 4737 justitiaz,
1199 4682 1324 4721 cum
1355 4673 1501 4721 recte
1531 4682 1832 4734 versamur,
1866 4665 2113 4721 membra
2138 4653 2188 4713 D
2224 4663 2466 4732 denotat,
2518 4672 2573 4720 et
2621 4670 2839 4720 accusat
2880 4662 3068 4718 dicens
3095 4679 3107 4718 :
3169 4687 3186 4709 ε
3215 4661 3373 4718 Plebs
3403 4662 3520 4719 haec
3550 4661 3709 4717 labiis
3736 4674 3818 4715 me

513 4763 701 4812 nostra
729 4754 1102 4812 custodientes
1135 4755 1202 4810 ab
1233 4755 1383 4811 omni
1415 4755 1776 4827 turpitudine.

589 4847 770 4917 (Vers.
823 4846 937 4919 14.)
1003 4847 1331 4904 «Peccatum
1386 4856 1566 4903 autem
1617 4849 1785 4903 vestri
1829 4846 1943 4919 jam
2000 4862 2111 4902 non

516 4934 931 5003 dominabitur;
982 4955 1094 4993 non
1143 4939 1290 4994 enim
1336 4938 1438 4993 sub
1490 4939 1603 5010 lege
1663 4938 1814 5006 estis,
1860 4937 1953 4992 sed
2011 4935 2112 4992 sub

517 5025 711 5097 gratia.
743 5049 761 5072 ι
813 5026 870 5080 Si
914 5028 1214 5083 secundum
1247 5035 1516 5101 praecepta
1557 5045 1676 5101 quae
1718 5027 1830 5095 dat,
1863 5027 2111 5082 ambule-

517 5129 660 5183 mus,
705 5121 988 5186 peccatum
1048 5115 1208 5172 nobis
1258 5117 1397 5173 dicit
1442 5135 1554 5174 non
1603 5133 1759 5190 posse
1805 5115 2109 5183 dominari;

521 5363 538 5416 ι
591 5289 706 5364 (49)
746 5289 1013 5348 Nonnulli
1060 5307 1216 5360 mss.,
1252 5294 1362 5350 sine
1403 5312 1566 5351 causa
1595 5310 1812 5365 corpore
1835 5291 2115 5362 judicabi-

540 5380 626 5416 ur.

540 5380 608 5417 ur
615 5406 626 5418 .

592 5434 734 5510 (50)
758 5435 885 5492 Mss.
925 5454 1046 5510 non
1090 5438 1270 5510 pauci,
1313 5437 1558 5492 membris
1599 5437 1755 5502 enim,
1797 5445 1964 5510 prout
2001 5455 2114 5509 pec-

519 5511 638 5558 cata
681 5507 1010 5578 dicta-verint,
1064 5507 1347 5566 niinisterii
1410 5515 1648 5575 erratur,
1705 5507 1818 5567 aut“
1853 5507 2114 5565 ministris

519 5584 786 5631 armatur.

594 5648 710 5728 (51)
744 5647 904 5728 Corb.
938 5651 1059 5708 cod.
1071 5695 1085 5721 ,
1118 5654 1194 5708 Iis
1226 5651 1362 5707 enim
1392 5650 1720 5728 dominatur,
1762 5652 1854 5722 qui
1879 5658 2114 5722 peccant,

519 5721 647 5788 quia
675 5721 845 5847 argutis
879 5730 1120 5792 peccator
1147 5741 1328 5780 servus
1369 5729 1443 5778 est
1478 5723 1675 5794 peccati
1723 5721 1786 5778 et,
1813 5721 2007 5779 neaesse
2045 5729 2119 5780 est

519 5807 625 5845 esse
653 5808 713 5846 su
790 5809 899 5847 .eae.

519 5807 625 5845 esse
653 5807 746 5847 suo
779 5807 899 5862 tege.

2225 4752 2480 4821 honorat,
2539 4769 2634 4809 cor
2678 4759 2859 4808 autem
2910 4767 3100 4807 eorum
3145 4751 3303 4823 longe
3354 4760 3434 4808 est
3477 4767 3509 4807 a
3550 4766 3636 4807 me
3685 4750 3813 4822 (Isa.

2221 4859 2384 4908 xxxx,
2422 4842 2534 4912 13).
2567 4867 2584 4889 ι
2630 4843 2702 4896 Et
2732 4839 3001 4895 Dominus
3022 4840 3098 4896 ait
3129 4841 3186 4896 in
3217 4839 3553 4912 Evangelio:
3603 4865 3620 4887 ι
3651 4839 3817 4896 Nemo

2221 4942 2398 5006 potest
2433 4933 2648 4989 duobus
2679 4931 2919 4988 dominis
2950 4932 3155 4988 servire
3184 4934 3396 5004 (Matth.
3429 4950 3508 5002 v1,
3540 4931 3656 5002 24).
3688 4953 3706 4976 ι
3749 4926 3815 4982 Et

2223 5025 2281 5081 in
2337 5026 2450 5097 lege
2502 5023 2712 5079 dictum
2759 5029 2841 5078 est
2892 5022 3048 5094 (55):
3120 5048 3136 5071 ι
3184 5024 3330 5079 Deus
3376 5039 3486 5078 non
3544 5018 3816 5085 deridetur

2225 5115 2434 5188 (Galat.
2466 5129 2545 5181 VI,
2582 5112 2658 5184 7).
2692 5135 2709 5159 ι

2296 5290 2414 5362 (52)
2450 5290 2612 5362 Rom:
2638 5287 2771 5362 edit.
2803 5287 2938 5362 sola,
2967 5302 3250 5362 persapiur
3276 5287 3370 5342 sub
3401 5287 3521 5362 lege.

2298 5358 2415 5444 (5‘3)
2452 5361 2586 5442 Ead.
2622 5360 2757 5416 edit.
2791 5359 2925 5425 sola,
2957 5359 3059 5429 ipsi
3085 5359 3490 5444 sibi-opposuit:
3514 5358 3661 5440 Infra
3689 5366 3812 5444 vero

2223 5430 2320 5489 ubi
2352 5430 2468 5489 hazc
2497 5433 2613 5504 ipsa
2643 5447 2769 5486 cum
2797 5447 2926 5504 mss.
2959 5431 3267 5504 nonnullis,
3299 5438 3354 5486 et
3384 5431 3515 5486 Gill.
3541 5430 3810 5504 in_m_arg.,

2225 5507 2334 5561 Hoc
2374 5500 2606 5576 purgat;
2652 5511 2762 5557 vet.
2809 5501 2941 5557 edit.
2992 5517 3118 5558 cum
3171 5503 3294 5558 aliis
3345 5517 3477 5558 mss.
3530 5500 3810 5561 exhibent,

2211 5576 2638 5652 ,Hocseogrosvit:

2246 5661 2251 5667 '
2301 5643 2531 5719 (5ft)'lta
2560 5645 2693 5719 edit.
2741 5661 2966 5719 omnes:
3002 5653 3074 5719 at
3121 5653 3313 5702 contra
3359 5661 3489 5703 mss.
3543 5643 3612 5702 ad
3645 5653 3811 5702 unum

2227 5717 2403 5776 voces
2414 5736 2512 5788 per
2541 5718 2693 5788 ﬁdem
2722 5733 2833 5772 non
2866 5717 3185 5773 admittunt.

2303 5791 2418 5862 (55)
2450 5792 2607 5848 Rom.
2635 5789 2768 5847 edit.
2801 5789 2938 5859 sola,
2971 5795 3020 5847 et
3046 5789 3178 5846 alibi
3199 5789 3399 5847 dictum
3421 5795 3514 5846 est.
3561 5814 3564 5816 ·
