3980 6428
161 423 258 502 169

1244 439 1604 500 COMMENT.
1645 441 1718 498 IN
1752 439 1969 498 EPIST.
2008 441 2106 498 AD
2143 439 2312 500 ROM.

3345 442 3451 503 ιιθ

237 567 416 639 (Vers.
469 569 555 638 I7,
591 567 704 640 18.)
752 591 771 616 ι
799 564 1012 625 Gratias
1039 573 1220 621 autem
1276 567 1406 633 Deo,
1436 565 1584 638 quod
1620 583 1748 624 cum
1775 568 1826 627 Α
1862 563 2205 623 addiscentes
2257 564 2375 638 (57)
2424 563 2626 621 bonam
2675 564 2874 632 vitam,
2930 567 3342 640 confundimur,
3386 585 3452 628 eo

162 659 396 724 fuissetis
435 659 580 714 servi
631 657 859 730 peccati,
907 655 1173 711 obedistis
1216 672 1286 711 ex
1326 655 1490 712 corde
1526 655 1586 711 in
1631 672 1751 712 eam

161 755 388 810 formam
420 746 712 813 doctrinae,
762 745 820 799 in
868 760 970 816 qua
1015 743 1203 800 traditi
1257 744 1405 800 estis.
1458 742 1753 800 Credentes

163 851 342 901 autem
385 839 444 894 in
493 837 796 901 Christum,
842 834 988 890 servi
1022 833 1152 890 facti
1204 850 1394 890 sumus
1432 831 1684 903 justitiaa.
1722 859 1741 881 ι

160 931 295 1002 Ejus
327 927 475 982 enim
524 925 763 982 dicimur
806 922 972 989 servi,
1024 922 1114 977 cui
1153 920 1462 976 obedimus.
1508 922 1581 976 Et
1625 920 1755 992 quia

158 1020 369 1092 justum
418 1023 500 1072 est
545 1012 770 1070 obedire
812 1010 1032 1068 Christo
1078 1012 1156 1081 (et
1185 1011 1300 1082 ipse
1347 1010 1495 1065 enim
1537 1009 1755 1080 justitia

164 1117 264 1176 est,
296 1115 351 1162 et
379 1121 496 1177 quae
528 1101 794 1174 praecipit,
837 1099 988 1172 justa
1025 1100 1203 1172 sunt),
1236 1100 1442 1156 idcirco
1469 1098 1606 1154 dicit
1633 1113 1758 1152 ser-

161 1215 260 1254 vos
301 1211 403 1250 nos
445 1192 616 1248 factos
651 1190 886 1262 justitiae
917 1205 986 1245 ex
1037 1189 1222 1258 corde,
1253 1204 1362 1244 non
1392 1204 1460 1242 ex
1490 1188 1606 1258 lege
1639 1204 1650 1240 :
1686 1203 1753 1242 ex

163 1286 467 1348 voluntate,
524 1295 636 1335 non
678 1295 746 1335 ex
802 1278 999 1334 timore
1052 1296 1064 1334 :
1125 1285 1190 1332 ut
1244 1275 1512 1349 professio
1568 1281 1756 1331 nostra

165 1371 340 1431 animi
361 1369 576 1441 judicio
606 1375 905 1440 promatur.
952 1367 1052 1422 Per
1083 1374 1331 1422 naturam
1363 1365 1511 1421 enim
1536 1363 1756 1422 inducti

163 1476 354 1519 sumus
399 1457 470 1514 ad
507 1456 694 1524 ﬁdem,
747 1472 855 1512 non
904 1472 1000 1529 per
1052 1456 1245 1526 legem,
1307 1455 1362 1510 in
1412 1471 1520 1527 qua
1572 1453 1752 1510 forma

161 1548 430 1607 doctrinae
458 1545 557 1602 Dei
587 1545 823 1618 imperio
852 1545 985 1602 facti
1010 1562 1221 1614 sumus,
1253 1545 1348 1617 qui
1391 1544 1558 1600 ﬁnxit
1586 1551 1757 1598 natu-

162 1656 297 1696 ram.
339 1639 403 1694 In
460 1643 657 1691 natura
686 1634 831 1690 enim
881 1633 1167 1702 habemus,
1201 1641 1263 1690 ut
1307 1649 1700 1705 cognoscamus
1729 1647 1760 1686 a

161 1753 290 1810 quo,
321 1743 376 1790 et
406 1749 502 1805 per
530 1749 714 1805 quem,
765 1739 820 1788 et
849 1731 907 1788 in
938 1749 1046 1805 quo
1087 1748 1278 1788 sumus
1323 1729 1513 1789 creati.
1561 1730 1761 1785 Forma

162 1843 286 1898 ergo
325 1822 594 1880 doctrinae
638 1831 740 1891 est,
800 1823 857 1878 in
905 1839 1068 1894 quam
1126 1821 1354 1878 tradidit
1398 1837 1497 1878 nos
1541 1820 1762 1877 Creator

1864 656 2013 730 quod
2060 655 2271 714 dudum
2317 654 2553 728 turpiter
2606 655 2955 713 vixerimus:
3020 665 3073 713 et
3118 675 3230 715 non
3271 661 3452 718 solum

1867 747 1994 816 hoc,
2025 747 2155 819 quia
2197 755 2251 803 et
2304 745 2576 803 sententia
2607 761 2943 818 paganorum
2996 746 3175 819 turpis
3227 757 3282 805 et
3308 749 3454 805 fmda

1861 846 1965 906 est,
2021 836 2261 893 maxime
2298 853 2418 910 quae
2477 835 2534 892 in
2565 836 2804 909 Phrygia
2857 835 3084 893 inventa
3127 847 3226 906 est,
3262 837 3320 893 in
3349 853 3457 911 qua

1863 927 1971 982 nisi
2031 942 2261 999 spurcus
2309 925 2530 982 intersit
2573 925 2712 997 (58),
2773 934 3176 983 sacramentum
3233 935 3448 984 mutum

1863 1030 1964 1090 est,
1998 1030 2052 1078 et
2080 1022 2342 1095 torpescit
2395 1021 2618 1094 religiol
2660 1022 2800 1080 Ecce
2830 1024 3060 1080 maculis
3094 1024 3256 1096 plena
3293 1023 3456 1080 liber-

1863 1117 1967 1178 tas,
2025 1117 2079 1166 et
2131 1109 2477 1183 squaloribus
2529 1109 2788 1182 obligata,
2839 1109 2997 1182 cujus
3048 1127 3187 1182 opus
3240 1119 3456 1184 turpem

1867 1198 2172 1255 mercedem
2203 1198 2401 1254 habet:
2468 1221 2487 1245 ι
2521 1197 2694 1270 Cujus
2732 1198 2858 1255 ﬁnis
2903 1215 3050 1256 mors
3077 1209 3194 1257 est:
3230 1226 3248 1249 ι
3289 1200 3458 1259 ﬁnem

1867 1286 2016 1343 dixit
2069 1287 2279 1344 exitum
2330 1285 2458 1343 vita;
2512 1295 2568 1343 et
2606 1295 2846 1357 actuum,
2891 1288 2982 1346 cui
3024 1297 3118 1346 aut
3164 1305 3330 1359 mors,
3364 1297 3461 1348 aut

1866 1377 1983 1432 vita
2007 1377 2272 1434 succedit.
2317 1376 2422 1433 Sed
2465 1376 2572 1435 hoc
2601 1378 2722 1435 loco
2751 1394 2898 1435 mors
2931 1378 3160 1453 duplex,
3209 1397 3242 1437 a
3283 1387 3460 1438 morte

1866 1465 2014 1521 enim
2035 1465 2104 1522 ad
2133 1473 2364 1522 mortem
2393 1467 2686 1525 transitur.

1942 1554 2123 1625 (Vers.
2165 1555 2278 1626 22.)
2319 1556 2478 1612 Nunc
2523 1572 2654 1613 vero
2698 1557 2914 1614 liberati
2952 1575 2984 1615 a
3020 1567 3264 1632 peccato,
3309 1559 3460 1617 servi

1868 1652 2047 1702 autem
2080 1646 2208 1702 facti
2251 1648 2384 1716 Deo,
2431 1647 2647 1705 habetis
2688 1649 2931 1706 fructum
2962 1658 3207 1708 vestrum
3237 1652 3298 1709 in
3325 1667 3466 1709 san-

1867 1735 2278 1806 ctiﬁcationem,
2326 1737 2492 1793 ﬁnem
2542 1754 2672 1795 vero
2719 1738 2890 1796 vitam
2931 1749 3213 1798 aeternam.
3261 1767 3280 1792 ι
3348 1742 3466 1800 Hoc

1869 1833 1971 1894 est,
2017 1825 2065 1882 si
2119 1834 2338 1898 accepta
2392 1826 2716 1884 remissione
2764 1837 3133 1902 peccatorum,
3187 1831 3463 1888 bonorum

160 1913 512 1978 naturaliter,
559 1912 666 1967 hoc
706 1918 807 1978 est,
857 1910 1003 1983 quod
1055 1927 1219 1982 supra
1247 1909 1427 1966 dixit:
1467 1914 1561 1972 62
1603 1933 1621 1956 ι
1652 1906 1764 1980 Ipsi

1883 1925 2096 1972 actuum
2129 1917 2315 1972 aemuli
2371 1918 2657 1989 fuerimus,
2698 1921 3044 1994 acquiremus
3095 1921 3462 1991 sanctitatem,

165 2009 267 2064 sibi
304 2017 442 2064 sunt
489 2009 580 2063 lex
606 2009 790 2079 (Rom.
822 2023 883 2075 ιι,
918 2006 1044 2078 ili);
1078 2033 1096 2055 ›
1162 2007 1293 2062 dum
1325 2005 1519 2062 vident
1551 2014 1759 2061 naturae

163 2115 272 2156 suae
317 2113 460 2165 esse,
519 2095 667 2169 quod
715 2095 982 2163 credunt;
1037 2104 1097 2151 ut
1135 2096 1282 2169 quod
1328 2097 1531 2152 Iudaeis
1579 2097 1670 2151 lex
1715 2104 1769 2151 et

162 2186 452 2260 prophetae
481 2185 853 2257 praedicarunt
891 2184 958 2238 de
1005 2183 1248 2254 Christo,
1279 2185 1384 2241 hoc
1429 2184 1662 2256 gentiles
1698 2199 1768 2239 ex

165 2276 330 2334 corde
371 2273 658 2332 conﬁdant
691 2273 830 2345 (56).
873 2273 1014 2329 Hinc
1060 2273 1258 2345 gratias
1303 2275 1470 2330 refert
1506 2273 1764 2342 Domino,

165 2366 296 2440 quia
355 2380 486 2422 cum
539 2379 778 2419 essemus
833 2363 978 2418 servi
1026 2363 1256 2436 peccati,
1307 2363 1653 2420 obedivimus
1698 2378 1766 2419 ex

161 2455 327 2513 corde
377 2453 664 2510 credentes
707 2453 765 2508 in
795 2453 1076 2510 Christum
1112 2471 1123 2509 :
1176 2461 1240 2508 ut
1267 2454 1601 2509 serviremus
1628 2454 1766 2520 Deo,

167 2561 279 2602 non
311 2560 413 2617 per
444 2544 615 2615 legem
647 2542 845 2614 Moysi,
874 2541 967 2598 sed
997 2558 1092 2614 per
1122 2543 1292 2613 legem
1326 2549 1556 2598 natura).

235 2635 425 2706 (Vers.
457 2633 568 2706 19.)
617 2657 636 2680 ε
657 2632 968 2687 Humanum
1004 2631 1128 2688 dico
1157 2641 1375 2705 propter
1391 2630 1769 2688 inﬁrmitatem

167 2724 353 2780 carnis
383 2729 602 2777 vestrae.
629 2746 647 2768 -
709 2722 850 2776 Dum
898 2719 1278 2777 inﬁrmitatem
1325 2722 1506 2777 carnis
1554 2735 1771 2776 memo-

166 2819 270 2880 rat,
304 2811 498 2865 minus
535 2826 592 2865 se
638 2808 911 2880 signiﬁcat
952 2809 1167 2880 exigere
1211 2811 1278 2866 ab
1325 2809 1568 2878 homine,
1606 2823 1768 2881 quam

164 2901 401 2973 dignum
433 2906 517 2955 est
567 2900 712 2957 circa
746 2897 844 2954 Dei
892 2899 1186 2955 culturam.
1219 2898 1467 2971 Denique
1496 2898 1769 2954 subinfer-

165 2999 255 3047 tur
278 3008 291 3046 :

246 3102 268 3128 σ
295 3079 462 3136 Sicut
490 3077 639 3132 enim
668 3075 999 3132 exhibuistis
1045 3076 1291 3132 membra
1320 3083 1502 3133 vestra
1558 3076 1765 3133 servire

172 3165 556 3225 immunditim
585 3173 639 3220 et
659 3162 963 3236 iniquitati,
994 3163 1062 3218 ad
1094 3164 1441 3238 iniquitatem
1469 3183 1482 3232 ;
1518 3166 1596 3221 ita
1623 3180 1773 3221 nunc

161 3258 428 3314 exhibete
461 3255 704 3311 membra
761 3263 941 3310 vestra
981 3254 1187 3309 servire
1233 3253 1484 3325 justitia,
1534 3253 1593 3309 in
1636 3269 1772 3310 san-
1800 3283 1844 3344 ο

163 3347 584 3405 ctiﬁcationem.
619 3372 637 3396 ι
677 3345 748 3402 Ut
773 3345 1119 3402 occasionem
1147 3345 1306 3401 nobis
1334 3345 1575 3402 auferret
1604 3345 1764 3401 timo-

164 3437 244 3493 ris
292 3435 600 3494 accedendi
645 3434 714 3490 ad
755 3433 943 3505 ﬁdem,
1005 3434 1135 3506 quia
1190 3435 1345 3506 quasi
1405 3432 1772 3505 importabilis

165 3528 330 3585 nobis
388 3536 447 3584 et
500 3543 692 3600 aspera
754 3527 1058 3593 videretur,
1116 3540 1178 3579 ea
1224 3540 1480 3580 mensura
1532 3541 1630 3580 nos
1658 3525 1770 3580 Deo

161 3618 378 3675 servire
410 3616 689 3689 praecepit,
738 3631 846 3687 qua
875 3616 1024 3686 prius
1060 3612 1468 3668 famulabamur
1499 3612 1724 3668 diabolo
1750 3630 1762 3668 :

161 3723 289 3764 cum
329 3707 533 3778 utique
581 3703 902 3776 prOpensius
950 3702 1170 3758 deberet
1197 3701 1395 3758 serviri
1441 3703 1552 3758 Deo
1607 3717 1771 3774 quam

161 3796 416 3864 diabolo,
485 3794 684 3867 quippe
750 3807 874 3848 cum
941 3791 1033 3849 hic
1087 3791 1253 3858 salus,
1322 3790 1442 3847 illic
1490 3790 1772 3847 damnatio

162 3892 468 3960 operetur;
511 3882 756 3938 medicus
787 3889 971 3938 tamen
1008 3881 1274 3953 spiritalis
1301 3895 1411 3936 non
1445 3881 1568 3952 plus
1594 3896 1626 3935 a
1657 3895 1771 3936 no-

160 3973 246 4030 bis
304 3971 514 4045 exigit,
564 3987 631 4026 ne
673 3970 803 4026 dum
839 3973 1118 4042 {praecepta
1151 3969 1306 4042 quasi
1342 3969 1530 4040 gravia
1561 3969 1772 4040 fugere-

164 4078 310 4132 mus,
346 4058 754 4134 perpendentes
801 4058 1183 4115 inﬁrmitatem
1218 4067 1483 4127 nostram,
1512 4073 1774 4113 manere-

163 4176 287 4217 mus
315 4159 378 4215 in
413 4164 612 4214 morte.
663 4156 818 4214 Unde
874 4158 1182 4214 Dominus:
1244 4157 1513 4224 «Tollite,
1564 4154 1769 4228 inquit,

159 4250 359 4324 jugum
399 4264 590 4304 meum
635 4265 798 4321 super
839 4264 1006 4305 vos...
1054 4246 1182 4320 quia
1227 4262 1394 4303 suave
1426 4253 1526 4315 est,
1551 4254 1604 4303 et
1633 4259 1772 4302 onus

165 4355 351 4396 meum
378 4339 508 4394 leve
540 4338 751 4410 (Matth.
783 4353 866 4407 χι,
897 4338 986 4406 29,
1017 4336 1133 4408 30).
1170 4363 1187 4386 ι

239 4434 432 4506 (Vers.
469 4431 538 4488 20
564 4439 618 4487 et
647 4431 763 4502 21.)
813 4455 831 4477 ‹
859 4430 998 4487 Cum
1033 4431 1178 4486 enim
1219 4431 1363 4487 servi
1407 4430 1594 4487 essetis
1636 4445 1772 4503 pec-

166 4523 296 4591 cati,
356 4520 527 4577 liberi
590 4519 773 4575 fuistis
820 4518 1068 4590 justitize.
1114 4518 1285 4586 Quem
1335 4521 1481 4576 enim
1529 4520 1770 4576 fructum

167 4610 446 4667 habuistis
473 4616 611 4665 tunc
641 4610 699 4664 in
729 4607 863 4677 illis,
896 4609 952 4663 in
988 4609 1190 4681 quibus
1221 4625 1368 4664 nunc
1397 4609 1718 4666 erubescitis
1741 4609 1770 4665 ?

167 4700 300 4756 Nam
329 4700 469 4755 ﬁnis
498 4699 724 4754 illorum
763 4714 911 4753 mors
941 4705 1038 4753 est.
1076 4723 1094 4746 ι
1136 4697 1484 4754 Manifestum
1518 4706 1616 4766 est,
1644 4698 1772 4771 quia

170 4791 261 4864 qui
298 4790 445 4845 liber
490 4795 573 4845 est
593 4805 622 4843 a
649 4789 784 4853 Deo,
816 4795 895 4844 est
926 4803 1119 4843 servus
1147 4788 1381 4859 peccati;
1413 4787 1546 4843 dum
1585 4795 1771 4860 peccat

169 4879 338 4948 enim,
389 4877 608 4935 recedit
655 4893 686 4932 a
731 4879 866 4945 Deo,
918 4885 970 4933 et
1018 4864 1085 4932 ﬁt
1128 4878 1230 4934 sub
1282 4885 1521 4949 peccato.
1573 4877 1770 4944 Quales

169 4985 293 5042 ergo
346 4977 484 5026 sunt
535 4967 748 5024 fructus
806 4968 1034 5039 peccati,
1088 4966 1145 5022 in
1199 4967 1400 5040 quibus
1457 4967 1769 5025 conversati

242 5096 358 5169 (56)
395 5097 482 5169 Ita
513 5108 703 5149 omnes
730 5110 858 5169 mss.
888 5112 901 5161 ;
929 5101 1118 5169 contra
1148 5109 1278 5169 vero
1299 5109 1488 5150 omnes
1518 5093 1673 5162 edit.,
1705 5111 1770 5150 ex

171 5164 322 5222 corde
341 5164 720 5238 conﬁteantur
740 5183 754 5232 ;
788 5164 1394 5238 Amerb.,ucon/itentur.

243 5239 361 5309 (57)
396 5235 610 5294 Omnes
639 5235 796 5304 edit.,
847 5236 905 5290 in
950 5236 1136 5305 quibus
1166 5235 1485 5309 addiscentes
1507 5254 1520 5302 ;
1569 5235 1770 5292 melius

175 5306 364 5366 omnes
399 5327 560 5375 mss.,
591 5309 649 5362 in
677 5309 864 5377 quibus
893 5307 1182 5363 conversati
1211 5306 1531 5362 addiscentes
1560 5325 1574 5374 ;
1626 5324 1770 5363 unus

175 5382 495 5447 abdicantes,
529 5379 625 5435 sed
665 5395 831 5450 pravo
852 5395 1032 5434 sensu.

245 5453 362 5524 (58)
396 5454 529 5508 Vet.
565 5447 696 5506 edit.
730 5457 784 5524 et
806 5468 935 5506 mss.
999 5447 1305 5524 nonnulli,_
1329 5447 1449 5504 Nisi
1494 5448 1768 5524 sparsit-iis

175 5519 416 5588 intersit;
474 5525 635 5578 Rom.
690 5522 936 5593 edit.,ac
973 5521 1190 5593 pauculi
1237 5521 1610 5593 etiamgmss,
1665 5519 1769 5593 nisi

177 5597 452 5666 spurcities
482 5594 734 5658 intersit;
764 5592 855 5648 sed
877 5591 988 5648 alii
1007 5610 1138 5648 mss.
1174 5593 1348 5647 multo
1384 5591 1586 5666 plures,
1618 5600 1680 5646 ut
1709 5591 1768 5646 in

176 5665 348 5723 textu.
409 5668 627 5722 Rursus
675 5681 804 5720 vero
837 5681 932 5735 pro
979 5670 1367 5718 sacramentum
1396 5665 1618 5718 multum
1674 5669 1764 5735 est,

177 5745 235 5792 ut
267 5739 322 5793 in
353 5738 494 5794 edit.
530 5745 584 5790 et
610 5753 737 5791 mss.
771 5733 1096 5807 quibusdam
1121 5735 1384 5807 habetur;
1420 5735 1476 5789 in
1492 5735 1615 5790 aliis
1643 5733 1766 5791 cod.

181 5807 394 5881 legitur,
431 5805 819 5867 sacramentum
844 5815 1041 5865 motum
1059 5813 1152 5873 est,
1185 5805 1242 5862 in
1275 5806 1400 5864 aliis
1431 5808 1646 5865 nothum
1673 5812 1764 5864 est.

1877 2004 2045 2060 ﬁnem
2075 2021 2205 2061 vero
2240 2005 2586 2075 habebimus,
2610 2007 2668 2064 id
2713 2017 2816 2079 est,
2861 2010 3096 2079 exitum,
3128 2010 3301 2067 vitam
3330 2025 3468 2083 per-

1877 2101 2095 2166 petuam
2128 2110 2142 2160 ;
2174 2109 2207 2147 a
2257 2100 2432 2149 morte
2483 2094 2632 2150 enim
2691 2093 2816 2164 hac,
2873 2113 3037 2170 quam
3082 2095 3249 2154 ﬁnem
3295 2095 3465 2165 dixit,

1875 2180 2235 2238 transibimus
2250 2181 2318 2237 ad
2344 2182 2517 2238 vitam
2546 2198 2667 2256 quas
2705 2181 2825 2239 sine
2853 2183 2964 2241 ﬁne
2991 2192 3095 2242 est.

1951 2270 2131 2342 (Vers.
2162 2271 2278 2344 23.)
2324 2295 2342 2319 ι
2362 2272 2500 2328 Nam
2529 2287 2736 2330 merces
2755 2273 2963 2346 peccati
2985 2290 3132 2331 mors
3148 2281 3247 2332 est.
3266 2299 3284 2324 ι
3314 2274 3468 2344 Qua-

1877 2368 2023 2417 stum
2079 2363 2285 2433 peccati
2333 2369 2566 2419 mortem
2629 2363 2786 2433 dicit,
2851 2365 2983 2438 quia
3024 2381 3121 2439 per
3179 2374 3463 2439 peccatum

1877 2465 2026 2504 mors
2047 2450 2196 2522 (59);
2237 2467 2300 2507 ac
2318 2465 2414 2524 per
2448 2451 2553 2509 hoc
2599 2452 2692 2526 qui
2739 2453 2806 2509 de
2853 2461 3053 2512 caetero
3093 2454 3370 2514 abstinent
3411 2471 3469 2514 se

1877 2553 1911 2593 a
1955 2539 2212 2610 peccatis,
2242 2539 2577 2612 stipendium
2628 2541 2909 2614 accipiunt
2957 2545 3128 2602 vitam
3187 2553 3467 2614 aeternam,

1888 2627 2019 2699 quia
2039 2627 2135 2699 qui
2163 2644 2274 2684 non
2299 2638 2544 2700 peccant,
2577 2631 2743 2687 alieni
2773 2642 2902 2690 sunt
2942 2649 2974 2690 a
3003 2642 3178 2691 morte
3207 2634 3467 2693 secunda.

1961 2715 2187 2772 «Gratia
2237 2725 2420 2773 autem
2449 2719 2549 2774 Dei
2597 2720 2712 2776 vita
2740 2728 2940 2777 aeterna
2979 2723 3037 2778 in
3081 2723 3301 2780 Christo
3343 2725 3471 2782 Iesu

1877 2804 2116 2860 Domino
2154 2814 2361 2863 nostro.
2392 2833 2412 2856 ι
2468 2809 2621 2865 Sicut
2649 2811 2800 2868 enim
2848 2820 3134 2886 sequentes
3161 2821 3470 2886 peccatum,

1878 2894 2172 2968 acquirunt
2217 2906 2471 2967 mortem,
2517 2899 2595 2955 ita
2644 2910 2699 2957 et
2743 2908 3030 2974 sequentes
3072 2903 3300 2974 gratiam
3346 2903 3471 2974 Dei,

1881 2983 1940 3040 id
1966 2991 2066 3053 est,
2098 2983 2261 3040 ﬁdem
2298 2986 2525 3055 Christi,
2557 3004 2676 3061 quae
2705 2989 2872 3046 donat
2915 2999 3157 3063 peccata,
3191 2990 3473 3050 habebunt

1879 3079 2053 3128 vitam
2083 3082 2341 3130 aeternam
2367 3093 2378 3131 :
2411 3083 2474 3132 ut
2505 3077 2776 3149 gaudeant
2806 3095 2864 3134 se
2883 3079 2951 3134 ad
2973 3088 3188 3152 tempus
3217 3078 3470 3151 dissolvi,

1877 3162 2111 3223 scientes
2139 3179 2195 3218 se
2234 3163 2377 3221 hanc
2425 3163 2595 3222 vitam
2626 3174 3036 3237 consecuturos,
3087 3185 3206 3242 quae
3237 3176 3292 3226 et
3318 3169 3473 3226 omni

1879 3250 2042 3306 taedio
2087 3259 2286 3322 careat,
2334 3261 2388 3310 et
2441 3257 2839 3313 successionem
2882 3273 2993 3313 non
3049 3257 3264 3316 habeat.
3296 3258 3472 3326 Quam

1879 3347 2100 3396 sanctus
2150 3340 2373 3397 Simeon
2419 3351 2705 3416 exoptans,
2749 3345 2908 3418 petiit
2953 3360 3009 3400 se
3058 3344 3191 3403 hinc
3237 3345 3470 3403 dissolvi

1883 3429 2035 3500 (Luc.
2069 3446 2133 3500 ιι,
2155 3431 2270 3503 29),
2293 3439 2356 3487 ut
2383 3433 2488 3488 iret
2505 3435 2560 3489 in
2586 3450 2735 3506 pace,
2759 3433 2818 3490 id
2846 3443 2926 3491 est
2954 3436 3089 3504 vita,
3107 3451 3228 3508 quas
3254 3437 3468 3493 nullam

1879 3519 2084 3590 patitur
2130 3520 2589 3593 inquietudinem.
2640 3525 2712 3580 Et
2759 3522 2864 3580 hoc
2905 3523 3112 3580 donum
3149 3540 3182 3580 a
3221 3525 3334 3581 Deo
3375 3541 3474 3599 per

1880 3605 2158 3665 Christum
2190 3609 2352 3666 nobis
2384 3609 2573 3666 datum
2605 3612 2906 3668 Dominum
2935 3621 3187 3670 nostrum
3215 3620 3468 3685 testatur,

1878 3704 1940 3753 nt
1970 3699 2082 3754 Deo
2134 3699 2279 3755 Patri
2328 3701 2526 3773 gratias
2573 3716 2668 3775 per
2714 3702 2932 3759 nullum
2959 3702 3193 3761 alterum
3223 3702 3332 3761 nisi
3376 3717 3474 3778 per

1879 3787 2085 3846 Filium
2113 3789 2232 3864 ejus
2252 3807 2495 3864 agamus.

2477 3931 2705 3993 CAPUT
2740 3932 2861 3991 VII.

1953 4047 2133 4119 (Vers.
2153 4048 2232 4120 1.)
2259 4071 2278 4094 ι
2315 4049 2401 4104 Αιι
2435 4047 2721 4120 ignoratis,
2738 4047 2974 4106 fratres?
2992 4046 3299 4106 scientibus
3314 4047 3466 4106 enim

1879 4145 2051 4217 legem
2083 4146 2298 4218 loquor.
2329 4171 2346 4194 ι
2393 4145 2462 4202 Ut
2489 4146 2703 4202 animos
2719 4161 2910 4202 eorum
2929 4144 3111 4202 ﬁrmet
3133 4145 3191 4202 in
3219 4144 3472 4204 doctrina

1878 4233 2091 4300 divina,
2129 4234 2383 4307 exemplo
2429 4233 2686 4292 humanae
2731 4235 2866 4308 legis
2911 4235 3120 4304 utitur;
3165 4241 3228 4292 ut
3269 4233 3471 4291 iterum

1877 4345 1974 4406 per
2005 4339 2220 4389 terrena
2248 4330 2470 4389 suadeat
2499 4332 2760 4403 coelestia,
2791 4331 2838 4389 si
2865 4341 2920 4390 et
2946 4349 2979 4389 a
2998 4331 3193 4389 mundi
3222 4339 3473 4390 creatura

1876 4421 2023 4477 Deus
2060 4421 2435 4493 cognoscitur;
2466 4421 2596 4495 quia
2623 4421 2769 4477 enim
2801 4420 2968 4478 unius
2998 4428 3079 4478 est
3119 4429 3317 4489 totum,
3341 4421 3472 4477 licet

1878 4509 2108 4566 diversae
2137 4510 2249 4565 sint
2277 4525 2384 4578 res,
2413 4524 2479 4565 ex
2497 4509 2684 4582 aliqua
2702 4516 2887 4565 tamen
2911 4517 3062 4583 parte
3090 4508 3197 4566 sibi
3227 4509 3468 4565 invicem

1877 4599 2087 4655 similes
2116 4607 2262 4656 sunt.
2303 4598 2497 4655 Sciunt
2530 4614 2657 4670 ergo
2687 4599 2859 4670 legem
2905 4597 3158 4666 Romani,
3190 4597 3321 4669 quia
3355 4609 3468 4651 non

1881 4696 2010 4744 sunt
2028 4687 2249 4744 barbari
2283 4705 2294 4743 :
2320 4687 2415 4744 sed
2444 4685 2980 4759 comprehenderunt
3008 4685 3312 4741 naturalem
3336 4681 3468 4754 jus-

1879 4777 2056 4833 titiam
2088 4777 2284 4849 partim
2313 4793 2383 4832 ex
2421 4792 2497 4844 se,
2535 4777 2732 4848 partim
2789 4792 2856 4831 ex
2886 4774 3126 4831 Graecis:
3168 4788 3296 4828 nam
3320 4771 3467 4845 leges

1879 4866 2140 4924 Romanis
2169 4873 2264 4930 63
2293 4883 2362 4923 ex
2391 4866 2624 4923 Athenis
2647 4866 2866 4937 perlata
2910 4871 3040 4920 sunt
3059 4862 3207 4935 (60),
3239 4862 3385 4920 sicut
3413 4869 3470 4919 et

1878 4964 2081 5022 Graecis
2108 4983 2178 5023 ex
2214 4965 2473 5022 Hebraeis.
2507 4966 2649 5019 Ante
2681 4963 2907 5034 Moysen
2937 4960 3085 5017 enim
3120 4976 3232 5018 non
3263 4960 3466 5019 latebat

1950 5092 2066 5164 (59)
2118 5091 2319 5170 Omnes
2347 5089 2480 5170 edit:
2512 5105 2572 5145 ac
2612 5086 2772 5170 pauci
2823 5104 2980 5170 mss.,
3026 5088 3156 5158 quia
3196 5094 3467 5160 peccatum

1875 5159 2018 5218 mors
2041 5159 2060 5227 ξ
2081 5163 2276 5217 melius
2303 5159 2517 5233 caeteri,
2531 5159 2665 5233 quia
2687 5177 2784 5233 per
2807 5165 3075 5233 peccatum
3102 5159 3265 5233 mors.

1951 5234 2066 5302 (60)
2095 5234 2184 5288 Sic
2222 5248 2412 5287 omnes
2456 5231 2590 5300 edit,
2634 5231 2700 5287 et'
2732 5248 2860 5288 mss.
2913 5231 3151 5303 aliquot:
3186 5231 3283 5286 alii
3329 5247 3463 5303 vero

1877 5301 1994 5384 non
2011 5301 2177 5384 pauci
2201 5303 2340 5384 -haec
2388 5319 2500 5384 prae
2536 5319 2592 5359 se
2621 5302 2805 5384 fer-unt
2829 5321 2859 5384 :_
2882 5301 3088 5384 partim
3133 5319 3198 5356 ea:
3239 5301 3462 5384 Graecis,

1869 5373 2072 5445 partim
2098 5393 2163 5430 ex
2192 5373 2423 5430 Hebrwis
2441 5393 2462 5440 ;
2497 5376 2737 5446 quamvis
2767 5381 2887 5430 ante
2913 5375 3124 5443 Moysen
3152 5389 3256 5446 non
3287 5373 3465 5428 latue-

1877 5443 1952 5500 rit
1980 5448 2064 5501 tea:
2084 5464 2104 5511 ;
2149 5447 2236 5501 sed
2273 5447 2402 5500 ordo
2450 5443 2557 5501 non
2602 5454 2736 5514 erat,
2785 5462 2946 5516 neque
2984 5443 3301 5510 auctoritas;
3332 5460 3464 5516 nam

1879 5518 2001 5587 legis
2054 5518 2183 5572 ordo
2240 5519 2492 5574 Romanis
2544 5535 2608 5572 ea:
2655 5513 2874 5573 Athenis
2905 5516 3144 5587 perlatus
3190 5519 3311 5587 est;
3355 5513 3460 5587 alii

1877 5585 2152 5656 nonnulli,
2189 5589 2388 5660 partim
2434 5607 2498 5644 ex
2532 5589 2746 5656 ercis,
2778 5585 2923 5660 sicut
2950 5589 2997 5640 et
3029 5585 3199 5642 Graeci
3252 5586 3462 5660 exlio-

1877 5657 2365 5732 brwissqu'amvis
2427 5661 2562 5716 enim
2613 5667 2733 5716 ante
2787 5659 3091 5730 Moysen....
3149 5674 3277 5716 nam
3333 5657 3462 5728 teges

1875 5731 2127 5792 Romanis
2141 5731 2211 5790 ex
2238 5733 2454 5791 Athenis
2471 5733 2694 5805 perlata:
2724 5736 2864 5787 sunt.
