3980 6382
539 419 643 476 ιιι

1551 407 1650 462 ΑΙ)
1687 401 1923 462 OPERA
1957 401 2016 457 S.
2056 391 2391 454 AMBROSII
2427 387 2807 448 APPENDIX.

3757 371 3862 437 “2

535 544 654 610 lex,
683 539 779 596 sed
799 537 945 595 ordo
971 553 1087 595 non
1111 544 1244 594 erat.
1277 548 1454 608 neque
1481 529 1801 589 auctoritas.
1831 527 1951 584 Non
1982 525 2132 597 igno-

2250 538 2385 594 llinc
2413 536 2619 594 factum
2651 545 2733 592 est
2767 541 2830 590 ut
2871 548 3062 589 omnes
3102 528 3391 588 credentes
3439 528 3498 584 in
3530 527 3860 596 Christum,

539 631 794 690 rautibus
821 647 949 704 ergo
978 631 1152 702 legem
1181 629 1354 685 dicit:

623 747 643 769 ι
673 721 816 791 Quia
855 723 945 776 lex
992 719 1310 776 dominatur
1354 715 1590 785 homini,
1640 723 1846 787 quanto
1891 721 2132 784 tempore

541 812 706 870 vivit.
749 838 766 860 ι
830 811 952 868 Non
997 817 1080 864 est
1111 811 1388 866 occultum
1427 821 1648 862 omnem
1687 803 1857 860 vitam
1889 800 2135 857 hominis

540 919 658 960 esse
685 901 789 958 sub
820 903 933 971 lege
978 907 1210 967 naturae,
1267 915 1387 972 quin
1443 897 1568 953 data
1609 902 1691 951 est
1737 892 1981 948 mundo:
2015 891 2134 946 haac

543 993 634 1048 lex
679 990 944 1062 generalis
992 997 1092 1044 est.
1133 989 1294 1044 Nunc
1344 1003 1476 1042 vero
1509 984 1672 1040 aliam
1717 981 1975 1055 proponit
2017 996 2132 1052 spe-

539 1079 735 1138 cialem
773 1080 1056 1151 (quamvis
1085 1087 1139 1134 et
1168 1078 1284 1149 ipsa
1313 1075 1580 1148 generalis
1609 1082 1710 1141 est,
1743 1072 1836 1128 sed
1863 1071 1996 1127 dum
2022 1087 2132 1126 non

541 1168 808 1241 recipitur
834 1167 902 1223 ab
947 1167 1228 1230 omnibus,
1257 1165 1320 1220 ﬁt
1361 1163 1663 1236 specialis),
1695 1178 1790 1233 per
1818 1177 1982 1232 quam
2013 1159 2136 1214 vult

542 1257 772 1330 probare
817 1256 1175 1311 assertionem
1224 1271 1378 1310 suam
1415 1271 1429 1320 ;
1497 1250 1763 1323 gradatim
1820 1249 1968 1306 enim
2015 1251 2135 1305 vult

541 1347 756 1404 tradere
786 1347 1094 1402 veritatem.
1123 1344 1270 1401 Dicit
1299 1361 1428 1415 ergo
1455 1362 1466 1398 :

619 1437 800 1508 (Vers.
833 1437 912 1506 2.)
959 1459 976 1480 ι
1006 1437 1141 1492 Nam
1172 1451 1293 1508 qua:
1319 1431 1421 1488 sub
1448 1433 1570 1488 viro
1599 1438 1679 1488 est
1700 1427 1918 1498 mulier,
1946 1431 2133 1487 viven-

543 1534 600 1583 te
628 1526 770 1594 viro,
797 1527 1018 1598 alligata
1061 1533 1145 1582 est
1193 1525 1298 1598 legi
1328 1523 1458 1578 viri.
1490 1549 1508 1571 ι
1561 1523 1689 1578 Haec
1721 1523 1811 1578 lex
1857 1521 1924 1577 de
1954 1522 2132 1577 Evan-

543 1615 687 1688 gelio
715 1621 817 1682 est,
846 1630 959 1669 non
987 1630 1057 1668 ex
1086 1613 1292 1685 Moyse,
1325 1627 1500 1685 neque
1547 1627 1617 1666 ex
1653 1610 1871 1682 justitia
1897 1618 2128 1666 terrena.

540 1703 773 1777 Aliquid
811 1719 959 1776 ergo,
999 1703 1138 1758 duce
1175 1711 1391 1769 natura,
1439 1699 1652 1772 aliquid
1694 1715 1764 1755 ex
1811 1701 1925 1770 lege
1952 1698 2131 1771 Moysi

540 1791 906 1856 addiscentes,
955 1791 1184 1862 perfecti
1249 1790 1380 1847 facti
1448 1796 1578 1844 sunt
1618 1805 1714 1860 per
1765 1789 2129 1860 Evangelium

2241 629 2504 694 eruantur
2532 652 2565 691 a
2592 636 2728 706 lege,
2764 631 2980 689 sublato
3005 637 3247 702 peccato,
3269 627 3399 700 quia
3416 625 3623 682 victum
3660 640 3864 698 pecca-

2241 736 2359 784 tum
2385 723 2525 795 (63),
2557 723 2703 796 quod
2731 729 2814 778 est
2835 720 3112 787 diabolus,
3129 735 3226 790 per
3245 733 3444 789 corpus
3464 714 3709 780 Christi,
3744 730 3862 769 non

2242 816 2408 872 habet
2443 812 2824 870 auctoritatem
2873 810 2932 864 in
2979 825 3070 864 eos
3109 807 3204 879 qui
3259 805 3326 862 ad
3376 805 3532 860 illum
3564 804 3864 876 pertinent

2241 919 2274 958 a
2301 919 2412 975 quo
2440 901 2620 957 victus
2649 906 2749 955 est.
2798 900 2942 954 Dum
2971 895 3121 952 enim
3160 911 3272 951 non
3304 900 3494 966 peccat
3535 899 3591 947 et
3621 889 3861 948 occidi—

2241 998 2334 1046 tur
2389 990 2545 1064 quasi
2600 1004 2745 1056 reus,
2795 987 2932 1044 vicit
2987 994 3268 1058 peccatum
3313 982 3380 1038 de
3433 989 3684 1055 peccato,
3752 980 3864 1037 hoc

2243 1087 2342 1147 est,
2373 1079 2653 1135 diabolum
2684 1076 2906 1148 proprio
2935 1081 3178 1147 peccato,
3213 1071 3366 1146 quod
3409 1072 3466 1126 in
3496 1088 3562 1126 eo
3593 1069 3858 1137 admisit,

2243 1167 2528 1224 damnavit
2554 1184 2564 1222 :
2598 1173 2652 1221 et
2673 1163 3100 1236 chirographum
3148 1161 3296 1236 quod
3326 1169 3546 1234 peccato
3579 1159 3725 1216 Adae
3752 1157 3863 1214 de-

2242 1265 2454 1314 cretum
2485 1265 2619 1324 erat,
2638 1255 2845 1310 delevit
2877 1254 3108 1325 (Cotoss.
3143 1269 3207 1314 ιι,
3247 1249 3336 1320 14)
3367 1267 3378 1304 :
3412 1248 3634 1322 quando
3668 1247 3746 1303 ab
3779 1247 3862 1302 in-

2242 1347 2375 1403 feris
2404 1345 2723 1413 resurrexit,
2755 1345 2883 1400 data
2913 1341 3236 1415 hujusmodi
3279 1341 3457 1396 forma
3489 1337 3863 1396 credentibus

2243 1437 2372 1505 sibi,
2417 1444 2478 1492 ut
2524 1453 2556 1492 a
2603 1443 2778 1491 morte
2817 1433 3056 1490 secunda
3101 1431 3276 1489 teneri
3328 1445 3441 1487 non
3485 1437 3745 1503 possent.
3779 1429 3864 1484 Ac

2241 1541 2338 1598 per
2368 1525 2472 1581 hoc
2501 1524 2706 1580 mortui
2735 1540 2925 1578 sumus
2955 1522 3062 1594 legi
3094 1538 3190 1594 per
3221 1535 3428 1592 corpus
3473 1517 3727 1584 Christi;
3763 1515 3863 1590 qui

2240 1613 2388 1670 enim
2421 1614 2525 1686 legi
2551 1620 2800 1668 mortuus
2847 1627 2961 1667 non
2989 1609 3180 1678 fuerit,
3217 1625 3344 1666 reus
3371 1615 3484 1665 est:
3515 1616 3571 1664 et
3596 1607 3704 1681 qui
3732 1622 3862 1664 reus

2239 1711 2342 1771 est,
2372 1702 2667 1759 secundam
2699 1709 2932 1757 mortem
2966 1698 3197 1756 evadere
3227 1713 3339 1754 non
3372 1705 3568 1770 potest.

2323 1815 2340 1837 ι
2375 1793 2442 1848 Ut
2469 1793 2591 1848 sitis
2631 1791 2860 1847 alterius
2888 1788 2984 1863 qui
3025 1804 3096 1844 ex
3143 1785 3378 1842 mortuis
3426 1784 3769 1853 resurrexit,
3799 1791 3861 1840 ut

539 1880 769 1941 Christi.
823 1881 1084 1954 Sequenti
1139 1898 1266 1952 ergo
1321 1881 1575 1952 exemplo
1641 1877 1880 1950 apertius
1942 1879 2136 1934 suadet
2163 1881 2208 1942 B
2239 1878 2636 1936 fructiﬁcemus
2673 1880 2808 1934 Deo.
2837 1903 2856 1926 ι
2916 1877 3033 1932 Hoc
3077 1874 3236 1943 dicit,
3285 1873 3413 1947 quia
3457 1871 3584 1928 ideo
3631 1879 3860 1943 mortui

541 1969 1026 2028 Christianismum
1057 1978 1285 2026 exutum
1327 1984 1442 2024 esse
1485 1983 1516 2022 a
1545 1969 1659 2040 lege
1699 1967 1990 2036 factorum,
2022 1983 2132 2024 non

542 2057 612 2115 ab
641 2058 796 2114 omni
821 2060 938 2130 lege
962 2077 976 2126 ;
999 2075 1100 2115 nec
1126 2059 1274 2114 ultra
1296 2057 1412 2130 jam
1441 2057 1700 2130 expedire
1720 2074 1836 2114 esse
1861 2056 1964 2114 sub
1994 2059 2130 2128 lege,

540 2162 614 2204 ne
659 2148 888 2220 gratiam
935 2149 1041 2204 Dei
1087 2156 1313 2206 evacuet
1363 2164 1614 2205 reversus
1643 2147 1744 2204 sub
1784 2149 1978 2220 legem,
2005 2149 2134 2222 quia

541 2235 645 2295 Dei
675 2238 848 2310 gratia
879 2237 1135 2294 liberavit
1161 2255 1194 2294 a
1223 2239 1338 2310 lege
1366 2237 1672 2306 hominem,
1718 2246 1780 2294 ut
1823 2238 2044 2310 spiritu,
2077 2237 2134 2294 id

543 2333 627 2383 est
670 2337 873 2395 mente,
905 2327 1108 2385 serviat
1136 2330 1269 2384 Deo.
1301 2327 1453 2384 Sicut
1480 2327 1630 2384 enim
1660 2326 1882 2395 mulier,
1913 2335 2133 2383 mortuo

542 2415 689 2485 viro,
739 2416 969 2473 liberata
1008 2425 1090 2474 est
1131 2434 1163 2474 a
1192 2419 1306 2490 lege
1344 2416 1473 2485 viri,
1511 2433 1623 2472 non
1661 2432 1694 2471 a
1741 2417 1858 2488 lege
1887 2423 2128 2472 naturai:

541 2504 622 2562 ita
650 2515 704 2562 et
753 2506 811 2562 hi
851 2507 946 2579 qui
977 2507 1150 2580 gratia
1193 2507 1292 2564 Dei
1323 2507 1540 2563 liberati
1570 2523 1602 2562 a
1642 2507 1758 2579 lege
1797 2514 1946 2574 sunt,
1977 2523 2010 2561 a
2029 2522 2135 2578 qua

541 2594 874 2652 tenebantur
903 2596 1003 2666 rei,
1036 2604 1097 2653 ut
1125 2605 1340 2654 mortua
1358 2595 1474 2668 (61)
1507 2595 1624 2652 illis
1651 2594 1746 2663 sit,
1779 2602 1840 2651 ut
1870 2593 2133 2652 Christia-

540 2683 724 2740 nismo
758 2682 942 2756 juncti
981 2702 1094 2741 non
1133 2686 1245 2743 sint
1290 2685 1550 2742 adulteri.
1596 2684 1654 2740 Si
1687 2683 1835 2740 enim
1867 2685 1958 2740 lex
1985 2684 2135 2756 apud

540 2771 668 2828 illos
702 2773 864 2842 vivit,
895 2774 1131 2832 adulteri
1162 2783 1312 2845 sunt,
1344 2783 1398 2831 et
1423 2774 1570 2831 nihil
1599 2773 1716 2832 illis
1746 2773 1988 2847 proderit
2022 2773 2136 2830 dici

539 2861 906 2934 Christianos,
947 2867 1078 2938 quia
1108 2866 1340 2923 obnoxii
1385 2875 1547 2922 erunt
1592 2865 1814 2922 ultioni.
1844 2866 1957 2922 Nec
1986 2865 2133 2920 enim

531 2941 676 3024 legis
709 2954 814 3010 erit
857 2953 1092 3023 adulter,
1141 2956 1234 3012 sed
1281 2955 1592 3025 Evangelii,
1623 2955 1718 3026 qui
1766 2962 1982 3010 mortua
2019 2955 2135 3024 lege

535 3037 768 3110 junctus
817 3040 1141 3111 Evangelio,
1184 3049 1308 3112 post
1352 3041 1497 3096 redit
1535 3039 1605 3095 ad
1648 3040 1860 3112 legem;
1921 3047 2138 3094 mortua

538 3129 689 3187 enim
729 3131 821 3186 lex
849 3128 1055 3186 dicitur
1086 3130 1228 3202 (62),
1261 3129 1480 3203 quando
1509 3145 1673 3202 quem
1707 3128 1930 3186 tenebat
1957 3143 2134 3196 reum,

540 3219 796 3292 ignotum
815 3226 898 3277 est
917 3219 990 3290 ei,
1019 3219 1344 3276 auctoritate
1375 3219 1508 3290 legis
1536 3225 1801 3276 cessante.

616 3309 897 3381 (Vers.3.)
935 3309 1128 3378 uQuod
1161 3309 1208 3364 si
1234 3316 1486 3365 mortuus
1501 3307 1673 3364 fuerit
1701 3307 1789 3364 vir
1807 3305 1948 3378 ejus,
1981 3306 2130 3363 libe-

541 3405 661 3454 rata
687 3407 770 3454 est
811 3415 843 3454 a
889 3399 1005 3470 lege
1051 3397 1182 3465 viri,
1220 3405 1282 3454 ut
1323 3414 1433 3455 non
1463 3398 1537 3455 sit
1565 3397 1835 3466 adultera,
1866 3398 1912 3454 si
1936 3395 2134 3470 juncta

539 3485 713 3543 fuerit
739 3487 898 3543 alteri
946 3487 1088 3543 viro.
1121 3512 1140 3534 ι
1200 3486 1414 3544 Sublati
1441 3505 1474 3544 a
1517 3488 1654 3560 lege,
1694 3493 1914 3560 accepta
1942 3485 2132 3542 remis-

541 3573 698 3629 sione
747 3583 1118 3647 peccatorum,
1173 3583 1228 3632 et
1259 3575 1441 3648 juncti
1485 3577 1810 3648 Evangelio,
1844 3591 1957 3631 non
2004 3583 2134 3630 sunt

543 3653 781 3716 adulteri
813 3662 968 3734 legis,
1000 3663 1130 3736 quia
1151 3673 1372 3722 mortua
1403 3665 1548 3738 apud
1577 3665 1704 3721 illos
1732 3672 1832 3721 est.
1865 3664 1922 3720 Si
1949 3673 2132 3720 autem

545 3754 825 3804 servantes
855 3750 1049 3822 legem,
1073 3752 1328 3809 accedere
1349 3770 1406 3811 se
1433 3761 1631 3827 putant
1648 3753 1717 3810 ad
1744 3753 2132 3824 Evangelium,

545 3837 627 3894 rei
665 3845 827 3894 erunt
871 3847 926 3896 et
967 3839 1224 3909 adulteri,
1254 3843 1384 3917 quia
1427 3843 1558 3900 viva
1605 3845 1719 3915 lege
1742 3841 2051 3915 junxerunt
2078 3857 2135 3896 se

546 3927 696 3997 ﬁdei,
727 3939 782 3986 et
811 3938 974 3986 erunt
1002 3931 1060 3986 in
1087 3940 1319 4006 utraque
1356 3933 1612 3990 adulteri.

615 4019 803 4091 (Vers.
826 4019 907 4091 4.)
951 4045 970 4068 ι
999 4023 1208 4097 Itaque,
1235 4023 1434 4081 fratres
1447 4023 1577 4094 mei,
1602 4032 1656 4080 et
1685 4040 1784 4079 vos
1816 4018 2134 4078 mortiﬁcati

547 4107 680 4164 estis
700 4108 806 4181 legi
853 4125 950 4181 per
975 4127 1176 4184 corpus
1219 4113 1444 4171 Christi.
1484 4140 1502 4163 ι
1561 4112 1831 4181 Quoniam
1883 4112 2137 4167 Salvator

548 4202 736 4252 noster
777 4211 976 4268 corpus
1020 4215 1182 4254 suum
1225 4199 1446 4256 diabolo
1491 4198 1813 4272 cruciﬁgere
1863 4199 2132 4272 permisit,

547 4283 726 4340 sciens
753 4301 852 4358 pro
881 4285 1043 4342 nobis
1075 4303 1190 4344 esse
1222 4297 1278 4344 et
1318 4296 1511 4345 contra
1551 4289 1711 4344 illum
1749 4307 1763 4356 ;
1805 4287 2012 4346 idcirco
2041 4304 2138 4360 per

545 4385 744 4444 corpus
787 4371 993 4430 Christi
1023 4377 1204 4434 salvos
1247 4393 1348 4434 nos
1398 4377 1535 4434 dicit
1571 4378 1761 4434 factos.
1801 4377 1940 4434 Mori
1989 4377 2136 4433 enim

547 4459 655 4532 legi
683 4462 796 4518 Deo
826 4463 1013 4521 vivere
1043 4473 1142 4534 est,
1183 4467 1312 4540 quia
1353 4469 1444 4523 lex
1471 4467 1791 4524 dominatur
1826 4468 2138 4540 peccatori-

543 4547 668 4655 bus.
718 4549 990 4655 Cui'e‘rgo
1028 4554 1388 4654 dimittuntur
1442 4564 1682 4630 peccata,
1730 4557 1964 4612 moritur
2008 4557 2133 4630 legi,
2165 4596 2214 4655 Β

543 4637 652 4696 hoc
694 4649 796 4724 est,
839 4639 1062 4698 liberari
1105 4661 1136 4700 a
1165 4646 1298 4717 lege.
1331 4647 1518 4720 Itaque
1551 4663 1646 4719 per
1687 4662 1885 4720 corpus
1928 4646 2136 4704 Christi

543 4725 650 4785 hoc
694 4731 1088 4804 consequimur
1141 4734 1470 4792 beneﬁcium
1508 4755 1522 4804 ;
1569 4736 1786 4793 tradens
1825 4737 1975 4793 enim
2017 4753 2132 4792 cor-

543 4831 646 4888 pus
690 4835 851 4876 suum
907 4821 1176 4893 Salvator,
1227 4832 1456 4881 mortem
1528 4825 1682 4894 vicit,
1743 4833 1796 4881 et
1851 4833 2134 4898 peccatum

544 4902 848 4965 damnavit.
912 4913 976 4966 In
1024 4913 1144 4985 ipso
1191 4915 1340 4971 enim
1383 4914 1631 4988 peccavit
1683 4913 1958 4982 diabolus,
2006 4931 2133 4972 cum

545 4992 707 5050 illum
750 4998 1099 5056 innocentem
1145 5003 1368 5072 occidit,
1433 5004 1527 5078 qui
1571 5012 1861 5076 peccatum
1905 5003 2134 5060 omnino

542 5084 814 5153 nesciret;
852 5102 978 5143 cum
1006 5089 1154 5146 enim
1175 5093 1455 5150 hominem
1477 5092 1583 5150 sibi
1606 5093 1814 5167 peccati
1861 5109 2023 5150 causa
2043 5092 2131 5148 de-

540 5172 809 5244 fenderet,
842 5175 1102 5236 inventus
1125 5187 1206 5236 est
1233 5180 1292 5238 in
1321 5199 1386 5239 eo
1413 5199 1558 5254 reus,
1589 5183 1648 5240 in
1681 5200 1790 5258 quo
1819 5181 2128 5240 accusabat.

620 5373 738 5448 (61)
783 5377 912 5434 Mss.
959 5375 1190 5452 aliquot,
1239 5380 1450 5438 liberati
1493 5397 1529 5436 ιι
1575 5382 1676 5451 lege
1719 5397 1827 5435 non
1854 5387 2009 5436 erant
2036 5380 2130 5436 sub

535 5449 658 5523 illa,
687 5465 722 5501 a
749 5465 856 5519 qua
887 5449 1191 5506 tenebantur
1215 5453 1314 5522 rei,
1346 5469 1436 5508 nec
1461 5454 1610 5508 ultra
1623 5449 1879 5523 expedire
1906 5469 2010 5508 esse
2035 5453 2131 5508 sub

541 5522 664 5592 lege,
679 5526 764 5592 Aut
782 5527 1033 5592 (mortem,
1064 5531 1168 5581 etc.

611 5589 726 5670 (62)
753 5591 920 5670 [idem
975 5589 1123 5670 cod.,
1168 5596 1385 5670 Mortua
1432 5593 1569 5648 enim
1613 5594 1696 5648 (ea:
1751 5595 1966 5664 dicitur,
2015 5611 2132 5651 cum

533 5667 838 5734 cessatejas
865 5667 1176 5723 auctoritas.
1220 5667 1278 5722 Si
1306 5671 1480 5720 autem
1516 5672 1778 5734 mortuus,
1803 5673 1907 5722 etc.

609 5733 728 5803 (63)
760 5733 887 5791 Mss.
921 5735 1113 5807 Carn.,
1157 5739 1293 5808 quid
1313 5737 1546 5793 vinctum
1581 5733 2002 5809 peccatum....a
2031 5753 2133 5808 quo

2241 1985 2432 2024 sumus
2455 1967 2583 2040 legi,
2608 1975 2670 2023 ut
2689 1967 2756 2023 de
2784 1975 2980 2022 caetero
3011 1963 3218 2022 Christi
3243 1963 3419 2019 simus
3451 1960 3601 2018 servi
3631 1961 3854 2017 solius:

2241 2065 2296 2113 et
2325 2056 2429 2112 hoc
2456 2055 2562 2112 erit
2598 2054 2934 2112 fructiﬁcare
2968 2054 3100 2108 Deo.
3149 2051 3488 2124 Acquiritur
3523 2049 3681 2106 enim
3716 2051 3854 2119 Deo,

2241 2143 2338 2216 qui
2401 2143 2461 2198 in
2523 2143 2698 2216 gratia
2743 2141 2862 2213 ejus
2917 2147 3121 2208 manet,
3187 2139 3394 2212 dignus
3443 2138 3856 2198 resurrectione

2241 2231 2533 2305 promissa.

2315 2321 2499 2392 (Vers.
2530 2321 2613 2392 5.)
2657 2344 2677 2368 ι
2707 2320 2845 2378 Cum
2874 2319 3024 2375 enim
3051 2333 3296 2374 essemus
3328 2317 3388 2374 in
3420 2334 3608 2376 carne.
3640 2344 3662 2368 ι
3711 2318 3853 2376 Cum

2242 2410 2302 2467 in
2331 2427 2493 2467 carne
2535 2409 2629 2478 sit,
2672 2417 2756 2466 est
2781 2409 2930 2466 enim
2962 2408 3022 2464 in
3049 2422 3301 2479 corpore,
3343 2416 3504 2480 negat
3554 2423 3612 2464 se
3641 2423 3770 2464 esse
3796 2407 3852 2462 in

2240 2513 2436 2555 carne:
2478 2498 2607 2571 quia
2655 2497 2748 2554 hic
2775 2497 2984 2554 dicitur
3010 2512 3126 2552 esse
3173 2495 3232 2551 in
3275 2513 3461 2566 carne,
3504 2497 3600 2570 qni
3629 2495 3850 2570 aliquid

2242 2587 2512 2659 sequitur,
2537 2586 2686 2660 quod
2718 2587 2834 2658 lege
2864 2585 3208 2658 prohibetur.
3248 2585 3423 2658 Igitur
3451 2585 3508 2642 in
3537 2601 3708 2644 carne
3736 2602 3852 2643 esse

2243 2676 2547 2734 multifarie
2584 2675 2916 2750 intelligitur
2951 2695 2964 2733 :
3012 2692 3140 2732 nam
3183 2676 3368 2732 omnis
3410 2675 3742 2733 incredulus
3789 2677 3848 2733 in

2243 2782 2405 2824 carne
2434 2773 2536 2835 est,
2568 2765 2625 2822 id
2677 2773 2778 2834 est,
2824 2763 3080 2833 carnalis,
3123 2773 3178 2820 et
3207 2762 3555 2821 Christianus
3592 2761 3704 2819 sub
3737 2763 3852 2834 lege

2246 2853 2440 2910 vivens
2469 2854 2528 2909 in
2558 2869 2719 2910 carne
2749 2861 2829 2908 est
2859 2871 2872 2908 :
2918 2860 2973 2909 et
3004 2851 3111 2925 qui
3157 2851 3227 2907 de
3274 2849 3596 2907 hominibus
3627 2849 3848 2924 aliquid

2243 2953 2444 3017 sperat,
2469 2945 2528 3001 in
2559 2961 2721 3002 carne
2736 2953 2818 3001 est
2841 2963 2853 3001 :
2878 2955 2932 3002 et
2951 2945 3048 3019 qui
3079 2945 3219 3000 male
3235 2942 3498 3016 intelligit
3528 2941 3846 3011 Christum,

2245 3034 2303 3088 in
2359 3050 2523 3090 carne
2551 3043 2674 3102 est;
2730 3043 2785 3090 et
2837 3035 2884 3091 si
2931 3034 3056 3106 quis
3104 3032 3452 3091 Christianus
3498 3031 3847 3088 luxuriosam

2245 3119 2410 3176 habet
2438 3121 2633 3190 vitam,
2679 3121 2738 3176 in
2766 3137 2928 3177 carne
2973 3129 3074 3177 est.
3107 3126 3207 3183 64
3251 3121 3366 3177 Hoc
3416 3130 3596 3176 tamen
3632 3120 3764 3178 loco
3792 3120 3848 3176 in

2169 3240 2214 3300 ο
2244 3235 2406 3277 carne
2460 3235 2576 3275 esse
2629 3219 2710 3276 sic
2757 3219 3146 3290 intelligemus,
3205 3218 3337 3291 quia
3395 3225 3522 3274 ante
3565 3217 3738 3276 ﬁdem
3786 3217 3842 3272 in

2244 3325 2406 3367 carne
2449 3325 2695 3376 eramus;
2748 3307 2850 3364 sub
2878 3314 3100 3380 peccato
3133 3307 3282 3363 enim
3330 3307 3680 3377 vivebamus,
3733 3307 3840 3364 hoc

2243 3406 2344 3467 est,
2391 3399 2632 3454 carnales
2669 3413 2860 3454 sensus
2921 3403 3227 3470 sequentes,
3278 3396 3430 3452 vitiis
3495 3403 3549 3453 et
3597 3396 3842 3468 peccatis

2240 3488 2674 3560 subjacebamus.
2723 3488 2928 3544 Sensus
2961 3495 3146 3544 autem
3191 3487 3373 3544 carnis
3414 3494 3516 3556 est,
3565 3503 3684 3544 non
3715 3503 3843 3545 cre-

2243 3577 2370 3635 dere
2403 3577 2694 3651 spiritalia,
2735 3577 2795 3634 id
2841 3586 2943 3646 est,
2987 3576 3106 3633 sine
3147 3576 3540 3634 commistione
3581 3577 3698 3633 viri
3729 3575 3840 3632 vir-

2242 3666 2424 3739 ginem
2457 3666 2750 3739 peperisse,
2800 3673 2854 3722 et
2881 3682 2950 3722 ex
3007 3680 3150 3738 aqua
3191 3672 3246 3721 et
3277 3664 3491 3737 Spiritu
3518 3673 3714 3722 sancto
3744 3663 3840 3720 ho-

2243 3756 2449 3813 minem
2490 3755 2672 3812 denuo
2712 3755 2882 3824 nasci,
2923 3763 2979 3812 et
3019 3755 3256 3812 solutam
3305 3755 3546 3812 animam
3581 3773 3613 3814 a
3639 3753 3841 3828 copula

2243 3845 2424 3902 carnis
2467 3861 2656 3901 rursus
2694 3845 2752 3901 in
2785 3860 2948 3902 carne
2989 3860 3287 3918 resurgere.
3316 3846 3396 3902 De
3426 3843 3514 3901 his
3555 3843 3838 3910 difﬁdens,

2243 3933 2302 3988 in
2329 3949 2491 3990 carne
2518 3941 2635 4001 est;
2665 3933 2798 3990 hinc
2825 3951 2836 3990 :

2328 4045 2346 4067 σ
2369 4020 2540 4090 Vitia,
2569 4021 2666 4090 ait,
2712 4030 3080 4094 peccatorum,
3130 4038 3251 4094 quas
3299 4038 3394 4094 per
3439 4022 3612 4094 legem
3653 4027 3836 4076 osten-

2245 4109 2473 4178 duntur,
2504 4110 2872 4182 operabantur
2894 4110 2952 4165 in
2994 4109 3256 4166 membris
3285 4111 3509 4179 nostris,
3537 4117 3599 4166 ut
3627 4107 3837 4166 fructi-

2245 4195 2472 4254 ﬁcarent
2493 4198 2680 4254 morti.
2715 4225 2734 4248 ι
2776 4198 3129 4256 Manifestum
3145 4205 3228 4254 est
3255 4198 3386 4272 quia
3403 4197 3498 4272 qui
3528 4214 3640 4254 non
3660 4195 3836 4257 credit

2245 4287 2348 4343 sub
2395 4295 2615 4358 peccato
2673 4286 2806 4359 agit,
2863 4295 2918 4344 et
2973 4287 3227 4360 captivus
3279 4287 3520 4344 trahitur
3571 4287 3641 4344 ad
3697 4285 3835 4342 vitia

2245 4374 2616 4432 admittenda:
2653 4383 2715 4432 ut
2748 4376 2991 4434 fructum
3032 4377 3200 4434 faciat
3228 4377 3394 4434 morti
3422 4377 3704 4434 secundae:
3738 4377 3833 4431 lu—

2245 4479 2398 4522 crum
2447 4463 2593 4520 enim
2634 4473 2766 4522 tunc
2832 4465 2966 4522 facit
3021 4481 3190 4533 mors,
3239 4481 3365 4545 cum
3423 4475 3704 4538 peccatur.
3770 4465 3832 4520 In

2246 4553 2508 4610 membris
2553 4563 2736 4612 tamen
2786 4555 2926 4612 dicit
2978 4554 3115 4611 vitia
3162 4555 3376 4630 operari
3436 4556 3576 4629 (64),
3634 4572 3748 4612 non
3772 4554 3829 4610 in

2243 4659 2491 4716 corpore,
2523 4660 2591 4699 ne
2620 4644 2834 4701 occasio
2872 4651 3012 4700 esset
3047 4644 3190 4700 male
3219 4644 3582 4701 tractantibus
3601 4658 3827 4716 corpus;

2241 4731 2372 4806 quia
2426 4733 2485 4788 in
2536 4733 2861 4806 maliloquio
2917 4733 3106 4805 lingua
3159 4733 3428 4805 arguitur,
3476 4743 3530 4790 et
3587 4735 3646 4790 in
3682 4734 3828 4789 furto

2241 4841 2438 4880 manus
2485 4823 2802 4896 corripitur,
2853 4831 2906 4878 et
2938 4823 3006 4879 ἂι
3053 4823 3436 4881 dissimulante
3463 4841 3621 4882 aures
3660 4825 3828 4882 incre-

2241 4921 2462 4986 pantur,
2507 4920 2562 4970 et
2601 4913 2680 4968 ita
2720 4911 2780 4968 in
2823 4912 3052 4981 caeteris,
3097 4931 3215 4987 quae
3262 4915 3514 4988 quamvis
3556 4915 3624 4972 de
3670 4911 3828 4971 corde

2241 5011 2457 5070 exeant,
2488 5002 2728 5059 Domino
2757 5001 2814 5058 in
2831 5001 3134 5074 Evangelio
3159 5010 3449 5060 attestante
3473 5003 3588 5076 (65)
3615 5001 3822 5076 (Matth.

2239 5109 2336 5163 xv,
2391 5094 2503 5166 18),
2549 5093 2923 5150 membrorum
2979 5103 3163 5152 tamen
3200 5093 3510 5152 ministerio
3539 5095 3828 5168 explentur

2239 5182 2514 5254 operibus.
2548 5183 2860 5257 Disputatio
2888 5183 3007 5243 haec
3037 5184 3211 5258 tangit
3250 5183 3489 5256 Iudaeos,
3528 5191 3582 5241 et
3612 5199 3704 5242 eos
3733 5175 3823 5256 qui

2238 5379 2442 5435 vinctus
2461 5385 2552 5436 est.

2312 5451 2622 5534 (64).C.orb.
2679 5449 2972 5534 cod.,_cum
3007 5455 3258 5522 peccatur
3306 5450 3366 5506 in
3392 5451 3657 5512 membris.
3693 5450 3821 5510 Sane

2235 5521 2369 5580 vitia
2398 5521 2525 5578 dicit
2551 5521 2784 5592 operari,
2803 5530 2905 5578 etc.

2313 5595 2429 5664 (65)
2461 5591 2688 5665 Domino
2732 5592 2790 5647 in
2845 5595 3133 5665 Evangelia
3178 5600 3472 5665 attestante,
3521 5597 3704 5655 aberat
3755 5591 3818 5649 ab

2237 5663 2370 5746 edit.
2403 5663 2680 5746 Omnibus,
2711 5672 2766 5720 et
2802 5681 2932 5746 mss.
2966 5663 3288 5724 nonnullis:
3321 5667 3418 5726 sed
3449 5683 3518 5727 ex
3547 5669 3671 5728 aliis
3692 5665 3820 5742 plu—
3881 5725 3892 5739 ο

2237 5736 2393 5795 ribus
2421 5736 2736 5794 restitutum
2768 5743 2870 5794 est.
