3980 6390
176 489 271 545 113

1261 482 1623 542 COMMENT.
1664 482 1737 539 IN
1771 480 1989 538 EPIST.
2032 483 2126 538 AD
2164 480 2331 539 ROM.

3352 483 3454 543 114

171 609 460 669 Christiani
504 608 789 678 dicuntur,
832 616 888 666 et
932 607 1033 665 sub
1060 607 1177 680 lege
1201 607 1399 663 volunt
1425 607 1629 680 vigere,
1687 613 1752 663 ut
1776 609 1828 669 A
1857 591 2097 660 ostendit
2158 605 2305 661 enim
2352 613 2406 661 et
2435 621 2556 679 quae
2610 604 2852 662 latebant
2915 613 3156 678 peccata,
3213 615 3267 663 et
3319 607 3453 680 quia

169 698 430 757 discentes
458 700 704 756 carnales
730 715 786 756 se
836 713 969 766 esse,
1022 695 1274 753 recedant
1330 712 1362 751 a
1407 696 1542 768 lege.
1596 696 1750 753 Vitia
1855 695 2078 766 impune
2118 694 2301 750 futura
2330 712 2441 751 non
2488 702 2669 752 essent
2700 694 2845 767 apud
2889 696 3086 751 Deum.
3130 695 3250 762 Quo
3286 713 3448 752 com-

169 797 345 845 tamen
400 797 747 861 peccatorum
784 803 903 860 qua:
946 785 1220 843 dominari
1250 785 1308 841 in
1337 801 1499 841 carne
1525 784 1747 858 agenti-

166 880 267 937 bus
321 879 477 948 dicit,
513 896 609 953 per
661 880 833 952 legem
864 878 1100 946 ostendi,
1132 893 1243 933 non
1274 893 1368 949 per
1406 876 1577 949 legem
1626 876 1745 932 ﬁeri

166 968 529 1036 demonstrat;
565 968 728 1024 index
782 968 930 1023 enim
960 966 1166 1040 peccati
1194 966 1284 1023 lex
1311 973 1412 1035 est,
1437 981 1549 1022 non
1586 963 1748 1037 geni-

166 1056 300 1122 trix,
329 1073 448 1113 reos
475 1056 685 1113 faciens
714 1064 1044 1129 peccatores.

236 1145 413 1217 (Vers.
456 1145 537 1217 6.)
612 1171 629 1193 ι
662 1146 820 1202 Nunc
866 1152 1049 1200 autem
1083 1142 1251 1199 soluti
1302 1158 1494 1198 sumus
1540 1157 1573 1196 a
1630 1142 1746 1214 lege

165 1234 372 1300 mortis,
409 1233 467 1289 in
497 1250 605 1307 qua
632 1234 1033 1291 detinebamur.
1065 1259 1084 1282 ι
1128 1234 1305 1290 Soluti
1334 1247 1522 1289 sumus
1549 1247 1581 1286 a
1606 1232 1743 1303 lege,

162 1321 290 1377 dum
320 1321 697 1379 remissionem
727 1332 1074 1395 peccatorum
1097 1325 1407 1396 accepimus
1436 1338 1577 1389 ;uon
1594 1321 1743 1376 enim

156 1407 265 1480 jam
319 1408 482 1466 habet
536 1411 595 1467 in
666 1428 766 1469 nos
820 1419 1163 1484 potestatem,
1234 1410 1421 1467 inﬁdis
1487 1411 1634 1466 enim
1690 1418 1746 1466 et

162 1498 532 1570 peccatoribus
593 1499 933 1558 dominatur.
988 1501 1101 1557 Lex
1152 1508 1334 1557 autem
1391 1501 1586 1556 mortis
1619 1499 1743 1555 ideo

161 1585 304 1644 dicta
338 1596 439 1657 est,
470 1589 601 1662 quia
620 1592 783 1663 punit
812 1608 968 1659 reos;
1000 1590 1296 1647 mortiﬁcat
1330 1600 1511 1646 autem
1540 1606 1742 1661 pecca-

160 1682 328 1731 tores:
359 1692 473 1733 uon
502 1694 631 1752 ergo
653 1680 797 1735 mala
823 1687 924 1749 est,
974 1679 1069 1737 sed
1099 1678 1268 1752 justa.
1303 1678 1565 1746 Quamvis
1592 1678 1742 1734 enim

160 1764 359 1820 malum
414 1766 489 1822 sit
534 1766 892 1839 patientibus,
950 1768 1097 1841 quod
1140 1767 1377 1823 infertur
1422 1784 1454 1822 a
1480 1766 1617 1839 lege,
1647 1766 1742 1823 sed

157 1851 250 1909 illa
275 1870 387 1910 non
442 1863 527 1910 est
555 1857 720 1922 mala,
775 1856 905 1930 quia
950 1855 1098 1928 juste
1128 1857 1296 1912 infert
1350 1856 1508 1911 iram.
1556 1857 1743 1928 Itaque

1851 791 2024 855 perto,
2076 783 2243 840 homo
2290 785 2465 841 factus
2505 792 2586 839 est
2636 800 2780 851 reus,
2830 793 2885 841 et
2922 784 3046 840 ideo
3088 801 3199 840 non
3227 785 3447 843 videtur

1854 874 2053 945 gratias
2085 890 2240 946 agere
2282 875 2406 947 legi.
2436 874 2571 942 Quis
2615 874 2763 929 enim
2792 874 3029 931 libenter
3075 874 3274 932 habeat
3295 892 3447 946 eum,

1853 962 1948 1034 qui
1979 962 2085 1018 sibi
2124 979 2340 1035 poenam
2388 963 2677 1019 imminere
2706 964 3048 1019 annuntiat?
3078 964 3208 1035 Legi
3262 971 3445 1020 autem

1853 1048 1979 1105 ﬁdei
2022 1051 2223 1123 gratias
2255 1053 2386 1123 agit,
2429 1052 2559 1125 quia
2598 1053 2691 1124 qui
2735 1068 2832 1124 per
2880 1053 3057 1125 legem
3113 1052 3291 1124 Moysi
3321 1068 3446 1109 reus

1852 1139 2027 1195 factus
2060 1148 2161 1209 est,
2212 1157 2306 1212 per
2356 1142 2530 1212 legem
2585 1140 2714 1196 ﬁdei
2742 1141 3127 1197 reconciliatus
3157 1149 3239 1198 est
3287 1143 3441 1198 Deo:

1849 1229 2101 1301 quamvis
2130 1236 2184 1284 et
2227 1229 2321 1284 illa
2344 1228 2491 1301 justa
2522 1237 2577 1285 et
2604 1229 2749 1285 bona
2776 1231 2883 1296 sit;
2918 1230 3205 1286 ostendere
3233 1230 3442 1286 etenim

1850 1316 2149 1373 imminens
2198 1319 2527 1390 periculum,
2581 1318 2789 1375 bonum
2818 1328 2917 1376 est.
2956 1319 3060 1375 Sed
3089 1319 3224 1375 huic
3269 1319 3443 1391 magis

1854 1407 2054 1479 gratias
2083 1407 2215 1479 agit,
2247 1423 2342 1479 per
2366 1423 2527 1480 quem
2558 1417 2775 1480 ereptus
2806 1408 2874 1465 de
2903 1408 3147 1481 periculo
3177 1408 3339 1463 vivit.

1932 1500 2027 1557 85
2096 1520 2113 1543 ι
2142 1497 2278 1552 Nam
2327 1505 2381 1552 et
2433 1498 2935 1568 concupiscentiam
2967 1496 3298 1565 nesciebam,
3330 1496 3439 1553 nisi

1851 1591 1942 1645 lex
1972 1591 2177 1647 diceret
2206 1616 2223 1638 ι
2276 1591 2335 1646 in
2363 1593 2592 1649 Exodo:
2651 1617 2669 1639 ι
2696 1594 2819 1649 Non
2849 1592 3200 1664 concupisces
3232 1592 3435 1663 (Exod.

1850 1696 1907 1747 x,
1958 1680 2070 1749 17).
2104 1704 2121 1725 ι
2184 1681 2303 1736 Non
2358 1680 2621 1736 discrevit
2673 1681 3174 1753 concupiscentiam
3220 1679 3364 1736 hanc
3406 1697 3439 1736 a

1848 1774 2090 1840 peccato,
2140 1767 2234 1823 sed
2290 1767 2534 1833 miscuit,
2589 1769 2696 1825 hoc
2742 1770 3078 1841 signiﬁcans,
3135 1768 3265 1841 quia
3307 1785 3436 1825 cum

1849 1872 1950 1913 nec
2001 1857 2241 1928 suspicio
2296 1857 2517 1930 quidem
2547 1865 2687 1913 esset
2719 1858 2865 1915 istud
2915 1874 3027 1913 non
3082 1857 3246 1914 licere
3290 1857 3436 1929 apud

156 1956 261 1997 non
306 1943 456 1999 mala
480 1952 563 2000 est
616 1945 1015 2017 peccatoribus,
1059 1945 1153 2001 sed
1176 1944 1346 2017 justa,
1393 1944 1553 2001 bonis
1607 1961 1740 2001 vero
1767 1967 1815 2027 Β
1846 1946 2043 2014 Deum,
2071 1946 2323 2018 cognovi,
2384 1947 2587 2017 inquit,
2638 1963 2752 2002 esse
2803 1954 3110 2018 peccatum.
3165 1946 3279 2002 Sub
3335 1962 3436 2008 sua

154 2029 413 2103 spiritalis
442 2040 542 2089 est.
575 2032 711 2101 Quis
740 2034 911 2091 °enim
942 2034 1157 2091 dubitet
1185 2036 1429 2108 spiritale
1457 2052 1571 2093 esse
1600 2051 1742 2107 pro-

154 2117 337 2176 hibere
392 2122 662 2192 peccare?
724 2122 829 2179 Sed
885 2124 1015 2197 quia
1069 2123 1175 2180 hoc
1240 2141 1351 2180 non
1398 2125 1597 2197 potuit,
1678 2134 1742 2183 ut

152 2209 382 2266 salvaret
442 2209 723 2267 hominem
782 2212 1113 2269 remittendo
1167 2222 1407 2286 peccata,
1462 2216 1554 2271 lex
1608 2214 1739 2270 ﬁdei

150 2295 271 2352 data
313 2304 415 2365 est,
449 2314 569 2371 quae
623 2298 905 2357 credentes
934 2300 1190 2357 liberaret
1234 2318 1267 2357 a
1295 2301 1544 2359 dominio
1581 2304 1737 2375 legis,

152 2390 209 2440 ut
235 2394 458 2456 possent
513 2403 763 2459 reparare
791 2405 848 2445 se
897 2389 966 2446 ad
995 2390 1189 2456 vitam,
1238 2407 1374 2464 quos
1402 2391 1493 2448 lex
1521 2393 1741 2451 tenebat

150 2489 265 2530 reos
301 2474 371 2531 ad
424 2484 677 2534 mortem.
709 2478 847 2551 Ipsis
878 2480 1025 2536 enim
1057 2480 1147 2537 lex
1180 2482 1375 2538 mortis
1405 2490 1506 2551 est,
1536 2484 1739 2557 quibus

150 2569 281 2617 iram
320 2572 583 2635 operatur
611 2582 776 2623 causa
801 2569 1028 2641 peccati.

230 2674 250 2699 α
284 2651 365 2707 Ita
394 2660 457 2708 ut
502 2654 807 2712 serviamus
853 2656 910 2712 in
938 2656 1187 2715 novitate
1231 2658 1479 2732 spiritus,
1519 2667 1574 2716 et
1626 2676 1739 2717 non

151 2739 206 2795 in
248 2750 520 2801 vetustate
567 2745 786 2803 litteras.
825 2771 843 2793 ι
905 2747 1010 2805 Hic
1039 2748 1211 2821 legem
1241 2757 1463 2820 tangere
1494 2758 1736 2822 putatur,

151 2846 307 2903 quam
338 2832 563 2904 quidem
593 2834 661 2890 ad
682 2835 1148 2907 comparationem
1178 2838 1313 2910 legis
1339 2837 1468 2894 ﬁdei
1501 2838 1739 2895 inferio-

151 2935 259 2976 rem
290 2921 449 2991 facit,
492 2938 605 2979 non
634 2930 824 2980 tamen
857 2925 1147 2981 inimicam
1190 2926 1422 2999 judicat.
1451 2928 1585 2983 Nam
1616 2927 1740 2985 ideo

151 3006 281 3065 dicit
318 3026 423 3066 nos
454 3018 641 3067 erutos
686 3027 719 3067 a
781 3014 898 3086 lege
945 3014 1162 3083 mortis,
1192 3023 1255 3071 ut
1299 3016 1604 3072 serviamus
1631 3017 1739 3090 legi

151 3094 294 3165 ﬁdei,
324 3114 449 3170 quae
485 3098 647 3155 nobis
692 3101 1011 3172 praesidium
1039 3103 1277 3159 contulit
1302 3104 1561 3173 salutare,
1592 3107 1739 3179 quod

151 3194 305 3244 vetus
340 3189 435 3244 lex
459 3206 571 3245 non
602 3191 780 3263 potuit
808 3210 819 3247 :
851 3207 920 3246 ne
950 3193 1136 3263 gratire
1164 3192 1493 3250 beneﬁcium
1525 3195 1739 3253 inanire

1846 2050 2075 2107 persona
2121 2035 2275 2107 quasi
2304 2035 2609 2106 generalem
2655 2034 2766 2107 agit
2812 2051 3052 2090 causam.
3086 2034 3202 2090 Lex
3250 2034 3436 2106 itaque

1848 2122 2350 2194 concupiscentiam
2414 2122 2694 2194 prohibet,
2753 2138 2873 2195 quae
2948 2129 3236 2195 propterea
3287 2122 3437 2195 quod

1848 2210 2247 2267 oblectamento
2300 2219 2401 2279 est,
2447 2227 2556 2266 non
2613 2210 2906 2283 putabatur
2954 2226 3069 2266 esse
3126 2218 3433 2282 peccatum.

1848 2300 2094 2374 Simplex
2144 2301 2290 2356 enim
2331 2301 2622 2358 videbatur
2660 2318 2841 2370 causa,
2887 2300 3275 2373 concupiscere
3319 2301 3434 2357 ali-

1847 2390 1981 2464 quid
2010 2390 2271 2463 proximi,
2303 2392 2409 2448 hoc
2455 2399 2637 2448 autem
2668 2392 2758 2447 lex
2803 2390 3048 2463 prodidit
3077 2407 3192 2447 esse
3233 2406 3436 2463 pecca-

1847 2488 2002 2537 tum:
2060 2480 2414 2539 saecularibus
2464 2497 2700 2555 namque
2760 2479 3082 2536 hominibus
3130 2479 3275 2535 nihil
3323 2489 3437 2536 tam

1847 2570 2088 2626 inultum
2116 2571 2238 2643 (67)
2275 2570 2496 2626 videtur
2539 2578 2592 2626 et
2620 2569 2916 2641 placidum,
2948 2585 3113 2642 quam
3162 2570 3435 2641 voluptas.

1922 2661 2104 2733 (Vers.
2149 2662 2230 2732 8.)
2302 2686 2319 2708 ι
2354 2661 2651 2717 Occasione
2692 2677 2822 2733 ergo
2863 2668 3101 2732 accepta,
3151 2666 3435 2732 peccatum

1849 2764 1947 2820 per
1990 2748 2308 2805 mandatum
2340 2755 2621 2820 operatum
2650 2756 2731 2803 est
2767 2746 2825 2801 in
2857 2763 2943 2802 me
2965 2761 3183 2801 omnem
3222 2760 3437 2802 concu-

1848 2837 2191 2910 piscentiam.
2225 2864 2243 2884 ι
2286 2837 2518 2894 Omnem
2549 2836 2736 2892 dicens
2755 2835 3278 2908 concupiscentiam,
3304 2851 3436 2892 cun-

1847 2935 1934 2984 cta
1962 2934 2181 2999 peccata
2208 2925 2499 2998 signiﬁcat.
2530 2925 2703 2997 Supra
2731 2923 2881 2979 enim
2926 2923 3431 2994 concupiscentiam

1840 3014 2003 3086 juxta
2031 3016 2202 3086 legem
2232 3024 2519 3082 memorat,
2549 3013 2639 3070 cui
2669 3029 2818 3070 nunc
2845 3021 3040 3070 caatera
3055 3011 3259 3067 addens
3274 3012 3434 3081 vitia,

1847 3121 2065 3161 omnem
2095 3105 2240 3161 dixit
2280 3103 2781 3177 concupiscentiam
2810 3111 3089 3175 operatam
3122 3102 3178 3157 in
3209 3102 3437 3158 homine

1847 3194 2092 3266 impulsu
2121 3194 2350 3261 diaboli,
2381 3209 2544 3266 quem
2588 3194 2644 3248 in
2673 3200 2898 3265 peccato
2925 3190 3197 3263 signiﬁcat
3220 3210 3253 3259 ;·
3287 3199 3351 3247 ut
3378 3190 3437 3246 in

151 3275 457 3347 videamur,
507 3278 611 3351 legi
658 3280 830 3335 veteri
876 3280 1195 3337 servientes.
1251 3283 1365 3339 Lex
1413 3293 1571 3340 vetus
1625 3302 1739 3342 non
1771 3304 1814 3365 ρ
1849 3284 2185 3344 contrarium
2244 3284 2399 3340 ﬁeret
2451 3281 2665 3338 homini
2712 3282 2823 3349 lex,
2868 3296 2988 3353 qua:
3044 3279 3169 3335 data
3200 3286 3336 3347 erat,
3374 3287 3439 3335 ut

152 3364 402 3421 criminis
451 3366 645 3440 utique
684 3384 884 3424 nomen
910 3378 1012 3438 est,
1044 3370 1136 3426 sed
1182 3373 1446 3444 temporis
1474 3373 1561 3427 vel
1600 3383 1740 3429 aeta-

150 3450 252 3520 tis;
283 3453 470 3509 senuit
498 3454 670 3522 enim,
700 3455 829 3527 quia
867 3457 1122 3512 cessavit.
1154 3457 1265 3514 Lex
1293 3466 1475 3515 autem
1505 3459 1740 3532 spiritus

150 3538 261 3611 ipsa
304 3549 388 3597 est
438 3543 529 3598 lex
573 3541 724 3611 ﬁdei,
786 3543 915 3617 quia
962 3543 1098 3600 ﬁdes
1149 3544 1209 3600 in
1264 3546 1448 3603 animo
1505 3558 1607 3616 est,
1639 3566 1742 3608 nec

150 3628 407 3700 operibus
431 3629 764 3699 addiscitur,
817 3631 912 3687 sed
950 3632 1114 3690 corde
1154 3635 1426 3692 creditur:
1485 3645 1539 3693 et
1587 3655 1741 3696 meus

151 3713 261 3788 ipsa
307 3717 580 3790 intelligit
631 3727 839 3777 naturae
878 3738 989 3778 suae
1020 3738 1134 3779 esse
1189 3723 1337 3796 quod
1391 3725 1585 3796 credit,
1641 3744 1741 3786 nec

151 3806 321 3861 oculis
347 3806 616 3875 cernitur,
643 3816 738 3864 aut
765 3808 1021 3867 manibus
1049 3811 1303 3883 palpatur
1330 3832 1342 3870 :
1377 3822 1431 3870 et
1459 3830 1578 3887 quae
1608 3833 1740 3889 spe—

153 3904 340 3952 rantur
390 3897 557 3966 doua,
592 3916 703 3956 non
752 3901 999 3958 visibilia
1049 3911 1198 3972 sunt,
1233 3920 1335 3960 nec
1361 3912 1599 3976 terrena,
1645 3906 1740 3963 sed

153 3987 438 4059 spiritalia.
480 3989 653 4045 Vetus
678 4006 806 4065 ergo
835 3992 926 4047 lex
952 3992 1008 4048 in
1037 3993 1243 4051 tabulis
1265 3994 1495 4066 lapideis
1523 3996 1741 4053 forma-

156 4083 205 4131 ta
237 4080 355 4132 est:
403 4078 498 4133 lex
525 4087 706 4135 autem
738 4082 966 4154 spiritus
990 4082 1047 4139 in
1077 4083 1284 4140 tabulis
1312 4084 1493 4141 cordis
1521 4086 1739 4158 spirita-

155 4162 273 4220 liter
318 4166 611 4236 scribitur,
640 4176 702 4225 ut
731 4170 803 4226 sit
848 4178 1084 4228 aeterna:
1147 4172 1332 4229 littera
1376 4180 1557 4229 autem
1605 4175 1740 4246 legis

156 4255 346 4311 veteris
387 4263 549 4312 aetate
588 4259 956 4316 consumitur.
987 4262 1087 4317 Est
1115 4269 1170 4318 et
1218 4263 1327 4319 alia
1359 4262 1739 4336 interpretatio

156 4339 281 4415 legis
332 4345 584 4417 spiritus,
642 4356 705 4403 ut
751 4347 881 4419 quia
926 4348 1077 4420 prior
1128 4350 1219 4406 lex
1265 4350 1333 4406 ab
1380 4368 1540 4424 opere
1595 4354 1740 4409 malo

158 4429 392 4488 inhibuit
430 4434 574 4506 (66),
603 4434 721 4492 haec
744 4443 949 4504 autem,
984 4454 1109 4494 cum
1138 4454 1240 4494 nec
1267 4438 1326 4494 in
1356 4440 1519 4496 corde
1545 4457 1737 4512 pecca-

159 4534 210 4574 re
234 4519 427 4579 debere
472 4523 629 4592 dicit,
665 4524 756 4579 lex
784 4524 1011 4596 spiritus
1042 4535 1293 4595 vocatur,
1336 4537 1398 4585 ut
1425 4536 1602 4586 totum
1629 4529 1741 4585 ho-

159 4606 350 4665 minem
380 4611 551 4669 faciat
577 4612 899 4684 spiritalem.

224 4698 400 4770 (Vers.
433 4700 517 4773 7.)
580 4725 598 4748 ι
627 4700 772 4770 Quid
820 4718 948 4775 ergo
990 4701 1274 4760 dicemus?
1301 4705 1414 4760 Lex
1461 4716 1741 4778 peccatum

161 4787 273 4845 est?
302 4789 481 4847 Absit.
518 4815 536 4838 ι
581 4791 852 4859 Quoniam
886 4793 1058 4864 legem
1102 4794 1295 4851 mortis
1333 4794 1476 4853 hanc
1503 4795 1662 4865 dicit,
1688 4805 1743 4854 et

161 4883 332 4934 erutos
357 4895 459 4936 nos
504 4878 573 4935 ab
598 4896 661 4935 ea
712 4881 1032 4952 gratulatur,
1065 4892 1119 4940 et
1164 4883 1222 4939 in
1268 4884 1363 4940 illa
1392 4885 1505 4941 Deo
1535 4886 1741 4941 servire

160 4975 325 5039 negat,
371 4987 440 5028 ne
484 4970 734 5043 iniquam
780 4971 923 5028 hanc
981 4987 1218 5031 asserere
1278 4981 1582 5046 putaretur,
1637 4973 1742 5032 hoc

162 5065 358 5129 purgat,
388 5059 679 5121 cum.dicit
703 5077 715 5115 :
754 5060 926 5116 Absit.

240 5170 259 5192 ι
294 5146 398 5203 Sed
440 5157 727 5221 peccatum
756 5164 869 5204 non
905 5148 1161 5219 cognovi,
1193 5148 1301 5205 nisi
1328 5166 1424 5223 per
1469 5152 1665 5224 legem.
1707 5176 1726 5199 ι

168 5231 275 5291 Non
316 5253 446 5311 ergo
490 5244 777 5311 peccatum
824 5243 908 5293 est
954 5236 1064 5305 lex,
1121 5236 1217 5293 sed
1268 5238 1436 5295 iudex
1483 5238 1738 5312 peccati;

235 5435 342 5511 (66)
370 5440 500 5513 Mss.
544 5425 781 5513 aliquot:
822 5439 1036 5513 Littera:
1060 5446 1324 5501 autem...
1369 5457 1744 5497 consumman-

173 5508 268 5562 tur.
278 5551 289 5563 .
300 5553 311 5564 .
322 5508 328 5511 ⁷
341 5511 406 5567 ab
434 5528 621 5568 errore
638 5508 797 5567 'malo
825 5511 1070 5568 inhibuit.

238 5578 346 5652 (67)
380 5583 532 5657 Edit.
564 5582 817 5657 quadam
852 5583 1049 5650 Paris,
1078 5583 1214 5640 nihil
1243 5590 1413 5640 tamen
1422 5584 1740 5655 jucundum.

173 5645 285 5727 Νορ
296 5645 436 5727 satis
463 5645 607 5727 apte'.

236 5721 344 5805 (68)
374 5726 454 5782 Ita
482 5721 1033 5805 vet._edit.a_quibus
1052 5724 1171 5805 hoc
1199 5726 1316 5805 solo
1340 5726 1562 5783 recessit
1581 5728 1741 5784 Rom.

177 5793 331 5861 quod’
358 5812 520 5856 voces
564 5795 675 5858 alio
729 5793 922 5857 ordine
984 5797 1313 5860 collocavit:
1373 5816 1505 5859 mss.
1562 5807 1745 5860 autem

1770 4658 1821 4717 D

1852 3375 2150 3447 prodesset.
2178 3373 2387 3429 Videus
2406 3372 2554 3427 enim
2580 3369 2832 3426 diabolus
2850 3368 3122 3423 auxilium
3140 3384 3235 3439 per
3263 3368 3436 3439 legem

1852 3464 2135 3535 provisum
2169 3462 2407 3530 homini,
2438 3476 2599 3533 quem
2628 3459 2687 3513 in
2730 3456 3044 3514 conditione
3069 3472 3126 3511 se
3155 3464 3266 3511 tam
3297 3471 3436 3526 pro-

1852 3560 1974 3624 pter
2018 3560 2299 3623 peccatum
2349 3548 2501 3616 Adae,
2552 3564 2715 3620 quam
2746 3552 2967 3619 propter
3015 3543 3187 3615 ipsius
3236 3541 3438 3599 habere

1852 3640 2225 3712 gratulabatur
2255 3637 2396 3709 (68),
2435 3635 2712 3692 intellexit
2756 3635 2963 3690 factum
3009 3631 3301 3687 adversum
3355 3648 3434 3687 se.

1849 3724 2020 3791 Quem
2050 3723 2198 3777 enim
2226 3722 2368 3778 vidit
2392 3721 2597 3777 factum
2638 3719 2740 3776 sub
2770 3720 2906 3793 lege,
2937 3737 3037 3792 pro
3065 3727 3214 3775 certo
3243 3718 3440 3776 habuit

1851 3812 1918 3868 de
1947 3829 2047 3867 suo
2088 3812 2365 3867 sublatum
2420 3808 2706 3877 dominio;
2762 3816 3059 3881 agnoverat
3086 3809 3235 3864 enim
3261 3808 3429 3865 homo

1851 3898 2127 3973 quomodo
2181 3916 2397 3972 pmnam
2452 3898 2657 3954 inferni
2708 3897 2979 3954 evaderet.
3039 3896 3183 3952 Hinc
3233 3894 3439 3952 exarsit

1850 3988 2136 4044 iracundia
2163 3987 2426 4045 adversus
2450 3986 2754 4053 hominem,
2793 3993 2856 4041 ut
2882 3985 2966 4041 illi
2998 3986 3169 4056 legem
3204 3985 3437 4041 inverte-

1850 4086 1964 4144 ret;
2005 4085 2069 4132 ut
2115 4076 2421 4149 prohibitas
2453 4074 2814 4143 admittendo,
2850 4076 3023 4130 Deum
3052 4090 3241 4129 rursus
3269 4073 3436 4130 oﬁ'en-

1849 4165 2021 4234 deret,
2039 4173 2093 4221 et
2121 4166 2300 4232 denuo
2322 4167 2380 4221 in
2401 4172 2722 4238 potestatem
2751 4161 2958 4219 diaboli
2986 4161 3233 4219 caderet-
3253 4161 3434 4233 Coepit

1850 4270 1962 4310 non
2008 4255 2291 4326 imperare,
2341 4254 2435 4310 sed
2488 4253 2768 4310 subtiliter
2811 4252 3037 4317 fallere;
3086 4250 3348 4323 quoniam
3378 4249 3438 4305 in

1849 4344 1965 4415 lege
1990 4342 2116 4399 data
2142 4344 2329 4399 amisit
2372 4343 2683 4399 dominium
2722 4340 2992 4415 diabolus,
3025 4338 3439 4411 scieusﬁhomi-

1851 4448 1973 4488 nem
2006 4432 2074 4489 ad
2102 4432 2202 4489 Dei
2226 4431 2500 4503 judicium
2528 4432 2595 4487 de
2618 4438 2813 4487 caetero
2834 4430 3128 4502 pertinere.

1936 4546 1954 4567 σ
1984 4521 2113 4578 Sine
2140 4522 2256 4593 lege
2284 4521 2429 4576 enim
2470 4528 2751 4593 peccatum
2797 4527 3075 4575 mortuum
3101 4526 3234 4574 erat.
3260 4543 3278 4563 ι
3322 4517 3439 4572 Hoc

1851 4609 2059 4683 duplici
2088 4627 2279 4682 genere
2310 4610 2725 4681 intelligendum
2756 4617 2857 4678 est,
2884 4615 2948 4663 ut
2985 4614 3039 4662 et
3066 4605 3347 4661 diabolum
3377 4603 3437 4659 in

1852 4715 2072 4780 peccato
2107 4708 2247 4765 scias
2279 4706 2671 4779 signiﬁcatum,
2711 4715 2765 4763 et
2808 4705 2914 4761 hoc
2941 4704 3121 4775 ipsum
3150 4707 3434 4771 peccatum

1850 4796 1996 4868 quod
2016 4804 2244 4853 vocatur
2262 4806 2564 4868 peccatum.
2591 4796 2837 4850 Mortuus
2862 4790 3009 4846 enim
3043 4788 3248 4844 dicitur
3268 4787 3438 4843 fuisse

1848 4882 2099 4939 diabolus
2146 4884 2303 4955 (69);
2357 4884 2485 4956 quia
2518 4881 2759 4938 cessabat
2786 4878 2854 4933 ab
2906 4876 3163 4933 illusioue
3194 4874 3437 4932 hominis

1848 4978 1974 5027 ante
2000 4972 2192 5043 legem,
2242 4971 2335 5027 sed
2382 4978 2496 5027 erat
2525 4969 2679 5041 quasi
2718 4965 2968 5039 quietus;
3020 4980 3244 5021 securus
3284 4964 3435 5020 enim

1848 5068 1965 5117 erat
1990 5060 2058 5116 de
2086 5060 2425 5133 possessione
2453 5056 2589 5128 ejus.
2617 5056 2906 5112 Peccatum
2932 5061 3113 5109 autem
3146 5060 3430 5109 mortuum

1845 5164 1961 5206 esse
1999 5148 2163 5217 dixit,
2196 5148 2323 5220 quia
2377 5146 2670 5218 putabatur
2724 5142 2871 5217 quod
2915 5158 3027 5198 non
3057 5142 3436 5214 imputaretur

1850 5238 1993 5312 apud
2039 5239 2250 5303 Deum;
2296 5235 2418 5291 ideo
2452 5233 2595 5307 apud
2635 5233 2919 5291 hominem
2967 5240 3249 5287 mortuum
3296 5237 3433 5296 erat,

1850 5441 2047 5514 majori
2071 5456 2320 5509 numero,
2348 5457 2500 5514 quem
2529 5438 2584 5493 in
2605 5436 2900 5514 conditione
2927 5451 2979 5514 se
3002 5430 3283 5514 (nonnulli
3310 5432 3435 5514 suo)

1846 5503 2064 5586 prdpter
2105 5503 2373 5584 peccaturi
2411 5512 2544 5567 Adw
2597 5510 2784 5565 habere
2815 5503 3280 5634 dqr‘atulabantur:
3340 5503 3437 5582 alii

1854 5601 2002 5634 vero-
2034 5583 2160 5634 licet
2186 5582 2452 5634 corrupti.
2490 5581 2663 5634 magis
2689 5580 2757 5634 ad
2785 5596 2812 5634 e
2854 5585 2916 5634 ιι.
2953 5573 3221 5632 accedunt
3249 5573 3435 5630 lectio-

1854 5573 2003 5653 verb,
2033 5573 2160 5641 licet
2186 5582 2453 5655 corrupti,
2490 5581 2663 5653 magis
2689 5580 2757 5635 ad
2785 5573 2916 5635 edit.
2953 5573 3221 5632 accedunt
3249 5573 3435 5630 lectio-

1852 5672 2001 5723 nem,
2037 5672 2198 5728 quam
2222 5654 2541 5728 retinemus.

1927 5719 2227 5799 (69)'Rom.
2258 5726 2415 5799 edit.,
2440 5732 2489 5799 et
2514 5725 2606 5799 hoc
2634 5723 2806 5799 ipsum
2826 5719 2974 5799 quod
2996 5724 3214 5776 uocatur
3234 5732 3433 5790 pecca-

1854 5790 1980 5857 tum.
1999 5790 2242 5859 Mortuus
2268 5790 2409 5854 enim
2433 5790 2699 5853 dicebatur
2726 5790 2987 5849 diabolus.
