  <div class='ocr_page' id='page_1' title='image "/cluster/home/n/w/nwhite01/storage/ocr_20150623/17/umn.31951002477311b/065.png"; bbox 0 0 3980 6428; ppageno 0'>
   <div class='ocr_carea' id='block_1_1' title="bbox 539 453 641 513">
    <p class='ocr_par' dir='ltr' id='par_1_1' title="bbox 539 453 641 513">
     <span class='ocr_line' id='line_1_1' title="bbox 539 453 641 513; baseline -0.039 0"><span class='ocrx_word' id='word_1_1' title='bbox 539 453 641 513; x_wconf 75' lang='grc'><strong>115</strong></span> 
     </span>
    </p>
   </div>
   <div class='ocr_carea' id='block_1_2' title="bbox 1541 450 2807 509">
    <p class='ocr_par' dir='ltr' id='par_1_2' title="bbox 1541 450 2807 509">
     <span class='ocr_line' id='line_1_2' title="bbox 1541 450 2807 509; baseline -0.003 -1"><span class='ocrx_word' id='word_1_2' title='bbox 1541 453 1638 508; x_wconf 83' lang='lat' dir='ltr'><strong>AD</strong></span> <span class='ocrx_word' id='word_1_3' title='bbox 1679 450 1914 508; x_wconf 82' lang='lat' dir='ltr'><strong>OPERA</strong></span> <span class='ocrx_word' id='word_1_4' title='bbox 1953 451 2008 507; x_wconf 90' lang='lat' dir='ltr'><strong>S.</strong></span> <span class='ocrx_word' id='word_1_5' title='bbox 2050 450 2388 509; x_wconf 81' lang='lat' dir='ltr'><strong>AMBROSII</strong></span> <span class='ocrx_word' id='word_1_6' title='bbox 2427 450 2807 508; x_wconf 78' lang='lat' dir='ltr'><strong>APPENDIX.</strong></span> 
     </span>
    </p>
   </div>
   <div class='ocr_carea' id='block_1_3' title="bbox 3767 447 3863 504">
    <p class='ocr_par' dir='ltr' id='par_1_3' title="bbox 3767 447 3863 504">
     <span class='ocr_line' id='line_1_3' title="bbox 3767 447 3863 504; baseline 0.031 -3"><span class='ocrx_word' id='word_1_7' title='bbox 3767 447 3863 504; x_wconf 83' lang='grc'><strong>116</strong></span> 
     </span>
    </p>
   </div>
   <div class='ocr_carea' id='block_1_4' title="bbox 534 571 3850 652">
    <p class='ocr_par' dir='ltr' id='par_1_4' title="bbox 534 571 3850 652">
     <span class='ocr_line' id='line_1_4' title="bbox 534 571 3850 652; baseline -0.003 -18"><span class='ocrx_word' id='word_1_8' title='bbox 534 575 693 652; x_wconf 83' lang='lat' dir='ltr'><strong>quasi</strong></span> <span class='ocrx_word' id='word_1_9' title='bbox 722 576 953 648; x_wconf 85' lang='lat' dir='ltr'><strong>impune</strong></span> <span class='ocrx_word' id='word_1_10' title='bbox 981 582 1323 649; x_wconf 69' lang='lat' dir='ltr'><strong>peccaretur.</strong></span> <span class='ocrx_word' id='word_1_11' title='bbox 1364 575 1502 634; x_wconf 88' lang='lat' dir='ltr'><strong>Nam</strong></span> <span class='ocrx_word' id='word_1_12' title='bbox 1556 593 1666 634; x_wconf 89' lang='lat' dir='ltr'><strong>non</strong></span> <span class='ocrx_word' id='word_1_13' title='bbox 1706 576 1906 633; x_wconf 79' lang='lat' dir='ltr'><strong>latebat</strong></span> <span class='ocrx_word' id='word_1_14' title='bbox 1934 593 2131 648; x_wconf 51' lang='lat' dir='ltr'><strong>pecca-</strong></span> <span class='ocrx_word' id='word_1_15' title='bbox 2165 579 2217 638; x_wconf 79' lang='grc' dir='ltr'>Α</span> <span class='ocrx_word' id='word_1_16' title='bbox 2246 577 2330 634; x_wconf 92' lang='lat' dir='ltr'><strong>vis</strong></span> <span class='ocrx_word' id='word_1_17' title='bbox 2342 577 2410 632; x_wconf 93' lang='lat' dir='ltr'><strong>ad</strong></span> <span class='ocrx_word' id='word_1_18' title='bbox 2427 578 2595 633; x_wconf 87' lang='lat' dir='ltr'><strong>vitam</strong></span> <span class='ocrx_word' id='word_1_19' title='bbox 2615 577 2826 644; x_wconf 90' lang='lat' dir='ltr'><strong>venire,</strong></span> <span class='ocrx_word' id='word_1_20' title='bbox 2844 591 3002 631; x_wconf 85' lang='lat' dir='ltr'><strong>serva</strong></span> <span class='ocrx_word' id='word_1_21' title='bbox 3028 573 3516 645; x_wconf 76' lang='lat' dir='ltr'><strong>mandata(Matth.</strong></span> <span class='ocrx_word' id='word_1_22' title='bbox 3543 589 3676 639; x_wconf 78' lang='lat' dir='ltr'><strong>xix,</strong></span> <span class='ocrx_word' id='word_1_23' title='bbox 3701 571 3816 642; x_wconf 87' lang='grc'><strong>17).</strong></span> <span class='ocrx_word' id='word_1_24' title='bbox 3834 594 3850 617; x_wconf 79' lang='grc' dir='ltr'>ι</span> 
     </span>
    </p>
   </div>
   <div class='ocr_carea' id='block_1_5' title="bbox 537 664 2138 740">
    <p class='ocr_par' dir='ltr' id='par_1_5' title="bbox 537 664 2138 740">
     <span class='ocr_line' id='line_1_5' title="bbox 537 664 2138 740; baseline 0.001 -16"><span class='ocrx_word' id='word_1_25' title='bbox 537 675 678 735; x_wconf 93' lang='lat' dir='ltr'><strong>tum,</strong></span> <span class='ocrx_word' id='word_1_26' title='bbox 721 665 866 724; x_wconf 80' lang='lat' dir='ltr'><strong>sicut</strong></span> <span class='ocrx_word' id='word_1_27' title='bbox 895 681 1062 738; x_wconf 86' lang='lat' dir='ltr'><strong>supra</strong></span> <span class='ocrx_word' id='word_1_28' title='bbox 1087 664 1249 721; x_wconf 88' lang='lat' dir='ltr'><strong>dixi:</strong></span> <span class='ocrx_word' id='word_1_29' title='bbox 1308 665 1404 721; x_wconf 89' lang='lat' dir='ltr'><strong>sed</strong></span> <span class='ocrx_word' id='word_1_30' title='bbox 1448 665 1806 738; x_wconf 78' lang='lat' dir='ltr'><strong>ignorabatur</strong></span> <span class='ocrx_word' id='word_1_31' title='bbox 1850 666 1975 735; x_wconf 90' lang='lat' dir='ltr'><strong>hoc,</strong></span> <span class='ocrx_word' id='word_1_32' title='bbox 2007 669 2138 740; x_wconf 88' lang='lat' dir='ltr'><strong>quia</strong></span> 
     </span>
    </p>
   </div>
   <div class='ocr_carea' id='block_1_6' title="bbox 538 753 2136 828">
    <p class='ocr_par' dir='ltr' id='par_1_6' title="bbox 538 753 2136 828">
     <span class='ocr_line' id='line_1_6' title="bbox 538 753 2136 828; baseline -0.001 -14"><span class='ocrx_word' id='word_1_33' title='bbox 538 757 688 814; x_wconf 85' lang='lat' dir='ltr'><strong>Deus</strong></span> <span class='ocrx_word' id='word_1_34' title='bbox 722 753 1077 828; x_wconf 88' lang='lat' dir='ltr'><strong>judicaturus</strong></span> <span class='ocrx_word' id='word_1_35' title='bbox 1118 760 1219 810; x_wconf 90' lang='lat' dir='ltr'><strong>est.</strong></span> <span class='ocrx_word' id='word_1_36' title='bbox 1273 753 1430 821; x_wconf 86' lang='lat' dir='ltr'><strong>Quod</strong></span> <span class='ocrx_word' id='word_1_37' title='bbox 1475 771 1601 810; x_wconf 92' lang='lat' dir='ltr'><strong>cum</strong></span> <span class='ocrx_word' id='word_1_38' title='bbox 1630 754 1757 810; x_wconf 88' lang='lat' dir='ltr'><strong>data</strong></span> <span class='ocrx_word' id='word_1_39' title='bbox 1784 756 1900 827; x_wconf 90' lang='lat' dir='ltr'><strong>lege</strong></span> <span class='ocrx_word' id='word_1_40' title='bbox 1950 757 2136 812; x_wconf 89' lang='lat' dir='ltr'><strong>mani-</strong></span> 
     </span>
    </p>
   </div>
   <div class='ocr_carea' id='block_1_7' title="bbox 540 847 2135 919">
    <p class='ocr_par' dir='ltr' id='par_1_7' title="bbox 540 847 2135 919">
     <span class='ocr_line' id='line_1_7' title="bbox 540 847 2135 919; baseline -0.003 -9"><span class='ocrx_word' id='word_1_41' title='bbox 540 849 743 916; x_wconf 77' lang='lat' dir='ltr'><strong>festum</strong></span> <span class='ocrx_word' id='word_1_42' title='bbox 771 856 854 904; x_wconf 87' lang='lat' dir='ltr'><strong>est</strong></span> <span class='ocrx_word' id='word_1_43' title='bbox 902 847 1171 906; x_wconf 76' lang='lat' dir='ltr'><strong>revixisse</strong></span> <span class='ocrx_word' id='word_1_44' title='bbox 1223 854 1527 919; x_wconf 89' lang='lat' dir='ltr'><strong>peccatum.</strong></span> <span class='ocrx_word' id='word_1_45' title='bbox 1560 849 1736 915; x_wconf 89' lang='lat' dir='ltr'><strong>Quare</strong></span> <span class='ocrx_word' id='word_1_46' title='bbox 1770 850 1995 918; x_wconf 81' lang='lat' dir='ltr'><strong>revixit,</strong></span> <span class='ocrx_word' id='word_1_47' title='bbox 2028 851 2135 906; x_wconf 88' lang='lat' dir='ltr'><strong>nisi</strong></span> 
     </span>
    </p>
   </div>
   <div class='ocr_carea' id='block_1_8' title="bbox 542 935 2138 1013">
    <p class='ocr_par' dir='ltr' id='par_1_8' title="bbox 542 935 2138 1013">
     <span class='ocr_line' id='line_1_8' title="bbox 542 935 2138 1013; baseline 0.001 -18"><span class='ocrx_word' id='word_1_48' title='bbox 542 938 672 1013; x_wconf 83' lang='lat' dir='ltr'><strong>quia</strong></span> <span class='ocrx_word' id='word_1_49' title='bbox 697 945 824 994; x_wconf 84' lang='lat' dir='ltr'><strong>ante</strong></span> <span class='ocrx_word' id='word_1_50' title='bbox 853 935 1088 1004; x_wconf 77' lang='lat' dir='ltr'><strong>vixerat,</strong></span> <span class='ocrx_word' id='word_1_51' title='bbox 1119 943 1173 992; x_wconf 90' lang='lat' dir='ltr'><strong>et</strong></span> <span class='ocrx_word' id='word_1_52' title='bbox 1203 943 1390 1007; x_wconf 87' lang='lat' dir='ltr'><strong>postea</strong></span> <span class='ocrx_word' id='word_1_53' title='bbox 1419 935 1632 993; x_wconf 84' lang='lat' dir='ltr'><strong>desidia</strong></span> <span class='ocrx_word' id='word_1_54' title='bbox 1656 937 1945 996; x_wconf 87' lang='lat' dir='ltr'><strong>hominum</strong></span> <span class='ocrx_word' id='word_1_55' title='bbox 1977 956 2138 995; x_wconf 91' lang='lat' dir='ltr'><strong>mor-</strong></span> 
     </span>
    </p>
   </div>
   <div class='ocr_carea' id='block_1_9' title="bbox 540 1025 2132 1094">
    <p class='ocr_par' dir='ltr' id='par_1_9' title="bbox 540 1025 2132 1094">
     <span class='ocr_line' id='line_1_9' title="bbox 540 1025 2132 1094; baseline -0.001 -7"><span class='ocrx_word' id='word_1_56' title='bbox 540 1035 701 1088; x_wconf 80' lang='lat' dir='ltr'><strong>tuum</strong></span> <span class='ocrx_word' id='word_1_57' title='bbox 729 1025 1059 1085; x_wconf 72' lang='lat' dir='ltr'><strong>aestimatum</strong></span> <span class='ocrx_word' id='word_1_58' title='bbox 1080 1034 1184 1094; x_wconf 90' lang='lat' dir='ltr'><strong>est,</strong></span> <span class='ocrx_word' id='word_1_59' title='bbox 1214 1042 1342 1083; x_wconf 90' lang='lat' dir='ltr'><strong>cum</strong></span> <span class='ocrx_word' id='word_1_60' title='bbox 1375 1025 1589 1082; x_wconf 80' lang='lat' dir='ltr'><strong>viveret</strong></span> <span class='ocrx_word' id='word_1_61' title='bbox 1606 1027 1633 1083; x_wconf 77' lang='lat'><strong>?</strong></span> <span class='ocrx_word' id='word_1_62' title='bbox 1662 1028 1960 1085; x_wconf 89' lang='lat' dir='ltr'><strong>Putabatur</strong></span> <span class='ocrx_word' id='word_1_63' title='bbox 1984 1030 2132 1085; x_wconf 91' lang='lat' dir='ltr'><strong>enim</strong></span> 
     </span>
    </p>
   </div>
   <div class='ocr_carea' id='block_1_10' title="bbox 540 1114 2136 1189">
    <p class='ocr_par' dir='ltr' id='par_1_10' title="bbox 540 1114 2136 1189">
     <span class='ocr_line' id='line_1_10' title="bbox 540 1114 2136 1189; baseline 0.001 -15"><span class='ocrx_word' id='word_1_64' title='bbox 540 1131 655 1175; x_wconf 89' lang='lat' dir='ltr'><strong>non</strong></span> <span class='ocrx_word' id='word_1_65' title='bbox 704 1114 964 1189; x_wconf 75' lang='lat' dir='ltr'><strong>imputari</strong></span> <span class='ocrx_word' id='word_1_66' title='bbox 995 1121 1298 1187; x_wconf 89' lang='lat' dir='ltr'><strong>peccatum,</strong></span> <span class='ocrx_word' id='word_1_67' title='bbox 1349 1130 1477 1171; x_wconf 88' lang='lat' dir='ltr'><strong>cum</strong></span> <span class='ocrx_word' id='word_1_68' title='bbox 1507 1114 1891 1188; x_wconf 81' lang='lat' dir='ltr'><strong>imputaretur.</strong></span> <span class='ocrx_word' id='word_1_69' title='bbox 1925 1119 2136 1176; x_wconf 85' lang='lat' dir='ltr'><strong>Vivens</strong></span> 
     </span>
    </p>
   </div>
   <div class='ocr_carea' id='block_1_11' title="bbox 543 1203 1388 1279">
    <p class='ocr_par' dir='ltr' id='par_1_11' title="bbox 543 1203 1388 1279">
     <span class='ocr_line' id='line_1_11' title="bbox 543 1203 1388 1279; baseline -0.006 -15"><span class='ocrx_word' id='word_1_70' title='bbox 543 1222 670 1279; x_wconf 89' lang='lat' dir='ltr'><strong>ergo</strong></span> <span class='ocrx_word' id='word_1_71' title='bbox 689 1221 789 1278; x_wconf 88' lang='lat' dir='ltr'><strong>pro</strong></span> <span class='ocrx_word' id='word_1_72' title='bbox 810 1213 1032 1262; x_wconf 91' lang='lat' dir='ltr'><strong>mortuo</strong></span> <span class='ocrx_word' id='word_1_73' title='bbox 1063 1203 1388 1262; x_wconf 90' lang='lat' dir='ltr'><strong>habebatur.</strong></span> 
     </span>
    </p>
   </div>
   <div class='ocr_carea' id='block_1_12' title="bbox 611 1292 2136 1368">
    <p class='ocr_par' dir='ltr' id='par_1_12' title="bbox 611 1292 2136 1368">
     <span class='ocr_line' id='line_1_12' title="bbox 611 1292 2136 1368; baseline 0 -16"><span class='ocrx_word' id='word_1_74' title='bbox 611 1294 796 1366; x_wconf 75' lang='lat' dir='ltr'><strong>(Vera.</strong></span> <span class='ocrx_word' id='word_1_75' title='bbox 826 1293 912 1364; x_wconf 80' lang='lat'><strong>9.)</strong></span> <span class='ocrx_word' id='word_1_76' title='bbox 984 1315 1003 1342; x_wconf 76' lang='grc' dir='ltr'>ι</span> <span class='ocrx_word' id='word_1_77' title='bbox 1032 1293 1148 1365; x_wconf 89' lang='lat' dir='ltr'><strong>Ego</strong></span> <span class='ocrx_word' id='word_1_78' title='bbox 1180 1300 1364 1350; x_wconf 90' lang='lat' dir='ltr'><strong>autem</strong></span> <span class='ocrx_word' id='word_1_79' title='bbox 1413 1292 1672 1350; x_wconf 89' lang='lat' dir='ltr'><strong>vivebam</strong></span> <span class='ocrx_word' id='word_1_80' title='bbox 1701 1293 1820 1350; x_wconf 90' lang='lat' dir='ltr'><strong>sine</strong></span> <span class='ocrx_word' id='word_1_81' title='bbox 1849 1296 1965 1368; x_wconf 90' lang='lat' dir='ltr'><strong>lege</strong></span> <span class='ocrx_word' id='word_1_82' title='bbox 2019 1295 2136 1352; x_wconf 91' lang='lat' dir='ltr'><strong>ali-</strong></span> 
     </span>
    </p>
   </div>
   <div class='ocr_carea' id='block_1_13' title="bbox 539 1381 2138 1459">
    <p class='ocr_par' dir='ltr' id='par_1_13' title="bbox 539 1381 2138 1459">
     <span class='ocr_line' id='line_1_13' title="bbox 539 1381 2138 1459; baseline 0.001 -17"><span class='ocrx_word' id='word_1_83' title='bbox 539 1384 780 1459; x_wconf 88' lang='lat' dir='ltr'><strong>quando.</strong></span> <span class='ocrx_word' id='word_1_84' title='bbox 813 1408 832 1431; x_wconf 81' lang='lat'><strong><em>-</em></strong></span> <span class='ocrx_word' id='word_1_85' title='bbox 865 1382 1013 1452; x_wconf 87' lang='lat' dir='ltr'><strong>Quid</strong></span> <span class='ocrx_word' id='word_1_86' title='bbox 1041 1389 1124 1440; x_wconf 88' lang='lat' dir='ltr'><strong>est</strong></span> <span class='ocrx_word' id='word_1_87' title='bbox 1145 1381 1266 1440; x_wconf 90' lang='lat' dir='ltr'><strong>sine</strong></span> <span class='ocrx_word' id='word_1_88' title='bbox 1295 1383 1433 1454; x_wconf 89' lang='lat' dir='ltr'><strong>lege,</strong></span> <span class='ocrx_word' id='word_1_89' title='bbox 1462 1399 1591 1442; x_wconf 91' lang='lat' dir='ltr'><strong>cum</strong></span> <span class='ocrx_word' id='word_1_90' title='bbox 1613 1384 1703 1440; x_wconf 85' lang='lat' dir='ltr'><strong>lex</strong></span> <span class='ocrx_word' id='word_1_91' title='bbox 1723 1400 1940 1458; x_wconf 84' lang='lat' dir='ltr'><strong>semper</strong></span> <span class='ocrx_word' id='word_1_92' title='bbox 1969 1386 2138 1443; x_wconf 86' lang='lat' dir='ltr'><strong>fuerit</strong></span> 
     </span>
    </p>
   </div>
   <div class='ocr_carea' id='block_1_14' title="bbox 540 1471 2137 1547">
    <p class='ocr_par' dir='ltr' id='par_1_14' title="bbox 540 1471 2137 1547">
     <span class='ocr_line' id='line_1_14' title="bbox 540 1471 2137 1547; baseline 0 -16"><span class='ocrx_word' id='word_1_93' title='bbox 540 1471 686 1532; x_wconf 82' lang='lat' dir='ltr'><strong>sicut</strong></span> <span class='ocrx_word' id='word_1_94' title='bbox 735 1489 901 1547; x_wconf 81' lang='lat' dir='ltr'><strong>supra</strong></span> <span class='ocrx_word' id='word_1_95' title='bbox 935 1471 1280 1532; x_wconf 74' lang='lat' dir='ltr'><strong>memoravi?</strong></span> <span class='ocrx_word' id='word_1_96' title='bbox 1308 1471 1417 1529; x_wconf 89' lang='lat' dir='ltr'><strong>nisi</strong></span> <span class='ocrx_word' id='word_1_97' title='bbox 1461 1472 1592 1544; x_wconf 89' lang='lat' dir='ltr'><strong>quia</strong></span> <span class='ocrx_word' id='word_1_98' title='bbox 1635 1473 1755 1530; x_wconf 88' lang='lat' dir='ltr'><strong>sine</strong></span> <span class='ocrx_word' id='word_1_99' title='bbox 1802 1474 1999 1531; x_wconf 89' lang='lat' dir='ltr'><strong>timore</strong></span> <span class='ocrx_word' id='word_1_100' title='bbox 2038 1475 2137 1531; x_wconf 89' lang='lat' dir='ltr'><strong>Dei</strong></span> 
     </span>
    </p>
   </div>
   <div class='ocr_carea' id='block_1_15' title="bbox 542 1561 2137 1638">
    <p class='ocr_par' dir='ltr' id='par_1_15' title="bbox 542 1561 2137 1638">
     <span class='ocr_line' id='line_1_15' title="bbox 542 1561 2137 1638; baseline 0.002 -17"><span class='ocrx_word' id='word_1_101' title='bbox 542 1562 712 1622; x_wconf 89' lang='lat' dir='ltr'><strong>homo</strong></span> <span class='ocrx_word' id='word_1_102' title='bbox 766 1563 1010 1634; x_wconf 82' lang='lat' dir='ltr'><strong>vivebat,</strong></span> <span class='ocrx_word' id='word_1_103' title='bbox 1041 1579 1266 1622; x_wconf 88' lang='lat' dir='ltr'><strong>securus</strong></span> <span class='ocrx_word' id='word_1_104' title='bbox 1294 1561 1443 1638; x_wconf 93' lang='lat' dir='ltr'><strong>quod</strong></span> <span class='ocrx_word' id='word_1_105' title='bbox 1471 1579 1584 1620; x_wconf 90' lang='lat' dir='ltr'><strong>non</strong></span> <span class='ocrx_word' id='word_1_106' title='bbox 1619 1572 1761 1621; x_wconf 87' lang='lat' dir='ltr'><strong>esset</strong></span> <span class='ocrx_word' id='word_1_107' title='bbox 1804 1567 1949 1624; x_wconf 87' lang='lat' dir='ltr'><strong>Deus</strong></span> <span class='ocrx_word' id='word_1_108' title='bbox 1983 1566 2137 1638; x_wconf 89' lang='lat' dir='ltr'><strong>judi-</strong></span> 
     </span>
    </p>
   </div>
   <div class='ocr_carea' id='block_1_16' title="bbox 542 1653 1269 1720">
    <p class='ocr_par' dir='ltr' id='par_1_16' title="bbox 542 1653 1269 1720">
     <span class='ocr_line' id='line_1_16' title="bbox 542 1653 1269 1720; baseline -0.006 -4"><span class='ocrx_word' id='word_1_109' title='bbox 542 1663 770 1716; x_wconf 83' lang='lat' dir='ltr'><strong>caturus</strong></span> <span class='ocrx_word' id='word_1_110' title='bbox 795 1662 950 1720; x_wconf 76' lang='lat' dir='ltr'><strong>actus</strong></span> <span class='ocrx_word' id='word_1_111' title='bbox 979 1653 1269 1714; x_wconf 87' lang='lat' dir='ltr'><strong>humanos.</strong></span> 
     </span>
    </p>
   </div>
   <div class='ocr_carea' id='block_1_17' title="bbox 627 1742 2138 1817">
    <p class='ocr_par' dir='ltr' id='par_1_17' title="bbox 627 1742 2138 1817">
     <span class='ocr_line' id='line_1_17' title="bbox 627 1742 2138 1817; baseline 0.001 -14"><span class='ocrx_word' id='word_1_112' title='bbox 627 1769 649 1794; x_wconf 75' lang='grc' dir='ltr'>ι</span> <span class='ocrx_word' id='word_1_113' title='bbox 676 1745 782 1804; x_wconf 85' lang='lat' dir='ltr'><strong>Sed</strong></span> <span class='ocrx_word' id='word_1_114' title='bbox 811 1759 938 1803; x_wconf 88' lang='lat' dir='ltr'><strong>cum</strong></span> <span class='ocrx_word' id='word_1_115' title='bbox 981 1744 1223 1802; x_wconf 83' lang='lat' dir='ltr'><strong>venisset</strong></span> <span class='ocrx_word' id='word_1_116' title='bbox 1272 1742 1620 1814; x_wconf 85' lang='lat' dir='ltr'><strong>mandatum,</strong></span> <span class='ocrx_word' id='word_1_117' title='bbox 1672 1753 1954 1817; x_wconf 84' lang='lat' dir='ltr'><strong>peccatum</strong></span> <span class='ocrx_word' id='word_1_118' title='bbox 1997 1746 2138 1805; x_wconf 85' lang='lat' dir='ltr'><strong>revi-</strong></span> 
     </span>
    </p>
   </div>
   <div class='ocr_carea' id='block_1_18' title="bbox 541 1833 2142 1909">
    <p class='ocr_par' dir='ltr' id='par_1_18' title="bbox 541 1833 2142 1909">
     <span class='ocr_line' id='line_1_18' title="bbox 541 1833 2142 1909; baseline -0.001 -13"><span class='ocrx_word' id='word_1_119' title='bbox 541 1836 646 1898; x_wconf 81' lang='lat' dir='ltr'><strong>xit.</strong></span> <span class='ocrx_word' id='word_1_120' title='bbox 678 1861 697 1886; x_wconf 74' lang='grc' dir='ltr'>ι</span> <span class='ocrx_word' id='word_1_121' title='bbox 739 1834 868 1894; x_wconf 88' lang='lat' dir='ltr'><strong>Ideo</strong></span> <span class='ocrx_word' id='word_1_122' title='bbox 903 1833 1052 1892; x_wconf 88' lang='lat' dir='ltr'><strong>dixit</strong></span> <span class='ocrx_word' id='word_1_123' title='bbox 1084 1833 1353 1891; x_wconf 74' lang='lat' dir='ltr'><strong>revixisse</strong></span> <span class='ocrx_word' id='word_1_124' title='bbox 1384 1843 1691 1907; x_wconf 89' lang='lat' dir='ltr'><strong>peccatum,</strong></span> <span class='ocrx_word' id='word_1_125' title='bbox 1720 1843 1782 1892; x_wconf 91' lang='lat' dir='ltr'><strong>ut</strong></span> <span class='ocrx_word' id='word_1_126' title='bbox 1805 1836 2142 1909; x_wconf 89' lang='lat' dir='ltr'><strong>signiﬁcaret</strong></span> 
     </span>
    </p>
   </div>
   <div class='ocr_carea' id='block_1_19' title="bbox 2321 661 3863 739">
    <p class='ocr_par' dir='ltr' id='par_1_19' title="bbox 2321 661 3863 739">
     <span class='ocr_line' id='line_1_19' title="bbox 2321 661 3863 739; baseline -0.003 -16"><span class='ocrx_word' id='word_1_127' title='bbox 2321 668 2504 739; x_wconf 86' lang='lat' dir='ltr'><strong>(Vers.</strong></span> <span class='ocrx_word' id='word_1_128' title='bbox 2541 666 2652 738; x_wconf 83' lang='grc'><strong>13.)</strong></span> <span class='ocrx_word' id='word_1_129' title='bbox 2699 691 2716 714; x_wconf 78' lang='grc' dir='ltr'>ι</span> <span class='ocrx_word' id='word_1_130' title='bbox 2755 665 2911 732; x_wconf 92' lang='lat' dir='ltr'><strong>Quod</strong></span> <span class='ocrx_word' id='word_1_131' title='bbox 2941 681 3070 736; x_wconf 91' lang='lat' dir='ltr'><strong>ergo</strong></span> <span class='ocrx_word' id='word_1_132' title='bbox 3112 663 3318 719; x_wconf 91' lang='lat' dir='ltr'><strong>bonum</strong></span> <span class='ocrx_word' id='word_1_133' title='bbox 3370 671 3474 731; x_wconf 91' lang='lat' dir='ltr'><strong>est,</strong></span> <span class='ocrx_word' id='word_1_134' title='bbox 3531 661 3684 718; x_wconf 88' lang='lat' dir='ltr'><strong>mihi</strong></span> <span class='ocrx_word' id='word_1_135' title='bbox 3718 677 3863 718; x_wconf 76' lang='lat' dir='ltr'><strong>mors</strong></span> 
     </span>
    </p>
   </div>
   <div class='ocr_carea' id='block_1_20' title="bbox 2247 751 3860 822">
    <p class='ocr_par' dir='ltr' id='par_1_20' title="bbox 2247 751 3860 822">
     <span class='ocr_line' id='line_1_20' title="bbox 2247 751 3860 822; baseline -0.003 -9"><span class='ocrx_word' id='word_1_136' title='bbox 2247 767 2331 814; x_wconf 91' lang='lat' dir='ltr'><strong>est</strong></span> <span class='ocrx_word' id='word_1_137' title='bbox 2354 758 2381 813; x_wconf 67' lang='lat'><strong>7</strong></span> <span class='ocrx_word' id='word_1_138' title='bbox 2437 756 2620 812; x_wconf 87' lang='lat' dir='ltr'><strong>Absit.</strong></span> <span class='ocrx_word' id='word_1_139' title='bbox 2654 781 2671 803; x_wconf 79' lang='grc' dir='ltr'>ι</span> <span class='ocrx_word' id='word_1_140' title='bbox 2744 755 2884 811; x_wconf 83' lang='lat' dir='ltr'><strong>Vere</strong></span> <span class='ocrx_word' id='word_1_141' title='bbox 2918 753 3094 820; x_wconf 87' lang='lat' dir='ltr'><strong>absit;</strong></span> <span class='ocrx_word' id='word_1_142' title='bbox 3131 753 3281 808; x_wconf 91' lang='lat' dir='ltr'><strong>unde</strong></span> <span class='ocrx_word' id='word_1_143' title='bbox 3309 751 3456 808; x_wconf 90' lang='lat' dir='ltr'><strong>enim</strong></span> <span class='ocrx_word' id='word_1_144' title='bbox 3487 751 3612 807; x_wconf 89' lang='lat' dir='ltr'><strong>ﬁeri</strong></span> <span class='ocrx_word' id='word_1_145' title='bbox 3661 757 3860 822; x_wconf 85' lang='lat' dir='ltr'><strong>potest,</strong></span> 
     </span>
    </p>
   </div>
   <div class='ocr_carea' id='block_1_21' title="bbox 2246 848 3864 926">
    <p class='ocr_par' dir='ltr' id='par_1_21' title="bbox 2246 848 3864 926">
     <span class='ocr_line' id='line_1_21' title="bbox 2246 848 3864 926; baseline -0.004 -16"><span class='ocrx_word' id='word_1_146' title='bbox 2246 862 2310 911; x_wconf 90' lang='lat' dir='ltr'><strong>ut</strong></span> <span class='ocrx_word' id='word_1_147' title='bbox 2341 853 2487 926; x_wconf 87' lang='lat' dir='ltr'><strong>quod</strong></span> <span class='ocrx_word' id='word_1_148' title='bbox 2537 853 2765 916; x_wconf 91' lang='lat' dir='ltr'><strong>bonum,</strong></span> <span class='ocrx_word' id='word_1_149' title='bbox 2795 869 2909 908; x_wconf 90' lang='lat' dir='ltr'><strong>esse</strong></span> <span class='ocrx_word' id='word_1_150' title='bbox 2941 850 3224 924; x_wconf 88' lang='lat' dir='ltr'><strong>probatur,</strong></span> <span class='ocrx_word' id='word_1_151' title='bbox 3282 867 3431 906; x_wconf 89' lang='lat' dir='ltr'><strong>mors</strong></span> <span class='ocrx_word' id='word_1_152' title='bbox 3463 848 3864 920; x_wconf 79' lang='lat' dir='ltr'><strong>intelligatur?</strong></span> 
     </span>
    </p>
   </div>
   <div class='ocr_carea' id='block_1_22' title="bbox 2330 937 3862 1014">
    <p class='ocr_par' dir='ltr' id='par_1_22' title="bbox 2330 937 3862 1014">
     <span class='ocr_line' id='line_1_22' title="bbox 2330 937 3862 1014; baseline -0.005 -14"><span class='ocrx_word' id='word_1_153' title='bbox 2330 969 2348 991; x_wconf 74' lang='grc' dir='ltr'>ι</span> <span class='ocrx_word' id='word_1_154' title='bbox 2377 943 2481 1000; x_wconf 89' lang='lat' dir='ltr'><strong>Sed</strong></span> <span class='ocrx_word' id='word_1_155' title='bbox 2513 951 2819 1014; x_wconf 88' lang='lat' dir='ltr'><strong>peccatum,</strong></span> <span class='ocrx_word' id='word_1_156' title='bbox 2856 951 2915 999; x_wconf 91' lang='lat' dir='ltr'><strong>ut</strong></span> <span class='ocrx_word' id='word_1_157' title='bbox 2953 950 3208 1013; x_wconf 84' lang='lat' dir='ltr'><strong>appareat</strong></span> <span class='ocrx_word' id='word_1_158' title='bbox 3267 948 3576 1013; x_wconf 90' lang='lat' dir='ltr'><strong>peccatum,</strong></span> <span class='ocrx_word' id='word_1_159' title='bbox 3620 956 3722 1012; x_wconf 88' lang='lat' dir='ltr'><strong>per</strong></span> <span class='ocrx_word' id='word_1_160' title='bbox 3775 937 3862 993; x_wconf 78' lang='lat' dir='ltr'><strong>bo~</strong></span> 
     </span>
    </p>
   </div>
   <div class='ocr_carea' id='block_1_23' title="bbox 2248 1026 3864 1103">
    <p class='ocr_par' dir='ltr' id='par_1_23' title="bbox 2248 1026 3864 1103">
     <span class='ocr_line' id='line_1_23' title="bbox 2248 1026 3864 1103; baseline -0.004 -14"><span class='ocrx_word' id='word_1_161' title='bbox 2248 1050 2382 1089; x_wconf 89' lang='lat' dir='ltr'><strong>num</strong></span> <span class='ocrx_word' id='word_1_162' title='bbox 2434 1031 2571 1087; x_wconf 90' lang='lat' dir='ltr'><strong>mihi</strong></span> <span class='ocrx_word' id='word_1_163' title='bbox 2606 1040 2888 1103; x_wconf 87' lang='lat' dir='ltr'><strong>operatum</strong></span> <span class='ocrx_word' id='word_1_164' title='bbox 2921 1041 3001 1087; x_wconf 90' lang='lat' dir='ltr'><strong>est</strong></span> <span class='ocrx_word' id='word_1_165' title='bbox 3032 1039 3292 1087; x_wconf 89' lang='lat' dir='ltr'><strong>mortem.</strong></span> <span class='ocrx_word' id='word_1_166' title='bbox 3328 1056 3344 1078; x_wconf 73' lang='grc' dir='ltr'><strong><em>ι</em></strong></span> <span class='ocrx_word' id='word_1_167' title='bbox 3395 1029 3701 1086; x_wconf 89' lang='lat' dir='ltr'><strong>Diabolum</strong></span> <span class='ocrx_word' id='word_1_168' title='bbox 3732 1026 3864 1086; x_wconf 85' lang='lat' dir='ltr'><strong>dicit</strong></span> 
     </span>
    </p>
   </div>
   <div class='ocr_carea' id='block_1_24' title="bbox 2247 1119 3862 1196">
    <p class='ocr_par' dir='ltr' id='par_1_24' title="bbox 2247 1119 3862 1196">
     <span class='ocr_line' id='line_1_24' title="bbox 2247 1119 3862 1196; baseline -0.004 -18"><span class='ocrx_word' id='word_1_169' title='bbox 2247 1139 2342 1196; x_wconf 91' lang='lat' dir='ltr'><strong>per</strong></span> <span class='ocrx_word' id='word_1_170' title='bbox 2391 1122 2597 1178; x_wconf 89' lang='lat' dir='ltr'><strong>bonum</strong></span> <span class='ocrx_word' id='word_1_171' title='bbox 2654 1121 2994 1177; x_wconf 86' lang='lat' dir='ltr'><strong>occasionem</strong></span> <span class='ocrx_word' id='word_1_172' title='bbox 3032 1119 3322 1191; x_wconf 86' lang='lat' dir='ltr'><strong>accepisse,</strong></span> <span class='ocrx_word' id='word_1_173' title='bbox 3353 1126 3414 1174; x_wconf 91' lang='lat' dir='ltr'><strong>ut</strong></span> <span class='ocrx_word' id='word_1_174' title='bbox 3462 1119 3680 1173; x_wconf 87' lang='lat' dir='ltr'><strong>malum</strong></span> <span class='ocrx_word' id='word_1_175' title='bbox 3743 1133 3862 1190; x_wconf 83' lang='lat' dir='ltr'><strong>ope-</strong></span> 
     </span>
    </p>
   </div>
   <div class='ocr_carea' id='block_1_25' title="bbox 2246 1205 3860 1278">
    <p class='ocr_par' dir='ltr' id='par_1_25' title="bbox 2246 1205 3860 1278">
     <span class='ocr_line' id='line_1_25' title="bbox 2246 1205 3860 1278; baseline -0.003 -12"><span class='ocrx_word' id='word_1_176' title='bbox 2246 1220 2457 1268; x_wconf 90' lang='lat' dir='ltr'><strong>raretur</strong></span> <span class='ocrx_word' id='word_1_177' title='bbox 2501 1209 2738 1278; x_wconf 91' lang='lat' dir='ltr'><strong>homini,</strong></span> <span class='ocrx_word' id='word_1_178' title='bbox 2789 1210 2920 1265; x_wconf 91' lang='lat' dir='ltr'><strong>dum</strong></span> <span class='ocrx_word' id='word_1_179' title='bbox 2965 1209 3123 1264; x_wconf 90' lang='lat' dir='ltr'><strong>illum</strong></span> <span class='ocrx_word' id='word_1_180' title='bbox 3190 1208 3407 1264; x_wconf 88' lang='lat' dir='ltr'><strong>seducit</strong></span> <span class='ocrx_word' id='word_1_181' title='bbox 3459 1205 3526 1262; x_wconf 90' lang='lat' dir='ltr'><strong>ad</strong></span> <span class='ocrx_word' id='word_1_182' title='bbox 3585 1213 3860 1264; x_wconf 85' lang='lat' dir='ltr'><strong>mortem:</strong></span> 
     </span>
    </p>
   </div>
   <div class='ocr_carea' id='block_1_26' title="bbox 2247 1291 3865 1372">
    <p class='ocr_par' dir='ltr' id='par_1_26' title="bbox 2247 1291 3865 1372">
     <span class='ocr_line' id='line_1_26' title="bbox 2247 1291 3865 1372; baseline -0.004 -16"><span class='ocrx_word' id='word_1_183' title='bbox 2247 1299 2376 1372; x_wconf 89' lang='lat' dir='ltr'><strong>quia</strong></span> <span class='ocrx_word' id='word_1_184' title='bbox 2404 1307 2464 1355; x_wconf 89' lang='lat' dir='ltr'><strong>ut</strong></span> <span class='ocrx_word' id='word_1_185' title='bbox 2519 1316 2579 1355; x_wconf 91' lang='lat' dir='ltr'><strong>ea</strong></span> <span class='ocrx_word' id='word_1_186' title='bbox 2634 1315 2754 1371; x_wconf 62' lang='lat' dir='ltr'><strong>quas</strong></span> <span class='ocrx_word' id='word_1_187' title='bbox 2792 1308 2918 1356; x_wconf 90' lang='lat' dir='ltr'><strong>ante</strong></span> <span class='ocrx_word' id='word_1_188' title='bbox 2951 1299 3124 1369; x_wconf 87' lang='lat' dir='ltr'><strong>legem</strong></span> <span class='ocrx_word' id='word_1_189' title='bbox 3178 1291 3324 1354; x_wconf 83' lang='lat' dir='ltr'><strong>male</strong></span> <span class='ocrx_word' id='word_1_190' title='bbox 3371 1304 3518 1368; x_wconf 89' lang='lat' dir='ltr'><strong>gesta</strong></span> <span class='ocrx_word' id='word_1_191' title='bbox 3567 1303 3734 1363; x_wconf 90' lang='lat' dir='ltr'><strong>sunt,</strong></span> <span class='ocrx_word' id='word_1_192' title='bbox 3775 1312 3865 1367; x_wconf 92' lang='lat' dir='ltr'><strong>per</strong></span> 
     </span>
    </p>
   </div>
   <div class='ocr_carea' id='block_1_27' title="bbox 2247 1387 3865 1458">
    <p class='ocr_par' dir='ltr' id='par_1_27' title="bbox 2247 1387 3865 1458">
     <span class='ocr_line' id='line_1_27' title="bbox 2247 1387 3865 1458; baseline -0.004 -15"><span class='ocrx_word' id='word_1_193' title='bbox 2247 1387 2560 1444; x_wconf 89' lang='lat' dir='ltr'><strong>illecebram</strong></span> <span class='ocrx_word' id='word_1_194' title='bbox 2606 1387 2884 1458; x_wconf 88' lang='lat' dir='ltr'><strong>cupidinis</strong></span> <span class='ocrx_word' id='word_1_195' title='bbox 2918 1387 3283 1458; x_wconf 84' lang='lat' dir='ltr'><strong>probarentur</strong></span> <span class='ocrx_word' id='word_1_196' title='bbox 3323 1402 3440 1441; x_wconf 85' lang='lat' dir='ltr'><strong>esse</strong></span> <span class='ocrx_word' id='word_1_197' title='bbox 3492 1392 3749 1457; x_wconf 88' lang='lat' dir='ltr'><strong>peccata,</strong></span> <span class='ocrx_word' id='word_1_198' title='bbox 3817 1390 3865 1438; x_wconf 89' lang='lat' dir='ltr'><strong>et</strong></span> 
     </span>
    </p>
   </div>
   <div class='ocr_carea' id='block_1_28' title="bbox 2247 1473 3863 1544">
    <p class='ocr_par' dir='ltr' id='par_1_28' title="bbox 2247 1473 3863 1544">
     <span class='ocr_line' id='line_1_28' title="bbox 2247 1473 3863 1544; baseline -0.003 -12"><span class='ocrx_word' id='word_1_199' title='bbox 2247 1476 2314 1533; x_wconf 92' lang='lat' dir='ltr'><strong>de</strong></span> <span class='ocrx_word' id='word_1_200' title='bbox 2367 1485 2563 1534; x_wconf 65' lang='lat' dir='ltr'><strong>caetero</strong></span> <span class='ocrx_word' id='word_1_201' title='bbox 2625 1477 2954 1544; x_wconf 88' lang='lat' dir='ltr'><strong>vitarentur,</strong></span> <span class='ocrx_word' id='word_1_202' title='bbox 3014 1475 3138 1532; x_wconf 90' lang='lat' dir='ltr'><strong>data</strong></span> <span class='ocrx_word' id='word_1_203' title='bbox 3189 1483 3270 1532; x_wconf 89' lang='lat' dir='ltr'><strong>est</strong></span> <span class='ocrx_word' id='word_1_204' title='bbox 3327 1475 3441 1543; x_wconf 86' lang='lat' dir='ltr'><strong>lex,</strong></span> <span class='ocrx_word' id='word_1_205' title='bbox 3498 1473 3863 1530; x_wconf 89' lang='lat' dir='ltr'><strong>manifestata</strong></span> 
     </span>
    </p>
   </div>
   <div class='ocr_carea' id='block_1_29' title="bbox 2247 1569 3867 1642">
    <p class='ocr_par' dir='ltr' id='par_1_29' title="bbox 2247 1569 3867 1642">
     <span class='ocr_line' id='line_1_29' title="bbox 2247 1569 3867 1642; baseline -0.003 -16"><span class='ocrx_word' id='word_1_206' title='bbox 2247 1569 2307 1626; x_wconf 91' lang='lat' dir='ltr'><strong>in</strong></span> <span class='ocrx_word' id='word_1_207' title='bbox 2352 1569 2551 1626; x_wconf 89' lang='lat' dir='ltr'><strong>litteris</strong></span> <span class='ocrx_word' id='word_1_208' title='bbox 2597 1570 2739 1642; x_wconf 90' lang='lat'><strong>(73).</strong></span> <span class='ocrx_word' id='word_1_209' title='bbox 2791 1570 2946 1626; x_wconf 90' lang='lat' dir='ltr'><strong>Tunc</strong></span> <span class='ocrx_word' id='word_1_210' title='bbox 3000 1569 3259 1626; x_wconf 90' lang='lat' dir='ltr'><strong>incensus</strong></span> <span class='ocrx_word' id='word_1_211' title='bbox 3314 1575 3395 1625; x_wconf 86' lang='lat' dir='ltr'><strong>est</strong></span> <span class='ocrx_word' id='word_1_212' title='bbox 3450 1569 3718 1637; x_wconf 86' lang='lat' dir='ltr'><strong>Satanas,</strong></span> <span class='ocrx_word' id='word_1_213' title='bbox 3779 1581 3867 1638; x_wconf 89' lang='lat' dir='ltr'><strong>per</strong></span> 
     </span>
    </p>
   </div>
   <div class='ocr_carea' id='block_1_30' title="bbox 2246 1656 3865 1732">
    <p class='ocr_par' dir='ltr' id='par_1_30' title="bbox 2246 1656 3865 1732">
     <span class='ocr_line' id='line_1_30' title="bbox 2246 1656 3865 1732; baseline -0.004 -17"><span class='ocrx_word' id='word_1_214' title='bbox 2246 1658 2454 1715; x_wconf 89' lang='lat' dir='ltr'><strong>bonum</strong></span> <span class='ocrx_word' id='word_1_215' title='bbox 2493 1659 2720 1732; x_wconf 88' lang='lat' dir='ltr'><strong>utique;</strong></span> <span class='ocrx_word' id='word_1_216' title='bbox 2773 1657 2916 1715; x_wconf 91' lang='lat' dir='ltr'><strong>vidit</strong></span> <span class='ocrx_word' id='word_1_217' title='bbox 2971 1657 3121 1714; x_wconf 90' lang='lat' dir='ltr'><strong>enim</strong></span> <span class='ocrx_word' id='word_1_218' title='bbox 3180 1657 3476 1730; x_wconf 90' lang='lat' dir='ltr'><strong>provideri</strong></span> <span class='ocrx_word' id='word_1_219' title='bbox 3533 1656 3788 1723; x_wconf 89' lang='lat' dir='ltr'><strong>homini,</strong></span> <span class='ocrx_word' id='word_1_220' title='bbox 3818 1661 3865 1709; x_wconf 90' lang='lat' dir='ltr'><strong>et</strong></span> 
     </span>
    </p>
   </div>
   <div class='ocr_carea' id='block_1_31' title="bbox 2247 1743 3865 1820">
    <p class='ocr_par' dir='ltr' id='par_1_31' title="bbox 2247 1743 3865 1820">
     <span class='ocr_line' id='line_1_31' title="bbox 2247 1743 3865 1820; baseline -0.006 -14"><span class='ocrx_word' id='word_1_221' title='bbox 2247 1749 2444 1807; x_wconf 88' lang='lat' dir='ltr'><strong>illicita</strong></span> <span class='ocrx_word' id='word_1_222' title='bbox 2504 1749 2589 1806; x_wconf 91' lang='lat' dir='ltr'><strong>illi</strong></span> <span class='ocrx_word' id='word_1_223' title='bbox 2647 1749 2839 1816; x_wconf 85' lang='lat' dir='ltr'><strong>suasit,</strong></span> <span class='ocrx_word' id='word_1_224' title='bbox 2877 1756 2939 1805; x_wconf 92' lang='lat' dir='ltr'><strong>ut</strong></span> <span class='ocrx_word' id='word_1_225' title='bbox 2994 1765 3091 1820; x_wconf 92' lang='lat' dir='ltr'><strong>pro</strong></span> <span class='ocrx_word' id='word_1_226' title='bbox 3144 1748 3260 1804; x_wconf 88' lang='lat' dir='ltr'><strong>vita</strong></span> <span class='ocrx_word' id='word_1_227' title='bbox 3322 1762 3391 1801; x_wconf 86' lang='lat' dir='ltr'><strong>ex</strong></span> <span class='ocrx_word' id='word_1_228' title='bbox 3442 1747 3556 1817; x_wconf 86' lang='lat' dir='ltr'><strong>lege</strong></span> <span class='ocrx_word' id='word_1_229' title='bbox 3613 1743 3670 1800; x_wconf 90' lang='lat' dir='ltr'><strong>ei</strong></span> <span class='ocrx_word' id='word_1_230' title='bbox 3724 1758 3865 1798; x_wconf 90' lang='lat' dir='ltr'><strong>mors</strong></span> 
     </span>
    </p>
   </div>
   <div class='ocr_carea' id='block_1_32' title="bbox 2250 1832 3864 1912">
    <p class='ocr_par' dir='ltr' id='par_1_32' title="bbox 2250 1832 3864 1912">
     <span class='ocr_line' id='line_1_32' title="bbox 2250 1832 3864 1912; baseline -0.005 -16"><span class='ocrx_word' id='word_1_231' title='bbox 2250 1840 2584 1912; x_wconf 88' lang='lat' dir='ltr'><strong>proveniret.</strong></span> <span class='ocrx_word' id='word_1_232' title='bbox 2671 1838 2831 1906; x_wconf 90' lang='lat' dir='ltr'><strong>Quod</strong></span> <span class='ocrx_word' id='word_1_233' title='bbox 2895 1837 3116 1911; x_wconf 89' lang='lat' dir='ltr'><strong>quidem</strong></span> <span class='ocrx_word' id='word_1_234' title='bbox 3195 1835 3538 1909; x_wconf 76' lang='lat' dir='ltr'><strong>negligentiae</strong></span> <span class='ocrx_word' id='word_1_235' title='bbox 3605 1832 3864 1890; x_wconf 67' lang='lat' dir='ltr'><strong>humanae</strong></span> 
     </span>
    </p>
   </div>
   <div class='ocr_carea' id='block_1_33' title="bbox 543 1922 3862 2004">
    <p class='ocr_par' dir='ltr' id='par_1_33' title="bbox 543 1922 3862 2004">
     <span class='ocr_line' id='line_1_33' title="bbox 543 1922 3862 2004; baseline -0.002 -20"><span class='ocrx_word' id='word_1_236' title='bbox 543 1925 675 2001; x_wconf 82' lang='lat' dir='ltr'><strong>quia</strong></span> <span class='ocrx_word' id='word_1_237' title='bbox 720 1934 849 1984; x_wconf 90' lang='lat' dir='ltr'><strong>ante</strong></span> <span class='ocrx_word' id='word_1_238' title='bbox 875 1925 1125 1988; x_wconf 81' lang='lat' dir='ltr'><strong>vixerat:</strong></span> <span class='ocrx_word' id='word_1_239' title='bbox 1158 1930 1348 1997; x_wconf 89' lang='lat' dir='ltr'><strong>postea</strong></span> <span class='ocrx_word' id='word_1_240' title='bbox 1377 1931 1561 1980; x_wconf 89' lang='lat' dir='ltr'><strong>autem</strong></span> <span class='ocrx_word' id='word_1_241' title='bbox 1592 1923 1804 1981; x_wconf 88' lang='lat' dir='ltr'><strong>desidia</strong></span> <span class='ocrx_word' id='word_1_242' title='bbox 1839 1925 2130 1984; x_wconf 88' lang='lat' dir='ltr'><strong>hominum</strong></span> <span class='ocrx_word' id='word_1_243' title='bbox 2169 1938 2216 2000; x_wconf 82' lang='grc' dir='ltr'>Β</span> <span class='ocrx_word' id='word_1_244' title='bbox 2248 1929 2631 1986; x_wconf 89' lang='lat' dir='ltr'><strong>ascribendum</strong></span> <span class='ocrx_word' id='word_1_245' title='bbox 2661 1939 2764 1998; x_wconf 89' lang='lat' dir='ltr'><strong>est,</strong></span> <span class='ocrx_word' id='word_1_246' title='bbox 2796 1946 2915 2004; x_wconf 64' lang='lat' dir='ltr'><strong>quae</strong></span> <span class='ocrx_word' id='word_1_247' title='bbox 2947 1928 3027 1984; x_wconf 91' lang='lat' dir='ltr'><strong>sic</strong></span> <span class='ocrx_word' id='word_1_248' title='bbox 3052 1927 3295 2000; x_wconf 89' lang='lat' dir='ltr'><strong>vigorem</strong></span> <span class='ocrx_word' id='word_1_249' title='bbox 3325 1934 3534 1982; x_wconf 68' lang='lat' dir='ltr'><strong>naturae</strong></span> <span class='ocrx_word' id='word_1_250' title='bbox 3559 1939 3684 1981; x_wconf 70' lang='lat' dir='ltr'><strong>sum</strong></span> <span class='ocrx_word' id='word_1_251' title='bbox 3715 1922 3862 1978; x_wconf 82' lang='lat' dir='ltr'><strong>inﬁr-</strong></span> 
     </span>
    </p>
   </div>
   <div class='ocr_carea' id='block_1_34' title="bbox 545 2012 2140 2082">
    <p class='ocr_par' dir='ltr' id='par_1_34' title="bbox 545 2012 2140 2082">
     <span class='ocr_line' id='line_1_34' title="bbox 545 2012 2140 2082; baseline 0.002 -11"><span class='ocrx_word' id='word_1_252' title='bbox 545 2023 830 2073; x_wconf 88' lang='lat' dir='ltr'><strong>mortuum</strong></span> <span class='ocrx_word' id='word_1_253' title='bbox 875 2013 1208 2071; x_wconf 61' lang='lat' dir='ltr'><strong>aestimatum</strong></span> <span class='ocrx_word' id='word_1_254' title='bbox 1251 2019 1353 2080; x_wconf 89' lang='lat' dir='ltr'><strong>est,</strong></span> <span class='ocrx_word' id='word_1_255' title='bbox 1385 2027 1512 2072; x_wconf 85' lang='lat' dir='ltr'><strong>cum</strong></span> <span class='ocrx_word' id='word_1_256' title='bbox 1541 2012 1774 2082; x_wconf 87' lang='lat' dir='ltr'><strong>viveret,</strong></span> <span class='ocrx_word' id='word_1_257' title='bbox 1806 2013 1950 2072; x_wconf 88' lang='lat' dir='ltr'><strong>sicut</strong></span> <span class='ocrx_word' id='word_1_258' title='bbox 1981 2033 2140 2074; x_wconf 89' lang='lat' dir='ltr'><strong>asso-</strong></span> 
     </span>
    </p>
   </div>
   <div class='ocr_carea' id='block_1_35' title="bbox 548 2099 2142 2178">
    <p class='ocr_par' dir='ltr' id='par_1_35' title="bbox 548 2099 2142 2178">
     <span class='ocr_line' id='line_1_35' title="bbox 548 2099 2142 2178; baseline 0 -18"><span class='ocrx_word' id='word_1_259' title='bbox 548 2102 628 2160; x_wconf 86' lang='lat' dir='ltr'><strong>let</strong></span> <span class='ocrx_word' id='word_1_260' title='bbox 663 2103 801 2160; x_wconf 81' lang='lat' dir='ltr'><strong>falsa</strong></span> <span class='ocrx_word' id='word_1_261' title='bbox 827 2101 975 2160; x_wconf 82' lang='lat' dir='ltr'><strong>fama</strong></span> <span class='ocrx_word' id='word_1_262' title='bbox 1018 2101 1140 2158; x_wconf 84' lang='lat' dir='ltr'><strong>ﬁeri</strong></span> <span class='ocrx_word' id='word_1_263' title='bbox 1170 2099 1473 2173; x_wconf 85' lang='lat' dir='ltr'><strong>peregrinis</strong></span> <span class='ocrx_word' id='word_1_264' title='bbox 1519 2101 1659 2173; x_wconf 88' lang='lat'><strong>(70).</strong></span> <span class='ocrx_word' id='word_1_265' title='bbox 1711 2102 1826 2159; x_wconf 86' lang='lat' dir='ltr'><strong>Hoc</strong></span> <span class='ocrx_word' id='word_1_266' title='bbox 1865 2119 1993 2176; x_wconf 91' lang='lat' dir='ltr'><strong>ergo</strong></span> <span class='ocrx_word' id='word_1_267' title='bbox 2021 2105 2142 2178; x_wconf 88' lang='lat' dir='ltr'><strong>sig-</strong></span> 
     </span>
    </p>
   </div>
   <div class='ocr_carea' id='block_1_36' title="bbox 547 2190 2141 2267">
    <p class='ocr_par' dir='ltr' id='par_1_36' title="bbox 547 2190 2141 2267">
     <span class='ocr_line' id='line_1_36' title="bbox 547 2190 2141 2267; baseline -0.001 -16"><span class='ocrx_word' id='word_1_268' title='bbox 547 2192 741 2251; x_wconf 82' lang='lat' dir='ltr'><strong>niﬁcat</strong></span> <span class='ocrx_word' id='word_1_269' title='bbox 773 2191 920 2267; x_wconf 90' lang='lat' dir='ltr'><strong>quod</strong></span> <span class='ocrx_word' id='word_1_270' title='bbox 949 2191 1008 2248; x_wconf 91' lang='lat' dir='ltr'><strong>in</strong></span> <span class='ocrx_word' id='word_1_271' title='bbox 1037 2190 1216 2248; x_wconf 89' lang='lat' dir='ltr'><strong>initiis</strong></span> <span class='ocrx_word' id='word_1_272' title='bbox 1244 2206 1356 2248; x_wconf 92' lang='lat' dir='ltr'><strong>non</strong></span> <span class='ocrx_word' id='word_1_273' title='bbox 1400 2190 1622 2247; x_wconf 88' lang='lat' dir='ltr'><strong>latuerit</strong></span> <span class='ocrx_word' id='word_1_274' title='bbox 1645 2199 1931 2264; x_wconf 91' lang='lat' dir='ltr'><strong>peccatum</strong></span> <span class='ocrx_word' id='word_1_275' title='bbox 1961 2191 2141 2266; x_wconf 90' lang='lat' dir='ltr'><strong>impu-</strong></span> 
     </span>
    </p>
   </div>
   <div class='ocr_carea' id='block_1_37' title="bbox 548 2279 2144 2355">
    <p class='ocr_par' dir='ltr' id='par_1_37' title="bbox 548 2279 2144 2355">
     <span class='ocr_line' id='line_1_37' title="bbox 548 2279 2144 2355; baseline -0.001 -14"><span class='ocrx_word' id='word_1_276' title='bbox 548 2281 655 2342; x_wconf 86' lang='lat' dir='ltr'><strong>tari</strong></span> <span class='ocrx_word' id='word_1_277' title='bbox 683 2281 827 2355; x_wconf 85' lang='lat' dir='ltr'><strong>apud</strong></span> <span class='ocrx_word' id='word_1_278' title='bbox 855 2283 1052 2350; x_wconf 89' lang='lat' dir='ltr'><strong>Deum,</strong></span> <span class='ocrx_word' id='word_1_279' title='bbox 1099 2279 1207 2338; x_wconf 90' lang='lat' dir='ltr'><strong>hoc</strong></span> <span class='ocrx_word' id='word_1_280' title='bbox 1231 2288 1314 2337; x_wconf 87' lang='lat' dir='ltr'><strong>est</strong></span> <span class='ocrx_word' id='word_1_281' title='bbox 1340 2279 1581 2339; x_wconf 85' lang='lat' dir='ltr'><strong>vixisse:</strong></span> <span class='ocrx_word' id='word_1_282' title='bbox 1623 2281 1718 2338; x_wconf 89' lang='lat' dir='ltr'><strong>sed</strong></span> <span class='ocrx_word' id='word_1_283' title='bbox 1750 2299 1875 2339; x_wconf 89' lang='lat' dir='ltr'><strong>cum</strong></span> <span class='ocrx_word' id='word_1_284' title='bbox 1902 2299 2144 2340; x_wconf 89' lang='lat' dir='ltr'><strong>consue-</strong></span> 
     </span>
    </p>
   </div>
   <div class='ocr_carea' id='block_1_38' title="bbox 547 2369 2142 2446">
    <p class='ocr_par' dir='ltr' id='par_1_38' title="bbox 547 2369 2142 2446">
     <span class='ocr_line' id='line_1_38' title="bbox 547 2369 2142 2446; baseline 0.001 -18"><span class='ocrx_word' id='word_1_285' title='bbox 547 2370 684 2430; x_wconf 91' lang='lat' dir='ltr'><strong>tudo</strong></span> <span class='ocrx_word' id='word_1_286' title='bbox 698 2369 961 2446; x_wconf 81' lang='lat' dir='ltr'><strong>peccandi</strong></span> <span class='ocrx_word' id='word_1_287' title='bbox 978 2370 1086 2430; x_wconf 88' lang='lat' dir='ltr'><strong>hoc</strong></span> <span class='ocrx_word' id='word_1_288' title='bbox 1099 2369 1487 2440; x_wconf 88' lang='lat' dir='ltr'><strong>oblitterasset,</strong></span> <span class='ocrx_word' id='word_1_289' title='bbox 1511 2381 1790 2430; x_wconf 89' lang='lat' dir='ltr'><strong>mortuum</strong></span> <span class='ocrx_word' id='word_1_290' title='bbox 1808 2373 2142 2432; x_wconf 83' lang='lat' dir='ltr'><strong>aestimatum</strong></span> 
     </span>
    </p>
   </div>
   <div class='ocr_carea' id='block_1_39' title="bbox 549 2460 2139 2535">
    <p class='ocr_par' dir='ltr' id='par_1_39' title="bbox 549 2460 2139 2535">
     <span class='ocr_line' id='line_1_39' title="bbox 549 2460 2139 2535; baseline 0.001 -17"><span class='ocrx_word' id='word_1_291' title='bbox 549 2468 655 2532; x_wconf 88' lang='lat' dir='ltr'><strong>est,</strong></span> <span class='ocrx_word' id='word_1_292' title='bbox 713 2470 777 2518; x_wconf 92' lang='lat' dir='ltr'><strong>ut</strong></span> <span class='ocrx_word' id='word_1_293' title='bbox 826 2460 1036 2518; x_wconf 88' lang='lat' dir='ltr'><strong>crimen</strong></span> <span class='ocrx_word' id='word_1_294' title='bbox 1075 2475 1203 2517; x_wconf 91' lang='lat' dir='ltr'><strong>cum</strong></span> <span class='ocrx_word' id='word_1_295' title='bbox 1263 2475 1497 2531; x_wconf 87' lang='lat' dir='ltr'><strong>persona</strong></span> <span class='ocrx_word' id='word_1_296' title='bbox 1541 2461 1774 2518; x_wconf 89' lang='lat' dir='ltr'><strong>deﬁcere</strong></span> <span class='ocrx_word' id='word_1_297' title='bbox 1833 2470 2139 2535; x_wconf 89' lang='lat' dir='ltr'><strong>putaretur.</strong></span> 
     </span>
    </p>
   </div>
   <div class='ocr_carea' id='block_1_40' title="bbox 551 2551 2147 2623">
    <p class='ocr_par' dir='ltr' id='par_1_40' title="bbox 551 2551 2147 2623">
     <span class='ocr_line' id='line_1_40' title="bbox 551 2551 2147 2623; baseline 0 -11"><span class='ocrx_word' id='word_1_298' title='bbox 551 2551 691 2612; x_wconf 87' lang='lat' dir='ltr'><strong>Cum</strong></span> <span class='ocrx_word' id='word_1_299' title='bbox 720 2559 900 2610; x_wconf 82' lang='lat' dir='ltr'><strong>autem</strong></span> <span class='ocrx_word' id='word_1_300' title='bbox 932 2551 1060 2612; x_wconf 77' lang='lat' dir='ltr'><strong>data</strong></span> <span class='ocrx_word' id='word_1_301' title='bbox 1087 2559 1228 2609; x_wconf 87' lang='lat' dir='ltr'><strong>esset</strong></span> <span class='ocrx_word' id='word_1_302' title='bbox 1265 2551 1395 2620; x_wconf 89' lang='lat' dir='ltr'><strong>lex;</strong></span> <span class='ocrx_word' id='word_1_303' title='bbox 1431 2554 1519 2609; x_wconf 91' lang='lat' dir='ltr'><strong>vel</strong></span> <span class='ocrx_word' id='word_1_304' title='bbox 1571 2553 1887 2623; x_wconf 85' lang='lat' dir='ltr'><strong>reformata,</strong></span> <span class='ocrx_word' id='word_1_305' title='bbox 1942 2554 2147 2612; x_wconf 81' lang='lat' dir='ltr'><strong>revixit</strong></span> 
     </span>
    </p>
   </div>
   <div class='ocr_carea' id='block_1_41' title="bbox 552 2639 2147 2714">
    <p class='ocr_par' dir='ltr' id='par_1_41' title="bbox 552 2639 2147 2714">
     <span class='ocr_line' id='line_1_41' title="bbox 552 2639 2147 2714; baseline 0.001 -16"><span class='ocrx_word' id='word_1_306' title='bbox 552 2640 699 2714; x_wconf 83' lang='lat' dir='ltr'><strong>apud</strong></span> <span class='ocrx_word' id='word_1_307' title='bbox 748 2656 861 2710; x_wconf 87' lang='lat' dir='ltr'><strong>eos,</strong></span> <span class='ocrx_word' id='word_1_308' title='bbox 918 2639 1064 2714; x_wconf 89' lang='lat' dir='ltr'><strong>apud</strong></span> <span class='ocrx_word' id='word_1_309' title='bbox 1118 2657 1256 2714; x_wconf 88' lang='lat' dir='ltr'><strong>quos</strong></span> <span class='ocrx_word' id='word_1_310' title='bbox 1313 2650 1596 2700; x_wconf 89' lang='lat' dir='ltr'><strong>mortuum</strong></span> <span class='ocrx_word' id='word_1_311' title='bbox 1644 2642 1976 2706; x_wconf 83' lang='lat' dir='ltr'><strong>aestimatum</strong></span> <span class='ocrx_word' id='word_1_312' title='bbox 2032 2651 2147 2700; x_wconf 89' lang='lat' dir='ltr'><strong>erat</strong></span> 
     </span>
    </p>
   </div>
   <div class='ocr_carea' id='block_1_42' title="bbox 551 2731 1805 2806">
    <p class='ocr_par' dir='ltr' id='par_1_42' title="bbox 551 2731 1805 2806">
     <span class='ocr_line' id='line_1_42' title="bbox 551 2731 1805 2806; baseline -0.002 -14"><span class='ocrx_word' id='word_1_313' title='bbox 551 2738 840 2806; x_wconf 70' lang='lat' dir='ltr'><strong>cmperunt</strong></span> <span class='ocrx_word' id='word_1_314' title='bbox 865 2731 1013 2790; x_wconf 89' lang='lat' dir='ltr'><strong>enim</strong></span> <span class='ocrx_word' id='word_1_315' title='bbox 1044 2731 1185 2790; x_wconf 87' lang='lat' dir='ltr'><strong>scire</strong></span> <span class='ocrx_word' id='word_1_316' title='bbox 1210 2731 1470 2806; x_wconf 86' lang='lat' dir='ltr'><strong>imputari</strong></span> <span class='ocrx_word' id='word_1_317' title='bbox 1501 2741 1805 2804; x_wconf 89' lang='lat' dir='ltr'><strong>peccatum.</strong></span> 
     </span>
    </p>
   </div>
   <div class='ocr_carea' id='block_1_43' title="bbox 627 2821 2149 2894">
    <p class='ocr_par' dir='ltr' id='par_1_43' title="bbox 627 2821 2149 2894">
     <span class='ocr_line' id='line_1_43' title="bbox 627 2821 2149 2894; baseline -0.001 -14"><span class='ocrx_word' id='word_1_318' title='bbox 627 2821 809 2892; x_wconf 83' lang='lat' dir='ltr'><strong>(Vers.</strong></span> <span class='ocrx_word' id='word_1_319' title='bbox 845 2821 960 2894; x_wconf 89' lang='grc'><strong>10.)</strong></span> <span class='ocrx_word' id='word_1_320' title='bbox 1015 2846 1034 2870; x_wconf 73' lang='grc' dir='ltr'><strong>ε</strong></span> <span class='ocrx_word' id='word_1_321' title='bbox 1061 2821 1179 2894; x_wconf 84' lang='lat' dir='ltr'><strong>Ego</strong></span> <span class='ocrx_word' id='word_1_322' title='bbox 1199 2829 1382 2878; x_wconf 87' lang='lat' dir='ltr'><strong>autem</strong></span> <span class='ocrx_word' id='word_1_323' title='bbox 1397 2829 1647 2882; x_wconf 84' lang='lat' dir='ltr'><strong>mortuus</strong></span> <span class='ocrx_word' id='word_1_324' title='bbox 1669 2837 1810 2877; x_wconf 92' lang='lat' dir='ltr'><strong>sum.</strong></span> <span class='ocrx_word' id='word_1_325' title='bbox 1844 2846 1863 2870; x_wconf 71' lang='grc' dir='ltr'>ι</span> <span class='ocrx_word' id='word_1_326' title='bbox 1900 2822 2149 2883; x_wconf 80' lang='lat' dir='ltr'><strong>Mortuus</strong></span> 
     </span>
    </p>
   </div>
   <div class='ocr_carea' id='block_1_44' title="bbox 553 2909 2152 2984">
    <p class='ocr_par' dir='ltr' id='par_1_44' title="bbox 553 2909 2152 2984">
     <span class='ocr_line' id='line_1_44' title="bbox 553 2909 2152 2984; baseline 0 -15"><span class='ocrx_word' id='word_1_327' title='bbox 553 2916 636 2970; x_wconf 84' lang='lat' dir='ltr'><strong>est</strong></span> <span class='ocrx_word' id='word_1_328' title='bbox 651 2909 838 2978; x_wconf 91' lang='lat' dir='ltr'><strong>homo,</strong></span> <span class='ocrx_word' id='word_1_329' title='bbox 857 2911 988 2984; x_wconf 90' lang='lat' dir='ltr'><strong>quia</strong></span> <span class='ocrx_word' id='word_1_330' title='bbox 1011 2910 1162 2970; x_wconf 86' lang='lat' dir='ltr'><strong>videt</strong></span> <span class='ocrx_word' id='word_1_331' title='bbox 1175 2927 1232 2968; x_wconf 84' lang='lat' dir='ltr'><strong>se</strong></span> <span class='ocrx_word' id='word_1_332' title='bbox 1248 2926 1402 2967; x_wconf 88' lang='lat' dir='ltr'><strong>reum</strong></span> <span class='ocrx_word' id='word_1_333' title='bbox 1423 2927 1537 2968; x_wconf 84' lang='lat' dir='ltr'><strong>esse</strong></span> <span class='ocrx_word' id='word_1_334' title='bbox 1557 2910 1704 2982; x_wconf 87' lang='lat' dir='ltr'><strong>apud</strong></span> <span class='ocrx_word' id='word_1_335' title='bbox 1722 2912 1896 2968; x_wconf 92' lang='lat' dir='ltr'><strong>Deum</strong></span> <span class='ocrx_word' id='word_1_336' title='bbox 1913 2911 2008 2984; x_wconf 93' lang='lat' dir='ltr'><strong>qui</strong></span> <span class='ocrx_word' id='word_1_337' title='bbox 2025 2919 2152 2969; x_wconf 83' lang='lat' dir='ltr'><strong>ante</strong></span> 
     </span>
    </p>
   </div>
   <div class='ocr_carea' id='block_1_45' title="bbox 552 2997 2149 3073">
    <p class='ocr_par' dir='ltr' id='par_1_45' title="bbox 552 2997 2149 3073">
     <span class='ocr_line' id='line_1_45' title="bbox 552 2997 2149 3073; baseline 0.001 -18"><span class='ocrx_word' id='word_1_338' title='bbox 552 3015 613 3058; x_wconf 87' lang='lat' dir='ltr'><strong>se</strong></span> <span class='ocrx_word' id='word_1_339' title='bbox 624 2997 851 3072; x_wconf 88' lang='lat' dir='ltr'><strong>putabat</strong></span> <span class='ocrx_word' id='word_1_340' title='bbox 861 3014 972 3055; x_wconf 93' lang='lat' dir='ltr'><strong>non</strong></span> <span class='ocrx_word' id='word_1_341' title='bbox 989 2998 1238 3058; x_wconf 85' lang='lat' dir='ltr'><strong>futurum</strong></span> <span class='ocrx_word' id='word_1_342' title='bbox 1257 2998 1561 3062; x_wconf 84' lang='lat' dir='ltr'><strong>obnoxium</strong></span> <span class='ocrx_word' id='word_1_343' title='bbox 1574 3015 1643 3056; x_wconf 90' lang='lat' dir='ltr'><strong>ex</strong></span> <span class='ocrx_word' id='word_1_344' title='bbox 1659 2998 1728 3056; x_wconf 91' lang='lat' dir='ltr'><strong>iis</strong></span> <span class='ocrx_word' id='word_1_345' title='bbox 1738 3017 1857 3072; x_wconf 82' lang='lat' dir='ltr'><strong>quae</strong></span> <span class='ocrx_word' id='word_1_346' title='bbox 1873 3000 2149 3073; x_wconf 84' lang='lat' dir='ltr'><strong>peccabat.</strong></span> 
     </span>
    </p>
   </div>
   <div class='ocr_carea' id='block_1_46' title="bbox 642 3087 2156 3162">
    <p class='ocr_par' dir='ltr' id='par_1_46' title="bbox 642 3087 2156 3162">
     <span class='ocr_line' id='line_1_46' title="bbox 642 3087 2156 3162; baseline 0.003 -18"><span class='ocrx_word' id='word_1_347' title='bbox 642 3109 663 3135; x_wconf 75' lang='grc' dir='ltr'>ι</span> <span class='ocrx_word' id='word_1_348' title='bbox 686 3087 761 3144; x_wconf 88' lang='lat' dir='ltr'><strong>Et</strong></span> <span class='ocrx_word' id='word_1_349' title='bbox 807 3087 1096 3144; x_wconf 87' lang='lat' dir='ltr'><strong>inventum</strong></span> <span class='ocrx_word' id='word_1_350' title='bbox 1153 3096 1235 3145; x_wconf 90' lang='lat' dir='ltr'><strong>est</strong></span> <span class='ocrx_word' id='word_1_351' title='bbox 1280 3088 1420 3146; x_wconf 89' lang='lat' dir='ltr'><strong>mihi</strong></span> <span class='ocrx_word' id='word_1_352' title='bbox 1466 3088 1810 3158; x_wconf 88' lang='lat' dir='ltr'><strong>mandatum,</strong></span> <span class='ocrx_word' id='word_1_353' title='bbox 1863 3089 2010 3162; x_wconf 91' lang='lat' dir='ltr'><strong>quod</strong></span> <span class='ocrx_word' id='word_1_354' title='bbox 2040 3099 2156 3148; x_wconf 90' lang='lat' dir='ltr'><strong>erat</strong></span> 
     </span>
    </p>
   </div>
   <div class='ocr_carea' id='block_1_47' title="bbox 557 3175 2154 3246">
    <p class='ocr_par' dir='ltr' id='par_1_47' title="bbox 557 3175 2154 3246">
     <span class='ocr_line' id='line_1_47' title="bbox 557 3175 2154 3246; baseline 0.003 -13"><span class='ocrx_word' id='word_1_355' title='bbox 557 3175 628 3236; x_wconf 81' lang='lat' dir='ltr'><strong>ad</strong></span> <span class='ocrx_word' id='word_1_356' title='bbox 678 3175 854 3234; x_wconf 89' lang='lat' dir='ltr'><strong>vitam</strong></span> <span class='ocrx_word' id='word_1_357' title='bbox 897 3175 1108 3246; x_wconf 83' lang='lat' dir='ltr'><strong>datum,</strong></span> <span class='ocrx_word' id='word_1_358' title='bbox 1164 3177 1271 3242; x_wconf 77' lang='lat' dir='ltr'><strong>hoc</strong></span> <span class='ocrx_word' id='word_1_359' title='bbox 1312 3195 1430 3236; x_wconf 89' lang='lat' dir='ltr'><strong>esse</strong></span> <span class='ocrx_word' id='word_1_360' title='bbox 1459 3178 1529 3235; x_wconf 84' lang='lat' dir='ltr'><strong>ad</strong></span> <span class='ocrx_word' id='word_1_361' title='bbox 1584 3185 1836 3236; x_wconf 90' lang='lat' dir='ltr'><strong>mortem.</strong></span> <span class='ocrx_word' id='word_1_362' title='bbox 1869 3203 1887 3228; x_wconf 83' lang='grc'>›</span> <span class='ocrx_word' id='word_1_363' title='bbox 1947 3179 2154 3237; x_wconf 83' lang='lat' dir='ltr'><strong>Verum</strong></span> 
     </span>
    </p>
   </div>
   <div class='ocr_carea' id='block_1_48' title="bbox 2251 2013 3864 2090">
    <p class='ocr_par' dir='ltr' id='par_1_48' title="bbox 2251 2013 3864 2090">
     <span class='ocr_line' id='line_1_48' title="bbox 2251 2013 3864 2090; baseline -0.004 -16"><span class='ocrx_word' id='word_1_364' title='bbox 2251 2020 2424 2076; x_wconf 87' lang='lat' dir='ltr'><strong>mavit</strong></span> <span class='ocrx_word' id='word_1_365' title='bbox 2459 2019 2759 2090; x_wconf 83' lang='lat' dir='ltr'><strong>cupiditate</strong></span> <span class='ocrx_word' id='word_1_366' title='bbox 2806 2018 3087 2090; x_wconf 86' lang='lat' dir='ltr'><strong>peccandi,</strong></span> <span class='ocrx_word' id='word_1_367' title='bbox 3141 2025 3206 2074; x_wconf 90' lang='lat' dir='ltr'><strong>ut</strong></span> <span class='ocrx_word' id='word_1_368' title='bbox 3247 2015 3630 2089; x_wconf 85' lang='lat' dir='ltr'><strong>suggestiones</strong></span> <span class='ocrx_word' id='word_1_369' title='bbox 3660 2013 3864 2070; x_wconf 86' lang='lat' dir='ltr'><strong>adver-</strong></span> 
     </span>
    </p>
   </div>
   <div class='ocr_carea' id='block_1_49' title="bbox 2251 2105 3860 2179">
    <p class='ocr_par' dir='ltr' id='par_1_49' title="bbox 2251 2105 3860 2179">
     <span class='ocr_line' id='line_1_49' title="bbox 2251 2105 3860 2179; baseline -0.005 -15"><span class='ocrx_word' id='word_1_370' title='bbox 2251 2108 2379 2165; x_wconf 90' lang='lat' dir='ltr'><strong>sarii</strong></span> <span class='ocrx_word' id='word_1_371' title='bbox 2411 2107 2708 2179; x_wconf 89' lang='lat' dir='ltr'><strong>reprimere</strong></span> <span class='ocrx_word' id='word_1_372' title='bbox 2738 2124 2849 2162; x_wconf 90' lang='lat' dir='ltr'><strong>non</strong></span> <span class='ocrx_word' id='word_1_373' title='bbox 2902 2113 3099 2178; x_wconf 86' lang='lat' dir='ltr'><strong>posset.</strong></span> <span class='ocrx_word' id='word_1_374' title='bbox 3145 2105 3412 2161; x_wconf 90' lang='lat' dir='ltr'><strong>Inimicus</strong></span> <span class='ocrx_word' id='word_1_375' title='bbox 3459 2112 3675 2171; x_wconf 84' lang='lat' dir='ltr'><strong>tamen,</strong></span> <span class='ocrx_word' id='word_1_376' title='bbox 3709 2117 3860 2175; x_wconf 89' lang='lat' dir='ltr'><strong>quem</strong></span> 
     </span>
    </p>
   </div>
   <div class='ocr_carea' id='block_1_50' title="bbox 2252 2191 3864 2270">
    <p class='ocr_par' dir='ltr' id='par_1_50' title="bbox 2252 2191 3864 2270">
     <span class='ocr_line' id='line_1_50' title="bbox 2252 2191 3864 2270; baseline -0.006 -16"><span class='ocrx_word' id='word_1_377' title='bbox 2252 2198 2311 2254; x_wconf 92' lang='lat' dir='ltr'><strong>in</strong></span> <span class='ocrx_word' id='word_1_378' title='bbox 2341 2204 2568 2270; x_wconf 89' lang='lat' dir='ltr'><strong>peccato</strong></span> <span class='ocrx_word' id='word_1_379' title='bbox 2606 2196 2898 2269; x_wconf 87' lang='lat' dir='ltr'><strong>signiﬁcat,</strong></span> <span class='ocrx_word' id='word_1_380' title='bbox 2932 2205 2992 2251; x_wconf 91' lang='lat' dir='ltr'><strong>ut</strong></span> <span class='ocrx_word' id='word_1_381' title='bbox 3021 2201 3282 2266; x_wconf 90' lang='lat' dir='ltr'><strong>appareat</strong></span> <span class='ocrx_word' id='word_1_382' title='bbox 3313 2209 3429 2250; x_wconf 84' lang='lat' dir='ltr'><strong>esse</strong></span> <span class='ocrx_word' id='word_1_383' title='bbox 3455 2191 3750 2259; x_wconf 88' lang='lat' dir='ltr'><strong>inimicus,</strong></span> <span class='ocrx_word' id='word_1_384' title='bbox 3780 2205 3864 2262; x_wconf 87' lang='lat' dir='ltr'><strong>per</strong></span> 
     </span>
    </p>
   </div>
   <div class='ocr_carea' id='block_1_51' title="bbox 2253 2282 3861 2360">
    <p class='ocr_par' dir='ltr' id='par_1_51' title="bbox 2253 2282 3861 2360">
     <span class='ocr_line' id='line_1_51' title="bbox 2253 2282 3861 2360; baseline -0.006 -17"><span class='ocrx_word' id='word_1_385' title='bbox 2253 2289 2428 2360; x_wconf 83' lang='lat' dir='ltr'><strong>legem</strong></span> <span class='ocrx_word' id='word_1_386' title='bbox 2467 2287 2680 2359; x_wconf 89' lang='lat' dir='ltr'><strong>accepit</strong></span> <span class='ocrx_word' id='word_1_387' title='bbox 2720 2285 3063 2343; x_wconf 88' lang='lat' dir='ltr'><strong>occasionem</strong></span> <span class='ocrx_word' id='word_1_388' title='bbox 3097 2283 3325 2356; x_wconf 88' lang='lat' dir='ltr'><strong>operari</strong></span> <span class='ocrx_word' id='word_1_389' title='bbox 3355 2282 3570 2340; x_wconf 89' lang='lat' dir='ltr'><strong>homini</strong></span> <span class='ocrx_word' id='word_1_390' title='bbox 3606 2289 3861 2340; x_wconf 87' lang='lat' dir='ltr'><strong>mortem.</strong></span> 
     </span>
    </p>
   </div>
   <div class='ocr_carea' id='block_1_52' title="bbox 2253 2370 3862 2446">
    <p class='ocr_par' dir='ltr' id='par_1_52' title="bbox 2253 2370 3862 2446">
     <span class='ocr_line' id='line_1_52' title="bbox 2253 2370 3862 2446; baseline -0.004 -13"><span class='ocrx_word' id='word_1_391' title='bbox 2253 2379 2397 2434; x_wconf 90' lang='lat' dir='ltr'><strong>Dum</strong></span> <span class='ocrx_word' id='word_1_392' title='bbox 2417 2375 2564 2432; x_wconf 91' lang='lat' dir='ltr'><strong>enim</strong></span> <span class='ocrx_word' id='word_1_393' title='bbox 2594 2375 2663 2432; x_wconf 90' lang='lat' dir='ltr'><strong>ad</strong></span> <span class='ocrx_word' id='word_1_394' title='bbox 2693 2375 2890 2432; x_wconf 89' lang='lat' dir='ltr'><strong>illicita</strong></span> <span class='ocrx_word' id='word_1_395' title='bbox 2927 2375 3084 2431; x_wconf 90' lang='lat' dir='ltr'><strong>illum</strong></span> <span class='ocrx_word' id='word_1_396' title='bbox 3117 2374 3323 2444; x_wconf 88' lang='lat' dir='ltr'><strong>suasit,</strong></span> <span class='ocrx_word' id='word_1_397' title='bbox 3360 2381 3587 2446; x_wconf 87' lang='lat' dir='ltr'><strong>apparet</strong></span> <span class='ocrx_word' id='word_1_398' title='bbox 3609 2389 3734 2430; x_wconf 88' lang='lat' dir='ltr'><strong>esse</strong></span> <span class='ocrx_word' id='word_1_399' title='bbox 3763 2370 3862 2428; x_wconf 82' lang='lat' dir='ltr'><strong>ini-</strong></span> 
     </span>
    </p>
   </div>
   <div class='ocr_carea' id='block_1_53' title="bbox 2256 2458 3862 2538">
    <p class='ocr_par' dir='ltr' id='par_1_53' title="bbox 2256 2458 3862 2538">
     <span class='ocr_line' id='line_1_53' title="bbox 2256 2458 3862 2538; baseline -0.004 -15"><span class='ocrx_word' id='word_1_400' title='bbox 2256 2467 2452 2524; x_wconf 90' lang='lat' dir='ltr'><strong>micus.</strong></span> <span class='ocrx_word' id='word_1_401' title='bbox 2500 2466 2822 2538; x_wconf 87' lang='lat' dir='ltr'><strong>Quanquam</strong></span> <span class='ocrx_word' id='word_1_402' title='bbox 2881 2474 2934 2522; x_wconf 90' lang='lat' dir='ltr'><strong>et</strong></span> <span class='ocrx_word' id='word_1_403' title='bbox 2981 2472 3117 2522; x_wconf 87' lang='lat' dir='ltr'><strong>ante</strong></span> <span class='ocrx_word' id='word_1_404' title='bbox 3151 2465 3324 2535; x_wconf 84' lang='lat' dir='ltr'><strong>legem</strong></span> <span class='ocrx_word' id='word_1_405' title='bbox 3373 2471 3610 2520; x_wconf 89' lang='lat' dir='ltr'><strong>mortem</strong></span> <span class='ocrx_word' id='word_1_406' title='bbox 3651 2458 3862 2519; x_wconf 89' lang='lat' dir='ltr'><strong>homini</strong></span> 
     </span>
    </p>
   </div>
   <div class='ocr_carea' id='block_1_54' title="bbox 2254 2552 3863 2630">
    <p class='ocr_par' dir='ltr' id='par_1_54' title="bbox 2254 2552 3863 2630">
     <span class='ocr_line' id='line_1_54' title="bbox 2254 2552 3863 2630; baseline -0.005 -18"><span class='ocrx_word' id='word_1_407' title='bbox 2254 2555 2651 2630; x_wconf 88' lang='lat' dir='ltr'><strong>procuraverit,</strong></span> <span class='ocrx_word' id='word_1_408' title='bbox 2676 2563 2902 2627; x_wconf 85' lang='lat' dir='ltr'><strong>excepta</strong></span> <span class='ocrx_word' id='word_1_409' title='bbox 2931 2555 3107 2626; x_wconf 91' lang='lat' dir='ltr'><strong>prima</strong></span> <span class='ocrx_word' id='word_1_410' title='bbox 3155 2570 3321 2611; x_wconf 88' lang='lat' dir='ltr'><strong>causa</strong></span> <span class='ocrx_word' id='word_1_411' title='bbox 3353 2552 3508 2622; x_wconf 60' lang='lat' dir='ltr'><strong>Adin,</strong></span> <span class='ocrx_word' id='word_1_412' title='bbox 3541 2559 3672 2625; x_wconf 91' lang='lat' dir='ltr'><strong>post</strong></span> <span class='ocrx_word' id='word_1_413' title='bbox 3699 2552 3863 2623; x_wconf 86' lang='lat' dir='ltr'><strong>legem</strong></span> 
     </span>
    </p>
   </div>
   <div class='ocr_carea' id='block_1_55' title="bbox 2257 2641 3862 2717">
    <p class='ocr_par' dir='ltr' id='par_1_55' title="bbox 2257 2641 3862 2717">
     <span class='ocr_line' id='line_1_55' title="bbox 2257 2641 3862 2717; baseline -0.006 -13"><span class='ocrx_word' id='word_1_414' title='bbox 2257 2654 2442 2704; x_wconf 90' lang='lat' dir='ltr'><strong>tamen</strong></span> <span class='ocrx_word' id='word_1_415' title='bbox 2491 2645 2727 2717; x_wconf 88' lang='lat' dir='ltr'><strong>majores</strong></span> <span class='ocrx_word' id='word_1_416' title='bbox 2775 2645 2824 2700; x_wconf 90' lang='lat' dir='ltr'><strong>ei</strong></span> <span class='ocrx_word' id='word_1_417' title='bbox 2871 2661 3058 2716; x_wconf 71' lang='lat' dir='ltr'><strong>poenas</strong></span> <span class='ocrx_word' id='word_1_418' title='bbox 3098 2643 3248 2716; x_wconf 90' lang='lat' dir='ltr'><strong>apud</strong></span> <span class='ocrx_word' id='word_1_419' title='bbox 3295 2642 3521 2709; x_wconf 89' lang='lat' dir='ltr'><strong>inferos,</strong></span> <span class='ocrx_word' id='word_1_420' title='bbox 3570 2641 3678 2697; x_wconf 90' lang='lat' dir='ltr'><strong>ubi</strong></span> <span class='ocrx_word' id='word_1_421' title='bbox 3726 2655 3862 2695; x_wconf 89' lang='lat' dir='ltr'><strong>mors</strong></span> 
     </span>
    </p>
   </div>
   <div class='ocr_carea' id='block_1_56' title="bbox 2256 2729 3862 2802">
    <p class='ocr_par' dir='ltr' id='par_1_56' title="bbox 2256 2729 3862 2802">
     <span class='ocr_line' id='line_1_56' title="bbox 2256 2729 3862 2802; baseline -0.009 -7"><span class='ocrx_word' id='word_1_422' title='bbox 2256 2735 2496 2795; x_wconf 89' lang='lat' dir='ltr'><strong>secunda</strong></span> <span class='ocrx_word' id='word_1_423' title='bbox 2555 2744 2654 2802; x_wconf 89' lang='lat' dir='ltr'><strong>est,</strong></span> <span class='ocrx_word' id='word_1_424' title='bbox 2709 2733 3015 2791; x_wconf 89' lang='lat' dir='ltr'><strong>adinvenit.</strong></span> <span class='ocrx_word' id='word_1_425' title='bbox 3065 2733 3248 2790; x_wconf 90' lang='lat' dir='ltr'><strong>Minus</strong></span> <span class='ocrx_word' id='word_1_426' title='bbox 3297 2731 3444 2787; x_wconf 91' lang='lat' dir='ltr'><strong>enim</strong></span> <span class='ocrx_word' id='word_1_427' title='bbox 3488 2729 3753 2786; x_wconf 89' lang='lat' dir='ltr'><strong>criminis</strong></span> <span class='ocrx_word' id='word_1_428' title='bbox 3791 2733 3862 2781; x_wconf 84' lang='lat' dir='ltr'><strong>est</strong></span> 
     </span>
    </p>
   </div>
   <div class='ocr_carea' id='block_1_57' title="bbox 2258 2818 3857 2896">
    <p class='ocr_par' dir='ltr' id='par_1_57' title="bbox 2258 2818 3857 2896">
     <span class='ocr_line' id='line_1_57' title="bbox 2258 2818 3857 2896; baseline -0.008 -13"><span class='ocrx_word' id='word_1_429' title='bbox 2258 2833 2386 2883; x_wconf 85' lang='lat' dir='ltr'><strong>ante</strong></span> <span class='ocrx_word' id='word_1_430' title='bbox 2415 2825 2585 2896; x_wconf 87' lang='lat' dir='ltr'><strong>legem</strong></span> <span class='ocrx_word' id='word_1_431' title='bbox 2605 2823 3008 2879; x_wconf 87' lang='lat' dir='ltr'><strong>manifestatam</strong></span> <span class='ocrx_word' id='word_1_432' title='bbox 3028 2837 3296 2894; x_wconf 88' lang='lat' dir='ltr'><strong>peccasse,</strong></span> <span class='ocrx_word' id='word_1_433' title='bbox 3331 2836 3493 2892; x_wconf 88' lang='lat' dir='ltr'><strong>quam</strong></span> <span class='ocrx_word' id='word_1_434' title='bbox 3516 2825 3647 2890; x_wconf 91' lang='lat' dir='ltr'><strong>post</strong></span> <span class='ocrx_word' id='word_1_435' title='bbox 3669 2818 3857 2889; x_wconf 87' lang='lat' dir='ltr'><strong>legem.</strong></span> 
     </span>
    </p>
   </div>
   <div class='ocr_carea' id='block_1_58' title="bbox 2346 2912 3863 2987">
    <p class='ocr_par' dir='ltr' id='par_1_58' title="bbox 2346 2912 3863 2987">
     <span class='ocr_line' id='line_1_58' title="bbox 2346 2912 3863 2987; baseline -0.009 -14"><span class='ocrx_word' id='word_1_436' title='bbox 2346 2941 2364 2964; x_wconf 77' lang='grc' dir='ltr'>ι</span> <span class='ocrx_word' id='word_1_437' title='bbox 2399 2916 2469 2972; x_wconf 88' lang='lat' dir='ltr'><strong>Ut</strong></span> <span class='ocrx_word' id='word_1_438' title='bbox 2511 2914 2606 2972; x_wconf 88' lang='lat' dir='ltr'><strong>ﬁat</strong></span> <span class='ocrx_word' id='word_1_439' title='bbox 2634 2930 2799 2987; x_wconf 90' lang='lat' dir='ltr'><strong>supra</strong></span> <span class='ocrx_word' id='word_1_440' title='bbox 2829 2913 3054 2969; x_wconf 89' lang='lat' dir='ltr'><strong>modum</strong></span> <span class='ocrx_word' id='word_1_441' title='bbox 3105 2912 3287 2985; x_wconf 91' lang='lat' dir='ltr'><strong>ipsum</strong></span> <span class='ocrx_word' id='word_1_442' title='bbox 3319 2918 3606 2983; x_wconf 88' lang='lat' dir='ltr'><strong>peccatum</strong></span> <span class='ocrx_word' id='word_1_443' title='bbox 3640 2921 3863 2980; x_wconf 78' lang='lat' dir='ltr'><strong>peccans</strong></span> 
     </span>
    </p>
   </div>
   <div class='ocr_carea' id='block_1_59' title="bbox 2263 2993 3922 3077">
    <p class='ocr_par' dir='ltr' id='par_1_59' title="bbox 2263 2993 3922 3077">
     <span class='ocr_line' id='line_1_59' title="bbox 2263 2993 3922 3077; baseline -0.007 -17"><span class='ocrx_word' id='word_1_444' title='bbox 2263 3022 2360 3077; x_wconf 91' lang='lat' dir='ltr'><strong>per</strong></span> <span class='ocrx_word' id='word_1_445' title='bbox 2387 3004 2725 3060; x_wconf 89' lang='lat' dir='ltr'><strong>mandatum.</strong></span> <span class='ocrx_word' id='word_1_446' title='bbox 2759 3027 2778 3051; x_wconf 82' lang='grc' dir='ltr'><strong>ι</strong></span> <span class='ocrx_word' id='word_1_447' title='bbox 2809 3001 2956 3069; x_wconf 88' lang='lat' dir='ltr'><strong>Quid</strong></span> <span class='ocrx_word' id='word_1_448' title='bbox 2982 3010 3082 3068; x_wconf 89' lang='lat' dir='ltr'><strong>est,</strong></span> <span class='ocrx_word' id='word_1_449' title='bbox 3121 3026 3138 3048; x_wconf 74' lang='grc' dir='ltr'><strong>ι</strong></span> <span class='ocrx_word' id='word_1_450' title='bbox 3168 3017 3331 3072; x_wconf 89' lang='lat' dir='ltr'><strong>supra</strong></span> <span class='ocrx_word' id='word_1_451' title='bbox 3348 2998 3570 3054; x_wconf 91' lang='lat' dir='ltr'><strong>modum</strong></span> <span class='ocrx_word' id='word_1_452' title='bbox 3603 3015 3619 3063; x_wconf 88' lang='lat'><strong>;</strong></span> <span class='ocrx_word' id='word_1_453' title='bbox 3657 3022 3675 3045; x_wconf 74' lang='grc' dir='ltr'><strong>ι</strong></span> <span class='ocrx_word' id='word_1_454' title='bbox 3719 2993 3862 3069; x_wconf 83' lang='lat' dir='ltr'><strong>quasi</strong></span> <span class='ocrx_word' id='word_1_455' title='bbox 3919 3017 3922 3020; x_wconf 56' lang='grc' dir='ltr'><strong><em>ί</em></strong></span> 
     </span>
    </p>
   </div>
   <div class='ocr_carea' id='block_1_60' title="bbox 2262 3089 3860 3162">
    <p class='ocr_par' dir='ltr' id='par_1_60' title="bbox 2262 3089 3860 3162">
     <span class='ocr_line' id='line_1_60' title="bbox 2262 3089 3860 3162; baseline -0.008 -13"><span class='ocrx_word' id='word_1_456' title='bbox 2262 3093 2424 3149; x_wconf 90' lang='lat' dir='ltr'><strong>datus</strong></span> <span class='ocrx_word' id='word_1_457' title='bbox 2455 3093 2527 3148; x_wconf 89' lang='lat' dir='ltr'><strong>sit</strong></span> <span class='ocrx_word' id='word_1_458' title='bbox 2574 3092 2770 3148; x_wconf 90' lang='lat' dir='ltr'><strong>modus</strong></span> <span class='ocrx_word' id='word_1_459' title='bbox 2800 3089 3273 3162; x_wconf 88' lang='lat' dir='ltr'><strong>delinquentibus,</strong></span> <span class='ocrx_word' id='word_1_460' title='bbox 3335 3105 3461 3142; x_wconf 90' lang='lat' dir='ltr'><strong>cum</strong></span> <span class='ocrx_word' id='word_1_461' title='bbox 3491 3102 3724 3159; x_wconf 89' lang='lat' dir='ltr'><strong>peccare</strong></span> <span class='ocrx_word' id='word_1_462' title='bbox 3764 3098 3860 3140; x_wconf 91' lang='lat' dir='ltr'><strong>non</strong></span> 
     </span>
    </p>
   </div>
   <div class='ocr_carea' id='block_1_61' title="bbox 2264 3175 3861 3237">
    <p class='ocr_par' dir='ltr' id='par_1_61' title="bbox 2264 3175 3861 3237">
     <span class='ocr_line' id='line_1_61' title="bbox 2264 3175 3861 3237; baseline -0.008 0"><span class='ocrx_word' id='word_1_463' title='bbox 2264 3179 2469 3237; x_wconf 80' lang='lat' dir='ltr'><strong>liceat?</strong></span> <span class='ocrx_word' id='word_1_464' title='bbox 2506 3179 2608 3235; x_wconf 89' lang='lat' dir='ltr'><strong>Sed</strong></span> <span class='ocrx_word' id='word_1_465' title='bbox 2664 3179 2763 3236; x_wconf 90' lang='lat' dir='ltr'><strong>Dei</strong></span> <span class='ocrx_word' id='word_1_466' title='bbox 2805 3179 2973 3233; x_wconf 89' lang='lat' dir='ltr'><strong>verba</strong></span> <span class='ocrx_word' id='word_1_467' title='bbox 3013 3183 3145 3232; x_wconf 85' lang='lat' dir='ltr'><strong>sunt</strong></span> <span class='ocrx_word' id='word_1_468' title='bbox 3185 3175 3457 3232; x_wconf 87' lang='lat' dir='ltr'><strong>dicentis:</strong></span> <span class='ocrx_word' id='word_1_469' title='bbox 3528 3200 3547 3222; x_wconf 78' lang='grc' dir='ltr'>ι</span> <span class='ocrx_word' id='word_1_470' title='bbox 3575 3176 3700 3232; x_wconf 83' lang='lat' dir='ltr'><strong>Non</strong></span> <span class='ocrx_word' id='word_1_471' title='bbox 3743 3175 3861 3229; x_wconf 87' lang='lat' dir='ltr'><strong>sunt</strong></span> 
     </span>
    </p>
   </div>
   <div class='ocr_carea' id='block_1_62' title="bbox 561 3260 3848 3360">
    <p class='ocr_par' dir='ltr' id='par_1_62' title="bbox 561 3260 3848 3360">
     <span class='ocr_line' id='line_1_62' title="bbox 561 3260 3848 3360; baseline -0.004 -33"><span class='ocrx_word' id='word_1_472' title='bbox 561 3276 665 3340; x_wconf 82' lang='lat' dir='ltr'><strong>est,</strong></span> <span class='ocrx_word' id='word_1_473' title='bbox 697 3268 827 3342; x_wconf 88' lang='lat' dir='ltr'><strong>quia</strong></span> <span class='ocrx_word' id='word_1_474' title='bbox 855 3268 1043 3360; x_wconf 12' lang='lat' dir='ltr'><strong>lexrad</strong></span> <span class='ocrx_word' id='word_1_475' title='bbox 1070 3268 1242 3330; x_wconf 86' lang='lat' dir='ltr'><strong>vitam</strong></span> <span class='ocrx_word' id='word_1_476' title='bbox 1264 3269 1400 3360; x_wconf 85' lang='lat' dir='ltr'><strong>data</strong></span> <span class='ocrx_word' id='word_1_477' title='bbox 1425 3277 1543 3326; x_wconf 89' lang='lat' dir='ltr'><strong>est:</strong></span> <span class='ocrx_word' id='word_1_478' title='bbox 1595 3269 1689 3326; x_wconf 87' lang='lat' dir='ltr'><strong>sed</strong></span> <span class='ocrx_word' id='word_1_479' title='bbox 1718 3286 1844 3326; x_wconf 91' lang='lat' dir='ltr'><strong>cum</strong></span> <span class='ocrx_word' id='word_1_480' title='bbox 1873 3269 2156 3330; x_wconf 89' lang='lat' dir='ltr'><strong>hominem</strong></span> <span class='ocrx_word' id='word_1_481' title='bbox 2191 3298 2234 3360; x_wconf 68' lang='grc' dir='ltr'>ο</span> <span class='ocrx_word' id='word_1_482' title='bbox 2269 3270 2545 3360; x_wconf 79' lang='lat' dir='ltr'><strong>completa</strong></span> <span class='ocrx_word' id='word_1_483' title='bbox 2583 3274 2811 3360; x_wconf 28' lang='lat' dir='ltr'><strong>peccata-</strong></span> <span class='ocrx_word' id='word_1_484' title='bbox 2847 3263 3293 3322; x_wconf 67' lang='lat' dir='ltr'><strong>Amorrhaaorum</strong></span> <span class='ocrx_word' id='word_1_485' title='bbox 3341 3263 3497 3360; x_wconf 69' lang='lat' dir='ltr'><strong>(Gen.</strong></span> <span class='ocrx_word' id='word_1_486' title='bbox 3544 3280 3646 3332; x_wconf 87' lang='lat' dir='ltr'><strong>xv,</strong></span> <span class='ocrx_word' id='word_1_487' title='bbox 3693 3260 3848 3360; x_wconf 48' lang='lat'><strong>16).:</strong></span> 
     </span>
    </p>
   </div>
   <div class='ocr_carea' id='block_1_63' title="bbox 563 3359 2166 3436">
    <p class='ocr_par' dir='ltr' id='par_1_63' title="bbox 563 3359 2166 3436">
     <span class='ocr_line' id='line_1_63' title="bbox 563 3359 2166 3436; baseline 0 -18"><span class='ocrx_word' id='word_1_488' title='bbox 563 3376 678 3418; x_wconf 91' lang='lat' dir='ltr'><strong>non</strong></span> <span class='ocrx_word' id='word_1_489' title='bbox 711 3361 888 3418; x_wconf 88' lang='lat' dir='ltr'><strong>solum</strong></span> <span class='ocrx_word' id='word_1_490' title='bbox 935 3359 1003 3418; x_wconf 90' lang='lat' dir='ltr'><strong>de</strong></span> <span class='ocrx_word' id='word_1_491' title='bbox 1057 3359 1358 3436; x_wconf 64' lang='lat' dir='ltr'><strong>praeterito,</strong></span> <span class='ocrx_word' id='word_1_492' title='bbox 1389 3360 1484 3418; x_wconf 86' lang='lat' dir='ltr'><strong>sed</strong></span> <span class='ocrx_word' id='word_1_493' title='bbox 1529 3368 1584 3417; x_wconf 90' lang='lat' dir='ltr'><strong>et</strong></span> <span class='ocrx_word' id='word_1_494' title='bbox 1611 3360 1678 3417; x_wconf 91' lang='lat' dir='ltr'><strong>de</strong></span> <span class='ocrx_word' id='word_1_495' title='bbox 1721 3361 1910 3418; x_wconf 84' lang='lat' dir='ltr'><strong>futuro</strong></span> <span class='ocrx_word' id='word_1_496' title='bbox 1939 3378 2166 3433; x_wconf 80' lang='lat' dir='ltr'><strong>peccari.</strong></span> 
     </span>
    </p>
   </div>
   <div class='ocr_carea' id='block_1_64' title="bbox 564 3450 2164 3522">
    <p class='ocr_par' dir='ltr' id='par_1_64' title="bbox 564 3450 2164 3522">
     <span class='ocr_line' id='line_1_64' title="bbox 564 3450 2164 3522; baseline 0 -13"><span class='ocrx_word' id='word_1_497' title='bbox 564 3459 675 3509; x_wconf 87' lang='lat' dir='ltr'><strong>tem</strong></span> <span class='ocrx_word' id='word_1_498' title='bbox 709 3466 863 3509; x_wconf 91' lang='lat' dir='ltr'><strong>reum</strong></span> <span class='ocrx_word' id='word_1_499' title='bbox 919 3451 1073 3521; x_wconf 79' lang='lat' dir='ltr'><strong>fecit,</strong></span> <span class='ocrx_word' id='word_1_500' title='bbox 1112 3451 1258 3510; x_wconf 87' lang='lat' dir='ltr'><strong>facta</strong></span> <span class='ocrx_word' id='word_1_501' title='bbox 1310 3459 1396 3508; x_wconf 88' lang='lat' dir='ltr'><strong>est</strong></span> <span class='ocrx_word' id='word_1_502' title='bbox 1424 3452 1517 3509; x_wconf 90' lang='lat' dir='ltr'><strong>lex</strong></span> <span class='ocrx_word' id='word_1_503' title='bbox 1545 3450 1672 3507; x_wconf 91' lang='lat' dir='ltr'><strong>data</strong></span> <span class='ocrx_word' id='word_1_504' title='bbox 1701 3451 1818 3522; x_wconf 87' lang='grc'>(71)</span> <span class='ocrx_word' id='word_1_505' title='bbox 1863 3452 1933 3510; x_wconf 90' lang='lat' dir='ltr'><strong>ad</strong></span> <span class='ocrx_word' id='word_1_506' title='bbox 1971 3452 2164 3519; x_wconf 89' lang='lat' dir='ltr'><strong>vitam,</strong></span> 
     </span>
    </p>
   </div>
   <div class='ocr_carea' id='block_1_65' title="bbox 558 3539 2165 3615">
    <p class='ocr_par' dir='ltr' id='par_1_65' title="bbox 558 3539 2165 3615">
     <span class='ocr_line' id='line_1_65' title="bbox 558 3539 2165 3615; baseline -0.001 -15"><span class='ocrx_word' id='word_1_507' title='bbox 558 3557 676 3600; x_wconf 80' lang='lat' dir='ltr'><strong>esse</strong></span> <span class='ocrx_word' id='word_1_508' title='bbox 700 3540 770 3598; x_wconf 88' lang='lat' dir='ltr'><strong>ad</strong></span> <span class='ocrx_word' id='word_1_509' title='bbox 799 3548 1031 3598; x_wconf 86' lang='lat' dir='ltr'><strong>mortem</strong></span> <span class='ocrx_word' id='word_1_510' title='bbox 1059 3559 1071 3597; x_wconf 89' lang='lat'><strong>:</strong></span> <span class='ocrx_word' id='word_1_511' title='bbox 1132 3540 1228 3598; x_wconf 86' lang='lat' dir='ltr'><strong>sed</strong></span> <span class='ocrx_word' id='word_1_512' title='bbox 1277 3547 1340 3598; x_wconf 91' lang='lat' dir='ltr'><strong>ut</strong></span> <span class='ocrx_word' id='word_1_513' title='bbox 1367 3539 1533 3609; x_wconf 85' lang='lat' dir='ltr'><strong>dixit,</strong></span> <span class='ocrx_word' id='word_1_514' title='bbox 1567 3540 1835 3613; x_wconf 90' lang='lat' dir='ltr'><strong>peccanti,</strong></span> <span class='ocrx_word' id='word_1_515' title='bbox 1868 3540 1998 3615; x_wconf 87' lang='lat' dir='ltr'><strong>quia</strong></span> <span class='ocrx_word' id='word_1_516' title='bbox 2042 3541 2165 3598; x_wconf 88' lang='lat' dir='ltr'><strong>obe-</strong></span> 
     </span>
    </p>
   </div>
   <div class='ocr_carea' id='block_1_66' title="bbox 565 3629 1406 3702">
    <p class='ocr_par' dir='ltr' id='par_1_66' title="bbox 565 3629 1406 3702">
     <span class='ocr_line' id='line_1_66' title="bbox 565 3629 1406 3702; baseline -0.002 -15"><span class='ocrx_word' id='word_1_517' title='bbox 565 3629 848 3687; x_wconf 86' lang='lat' dir='ltr'><strong>dientibus</strong></span> <span class='ocrx_word' id='word_1_518' title='bbox 878 3629 1096 3702; x_wconf 86' lang='lat' dir='ltr'><strong>proﬁcit</strong></span> <span class='ocrx_word' id='word_1_519' title='bbox 1123 3629 1194 3686; x_wconf 86' lang='lat' dir='ltr'><strong>ad</strong></span> <span class='ocrx_word' id='word_1_520' title='bbox 1214 3629 1406 3686; x_wconf 86' lang='lat' dir='ltr'><strong>vitam.</strong></span> 
     </span>
    </p>
   </div>
   <div class='ocr_carea' id='block_1_67' title="bbox 637 3716 2165 3793">
    <p class='ocr_par' dir='ltr' id='par_1_67' title="bbox 637 3716 2165 3793">
     <span class='ocr_line' id='line_1_67' title="bbox 637 3716 2165 3793; baseline 0.001 -18"><span class='ocrx_word' id='word_1_521' title='bbox 637 3716 825 3789; x_wconf 76' lang='lat' dir='ltr'><strong>(Vera.</strong></span> <span class='ocrx_word' id='word_1_522' title='bbox 861 3717 977 3787; x_wconf 84' lang='grc'><strong>11.)</strong></span> <span class='ocrx_word' id='word_1_523' title='bbox 1051 3741 1069 3764; x_wconf 81' lang='grc' dir='ltr'>ι</span> <span class='ocrx_word' id='word_1_524' title='bbox 1095 3717 1233 3774; x_wconf 87' lang='lat' dir='ltr'><strong>Nam</strong></span> <span class='ocrx_word' id='word_1_525' title='bbox 1263 3724 1568 3788; x_wconf 90' lang='lat' dir='ltr'><strong>peccatum,</strong></span> <span class='ocrx_word' id='word_1_526' title='bbox 1621 3716 1904 3775; x_wconf 88' lang='lat' dir='ltr'><strong>occasione</strong></span> <span class='ocrx_word' id='word_1_527' title='bbox 1944 3728 2165 3793; x_wconf 85' lang='lat' dir='ltr'><strong>accepta</strong></span> 
     </span>
    </p>
   </div>
   <div class='ocr_carea' id='block_1_68' title="bbox 561 3805 2148 3880">
    <p class='ocr_par' dir='ltr' id='par_1_68' title="bbox 561 3805 2148 3880">
     <span class='ocr_line' id='line_1_68' title="bbox 561 3805 2148 3880; baseline 0.002 -17"><span class='ocrx_word' id='word_1_528' title='bbox 561 3822 659 3880; x_wconf 89' lang='lat' dir='ltr'><strong>per</strong></span> <span class='ocrx_word' id='word_1_529' title='bbox 686 3805 1028 3873; x_wconf 79' lang='lat' dir='ltr'><strong>mandatum,</strong></span> <span class='ocrx_word' id='word_1_530' title='bbox 1092 3805 1314 3862; x_wconf 88' lang='lat' dir='ltr'><strong>seduxit</strong></span> <span class='ocrx_word' id='word_1_531' title='bbox 1357 3821 1466 3874; x_wconf 91' lang='lat' dir='ltr'><strong>me,</strong></span> <span class='ocrx_word' id='word_1_532' title='bbox 1496 3813 1550 3862; x_wconf 89' lang='lat' dir='ltr'><strong>et</strong></span> <span class='ocrx_word' id='word_1_533' title='bbox 1578 3823 1673 3879; x_wconf 92' lang='lat' dir='ltr'><strong>per</strong></span> <span class='ocrx_word' id='word_1_534' title='bbox 1701 3807 1840 3864; x_wconf 91' lang='lat' dir='ltr'><strong>illud</strong></span> <span class='ocrx_word' id='word_1_535' title='bbox 1865 3809 2088 3866; x_wconf 90' lang='lat' dir='ltr'><strong>occidit.</strong></span> <span class='ocrx_word' id='word_1_536' title='bbox 2129 3834 2148 3857; x_wconf 78' lang='grc' dir='ltr'>ι</span> 
     </span>
    </p>
   </div>
   <div class='ocr_carea' id='block_1_69' title="bbox 565 3893 2162 3970">
    <p class='ocr_par' dir='ltr' id='par_1_69' title="bbox 565 3893 2162 3970">
     <span class='ocr_line' id='line_1_69' title="bbox 565 3893 2162 3970; baseline 0.001 -16"><span class='ocrx_word' id='word_1_537' title='bbox 565 3895 865 3954; x_wconf 88' lang='lat' dir='ltr'><strong>Peccatum</strong></span> <span class='ocrx_word' id='word_1_538' title='bbox 895 3893 1005 3951; x_wconf 90' lang='lat' dir='ltr'><strong>hoc</strong></span> <span class='ocrx_word' id='word_1_539' title='bbox 1038 3894 1162 3952; x_wconf 89' lang='lat' dir='ltr'><strong>loco</strong></span> <span class='ocrx_word' id='word_1_540' title='bbox 1201 3893 1484 3952; x_wconf 89' lang='lat' dir='ltr'><strong>diabolum</strong></span> <span class='ocrx_word' id='word_1_541' title='bbox 1513 3895 1778 3968; x_wconf 88' lang='lat' dir='ltr'><strong>intellige,</strong></span> <span class='ocrx_word' id='word_1_542' title='bbox 1830 3898 1927 3970; x_wconf 91' lang='lat' dir='ltr'><strong>qui</strong></span> <span class='ocrx_word' id='word_1_543' title='bbox 1973 3906 2162 3956; x_wconf 89' lang='lat' dir='ltr'><strong>auctor</strong></span> 
     </span>
    </p>
   </div>
   <div class='ocr_carea' id='block_1_70' title="bbox 570 3982 2160 4060">
    <p class='ocr_par' dir='ltr' id='par_1_70' title="bbox 570 3982 2160 4060">
     <span class='ocr_line' id='line_1_70' title="bbox 570 3982 2160 4060; baseline 0.001 -18"><span class='ocrx_word' id='word_1_544' title='bbox 570 3985 780 4058; x_wconf 82' lang='lat' dir='ltr'><strong>peccati</strong></span> <span class='ocrx_word' id='word_1_545' title='bbox 808 3991 909 4040; x_wconf 90' lang='lat' dir='ltr'><strong>est.</strong></span> <span class='ocrx_word' id='word_1_546' title='bbox 939 3982 1044 4040; x_wconf 86' lang='lat' dir='ltr'><strong>Hic</strong></span> <span class='ocrx_word' id='word_1_547' title='bbox 1071 3983 1414 4040; x_wconf 88' lang='lat' dir='ltr'><strong>occasionem</strong></span> <span class='ocrx_word' id='word_1_548' title='bbox 1449 4001 1545 4057; x_wconf 89' lang='lat' dir='ltr'><strong>per</strong></span> <span class='ocrx_word' id='word_1_549' title='bbox 1573 3985 1743 4057; x_wconf 90' lang='lat' dir='ltr'><strong>legem</strong></span> <span class='ocrx_word' id='word_1_550' title='bbox 1770 3984 2005 4056; x_wconf 91' lang='lat' dir='ltr'><strong>invenit,</strong></span> <span class='ocrx_word' id='word_1_551' title='bbox 2028 4003 2160 4060; x_wconf 89' lang='lat' dir='ltr'><strong>quo-</strong></span> 
     </span>
    </p>
   </div>
   <div class='ocr_carea' id='block_1_71' title="bbox 563 4072 2155 4146">
    <p class='ocr_par' dir='ltr' id='par_1_71' title="bbox 563 4072 2155 4146">
     <span class='ocr_line' id='line_1_71' title="bbox 563 4072 2155 4146; baseline 0.001 -14"><span class='ocrx_word' id='word_1_552' title='bbox 563 4073 731 4132; x_wconf 90' lang='lat' dir='ltr'><strong>modo</strong></span> <span class='ocrx_word' id='word_1_553' title='bbox 767 4073 1151 4132; x_wconf 88' lang='lat' dir='ltr'><strong>crudelitatem</strong></span> <span class='ocrx_word' id='word_1_554' title='bbox 1181 4089 1335 4130; x_wconf 89' lang='lat' dir='ltr'><strong>suam</strong></span> <span class='ocrx_word' id='word_1_555' title='bbox 1373 4072 1442 4130; x_wconf 92' lang='lat' dir='ltr'><strong>de</strong></span> <span class='ocrx_word' id='word_1_556' title='bbox 1483 4090 1614 4131; x_wconf 90' lang='lat' dir='ltr'><strong>nece</strong></span> <span class='ocrx_word' id='word_1_557' title='bbox 1643 4073 1885 4134; x_wconf 89' lang='lat' dir='ltr'><strong>hominis</strong></span> <span class='ocrx_word' id='word_1_558' title='bbox 1913 4077 2155 4146; x_wconf 88' lang='lat' dir='ltr'><strong>satiaret,</strong></span> 
     </span>
    </p>
   </div>
   <div class='ocr_carea' id='block_1_72' title="bbox 565 4163 2156 4238">
    <p class='ocr_par' dir='ltr' id='par_1_72' title="bbox 565 4163 2156 4238">
     <span class='ocr_line' id='line_1_72' title="bbox 565 4163 2156 4238; baseline 0.001 -16"><span class='ocrx_word' id='word_1_559' title='bbox 565 4172 630 4222; x_wconf 90' lang='lat' dir='ltr'><strong>ut</strong></span> <span class='ocrx_word' id='word_1_560' title='bbox 657 4165 790 4238; x_wconf 87' lang='lat' dir='ltr'><strong>quia</strong></span> <span class='ocrx_word' id='word_1_561' title='bbox 814 4163 906 4220; x_wconf 90' lang='lat' dir='ltr'><strong>lex</strong></span> <span class='ocrx_word' id='word_1_562' title='bbox 929 4163 1265 4220; x_wconf 89' lang='lat' dir='ltr'><strong>comminata</strong></span> <span class='ocrx_word' id='word_1_563' title='bbox 1286 4171 1369 4219; x_wconf 90' lang='lat' dir='ltr'><strong>est</strong></span> <span class='ocrx_word' id='word_1_564' title='bbox 1410 4163 1528 4234; x_wconf 81' lang='lat'><strong>(72)</strong></span> <span class='ocrx_word' id='word_1_565' title='bbox 1561 4165 1960 4235; x_wconf 89' lang='lat' dir='ltr'><strong>peccatoribus,</strong></span> <span class='ocrx_word' id='word_1_566' title='bbox 1988 4166 2156 4223; x_wconf 91' lang='lat' dir='ltr'><strong>homo</strong></span> 
     </span>
    </p>
   </div>
   <div class='ocr_carea' id='block_1_73' title="bbox 563 4250 2155 4325">
    <p class='ocr_par' dir='ltr' id='par_1_73' title="bbox 563 4250 2155 4325">
     <span class='ocr_line' id='line_1_73' title="bbox 563 4250 2155 4325; baseline 0 -15"><span class='ocrx_word' id='word_1_567' title='bbox 563 4259 660 4319; x_wconf 82' lang='grc'><strong>66</strong></span> <span class='ocrx_word' id='word_1_568' title='bbox 707 4251 982 4310; x_wconf 89' lang='lat' dir='ltr'><strong>instinctu</strong></span> <span class='ocrx_word' id='word_1_569' title='bbox 1015 4252 1132 4325; x_wconf 87' lang='lat' dir='ltr'><strong>ejus</strong></span> <span class='ocrx_word' id='word_1_570' title='bbox 1160 4250 1439 4324; x_wconf 88' lang='lat' dir='ltr'><strong>prohibita</strong></span> <span class='ocrx_word' id='word_1_571' title='bbox 1483 4267 1696 4323; x_wconf 86' lang='lat' dir='ltr'><strong>semper</strong></span> <span class='ocrx_word' id='word_1_572' title='bbox 1723 4253 2039 4322; x_wconf 86' lang='lat' dir='ltr'><strong>admittens,</strong></span> <span class='ocrx_word' id='word_1_573' title='bbox 2071 4255 2155 4310; x_wconf 88' lang='lat' dir='ltr'><strong>of-</strong></span> 
     </span>
    </p>
   </div>
   <div class='ocr_carea' id='block_1_74' title="bbox 561 4348 2154 4425">
    <p class='ocr_par' dir='ltr' id='par_1_74' title="bbox 561 4348 2154 4425">
     <span class='ocr_line' id='line_1_74' title="bbox 561 4348 2154 4425; baseline -0.001 -14"><span class='ocrx_word' id='word_1_574' title='bbox 561 4354 716 4411; x_wconf 85' lang='lat' dir='ltr'><strong>fenso</strong></span> <span class='ocrx_word' id='word_1_575' title='bbox 743 4353 877 4419; x_wconf 84' lang='lat' dir='ltr'><strong>Deo,</strong></span> <span class='ocrx_word' id='word_1_576' title='bbox 914 4349 1184 4407; x_wconf 89' lang='lat' dir='ltr'><strong>ultionem</strong></span> <span class='ocrx_word' id='word_1_577' title='bbox 1215 4348 1349 4422; x_wconf 87' lang='lat' dir='ltr'><strong>legis</strong></span> <span class='ocrx_word' id='word_1_578' title='bbox 1396 4349 1734 4406; x_wconf 88' lang='lat' dir='ltr'><strong>incurreret:</strong></span> <span class='ocrx_word' id='word_1_579' title='bbox 1767 4357 1832 4406; x_wconf 90' lang='lat' dir='ltr'><strong>ut</strong></span> <span class='ocrx_word' id='word_1_580' title='bbox 1857 4351 1926 4407; x_wconf 90' lang='lat' dir='ltr'><strong>ab</strong></span> <span class='ocrx_word' id='word_1_581' title='bbox 1953 4367 2016 4408; x_wconf 89' lang='lat' dir='ltr'><strong>ea</strong></span> <span class='ocrx_word' id='word_1_582' title='bbox 2035 4369 2154 4425; x_wconf 58' lang='lat' dir='ltr'><strong>quas</strong></span> 
     </span>
    </p>
   </div>
   <div class='ocr_carea' id='block_1_75' title="bbox 560 4437 2151 4514">
    <p class='ocr_par' dir='ltr' id='par_1_75' title="bbox 560 4437 2151 4514">
     <span class='ocr_line' id='line_1_75' title="bbox 560 4437 2151 4514; baseline -0.001 -15"><span class='ocrx_word' id='word_1_583' title='bbox 560 4441 645 4500; x_wconf 92' lang='lat' dir='ltr'><strong>illi</strong></span> <span class='ocrx_word' id='word_1_584' title='bbox 698 4440 990 4514; x_wconf 87' lang='lat' dir='ltr'><strong>profutura</strong></span> <span class='ocrx_word' id='word_1_585' title='bbox 1028 4438 1156 4495; x_wconf 86' lang='lat' dir='ltr'><strong>data</strong></span> <span class='ocrx_word' id='word_1_586' title='bbox 1206 4446 1342 4507; x_wconf 90' lang='lat' dir='ltr'><strong>erat,</strong></span> <span class='ocrx_word' id='word_1_587' title='bbox 1398 4437 1772 4496; x_wconf 88' lang='lat' dir='ltr'><strong>damnaretur.</strong></span> <span class='ocrx_word' id='word_1_588' title='bbox 1820 4439 1961 4507; x_wconf 89' lang='lat' dir='ltr'><strong>Quia</strong></span> <span class='ocrx_word' id='word_1_589' title='bbox 2003 4441 2151 4497; x_wconf 90' lang='lat' dir='ltr'><strong>enim</strong></span> 
     </span>
    </p>
   </div>
   <div class='ocr_carea' id='block_1_76' title="bbox 561 4528 2151 4598">
    <p class='ocr_par' dir='ltr' id='par_1_76' title="bbox 561 4528 2151 4598">
     <span class='ocr_line' id='line_1_76' title="bbox 561 4528 2151 4598; baseline -0.001 -9"><span class='ocrx_word' id='word_1_590' title='bbox 561 4531 744 4590; x_wconf 89' lang='lat' dir='ltr'><strong>invito</strong></span> <span class='ocrx_word' id='word_1_591' title='bbox 788 4531 886 4588; x_wconf 91' lang='lat' dir='ltr'><strong>illo</strong></span> <span class='ocrx_word' id='word_1_592' title='bbox 928 4529 1054 4586; x_wconf 87' lang='lat' dir='ltr'><strong>data</strong></span> <span class='ocrx_word' id='word_1_593' title='bbox 1097 4536 1180 4585; x_wconf 89' lang='lat' dir='ltr'><strong>est</strong></span> <span class='ocrx_word' id='word_1_594' title='bbox 1223 4529 1336 4598; x_wconf 86' lang='lat' dir='ltr'><strong>lex,</strong></span> <span class='ocrx_word' id='word_1_595' title='bbox 1369 4529 1576 4585; x_wconf 88' lang='lat' dir='ltr'><strong>exarsit</strong></span> <span class='ocrx_word' id='word_1_596' title='bbox 1627 4528 1839 4585; x_wconf 87' lang='lat' dir='ltr'><strong>invidia</strong></span> <span class='ocrx_word' id='word_1_597' title='bbox 1889 4531 2151 4588; x_wconf 88' lang='lat' dir='ltr'><strong>adversus</strong></span> 
     </span>
    </p>
   </div>
   <div class='ocr_carea' id='block_1_77' title="bbox 557 4617 2150 4696">
    <p class='ocr_par' dir='ltr' id='par_1_77' title="bbox 557 4617 2150 4696">
     <span class='ocr_line' id='line_1_77' title="bbox 557 4617 2150 4696; baseline -0.001 -16"><span class='ocrx_word' id='word_1_598' title='bbox 557 4621 867 4690; x_wconf 90' lang='lat' dir='ltr'><strong>hominem,</strong></span> <span class='ocrx_word' id='word_1_599' title='bbox 916 4628 980 4677; x_wconf 91' lang='lat' dir='ltr'><strong>ut</strong></span> <span class='ocrx_word' id='word_1_600' title='bbox 1022 4635 1148 4696; x_wconf 82' lang='lat' dir='ltr'><strong>eum</strong></span> <span class='ocrx_word' id='word_1_601' title='bbox 1204 4618 1441 4692; x_wconf 87' lang='lat' dir='ltr'><strong>amplius</strong></span> <span class='ocrx_word' id='word_1_602' title='bbox 1494 4617 1710 4676; x_wconf 87' lang='lat' dir='ltr'><strong>vitiosis</strong></span> <span class='ocrx_word' id='word_1_603' title='bbox 1773 4620 2150 4693; x_wconf 88' lang='lat' dir='ltr'><strong>voluptatibus</strong></span> 
     </span>
    </p>
   </div>
   <div class='ocr_carea' id='block_1_78' title="bbox 555 4708 1646 4780">
    <p class='ocr_par' dir='ltr' id='par_1_78' title="bbox 555 4708 1646 4780">
     <span class='ocr_line' id='line_1_78' title="bbox 555 4708 1646 4780; baseline -0.004 -10"><span class='ocrx_word' id='word_1_604' title='bbox 555 4714 878 4780; x_wconf 82' lang='lat' dir='ltr'><strong>macularet,</strong></span> <span class='ocrx_word' id='word_1_605' title='bbox 911 4727 981 4768; x_wconf 89' lang='lat' dir='ltr'><strong>ne</strong></span> <span class='ocrx_word' id='word_1_606' title='bbox 1009 4725 1206 4767; x_wconf 89' lang='lat' dir='ltr'><strong>manus</strong></span> <span class='ocrx_word' id='word_1_607' title='bbox 1225 4708 1343 4780; x_wconf 88' lang='lat' dir='ltr'><strong>ejus</strong></span> <span class='ocrx_word' id='word_1_608' title='bbox 1370 4708 1646 4766; x_wconf 88' lang='lat' dir='ltr'><strong>evaderet.</strong></span> 
     </span>
    </p>
   </div>
   <div class='ocr_carea' id='block_1_79' title="bbox 631 4797 2160 4874">
    <p class='ocr_par' dir='ltr' id='par_1_79' title="bbox 631 4797 2160 4874">
     <span class='ocr_line' id='line_1_79' title="bbox 631 4797 2160 4874; baseline -0.001 -15"><span class='ocrx_word' id='word_1_609' title='bbox 631 4803 815 4874; x_wconf 84' lang='lat' dir='ltr'><strong>(Vers.</strong></span> <span class='ocrx_word' id='word_1_610' title='bbox 846 4799 961 4871; x_wconf 79' lang='grc'><strong>12.)</strong></span> <span class='ocrx_word' id='word_1_611' title='bbox 990 4825 1008 4848; x_wconf 81' lang='grc' dir='ltr'>ι</span> <span class='ocrx_word' id='word_1_612' title='bbox 1037 4801 1227 4872; x_wconf 89' lang='lat' dir='ltr'><strong>Itaque</strong></span> <span class='ocrx_word' id='word_1_613' title='bbox 1248 4797 1339 4854; x_wconf 90' lang='lat' dir='ltr'><strong>lex</strong></span> <span class='ocrx_word' id='word_1_614' title='bbox 1363 4797 1590 4872; x_wconf 89' lang='lat' dir='ltr'><strong>quidem</strong></span> <span class='ocrx_word' id='word_1_615' title='bbox 1612 4807 1820 4868; x_wconf 89' lang='lat' dir='ltr'><strong>sancta,</strong></span> <span class='ocrx_word' id='word_1_616' title='bbox 1850 4809 1905 4858; x_wconf 91' lang='lat' dir='ltr'><strong>et</strong></span> <span class='ocrx_word' id='word_1_617' title='bbox 1931 4801 2160 4858; x_wconf 87' lang='lat' dir='ltr'><strong>manda-</strong></span> 
     </span>
    </p>
   </div>
   <div class='ocr_carea' id='block_1_80' title="bbox 560 4887 2159 4962">
    <p class='ocr_par' dir='ltr' id='par_1_80' title="bbox 560 4887 2159 4962">
     <span class='ocr_line' id='line_1_80' title="bbox 560 4887 2159 4962; baseline 0.002 -18"><span class='ocrx_word' id='word_1_618' title='bbox 560 4897 680 4945; x_wconf 89' lang='lat' dir='ltr'><strong>tum</strong></span> <span class='ocrx_word' id='word_1_619' title='bbox 745 4898 1021 4958; x_wconf 89' lang='lat' dir='ltr'><strong>sanctum,</strong></span> <span class='ocrx_word' id='word_1_620' title='bbox 1067 4897 1121 4946; x_wconf 89' lang='lat' dir='ltr'><strong>et</strong></span> <span class='ocrx_word' id='word_1_621' title='bbox 1163 4887 1397 4962; x_wconf 89' lang='lat' dir='ltr'><strong>justum,</strong></span> <span class='ocrx_word' id='word_1_622' title='bbox 1432 4895 1486 4944; x_wconf 90' lang='lat' dir='ltr'><strong>et</strong></span> <span class='ocrx_word' id='word_1_623' title='bbox 1532 4887 1761 4946; x_wconf 90' lang='lat' dir='ltr'><strong>bonum.</strong></span> <span class='ocrx_word' id='word_1_624' title='bbox 1800 4913 1818 4936; x_wconf 77' lang='grc' dir='ltr'>ι</span> <span class='ocrx_word' id='word_1_625' title='bbox 1901 4890 1972 4947; x_wconf 89' lang='lat' dir='ltr'><strong>Ut</strong></span> <span class='ocrx_word' id='word_1_626' title='bbox 2017 4891 2159 4948; x_wconf 89' lang='lat' dir='ltr'><strong>nihil</strong></span> 
     </span>
    </p>
   </div>
   <div class='ocr_carea' id='block_1_81' title="bbox 562 4977 2158 5050">
    <p class='ocr_par' dir='ltr' id='par_1_81' title="bbox 562 4977 2158 5050">
     <span class='ocr_line' id='line_1_81' title="bbox 562 4977 2158 5050; baseline 0.003 -17"><span class='ocrx_word' id='word_1_627' title='bbox 562 4977 807 5034; x_wconf 80' lang='lat' dir='ltr'><strong>adversae</strong></span> <span class='ocrx_word' id='word_1_628' title='bbox 863 4977 1198 5050; x_wconf 89' lang='lat' dir='ltr'><strong>suspicionis</strong></span> <span class='ocrx_word' id='word_1_629' title='bbox 1245 4985 1550 5035; x_wconf 89' lang='lat' dir='ltr'><strong>remaneret</strong></span> <span class='ocrx_word' id='word_1_630' title='bbox 1586 4977 1644 5033; x_wconf 92' lang='lat' dir='ltr'><strong>in</strong></span> <span class='ocrx_word' id='word_1_631' title='bbox 1691 4979 1828 5050; x_wconf 89' lang='lat' dir='ltr'><strong>lege,</strong></span> <span class='ocrx_word' id='word_1_632' title='bbox 1872 4979 1952 5035; x_wconf 91' lang='lat' dir='ltr'><strong>sic</strong></span> <span class='ocrx_word' id='word_1_633' title='bbox 2006 4981 2158 5038; x_wconf 90' lang='lat' dir='ltr'><strong>illam</strong></span> 
     </span>
    </p>
   </div>
   <div class='ocr_carea' id='block_1_82' title="bbox 562 5064 2160 5140">
    <p class='ocr_par' dir='ltr' id='par_1_82' title="bbox 562 5064 2160 5140">
     <span class='ocr_line' id='line_1_82' title="bbox 562 5064 2160 5140; baseline 0.001 -18"><span class='ocrx_word' id='word_1_634' title='bbox 562 5064 930 5135; x_wconf 77' lang='lat' dir='ltr'><strong>commendat,</strong></span> <span class='ocrx_word' id='word_1_635' title='bbox 963 5073 1024 5122; x_wconf 89' lang='lat' dir='ltr'><strong>ut</strong></span> <span class='ocrx_word' id='word_1_636' title='bbox 1052 5082 1165 5122; x_wconf 92' lang='lat' dir='ltr'><strong>non</strong></span> <span class='ocrx_word' id='word_1_637' title='bbox 1217 5068 1400 5124; x_wconf 87' lang='lat' dir='ltr'><strong>solum</strong></span> <span class='ocrx_word' id='word_1_638' title='bbox 1449 5066 1654 5140; x_wconf 84' lang='lat' dir='ltr'><strong>justam</strong></span> <span class='ocrx_word' id='word_1_639' title='bbox 1688 5065 1850 5136; x_wconf 88' lang='lat' dir='ltr'><strong>hanc,</strong></span> <span class='ocrx_word' id='word_1_640' title='bbox 1899 5068 1994 5124; x_wconf 89' lang='lat' dir='ltr'><strong>sed</strong></span> <span class='ocrx_word' id='word_1_641' title='bbox 2041 5085 2160 5125; x_wconf 86' lang='lat' dir='ltr'><strong>san-</strong></span> 
     </span>
    </p>
   </div>
   <div class='ocr_carea' id='block_1_83' title="bbox 560 5154 2158 5231">
    <p class='ocr_par' dir='ltr' id='par_1_83' title="bbox 560 5154 2158 5231">
     <span class='ocr_line' id='line_1_83' title="bbox 560 5154 2158 5231; baseline 0.001 -18"><span class='ocrx_word' id='word_1_642' title='bbox 560 5164 707 5214; x_wconf 89' lang='lat' dir='ltr'><strong>ctam</strong></span> <span class='ocrx_word' id='word_1_643' title='bbox 738 5163 794 5212; x_wconf 91' lang='lat' dir='ltr'><strong>et</strong></span> <span class='ocrx_word' id='word_1_644' title='bbox 823 5154 1021 5212; x_wconf 88' lang='lat' dir='ltr'><strong>bonam</strong></span> <span class='ocrx_word' id='word_1_645' title='bbox 1069 5156 1408 5229; x_wconf 89' lang='lat' dir='ltr'><strong>pronuntiet.</strong></span> <span class='ocrx_word' id='word_1_646' title='bbox 1446 5159 1583 5216; x_wconf 90' lang='lat' dir='ltr'><strong>Nam</strong></span> <span class='ocrx_word' id='word_1_647' title='bbox 1635 5156 1953 5214; x_wconf 89' lang='lat' dir='ltr'><strong>mandatum</strong></span> <span class='ocrx_word' id='word_1_648' title='bbox 1985 5158 2158 5231; x_wconf 89' lang='lat' dir='ltr'><strong>legem</strong></span> 
     </span>
    </p>
   </div>
   <div class='ocr_carea' id='block_1_84' title="bbox 565 5245 2160 5320">
    <p class='ocr_par' dir='ltr' id='par_1_84' title="bbox 565 5245 2160 5320">
     <span class='ocr_line' id='line_1_84' title="bbox 565 5245 2160 5320; baseline 0.003 -18"><span class='ocrx_word' id='word_1_649' title='bbox 565 5245 808 5319; x_wconf 90' lang='lat' dir='ltr'><strong>intelligi</strong></span> <span class='ocrx_word' id='word_1_650' title='bbox 834 5245 1183 5320; x_wconf 88' lang='lat' dir='ltr'><strong>evangelicus</strong></span> <span class='ocrx_word' id='word_1_651' title='bbox 1212 5264 1391 5307; x_wconf 90' lang='lat' dir='ltr'><strong>sermo</strong></span> <span class='ocrx_word' id='word_1_652' title='bbox 1409 5255 1663 5307; x_wconf 87' lang='lat' dir='ltr'><strong>testatur.</strong></span> <span class='ocrx_word' id='word_1_653' title='bbox 1695 5249 1791 5306; x_wconf 80' lang='lat' dir='ltr'><strong>Ait</strong></span> <span class='ocrx_word' id='word_1_654' title='bbox 1821 5249 1968 5306; x_wconf 90' lang='lat' dir='ltr'><strong>enim</strong></span> <span class='ocrx_word' id='word_1_655' title='bbox 1997 5267 2010 5306; x_wconf 90' lang='lat'><strong>:</strong></span> <span class='ocrx_word' id='word_1_656' title='bbox 2063 5273 2081 5299; x_wconf 78' lang='grc' dir='ltr'>ι</span> <span class='ocrx_word' id='word_1_657' title='bbox 2102 5249 2160 5308; x_wconf 90' lang='lat' dir='ltr'><strong>Si</strong></span> 
     </span>
    </p>
   </div>
   <div class='ocr_carea' id='block_1_85' title="bbox 640 5462 2155 5591">
    <p class='ocr_par' dir='ltr' id='par_1_85' title="bbox 640 5462 2155 5591">
     <span class='ocr_line' id='line_1_85' title="bbox 640 5462 2155 5591; baseline 0.001 -71"><span class='ocrx_word' id='word_1_658' title='bbox 640 5464 758 5535; x_wconf 89' lang='lat'><strong>(70)</strong></span> <span class='ocrx_word' id='word_1_659' title='bbox 820 5462 1282 5591; x_wconf 72' lang='lat' dir='ltr'><strong>Vocidpcregrinis</strong></span> <span class='ocrx_word' id='word_1_660' title='bbox 1311 5463 1648 5546; x_wconf 75' lang='lat' dir='ltr'><strong>subnectunt</strong></span> <span class='ocrx_word' id='word_1_661' title='bbox 1675 5481 1786 5522; x_wconf 92' lang='lat' dir='ltr'><strong>non</strong></span> <span class='ocrx_word' id='word_1_662' title='bbox 1835 5465 1995 5538; x_wconf 89' lang='lat' dir='ltr'><strong>pauci</strong></span> <span class='ocrx_word' id='word_1_663' title='bbox 2026 5482 2155 5522; x_wconf 91' lang='lat' dir='ltr'><strong>mss.</strong></span> 
     </span>
     <span class='ocr_line' id='line_1_86' title="bbox 640 5543 1403 5591; baseline 0.004 -3"><span class='ocrx_word' id='word_1_664' title='bbox 640 5551 675 5588; x_wconf 80' lang='grc' dir='ltr'><em>η</em></span> <span class='ocrx_word' id='word_1_665' title='bbox 702 5551 863 5591; x_wconf 81' lang='lat' dir='ltr'><strong>vera:</strong></span> <span class='ocrx_word' id='word_1_666' title='bbox 898 5551 956 5591; x_wconf 89' lang='lat' dir='ltr'><strong>se</strong></span> <span class='ocrx_word' id='word_1_667' title='bbox 1024 5551 1218 5591; x_wconf 84' lang='lat' dir='ltr'><strong>narum</strong></span> <span class='ocrx_word' id='word_1_668' title='bbox 1249 5543 1403 5591; x_wconf 79' lang='lat' dir='ltr'><strong>scite.</strong></span> 
     </span>
    </p>
   </div>
   <div class='ocr_carea' id='block_1_86' title="bbox 566 5543 1403 5603">
    <p class='ocr_par' dir='ltr' id='par_1_86' title="bbox 566 5543 1403 5603">
     <span class='ocr_line' id='line_1_87' title="bbox 566 5543 1403 5603; baseline 0.007 -17"><span class='ocrx_word' id='word_1_669' title='bbox 566 5549 675 5588; x_wconf 77' lang='lat' dir='ltr'><strong>non</strong></span> <span class='ocrx_word' id='word_1_670' title='bbox 702 5551 863 5603; x_wconf 81' lang='lat' dir='ltr'><strong>vera;</strong></span> <span class='ocrx_word' id='word_1_671' title='bbox 898 5543 993 5592; x_wconf 89' lang='lat' dir='ltr'><strong>sed</strong></span> <span class='ocrx_word' id='word_1_672' title='bbox 1024 5551 1218 5603; x_wconf 88' lang='lat' dir='ltr'><strong>parum</strong></span> <span class='ocrx_word' id='word_1_673' title='bbox 1249 5543 1403 5593; x_wconf 86' lang='lat' dir='ltr'><strong>scite.</strong></span> 
     </span>
    </p>
   </div>
   <div class='ocr_carea' id='block_1_87' title="bbox 635 5605 2047 5679">
    <p class='ocr_par' dir='ltr' id='par_1_87' title="bbox 635 5605 2047 5679">
     <span class='ocr_line' id='line_1_88' title="bbox 635 5605 2047 5679; baseline 0 -15"><span class='ocrx_word' id='word_1_674' title='bbox 635 5605 753 5679; x_wconf 55' lang='grc' dir='ltr'><strong>(Η)</strong></span> <span class='ocrx_word' id='word_1_675' title='bbox 777 5605 934 5679; x_wconf 76' lang='lat' dir='ltr'><strong>Rom.</strong></span> <span class='ocrx_word' id='word_1_676' title='bbox 964 5605 1098 5679; x_wconf 79' lang='lat' dir='ltr'><strong>edit.</strong></span> <span class='ocrx_word' id='word_1_677' title='bbox 1126 5607 1261 5679; x_wconf 82' lang='lat' dir='ltr'><strong>sola,</strong></span> <span class='ocrx_word' id='word_1_678' title='bbox 1301 5607 1515 5662; x_wconf 79' lang='lat' dir='ltr'><strong>inventa</strong></span> <span class='ocrx_word' id='word_1_679' title='bbox 1540 5613 1616 5662; x_wconf 79' lang='lat' dir='ltr'><strong>est</strong></span> <span class='ocrx_word' id='word_1_680' title='bbox 1646 5607 1732 5662; x_wconf 73' lang='lat' dir='ltr'><strong>lea:</strong></span> <span class='ocrx_word' id='word_1_681' title='bbox 1760 5609 1908 5675; x_wconf 82' lang='lat' dir='ltr'><strong>data,</strong></span> <span class='ocrx_word' id='word_1_682' title='bbox 1944 5618 2047 5666; x_wconf 87' lang='lat' dir='ltr'><strong>etc.</strong></span> 
     </span>
    </p>
   </div>
   <div class='ocr_carea' id='block_1_88' title="bbox 629 5675 2158 5756">
    <p class='ocr_par' dir='ltr' id='par_1_88' title="bbox 629 5675 2158 5756">
     <span class='ocr_line' id='line_1_89' title="bbox 629 5675 2158 5756; baseline 0.003 -24"><span class='ocrx_word' id='word_1_683' title='bbox 629 5675 748 5756; x_wconf 55' lang='lat'><strong>(7?)</strong></span> <span class='ocrx_word' id='word_1_684' title='bbox 787 5675 950 5756; x_wconf 27' lang='lat' dir='ltr'><strong>‘Vet.</strong></span> <span class='ocrx_word' id='word_1_685' title='bbox 1009 5677 1144 5756; x_wconf 70' lang='lat' dir='ltr'><strong>edit.</strong></span> <span class='ocrx_word' id='word_1_686' title='bbox 1203 5675 1331 5756; x_wconf 78' lang='lat' dir='ltr'><strong>cum</strong></span> <span class='ocrx_word' id='word_1_687' title='bbox 1401 5693 1702 5756; x_wconf 82' lang='lat' dir='ltr'><strong>mss.__non</strong></span> <span class='ocrx_word' id='word_1_688' title='bbox 1760 5679 1971 5756; x_wconf 73' lang='lat' dir='ltr'><strong>paucis.</strong></span> <span class='ocrx_word' id='word_1_689' title='bbox 2048 5681 2158 5737; x_wconf 67' lang='lat' dir='ltr'><strong>Lee:</strong></span> 
     </span>
    </p>
   </div>
   <div class='ocr_carea' id='block_1_89' title="bbox 559 5748 2156 5879">
    <p class='ocr_par' dir='ltr' id='par_1_89' title="bbox 559 5748 2156 5879">
     <span class='ocr_line' id='line_1_90' title="bbox 559 5748 2156 5879; baseline 0.004 -77"><span class='ocrx_word' id='word_1_690' title='bbox 559 5748 937 5879; x_wconf 43' lang='lat' dir='ltr'><strong>gmtztut</strong></span> <span class='ocrx_word' id='word_1_691' title='bbox 965 5765 980 5816; x_wconf 88' lang='lat'><strong>;</strong></span> <span class='ocrx_word' id='word_1_692' title='bbox 1009 5750 1170 5808; x_wconf 81' lang='lat' dir='ltr'><strong>Rom.</strong></span> <span class='ocrx_word' id='word_1_693' title='bbox 1203 5748 1338 5807; x_wconf 90' lang='lat' dir='ltr'><strong>edit.</strong></span> <span class='ocrx_word' id='word_1_694' title='bbox 1367 5764 1496 5806; x_wconf 90' lang='lat' dir='ltr'><strong>cum</strong></span> <span class='ocrx_word' id='word_1_695' title='bbox 1523 5748 1647 5807; x_wconf 89' lang='lat' dir='ltr'><strong>aliis</strong></span> <span class='ocrx_word' id='word_1_696' title='bbox 1677 5748 1830 5819; x_wconf 80' lang='lat' dir='ltr'><strong>mss.,</strong></span> <span class='ocrx_word' id='word_1_697' title='bbox 1857 5753 1968 5808; x_wconf 73' lang='lat' dir='ltr'><strong>Lex</strong></span> <span class='ocrx_word' id='word_1_698' title='bbox 2005 5768 2156 5809; x_wconf 90' lang='lat' dir='ltr'><strong>com-</strong></span> 
     </span>
    </p>
   </div>
   <div class='ocr_carea' id='block_1_90' title="bbox 555 5834 886 5878">
    <p class='ocr_par' dir='ltr' id='par_1_90' title="bbox 555 5834 886 5878">
     <span class='ocr_line' id='line_1_91' title="bbox 555 5834 886 5878; baseline -0.006 0"><span class='ocrx_word' id='word_1_699' title='bbox 555 5834 762 5878; x_wconf 74' lang='lat' dir='ltr'><strong>mtuam</strong></span> <span class='ocrx_word' id='word_1_700' title='bbox 791 5834 886 5877; x_wconf 74' lang='grc' dir='ltr'><strong>επ.</strong></span> 
     </span>
    </p>
   </div>
   <div class='ocr_carea' id='block_1_91' title="bbox 2276 3348 3862 3433">
    <p class='ocr_par' dir='ltr' id='par_1_91' title="bbox 2276 3348 3862 3433">
     <span class='ocr_line' id='line_1_92' title="bbox 2276 3348 3862 3433; baseline -0.008 -17"><span class='ocrx_word' id='word_1_701' title='bbox 2276 3362 2378 3416; x_wconf 91' lang='lat' dir='ltr'><strong>Per</strong></span> <span class='ocrx_word' id='word_1_702' title='bbox 2407 3359 2554 3433; x_wconf 93' lang='lat' dir='ltr'><strong>quod</strong></span> <span class='ocrx_word' id='word_1_703' title='bbox 2599 3356 2842 3414; x_wconf 88' lang='lat' dir='ltr'><strong>ostendit</strong></span> <span class='ocrx_word' id='word_1_704' title='bbox 2888 3371 3202 3411; x_wconf 89' lang='lat' dir='ltr'><strong>mensuram</strong></span> <span class='ocrx_word' id='word_1_705' title='bbox 3233 3352 3527 3428; x_wconf 90' lang='lat' dir='ltr'><strong>quamdam</strong></span> <span class='ocrx_word' id='word_1_706' title='bbox 3580 3369 3701 3410; x_wconf 89' lang='lat' dir='ltr'><strong>esse</strong></span> <span class='ocrx_word' id='word_1_707' title='bbox 3741 3348 3862 3408; x_wconf 87' lang='lat' dir='ltr'><strong>deli-</strong></span> 
     </span>
    </p>
   </div>
   <div class='ocr_carea' id='block_1_92' title="bbox 2275 3437 3863 3519">
    <p class='ocr_par' dir='ltr' id='par_1_92' title="bbox 2275 3437 3863 3519">
     <span class='ocr_line' id='line_1_93' title="bbox 2275 3437 3863 3519; baseline -0.009 -14"><span class='ocrx_word' id='word_1_708' title='bbox 2275 3457 2511 3515; x_wconf 90' lang='lat' dir='ltr'><strong>ctorum,</strong></span> <span class='ocrx_word' id='word_1_709' title='bbox 2573 3463 2736 3519; x_wconf 86' lang='lat' dir='ltr'><strong>quam</strong></span> <span class='ocrx_word' id='word_1_710' title='bbox 2785 3462 2912 3501; x_wconf 89' lang='lat' dir='ltr'><strong>cum</strong></span> <span class='ocrx_word' id='word_1_711' title='bbox 2966 3443 3320 3515; x_wconf 82' lang='lat' dir='ltr'><strong>impleverim</strong></span> <span class='ocrx_word' id='word_1_712' title='bbox 3377 3448 3717 3514; x_wconf 89' lang='lat' dir='ltr'><strong>peccatores,</strong></span> <span class='ocrx_word' id='word_1_713' title='bbox 3759 3437 3863 3492; x_wconf 81' lang='lat' dir='ltr'><strong>vita</strong></span> 
     </span>
    </p>
   </div>
   <div class='ocr_carea' id='block_1_93' title="bbox 2275 3527 3862 3612">
    <p class='ocr_par' dir='ltr' id='par_1_93' title="bbox 2275 3527 3862 3612">
     <span class='ocr_line' id='line_1_94' title="bbox 2275 3527 3862 3612; baseline -0.008 -17"><span class='ocrx_word' id='word_1_714' title='bbox 2275 3538 2428 3612; x_wconf 90' lang='lat' dir='ltr'><strong>digni</strong></span> <span class='ocrx_word' id='word_1_715' title='bbox 2473 3537 2702 3594; x_wconf 92' lang='lat' dir='ltr'><strong>minime</strong></span> <span class='ocrx_word' id='word_1_716' title='bbox 2747 3536 3098 3608; x_wconf 88' lang='lat' dir='ltr'><strong>judicentur;</strong></span> <span class='ocrx_word' id='word_1_717' title='bbox 3156 3533 3300 3590; x_wconf 89' lang='lat' dir='ltr'><strong>sicut</strong></span> <span class='ocrx_word' id='word_1_718' title='bbox 3350 3540 3406 3588; x_wconf 91' lang='lat' dir='ltr'><strong>et</strong></span> <span class='ocrx_word' id='word_1_719' title='bbox 3445 3532 3681 3600; x_wconf 87' lang='lat' dir='ltr'><strong>Pharao,</strong></span> <span class='ocrx_word' id='word_1_720' title='bbox 3746 3527 3862 3602; x_wconf 84' lang='lat' dir='ltr'><strong>quia</strong></span> 
     </span>
    </p>
   </div>
   <div class='ocr_carea' id='block_1_94' title="bbox 2274 3620 3862 3698">
    <p class='ocr_par' dir='ltr' id='par_1_94' title="bbox 2274 3620 3862 3698">
     <span class='ocr_line' id='line_1_95' title="bbox 2274 3620 3862 3698; baseline -0.008 -12"><span class='ocrx_word' id='word_1_721' title='bbox 2274 3629 2440 3686; x_wconf 89' lang='lat' dir='ltr'><strong>istum</strong></span> <span class='ocrx_word' id='word_1_722' title='bbox 2464 3627 2693 3684; x_wconf 90' lang='lat' dir='ltr'><strong>modum</strong></span> <span class='ocrx_word' id='word_1_723' title='bbox 2725 3626 2866 3698; x_wconf 73' lang='grc'>(74),</span> <span class='ocrx_word' id='word_1_724' title='bbox 2898 3625 3225 3698; x_wconf 90' lang='lat' dir='ltr'><strong>impleverat</strong></span> <span class='ocrx_word' id='word_1_725' title='bbox 3251 3623 3350 3681; x_wconf 92' lang='lat' dir='ltr'><strong>Dei</strong></span> <span class='ocrx_word' id='word_1_726' title='bbox 3382 3623 3616 3680; x_wconf 90' lang='lat' dir='ltr'><strong>virtutes</strong></span> <span class='ocrx_word' id='word_1_727' title='bbox 3636 3631 3691 3679; x_wconf 90' lang='lat' dir='ltr'><strong>et</strong></span> <span class='ocrx_word' id='word_1_728' title='bbox 3719 3620 3862 3692; x_wconf 77' lang='lat' dir='ltr'><strong>signa</strong></span> 
     </span>
    </p>
   </div>
   <div class='ocr_carea' id='block_1_95' title="bbox 2272 3705 3861 3786">
    <p class='ocr_par' dir='ltr' id='par_1_95' title="bbox 2272 3705 3861 3786">
     <span class='ocr_line' id='line_1_96' title="bbox 2272 3705 3861 3786; baseline -0.009 -11"><span class='ocrx_word' id='word_1_729' title='bbox 2272 3719 2331 3775; x_wconf 92' lang='lat' dir='ltr'><strong>in</strong></span> <span class='ocrx_word' id='word_1_730' title='bbox 2373 3719 2531 3775; x_wconf 91' lang='lat' dir='ltr'><strong>illum</strong></span> <span class='ocrx_word' id='word_1_731' title='bbox 2590 3724 2806 3772; x_wconf 86' lang='lat' dir='ltr'><strong>ostensa</strong></span> <span class='ocrx_word' id='word_1_732' title='bbox 2840 3722 2997 3782; x_wconf 91' lang='lat' dir='ltr'><strong>sunt,</strong></span> <span class='ocrx_word' id='word_1_733' title='bbox 3045 3729 3139 3785; x_wconf 91' lang='lat' dir='ltr'><strong>per</strong></span> <span class='ocrx_word' id='word_1_734' title='bbox 3180 3730 3301 3786; x_wconf 65' lang='lat' dir='ltr'><strong>quae</strong></span> <span class='ocrx_word' id='word_1_735' title='bbox 3347 3712 3530 3768; x_wconf 84' lang='lat' dir='ltr'><strong>caeteri</strong></span> <span class='ocrx_word' id='word_1_736' title='bbox 3574 3709 3756 3769; x_wconf 88' lang='lat' dir='ltr'><strong>territi</strong></span> <span class='ocrx_word' id='word_1_737' title='bbox 3799 3705 3861 3762; x_wconf 90' lang='lat' dir='ltr'><strong>ad</strong></span> 
     </span>
    </p>
   </div>
   <div class='ocr_carea' id='block_1_96' title="bbox 2270 3798 3861 3870">
    <p class='ocr_par' dir='ltr' id='par_1_96' title="bbox 2270 3798 3861 3870">
     <span class='ocr_line' id='line_1_97' title="bbox 2270 3798 3861 3870; baseline -0.008 -6"><span class='ocrx_word' id='word_1_738' title='bbox 2270 3809 2639 3864; x_wconf 89' lang='lat' dir='ltr'><strong>emolumenta</strong></span> <span class='ocrx_word' id='word_1_739' title='bbox 2667 3805 2795 3861; x_wconf 86' lang='lat' dir='ltr'><strong>vitae</strong></span> <span class='ocrx_word' id='word_1_740' title='bbox 2825 3820 2882 3859; x_wconf 90' lang='lat' dir='ltr'><strong>se</strong></span> <span class='ocrx_word' id='word_1_741' title='bbox 2923 3812 3270 3870; x_wconf 86' lang='lat' dir='ltr'><strong>exercerent,</strong></span> <span class='ocrx_word' id='word_1_742' title='bbox 3326 3810 3388 3858; x_wconf 89' lang='lat' dir='ltr'><strong>ut</strong></span> <span class='ocrx_word' id='word_1_743' title='bbox 3421 3802 3476 3858; x_wconf 92' lang='lat' dir='ltr'><strong>in</strong></span> <span class='ocrx_word' id='word_1_744' title='bbox 3509 3809 3732 3858; x_wconf 86' lang='lat' dir='ltr'><strong>mortuo</strong></span> <span class='ocrx_word' id='word_1_745' title='bbox 3757 3798 3861 3853; x_wconf 84' lang='lat' dir='ltr'><strong>vita</strong></span> 
     </span>
    </p>
   </div>
   <div class='ocr_carea' id='block_1_97' title="bbox 2270 3890 3861 3964">
    <p class='ocr_par' dir='ltr' id='par_1_97' title="bbox 2270 3890 3861 3964">
     <span class='ocr_line' id='line_1_98' title="bbox 2270 3890 3861 3964; baseline -0.007 -10"><span class='ocrx_word' id='word_1_746' title='bbox 2270 3897 2534 3954; x_wconf 88' lang='lat' dir='ltr'><strong>discatur.</strong></span> <span class='ocrx_word' id='word_1_747' title='bbox 2583 3895 2689 3952; x_wconf 91' lang='lat' dir='ltr'><strong>Sed</strong></span> <span class='ocrx_word' id='word_1_748' title='bbox 2727 3895 2873 3951; x_wconf 90' lang='lat' dir='ltr'><strong>alius</strong></span> <span class='ocrx_word' id='word_1_749' title='bbox 2909 3901 2990 3949; x_wconf 90' lang='lat' dir='ltr'><strong>est</strong></span> <span class='ocrx_word' id='word_1_750' title='bbox 3024 3891 3247 3960; x_wconf 89' lang='lat' dir='ltr'><strong>modus,</strong></span> <span class='ocrx_word' id='word_1_751' title='bbox 3278 3907 3439 3964; x_wconf 90' lang='lat' dir='ltr'><strong>quem</strong></span> <span class='ocrx_word' id='word_1_752' title='bbox 3479 3897 3684 3947; x_wconf 85' lang='lat' dir='ltr'><strong>tractat</strong></span> <span class='ocrx_word' id='word_1_753' title='bbox 3713 3890 3861 3960; x_wconf 85' lang='lat' dir='ltr'><strong>Apo—</strong></span> 
     </span>
    </p>
   </div>
   <div class='ocr_carea' id='block_1_98' title="bbox 2267 3974 3860 4054">
    <p class='ocr_par' dir='ltr' id='par_1_98' title="bbox 2267 3974 3860 4054">
     <span class='ocr_line' id='line_1_99' title="bbox 2267 3974 3860 4054; baseline -0.009 -10"><span class='ocrx_word' id='word_1_754' title='bbox 2267 3987 2468 4054; x_wconf 90' lang='lat' dir='ltr'><strong>stolus;</strong></span> <span class='ocrx_word' id='word_1_755' title='bbox 2519 3995 2580 4042; x_wconf 92' lang='lat' dir='ltr'><strong>ut</strong></span> <span class='ocrx_word' id='word_1_756' title='bbox 2619 3985 2869 4042; x_wconf 86' lang='lat' dir='ltr'><strong>ostendat</strong></span> <span class='ocrx_word' id='word_1_757' title='bbox 2901 3984 3049 4041; x_wconf 91' lang='lat' dir='ltr'><strong>enim</strong></span> <span class='ocrx_word' id='word_1_758' title='bbox 3099 3983 3222 4054; x_wconf 89' lang='lat' dir='ltr'><strong>plus</strong></span> <span class='ocrx_word' id='word_1_759' title='bbox 3269 3988 3548 4052; x_wconf 91' lang='lat' dir='ltr'><strong>peccatum</strong></span> <span class='ocrx_word' id='word_1_760' title='bbox 3613 3993 3728 4036; x_wconf 86' lang='lat' dir='ltr'><strong>esse</strong></span> <span class='ocrx_word' id='word_1_761' title='bbox 3768 3974 3860 4033; x_wconf 91' lang='lat' dir='ltr'><strong>sub</strong></span> 
     </span>
    </p>
   </div>
   <div class='ocr_carea' id='block_1_99' title="bbox 2268 4067 3858 4151">
    <p class='ocr_par' dir='ltr' id='par_1_99' title="bbox 2268 4067 3858 4151">
     <span class='ocr_line' id='line_1_100' title="bbox 2268 4067 3858 4151; baseline -0.009 -17"><span class='ocrx_word' id='word_1_762' title='bbox 2268 4079 2382 4151; x_wconf 86' lang='lat' dir='ltr'><strong>lege</strong></span> <span class='ocrx_word' id='word_1_763' title='bbox 2413 4093 2574 4151; x_wconf 89' lang='lat' dir='ltr'><strong>quam</strong></span> <span class='ocrx_word' id='word_1_764' title='bbox 2609 4077 2804 4133; x_wconf 87' lang='lat' dir='ltr'><strong>fuerat</strong></span> <span class='ocrx_word' id='word_1_765' title='bbox 2833 4083 2959 4131; x_wconf 88' lang='lat' dir='ltr'><strong>ante</strong></span> <span class='ocrx_word' id='word_1_766' title='bbox 3007 4075 3203 4145; x_wconf 89' lang='lat' dir='ltr'><strong>legem,</strong></span> <span class='ocrx_word' id='word_1_767' title='bbox 3252 4088 3415 4143; x_wconf 90' lang='lat' dir='ltr'><strong>supra</strong></span> <span class='ocrx_word' id='word_1_768' title='bbox 3443 4071 3592 4128; x_wconf 89' lang='lat' dir='ltr'><strong>hunc</strong></span> <span class='ocrx_word' id='word_1_769' title='bbox 3622 4067 3858 4131; x_wconf 91' lang='lat' dir='ltr'><strong>modum,</strong></span> 
     </span>
    </p>
   </div>
   <div class='ocr_carea' id='block_1_100' title="bbox 2265 4155 3858 4242">
    <p class='ocr_par' dir='ltr' id='par_1_100' title="bbox 2265 4155 3858 4242">
     <span class='ocr_line' id='line_1_101' title="bbox 2265 4155 3858 4242; baseline -0.009 -18"><span class='ocrx_word' id='word_1_770' title='bbox 2265 4176 2612 4242; x_wconf 84' lang='lat' dir='ltr'><strong>peccatorum</strong></span> <span class='ocrx_word' id='word_1_771' title='bbox 2691 4164 3018 4236; x_wconf 89' lang='lat' dir='ltr'><strong>ampliorem</strong></span> <span class='ocrx_word' id='word_1_772' title='bbox 3052 4161 3276 4218; x_wconf 90' lang='lat' dir='ltr'><strong>modum</strong></span> <span class='ocrx_word' id='word_1_773' title='bbox 3313 4159 3584 4232; x_wconf 86' lang='lat' dir='ltr'><strong>signiﬁcat</strong></span> <span class='ocrx_word' id='word_1_774' title='bbox 3635 4155 3858 4214; x_wconf 87' lang='lat' dir='ltr'><strong>crevisse</strong></span> 
     </span>
    </p>
   </div>
   <div class='ocr_carea' id='block_1_101' title="bbox 2265 4241 3860 4330">
    <p class='ocr_par' dir='ltr' id='par_1_101' title="bbox 2265 4241 3860 4330">
     <span class='ocr_line' id='line_1_102' title="bbox 2265 4241 3860 4330; baseline -0.011 -16"><span class='ocrx_word' id='word_1_775' title='bbox 2265 4241 2388 4330; x_wconf 89' lang='lat' dir='ltr'><strong>post</strong></span> <span class='ocrx_word' id='word_1_776' title='bbox 2431 4257 2604 4327; x_wconf 89' lang='lat' dir='ltr'><strong>legem</strong></span> <span class='ocrx_word' id='word_1_777' title='bbox 2635 4253 2850 4309; x_wconf 85' lang='lat' dir='ltr'><strong>invidia</strong></span> <span class='ocrx_word' id='word_1_778' title='bbox 2878 4260 2932 4308; x_wconf 91' lang='lat' dir='ltr'><strong>et</strong></span> <span class='ocrx_word' id='word_1_779' title='bbox 2959 4252 3159 4308; x_wconf 90' lang='lat' dir='ltr'><strong>astutia</strong></span> <span class='ocrx_word' id='word_1_780' title='bbox 3178 4251 3389 4307; x_wconf 74' lang='lat' dir='ltr'><strong>Satanae</strong></span> <span class='ocrx_word' id='word_1_781' title='bbox 3413 4267 3426 4316; x_wconf 90' lang='lat'><strong>;</strong></span> <span class='ocrx_word' id='word_1_782' title='bbox 3447 4259 3508 4304; x_wconf 94' lang='lat' dir='ltr'><strong>ut</strong></span> <span class='ocrx_word' id='word_1_783' title='bbox 3524 4241 3860 4320; x_wconf 87' lang='lat' dir='ltr'><strong>providentia</strong></span> 
     </span>
    </p>
   </div>
   <div class='ocr_carea' id='block_1_102' title="bbox 2264 4335 3856 4412">
    <p class='ocr_par' dir='ltr' id='par_1_102' title="bbox 2264 4335 3856 4412">
     <span class='ocr_line' id='line_1_103' title="bbox 2264 4335 3856 4412; baseline -0.011 -7"><span class='ocrx_word' id='word_1_784' title='bbox 2264 4348 2358 4406; x_wconf 90' lang='lat' dir='ltr'><strong>Dei</strong></span> <span class='ocrx_word' id='word_1_785' title='bbox 2379 4345 2663 4404; x_wconf 88' lang='lat' dir='ltr'><strong>contraria</strong></span> <span class='ocrx_word' id='word_1_786' title='bbox 2687 4345 2843 4400; x_wconf 86' lang='lat' dir='ltr'><strong>ﬁeret</strong></span> <span class='ocrx_word' id='word_1_787' title='bbox 2859 4343 3093 4408; x_wconf 89' lang='lat' dir='ltr'><strong>homini,</strong></span> <span class='ocrx_word' id='word_1_788' title='bbox 3116 4358 3237 4397; x_wconf 92' lang='lat' dir='ltr'><strong>cum</strong></span> <span class='ocrx_word' id='word_1_789' title='bbox 3261 4340 3456 4396; x_wconf 89' lang='lat' dir='ltr'><strong>timore</strong></span> <span class='ocrx_word' id='word_1_790' title='bbox 3479 4339 3612 4412; x_wconf 91' lang='lat' dir='ltr'><strong>legis</strong></span> <span class='ocrx_word' id='word_1_791' title='bbox 3640 4335 3856 4393; x_wconf 87' lang='lat' dir='ltr'><strong>minime</strong></span> 
     </span>
    </p>
   </div>
   <div class='ocr_carea' id='block_1_103' title="bbox 2262 4425 3854 4513">
    <p class='ocr_par' dir='ltr' id='par_1_103' title="bbox 2262 4425 3854 4513">
     <span class='ocr_line' id='line_1_104' title="bbox 2262 4425 3854 4513; baseline -0.013 -17"><span class='ocrx_word' id='word_1_792' title='bbox 2262 4453 2487 4513; x_wconf 90' lang='lat' dir='ltr'><strong>peccare</strong></span> <span class='ocrx_word' id='word_1_793' title='bbox 2500 4434 2772 4492; x_wconf 88' lang='lat' dir='ltr'><strong>debuerit.</strong></span> <span class='ocrx_word' id='word_1_794' title='bbox 2796 4432 2925 4489; x_wconf 81' lang='lat' dir='ltr'><strong>Ideo</strong></span> <span class='ocrx_word' id='word_1_795' title='bbox 2944 4433 3089 4488; x_wconf 91' lang='lat' dir='ltr'><strong>Deus</strong></span> <span class='ocrx_word' id='word_1_796' title='bbox 3108 4438 3168 4486; x_wconf 88' lang='lat' dir='ltr'><strong>ut</strong></span> <span class='ocrx_word' id='word_1_797' title='bbox 3181 4429 3446 4486; x_wconf 91' lang='lat' dir='ltr'><strong>invidiam</strong></span> <span class='ocrx_word' id='word_1_798' title='bbox 3460 4427 3668 4485; x_wconf 90' lang='lat' dir='ltr'><strong>diaboli</strong></span> <span class='ocrx_word' id='word_1_799' title='bbox 3686 4425 3854 4481; x_wconf 85' lang='lat' dir='ltr'><strong>vince&#39;</strong></span> 
     </span>
    </p>
   </div>
   <div class='ocr_carea' id='block_1_104' title="bbox 2276 4518 3854 4598">
    <p class='ocr_par' dir='ltr' id='par_1_104' title="bbox 2276 4518 3854 4598">
     <span class='ocr_line' id='line_1_105' title="bbox 2276 4518 3854 4598; baseline -0.011 -12"><span class='ocrx_word' id='word_1_800' title='bbox 2276 4538 2378 4596; x_wconf 91' lang='lat' dir='ltr'><strong>ret,</strong></span> <span class='ocrx_word' id='word_1_801' title='bbox 2403 4535 2455 4584; x_wconf 91' lang='lat' dir='ltr'><strong>et</strong></span> <span class='ocrx_word' id='word_1_802' title='bbox 2471 4522 2876 4598; x_wconf 88' lang='lat' dir='ltr'><strong>providentiam</strong></span> <span class='ocrx_word' id='word_1_803' title='bbox 2897 4537 3052 4577; x_wconf 89' lang='lat' dir='ltr'><strong>suam</strong></span> <span class='ocrx_word' id='word_1_804' title='bbox 3076 4519 3288 4576; x_wconf 90' lang='lat' dir='ltr'><strong>homini</strong></span> <span class='ocrx_word' id='word_1_805' title='bbox 3310 4527 3480 4576; x_wconf 89' lang='lat' dir='ltr'><strong>ratam</strong></span> <span class='ocrx_word' id='word_1_806' title='bbox 3504 4518 3724 4584; x_wconf 86' lang='lat' dir='ltr'><strong>faceret,</strong></span> <span class='ocrx_word' id='word_1_807' title='bbox 3745 4526 3854 4570; x_wconf 89' lang='lat' dir='ltr'><strong>mu-</strong></span> 
     </span>
    </p>
   </div>
   <div class='ocr_carea' id='block_1_105' title="bbox 2268 4601 3855 4680">
    <p class='ocr_par' dir='ltr' id='par_1_105' title="bbox 2268 4601 3855 4680">
     <span class='ocr_line' id='line_1_106' title="bbox 2268 4601 3855 4680; baseline -0.011 -5"><span class='ocrx_word' id='word_1_808' title='bbox 2268 4618 2408 4675; x_wconf 91' lang='lat' dir='ltr'><strong>tavit</strong></span> <span class='ocrx_word' id='word_1_809' title='bbox 2437 4615 2708 4680; x_wconf 90' lang='lat' dir='ltr'><strong>ordinem,</strong></span> <span class='ocrx_word' id='word_1_810' title='bbox 2765 4611 2990 4666; x_wconf 85' lang='lat' dir='ltr'><strong>mittens</strong></span> <span class='ocrx_word' id='word_1_811' title='bbox 3022 4610 3355 4665; x_wconf 88' lang='lat' dir='ltr'><strong>Salvatorem</strong></span> <span class='ocrx_word' id='word_1_812' title='bbox 3379 4607 3658 4666; x_wconf 88' lang='lat' dir='ltr'><strong>Christum</strong></span> <span class='ocrx_word' id='word_1_813' title='bbox 3689 4601 3780 4678; x_wconf 88' lang='lat' dir='ltr'><strong>qui</strong></span> <span class='ocrx_word' id='word_1_814' title='bbox 3807 4611 3855 4658; x_wconf 82' lang='lat' dir='ltr'><strong>et</strong></span> 
     </span>
    </p>
   </div>
   <div class='ocr_carea' id='block_1_106' title="bbox 2273 4690 3852 4771">
    <p class='ocr_par' dir='ltr' id='par_1_106' title="bbox 2273 4690 3852 4771">
     <span class='ocr_line' id='line_1_107' title="bbox 2273 4690 3852 4771; baseline -0.014 -6"><span class='ocrx_word' id='word_1_815' title='bbox 2273 4708 2562 4765; x_wconf 89' lang='lat' dir='ltr'><strong>diabolum</strong></span> <span class='ocrx_word' id='word_1_816' title='bbox 2596 4703 2863 4769; x_wconf 89' lang='lat' dir='ltr'><strong>vinceret,</strong></span> <span class='ocrx_word' id='word_1_817' title='bbox 2885 4707 2941 4756; x_wconf 88' lang='lat' dir='ltr'><strong>et</strong></span> <span class='ocrx_word' id='word_1_818' title='bbox 2974 4707 3177 4756; x_wconf 88' lang='lat' dir='ltr'><strong>statuta</strong></span> <span class='ocrx_word' id='word_1_819' title='bbox 3195 4698 3294 4756; x_wconf 91' lang='lat' dir='ltr'><strong>Dei</strong></span> <span class='ocrx_word' id='word_1_820' title='bbox 3319 4715 3444 4771; x_wconf 90' lang='lat' dir='ltr'><strong>erga</strong></span> <span class='ocrx_word' id='word_1_821' title='bbox 3472 4696 3751 4754; x_wconf 88' lang='lat' dir='ltr'><strong>hominem</strong></span> <span class='ocrx_word' id='word_1_822' title='bbox 3773 4690 3852 4746; x_wconf 87' lang='lat' dir='ltr'><strong>ﬁr-</strong></span> 
     </span>
    </p>
   </div>
   <div class='ocr_carea' id='block_1_107' title="bbox 2270 4794 2613 4866">
    <p class='ocr_par' dir='ltr' id='par_1_107' title="bbox 2270 4794 2613 4866">
     <span class='ocr_line' id='line_1_108' title="bbox 2270 4794 2613 4866; baseline -0.017 -12"><span class='ocrx_word' id='word_1_823' title='bbox 2270 4806 2440 4854; x_wconf 90' lang='lat' dir='ltr'><strong>maret</strong></span> <span class='ocrx_word' id='word_1_824' title='bbox 2474 4794 2613 4866; x_wconf 85' lang='lat'><strong>(75).</strong></span> 
     </span>
    </p>
   </div>
   <div class='ocr_carea' id='block_1_108' title="bbox 2343 4866 3851 4958">
    <p class='ocr_par' dir='ltr' id='par_1_108' title="bbox 2343 4866 3851 4958">
     <span class='ocr_line' id='line_1_109' title="bbox 2343 4866 3851 4958; baseline -0.013 -16"><span class='ocrx_word' id='word_1_825' title='bbox 2343 4887 2526 4958; x_wconf 87' lang='lat' dir='ltr'><strong>(Vers.</strong></span> <span class='ocrx_word' id='word_1_826' title='bbox 2591 4880 2704 4951; x_wconf 74' lang='grc'><strong>14.)</strong></span> <span class='ocrx_word' id='word_1_827' title='bbox 2778 4903 2796 4926; x_wconf 76' lang='grc' dir='ltr'><strong>ε</strong></span> <span class='ocrx_word' id='word_1_828' title='bbox 2826 4878 3039 4935; x_wconf 91' lang='lat' dir='ltr'><strong>Scimus</strong></span> <span class='ocrx_word' id='word_1_829' title='bbox 3082 4877 3229 4934; x_wconf 90' lang='lat' dir='ltr'><strong>enim</strong></span> <span class='ocrx_word' id='word_1_830' title='bbox 3278 4875 3425 4950; x_wconf 86' lang='lat' dir='ltr'><strong>quod</strong></span> <span class='ocrx_word' id='word_1_831' title='bbox 3471 4876 3563 4932; x_wconf 88' lang='lat' dir='ltr'><strong>lex</strong></span> <span class='ocrx_word' id='word_1_832' title='bbox 3602 4866 3851 4948; x_wconf 88' lang='lat' dir='ltr'><strong>spiritalis</strong></span> 
     </span>
    </p>
   </div>
   <div class='ocr_carea' id='block_1_109' title="bbox 2272 4961 3846 5046">
    <p class='ocr_par' dir='ltr' id='par_1_109' title="bbox 2272 4961 3846 5046">
     <span class='ocr_line' id='line_1_110' title="bbox 2272 4961 3846 5046; baseline -0.012 -9"><span class='ocrx_word' id='word_1_833' title='bbox 2272 4989 2373 5037; x_wconf 91' lang='lat' dir='ltr'><strong>est.</strong></span> <span class='ocrx_word' id='word_1_834' title='bbox 2411 5005 2427 5026; x_wconf 79' lang='grc' dir='ltr'><strong><em>ι</em></strong></span> <span class='ocrx_word' id='word_1_835' title='bbox 2471 4976 2742 5046; x_wconf 89' lang='lat' dir='ltr'><strong>Quoniam</strong></span> <span class='ocrx_word' id='word_1_836' title='bbox 2766 4972 3072 5031; x_wconf 91' lang='lat' dir='ltr'><strong>scientibus</strong></span> <span class='ocrx_word' id='word_1_837' title='bbox 3097 4973 3268 5044; x_wconf 90' lang='lat' dir='ltr'><strong>legem</strong></span> <span class='ocrx_word' id='word_1_838' title='bbox 3300 4970 3566 5044; x_wconf 90' lang='lat' dir='ltr'><strong>loquitur,</strong></span> <span class='ocrx_word' id='word_1_839' title='bbox 3598 4969 3719 5024; x_wconf 89' lang='lat' dir='ltr'><strong>ideo</strong></span> <span class='ocrx_word' id='word_1_840' title='bbox 3750 4961 3846 5018; x_wconf 84' lang='lat' dir='ltr'><strong>ait:</strong></span> 
     </span>
    </p>
   </div>
   <div class='ocr_carea' id='block_1_110' title="bbox 2285 5059 3849 5140">
    <p class='ocr_par' dir='ltr' id='par_1_110' title="bbox 2285 5059 3849 5140">
     <span class='ocr_line' id='line_1_111' title="bbox 2285 5059 3849 5140; baseline -0.008 -14"><span class='ocrx_word' id='word_1_841' title='bbox 2285 5095 2304 5118; x_wconf 87' lang='grc'><em>‹</em></span> <span class='ocrx_word' id='word_1_842' title='bbox 2342 5070 2558 5126; x_wconf 89' lang='lat' dir='ltr'><strong>Scimus</strong></span> <span class='ocrx_word' id='word_1_843' title='bbox 2609 5066 2740 5140; x_wconf 91' lang='lat' dir='ltr'><strong>quia</strong></span> <span class='ocrx_word' id='word_1_844' title='bbox 2788 5067 2877 5120; x_wconf 86' lang='lat' dir='ltr'><strong>lex</strong></span> <span class='ocrx_word' id='word_1_845' title='bbox 2933 5062 3197 5136; x_wconf 87' lang='lat' dir='ltr'><strong>spiritalis</strong></span> <span class='ocrx_word' id='word_1_846' title='bbox 3228 5070 3343 5129; x_wconf 90' lang='lat' dir='ltr'><strong>est;</strong></span> <span class='ocrx_word' id='word_1_847' title='bbox 3381 5087 3399 5109; x_wconf 77' lang='grc' dir='ltr'><strong><em>ι</em></strong></span> <span class='ocrx_word' id='word_1_848' title='bbox 3465 5075 3568 5118; x_wconf 92' lang='lat' dir='ltr'><strong>nec</strong></span> <span class='ocrx_word' id='word_1_849' title='bbox 3617 5059 3759 5116; x_wconf 90' lang='lat' dir='ltr'><strong>enim</strong></span> <span class='ocrx_word' id='word_1_850' title='bbox 3799 5064 3849 5140; x_wconf 62' lang='grc' dir='ltr'><strong>ξε</strong></span> 
     </span>
    </p>
   </div>
   <div class='ocr_carea' id='block_1_111' title="bbox 2269 5139 3846 5232">
    <p class='ocr_par' dir='ltr' id='par_1_111' title="bbox 2269 5139 3846 5232">
     <span class='ocr_line' id='line_1_112' title="bbox 2269 5139 3846 5232; baseline -0.011 -15"><span class='ocrx_word' id='word_1_851' title='bbox 2269 5159 2373 5216; x_wconf 90' lang='lat' dir='ltr'><strong>sub</strong></span> <span class='ocrx_word' id='word_1_852' title='bbox 2403 5159 2517 5232; x_wconf 90' lang='lat' dir='ltr'><strong>lege</strong></span> <span class='ocrx_word' id='word_1_853' title='bbox 2568 5139 2778 5225; x_wconf 84' lang='lat' dir='ltr'><strong>darent,</strong></span> <span class='ocrx_word' id='word_1_854' title='bbox 2839 5154 2946 5212; x_wconf 91' lang='lat' dir='ltr'><strong>nisi</strong></span> <span class='ocrx_word' id='word_1_855' title='bbox 2985 5160 3343 5226; x_wconf 89' lang='lat' dir='ltr'><strong>agnoscerent</strong></span> <span class='ocrx_word' id='word_1_856' title='bbox 3382 5151 3542 5208; x_wconf 90' lang='lat' dir='ltr'><strong>istam</strong></span> <span class='ocrx_word' id='word_1_857' title='bbox 3591 5164 3704 5207; x_wconf 90' lang='lat' dir='ltr'><strong>esse</strong></span> <span class='ocrx_word' id='word_1_858' title='bbox 3751 5139 3846 5214; x_wconf 82' lang='lat' dir='ltr'><strong>spi-</strong></span> 
     </span>
    </p>
   </div>
   <div class='ocr_carea' id='block_1_112' title="bbox 2267 5235 3847 5320">
    <p class='ocr_par' dir='ltr' id='par_1_112' title="bbox 2267 5235 3847 5320">
     <span class='ocr_line' id='line_1_113' title="bbox 2267 5235 3847 5320; baseline -0.013 -13"><span class='ocrx_word' id='word_1_859' title='bbox 2267 5249 2503 5307; x_wconf 89' lang='lat' dir='ltr'><strong>ritalem.</strong></span> <span class='ocrx_word' id='word_1_860' title='bbox 2543 5249 2740 5320; x_wconf 87' lang='lat' dir='ltr'><strong>Legem</strong></span> <span class='ocrx_word' id='word_1_861' title='bbox 2787 5244 2994 5318; x_wconf 85' lang='lat' dir='ltr'><strong>Moysis</strong></span> <span class='ocrx_word' id='word_1_862' title='bbox 3045 5243 3350 5316; x_wconf 89' lang='lat' dir='ltr'><strong>spiritalem</strong></span> <span class='ocrx_word' id='word_1_863' title='bbox 3401 5247 3584 5310; x_wconf 89' lang='lat' dir='ltr'><strong>vocat,</strong></span> <span class='ocrx_word' id='word_1_864' title='bbox 3634 5251 3750 5313; x_wconf 71' lang='lat' dir='ltr'><strong>quae</strong></span> <span class='ocrx_word' id='word_1_865' title='bbox 3775 5235 3847 5287; x_wconf 82' lang='lat' dir='ltr'><strong>est</strong></span> 
     </span>
    </p>
   </div>
   <div class='ocr_carea' id='block_1_113' title="bbox 2343 5426 3846 5548">
    <p class='ocr_par' dir='ltr' id='par_1_113' title="bbox 2343 5426 3846 5548">
     <span class='ocr_line' id='line_1_114' title="bbox 2343 5426 3846 5548; baseline -0.012 -23"><span class='ocrx_word' id='word_1_866' title='bbox 2490 5467 2648 5523; x_wconf 80' lang='lat' dir='ltr'><strong>Rom.</strong></span> <span class='ocrx_word' id='word_1_867' title='bbox 2707 5462 2865 5530; x_wconf 88' lang='lat' dir='ltr'><strong>edit.,</strong></span> <span class='ocrx_word' id='word_1_868' title='bbox 2919 5463 3047 5518; x_wconf 85' lang='lat' dir='ltr'><strong>data</strong></span> <span class='ocrx_word' id='word_1_869' title='bbox 3075 5468 3149 5518; x_wconf 84' lang='lat' dir='ltr'><strong>est</strong></span> <span class='ocrx_word' id='word_1_870' title='bbox 3191 5426 3276 5518; x_wconf 42' lang='lat' dir='ltr'><strong>leti:</strong></span> <span class='ocrx_word' id='word_1_871' title='bbox 3306 5459 3498 5517; x_wconf 77' lang='lat' dir='ltr'><strong>litteris</strong></span> <span class='ocrx_word' id='word_1_872' title='bbox 3527 5458 3758 5530; x_wconf 81' lang='lat' dir='ltr'><strong>formata</strong></span> <span class='ocrx_word' id='word_1_873' title='bbox 3795 5447 3846 5501; x_wconf 73' lang='grc' dir='ltr'><em>ἱη</em></span> 
     </span>
    </p>
   </div>
   <div class='ocr_carea' id='block_1_114' title="bbox 2270 5540 3842 5690">
    <p class='ocr_par' dir='ltr' id='par_1_114' title="bbox 2270 5540 3842 5690">
     <span class='ocr_line' id='line_1_115' title="bbox 2270 5540 2556 5611; baseline -0.017 -15"><span class='ocrx_word' id='word_1_874' title='bbox 2270 5540 2556 5611; x_wconf 79' lang='lat' dir='ltr'><strong>lapidibus.</strong></span> 
     </span>
     <span class='ocr_line' id='line_1_116' title="bbox 2332 5593 3842 5690; baseline -0.015 -23"><span class='ocrx_word' id='word_1_875' title='bbox 2332 5610 2455 5690; x_wconf 74' lang='grc'>(74)</span> <span class='ocrx_word' id='word_1_876' title='bbox 2478 5608 2605 5690; x_wconf 86' lang='lat' dir='ltr'><strong>Mss.</strong></span> <span class='ocrx_word' id='word_1_877' title='bbox 2632 5604 2866 5679; x_wconf 88' lang='lat' dir='ltr'><strong>aliquot,</strong></span> <span class='ocrx_word' id='word_1_878' title='bbox 2895 5605 3022 5678; x_wconf 85' lang='lat' dir='ltr'><strong>quia</strong></span> <span class='ocrx_word' id='word_1_879' title='bbox 3055 5605 3262 5676; x_wconf 81' lang='lat' dir='ltr'><strong>justum</strong></span> <span class='ocrx_word' id='word_1_880' title='bbox 3291 5607 3451 5659; x_wconf 78' lang='lat' dir='ltr'><strong>istum</strong></span> <span class='ocrx_word' id='word_1_881' title='bbox 3481 5603 3708 5659; x_wconf 86' lang='lat' dir='ltr'><strong>modum.</strong></span> <span class='ocrx_word' id='word_1_882' title='bbox 3733 5593 3842 5652; x_wconf 84' lang='lat' dir='ltr'><strong>Non</strong></span> 
     </span>
    </p>
   </div>
   <div class='ocr_carea' id='block_1_115' title="bbox 2265 5687 3840 5824">
    <p class='ocr_par' dir='ltr' id='par_1_115' title="bbox 2265 5687 3840 5824">
     <span class='ocr_line' id='line_1_117' title="bbox 2265 5687 2611 5737; baseline -0.012 0"><span class='ocrx_word' id='word_1_883' title='bbox 2265 5687 2396 5737; x_wconf 83' lang='lat' dir='ltr'><strong>satis</strong></span> <span class='ocrx_word' id='word_1_884' title='bbox 2448 5687 2611 5734; x_wconf 89' lang='lat' dir='ltr'><strong>recte.</strong></span> 
     </span>
     <span class='ocr_line' id='line_1_118' title="bbox 2339 5737 3840 5824; baseline -0.011 -15"><span class='ocrx_word' id='word_1_885' title='bbox 2339 5751 2455 5824; x_wconf 70' lang='lat'><strong>(75)</strong></span> <span class='ocrx_word' id='word_1_886' title='bbox 2508 5749 2771 5824; x_wconf 89' lang='lat' dir='ltr'><strong>Nonnulli</strong></span> <span class='ocrx_word' id='word_1_887' title='bbox 2803 5767 2957 5822; x_wconf 89' lang='lat' dir='ltr'><strong>mss.,</strong></span> <span class='ocrx_word' id='word_1_888' title='bbox 3000 5750 3093 5824; x_wconf 83' lang='lat' dir='ltr'><strong>qui</strong></span> <span class='ocrx_word' id='word_1_889' title='bbox 3136 5756 3184 5807; x_wconf 81' lang='lat' dir='ltr'><strong>et</strong></span> <span class='ocrx_word' id='word_1_890' title='bbox 3215 5748 3486 5806; x_wconf 80' lang='lat' dir='ltr'><strong>diabolum</strong></span> <span class='ocrx_word' id='word_1_891' title='bbox 3526 5737 3840 5822; x_wconf 73' lang='lat' dir='ltr'><strong>premeretet</strong></span> 
     </span>
    </p>
   </div>
   <div class='ocr_carea' id='block_1_116' title="bbox 2264 5822 2819 5882">
    <p class='ocr_par' dir='ltr' id='par_1_116' title="bbox 2264 5822 2819 5882">
     <span class='ocr_line' id='line_1_119' title="bbox 2264 5822 2819 5882; baseline -0.005 0"><span class='ocrx_word' id='word_1_892' title='bbox 2264 5822 2523 5882; x_wconf 78' lang='lat' dir='ltr'><strong>hominem</strong></span> <span class='ocrx_word' id='word_1_893' title='bbox 2555 5823 2819 5882; x_wconf 78' lang='lat' dir='ltr'><strong>liberaret.</strong></span> 
     </span>
    </p>
   </div>
  </div>
