3980 6386
200 399 301 458 117

1289 394 1651 453 COMMENT.
1694 398 1764 454 IN
1801 397 2018 454 EPIST.
2059 399 2156 455 AD
2195 398 2365 456 ROM.

3391 404 3497 463 118

194 525 319 583 data
341 523 399 579 in
428 521 631 580 tabulis
667 537 678 576 :
713 537 834 595 quae
863 520 993 594 quia
1021 535 1245 593 peccare
1266 519 1539 592 prohibet,
1571 521 1789 594 spirita-
1820 526 1870 584 A
1896 523 2075 578 sentio
2113 523 2238 594 legi.
2271 548 2290 570 ι
2333 523 2532 579 Probat
2561 523 2732 596 legem
2761 533 2906 582 recte
2932 526 3244 598 prohibere,
3268 531 3494 602 quando

194 614 262 670 lis
291 619 393 681 est,
424 612 626 686 quippe
674 629 799 668 cum
833 609 1075 666 visibilia
1103 619 1156 666 et
1184 610 1425 666 carnalia
1452 609 1559 665 coli
1590 611 1788 682 prohi-

192 701 336 758 beat.
370 703 497 758 Haec
547 700 615 757 ad
643 699 1175 758 commendationem
1209 699 1341 770 legis
1381 700 1678 771 pertinent,
1719 717 1788 756 ne

192 792 355 864 culpa
381 791 520 846 forte
552 789 716 863 digna
745 795 1030 861 putaretur
1056 787 1124 844 ab
1144 787 1352 861 aliquo,
1375 788 1504 861 quia
1530 789 1785 844 severita-

192 888 302 938 tem
333 880 577 937 exercuit
605 879 662 934 in
692 885 1024 950 peccatores.

277 993 297 1016 ι
330 970 446 1042 Ego
476 976 652 1024 autem
687 966 920 1023 carnalis
954 982 1099 1034 sum,
1132 965 1481 1022 venundatus
1517 966 1620 1022 sub
1652 984 1786 1040 pec—

190 1065 336 1116 cato.
388 1083 406 1107 ι
477 1056 768 1112 Hominem
825 1065 1006 1112 autem
1034 1055 1308 1112 carnalem
1339 1055 1602 1126 appellat,
1649 1056 1784 1112 dum

190 1154 396 1221 peccat.
435 1171 453 1194 ι
487 1145 761 1203 Venditus
788 1145 891 1202 sub
919 1153 1161 1218 peccato.
1195 1171 1214 1194 ι
1243 1146 1357 1201 Hoc
1383 1155 1465 1201 est
1494 1145 1784 1202 venditum

188 1252 304 1292 esse
324 1235 426 1292 sub
458 1244 678 1308 peccato
705 1251 774 1291 ex
803 1234 979 1292 Adam
1008 1235 1102 1308 qui
1134 1233 1285 1307 prior
1316 1234 1580 1306 peccavit,
1623 1235 1785 1307 origi-

187 1341 313 1382 nem
370 1324 603 1393 trahere,
665 1333 720 1382 et
784 1324 1007 1398 proprio
1062 1323 1263 1380 delicto
1304 1323 1611 1396 subjectum
1663 1325 1785 1380 fieri

187 1422 434 1488 peccato,
489 1415 634 1473 sicut
659 1415 798 1473 dicit
817 1415 980 1472 Isaias
1000 1415 1294 1488 propheta:
1334 1439 1352 1462 ι
1384 1415 1609 1472 Venditi
1632 1415 1782 1484 estis,

185 1503 389 1579 inquit,
433 1505 669 1579 peccatis
695 1505 886 1562 testris
926 1507 1070 1577 (Isa.
1120 1523 1174 1574 ι,
1225 1506 1302 1578 1).
1347 1530 1366 1554 ι
1429 1505 1605 1562 Adam
1635 1505 1783 1562 enim

185 1593 439 1650 vendidit
467 1611 524 1652 se
552 1595 723 1668 prior,
756 1611 818 1652 ac
840 1611 934 1668 per
964 1593 1070 1650 hoc
1093 1610 1256 1650 omne
1281 1610 1468 1650 semen
1500 1593 1616 1665 ejus
1642 1593 1783 1649 sub—

178 1682 388 1756 jectum
421 1693 504 1742 est
531 1692 775 1758 peccato.
820 1684 1185 1752 Quamobrem
1212 1683 1497 1740 inﬁrmum
1526 1699 1641 1739 esse
1670 1682 1784 1738 ho—

184 1773 390 1830 minem
420 1773 489 1831 ad
508 1782 774 1848 praecepta
801 1774 935 1847 legis
963 1773 1253 1842 servanda,
1277 1773 1385 1829 nisi
1401 1771 1609 1829 divinis
1625 1771 1779 1827 auxi-

1897 614 2136 672 invitum
2169 632 2223 671 se
2253 614 2357 669 hoc
2387 615 2582 682 facere,
2632 615 2777 686 quod
2829 617 2917 673 lex
2958 623 3125 684 vetat,
3158 619 3445 689 proﬁtetur
3477 639 3490 678 :

1897 709 1951 757 et
1995 711 2202 758 naturae
2256 719 2366 758 sua:
2402 703 2538 759 dicit
2580 719 2717 770 esse,
2758 704 2905 778 quod
2935 703 3156 760 mandat
3187 707 3276 762 lex
3310 727 3322 774 ;
3365 709 3493 781 quia

1896 791 2042 863 quod
2072 799 2227 848 extra
2257 792 2407 859 facit,
2440 792 2693 848 odiosum
2723 792 2829 847 sibi
2857 791 3011 848 dicit.

1971 881 2152 951 (Vers.
2200 882 2313 951 17.)
2383 906 2399 928 ι
2428 883 2587 937 Nunc
2623 891 2802 938 autem
2836 881 2950 952 jam
2989 898 3100 936 non
3148 900 3245 955 ego
3300 901 3493 957 operor

1895 968 2057 1037 illud,
2085 970 2179 1024 sed
2211 969 2356 1042 quod
2385 969 2659 1027 inhabitat
2688 972 2746 1026 in
2777 987 2861 1026 me
2895 980 3197 1042 peccatum.
3251 998 3268 1021 ι
3336 975 3494 1042 Quo-

1897 1058 2046 1113 niam
2095 1059 2208 1130 lege
2240 1059 2390 1113 videt
2437 1059 2719 1130 prohiberi
2766 1060 2912 1132 quod
2960 1060 3091 1131 agit,
3136 1069 3190 1116 et
3220 1064 3495 1122 consentit

1896 1164 2007 1202 non
2036 1147 2230 1203 debere
2261 1148 2378 1202 fieri
2397 1165 2459 1205 ac
2481 1165 2574 1220 per
2594 1149 2699 1205 hoc
2724 1149 2877 1204 aliud
2897 1165 3033 1216 esse,
3063 1149 3222 1221 cujus
3251 1152 3494 1224 impulsu

1894 1236 2014 1293 haec
2040 1238 2125 1309 agi
2153 1237 2413 1306 declarat,
2448 1238 2504 1294 id
2531 1248 2631 1306 est,
2660 1246 2963 1310 peccatum.
2989 1241 3276 1298 Peccatum
3307 1252 3491 1300 autem

1893 1325 2016 1382 ideo
2047 1343 2261 1399 semper
2285 1328 2551 1395 nominat,
2584 1344 2708 1383 cum
2741 1327 2945 1382 sciatur
2965 1327 3215 1385 diabolus
3235 1331 3351 1402 (78)
3376 1348 3493 1388 esse

1893 1433 2018 1472 cum
2049 1419 2257 1489 angelis
2287 1419 2420 1487 suis,
2458 1419 2586 1492 quia
2607 1418 2716 1474 nisi
2754 1428 3024 1490 peccasset
3053 1420 3265 1492 primus
3294 1422 3484 1491 homo,

1892 1503 2009 1562 haec
2047 1522 2158 1562 non
2213 1508 2567 1580 provenirent
2618 1527 2629 1564 :
2687 1524 2749 1564 ac
2800 1525 2894 1581 per
2934 1509 3039 1568 hoc
3068 1519 3352 1583 peccatum
3381 1520 3485 1580 est,

1892 1595 2037 1669 quod
2066 1612 2127 1650 ea
2156 1597 2343 1652 omnia
2369 1598 2520 1652 facit.

1965 1687 2146 1757 (Vers.
2171 1687 2283 1757 18.)
2322 1713 2339 1733 ε
2359 1688 2484 1745 Scio
2509 1687 2657 1742 enim
2689 1686 2834 1760 quod
2865 1704 2976 1744 non
3007 1687 3282 1745 inhabitat
3302 1689 3360 1746 in
3376 1707 3488 1760 me,

1892 1777 1997 1833 hoc
2030 1787 2131 1845 est,
2181 1778 2238 1833 in
2286 1793 2448 1833 carne
2502 1791 2644 1843 mea,
2674 1776 2940 1831 bonum»
2983 1778 3105 1832 Non
3135 1777 3290 1847 dicit,
3342 1780 3489 1836 sicut

185 1862 272 1919 liis
293 1863 599 1933 muniatur,
617 1862 752 1919 hinc
775 1872 857 1919 est
884 1862 1030 1919 unde
1055 1864 1167 1919 ait:
1199 1887 1218 1911 ι
1240 1864 1355 1919 Lex
1393 1862 1658 1935 spiritalis
1675 1869 1774 1929 est;
1806 1887 1852 1947 Β
1890 1865 2218 1939 quibusdam
2249 1865 2491 1932 videtur,
2523 1881 2743 1921 carnem
2777 1867 2976 1922 malam
3013 1883 3024 1920 :
3080 1868 3174 1923 sed
3202 1867 3350 1940 quod
3379 1867 3490 1923 ha-

182 1969 277 2026 ego
306 1961 494 2010 autem
520 1952 757 2011 carnalis
786 1969 930 2020 sum,
961 1951 1309 2008 venundatus
1348 1951 1449 2008 sub
1480 1959 1720 2024 peccato,
1746 1977 1763 1999 ι

184 2041 286 2099 hoc
333 2049 438 2111 est,
495 2042 586 2098 lex
633 2041 794 2098 ﬁrma
840 2051 922 2098 est
968 2049 1023 2098 et
1063 2040 1234 2113 justa,
1273 2048 1329 2096 et
1373 2048 1520 2097 caret
1567 2041 1772 2112 culpa:

186 2131 353 2188 homo
383 2139 567 2188 autem
601 2130 811 2202 fragilis
840 2138 941 2198 est,
969 2138 1023 2186 et
1043 2139 1289 2202 paterno,
1313 2131 1398 2186 vel
1422 2131 1644 2202 proprio
1683 2135 1778 2192 67

181 2227 504 2300 subjugatus
519 2226 722 2283 delicto
739 2225 858 2297 (76)
876 2243 889 2292 ;
913 2233 974 2281 ut
995 2233 1259 2298 potestate
1271 2226 1356 2282 sui
1369 2227 1450 2282 uti
1472 2243 1583 2282 non
1606 2226 1778 2298 possit

181 2317 325 2374 circa
372 2315 743 2372 obedientiam
773 2314 928 2386 legis.
960 2313 1087 2370 Ideo
1119 2323 1199 2370 est
1228 2315 1295 2370 ad
1323 2315 1422 2370 Dei
1458 2315 1778 2370 misericor-

181 2407 327 2464 diam
370 2405 826 2477 confugiendum,
873 2414 934 2462 ut
981 2404 1328 2461 severitatem
1369 2405 1502 2477 legis
1531 2405 1776 2477 effugiat,

183 2504 234 2552 et
262 2493 872 2564 exoneratusdelictis,
905 2493 972 2549 de
999 2503 1198 2550 caetero
1242 2496 1354 2549 Deo
1386 2493 1625 2559 favente,
1657 2493 1778 2548 ini-

182 2585 322 2642 mico
353 2587 590 2642 resistat.
613 2583 759 2652 Quid
787 2591 868 2639 est
883 2582 1032 2638 enim
1055 2582 1364 2654 subjectum
1391 2598 1507 2638 esse
1528 2592 1771 2654 peccato,

182 2675 286 2730 nisi
315 2691 518 2748 corpus
554 2673 753 2730 habere
806 2671 946 2728 vitio
993 2672 1190 2726 animm
1235 2678 1577 2742 corruptum,
1598 2671 1690 2726 cui
1720 2687 1777 2726 se

183 2764 384 2821 inserat
413 2771 719 2836 peccatum,
763 2769 817 2816 et
860 2760 1107 2831 impellat
1137 2759 1420 2815 hominem
1451 2759 1603 2831 quasi
1636 2775 1776 2830 cap-

181 2852 356 2908 tivum
405 2851 642 2918 delictis,
704 2857 767 2906 ut
812 2848 977 2904 faciat
1026 2849 1367 2904 voluntatem
1413 2847 1530 2918 ejus
1558 2849 1585 2903 ?
1637 2848 1777 2904 Hinc

181 2940 450 2996 Dominus
513 2939 659 2995 inter
716 2946 911 2995 caetera
965 2936 1043 2992 ait
1093 2954 1104 2990 :
1197 2960 1214 2983 ι
1287 2936 1454 2992 Venit
1501 2935 1774 3004 diabolus,

181 3038 232 3087 et
258 3031 410 3088 tollit
459 3030 608 3103 quod
636 3029 967 3086 seminatnm
1025 3036 1106 3084 est
1158 3027 1216 3081 in
1266 3043 1361 3082 cor
1409 3026 1654 3094 illorum,
1707 3041 1776 3080 ne

181 3119 316 3175 salvi
370 3118 508 3175 ﬁant
545 3119 704 3189 (Luc.
738 3135 861 3186 vnr,
904 3117 1016 3187 12).
1062 3141 1082 3164 ι
1129 3115 1279 3171 Unde
1306 3113 1452 3169 idem
1481 3115 1778 3186 Apostolus

183 3206 237 3262 in
291 3207 404 3263 alia
458 3205 690 3278 epistola
735 3205 853 3261 ait:
903 3229 922 3252 ι
950 3206 1071 3262 Non
1118 3213 1199 3260 est
1248 3202 1406 3258 nobis
1456 3203 1777 3258 colluctatio

180 3295 439 3353 adversus
459 3311 680 3353 carnem
708 3303 762 3350 et
790 3293 1136 3366 sanguinem,
1185 3291 1280 3348 sed
1324 3292 1583 3346 adversus
1613 3291 1778 3362 prin—

180 3384 323 3457 cipes
381 3393 436 3441 et
490 3392 806 3457 potestates,
863 3391 1058 3440 contra
1108 3381 1382 3454 spiritalia
1429 3381 1688 3452 nequitiae
1719 3381 1777 3436 in

181 3475 495 3532 omlestibus
525 3476 753 3546 (Ephes.
787 3491 866 3542 vr,
901 3473 1015 3544 12),
1049 3497 1067 3519 ι
1109 3487 1246 3543 quos
1276 3469 1537 3526 satellites
1565 3477 1780 3526 constat

182 3579 294 3619 esse
326 3565 559 3620 Satana.
611 3565 746 3620 Nam
797 3571 924 3618 ante
974 3558 1481 3632 praevaricationem
1536 3559 1780 3616 hominis

182 3653 501 3726 priusquam
545 3668 601 3708 se
639 3651 975 3722 manciparet
1015 3649 1203 3717 morti,
1249 3665 1358 3703 non
1389 3655 1504 3703 erat
1543 3647 1630 3704 his
1682 3665 1778 3720 po-

182 3748 347 3797 testas
375 3741 444 3797 ad
473 3741 739 3797 interiora
794 3739 1039 3796 hominis
1086 3737 1362 3804 accedere,
1390 3745 1444 3792 et
1481 3738 1780 3810 cogitatio—

183 3844 276 3884 nes
309 3829 566 3885 adversas
594 3828 852 3884 inserere.
903 3827 1054 3884 Unde
1100 3833 1155 3881 et
1191 3824 1393 3881 astutia
1421 3824 1540 3896 ejus
1571 3825 1778 3881 factum

183 3926 280 3986 est,
344 3929 405 3975 ut
461 3917 904 3975 confabulatione
965 3933 1062 3988 per
1120 3923 1429 3987 serpentem
1495 3912 1778 3969 hominem

185 4007 604 4065 circumveniret
634 4011 652 4077 (
661 4008 752 4078 77)
787 4008 942 4079 (Gen.
973 4023 1056 4074 ιιι,
1091 4005 1226 4076 1-6).
1271 4004 1564 4074 Postquam
1597 4013 1779 4059 autem

187 4097 548 4157 circumvenit
585 4114 710 4154 eum
760 4104 814 4153 et
841 4095 1178 4168 subjugavit,
1207 4101 1528 4167 potestatem
1561 4094 1618 4148 in
1650 4110 1776 4149 eum

189 4187 409 4260 accepit,
459 4197 521 4244 ut
557 4185 877 4244 interiorem
910 4185 1192 4240 hominem
1223 4184 1481 4255 pulsaret,
1514 4184 1780 4255 copulans

191 4293 241 4332 se
294 4278 465 4337 menti
508 4278 660 4352 ejus;
721 4278 802 4333 ita
857 4283 918 4332 ut
957 4291 1068 4330 non
1113 4274 1286 4346 possit
1325 4278 1614 4346 agnoscere
1645 4272 1780 4346 quid

193 4382 342 4424 suum
371 4369 444 4425 sit
473 4368 531 4424 in
577 4366 929 4440 cogitatione,
983 4364 1117 4438 quid
1160 4365 1334 4432 illius,
1374 4363 1484 4419 nisi
1521 4363 1782 4436 respiciat

195 4454 376 4529 legem.

261 4546 438 4617 (Vers.
472 4546 588 4618 15.)
638 4570 656 4593 ‹
683 4544 841 4612 Quod
873 4544 1020 4600 enim
1051 4559 1268 4617 operor,
1296 4559 1407 4599 non
1437 4543 1707 4616 intelligo.
1746 4570 1765 4592 ι

1888 1954 2028 2009 bitat
2058 1954 2116 2009 in
2138 1969 2319 2020 carne,
2353 1970 2462 2008 non
2493 1969 2608 2008 esse
2634 1953 2862 2020 bonum,
2895 1954 2987 2009 sed
3019 1963 3324 2025 peccatum.
3346 1956 3488 2022 Quo-

1889 2042 2055 2098 modo
2108 2042 2381 2098 inhabitat
2438 2043 2496 2096 in
2554 2058 2714 2097 carne
2763 2051 3068 2113 peccatum,
3119 2059 3244 2098 cum
3276 2059 3388 2098 non
3416 2043 3489 2100 sit

1889 2131 2216 2199 substantia,
2267 2131 2361 2186 sed
2410 2131 2787 2204 praevaricatio
2831 2130 2964 2186 boni
3013 2133 3177 2203 (79)?
3214 2133 3488 2200 Quoniam

1890 2223 2054 2294 primi
2076 2221 2318 2277 hominis
2339 2238 2539 2293 corpus
2560 2229 2882 2292 corruptum
2909 2228 2989 2276 est
3009 2237 3106 2292 per
3122 2230 3404 2293 peccatum
3426 2229 3488 2278 ut

1890 2312 2060 2383 possit
2078 2309 2328 2378 dissolvi,
2342 2309 2458 2381 ipsa
2477 2308 2681 2380 peccati
2705 2311 2984 2381 corruptio
3002 2326 3097 2381 per
3107 2309 3485 2367 conditionem

1890 2400 2207 2455 offensionis
2254 2407 2439 2454 manet
2482 2399 2540 2454 in
2584 2415 2832 2470 corpore,
2867 2399 3034 2454 robur
3063 2408 3253 2455 tenens
3281 2399 3489 2456 divina:

1889 2489 2172 2544 sententiae
2203 2487 2340 2543 datae
2378 2489 2436 2543 in
2470 2487 2664 2556 Adam,
2716 2489 2862 2560 quod
2889 2495 2971 2544 est
3007 2489 3225 2560 signum
3257 2489 3484 2557 diaboli,

1888 2577 2046 2649 cujus
2073 2577 2340 2634 instinctu
2371 2578 2613 2649 peccavit
2644 2579 2786 2650 (80).
2818 2579 2917 2634 Per
2947 2578 3005 2634 id
3034 2595 3160 2650 ergo
3187 2579 3334 2652 quod
3355 2580 3486 2635 facti

1889 2683 2050 2723 causa
2078 2675 2278 2734 manet,
2316 2667 2625 2723 inhabitare
2667 2668 2872 2723 dicitur
2902 2676 3183 2740 peccatum
3215 2669 3271 2723 in
3301 2685 3484 2736 carne,

1888 2756 1956 2811 ad
1986 2773 2148 2829 quam
2179 2755 2433 2811 diabolus
2457 2756 2687 2823 accedit,
2733 2757 2888 2828 quasi
2919 2756 2988 2811 ad
3014 2773 3167 2811 suam
3199 2758 3390 2827 legem,
3433 2764 3488 2812 et

1889 2853 2071 2899 manet
2119 2844 2270 2916 quasi
2321 2845 2379 2899 in
2424 2852 2644 2915 peccato
2690 2853 2971 2916 peccatum
3007 2862 3018 2899 :
3067 2845 3196 2916 quia
3224 2861 3350 2900 caro
3373 2844 3489 2916 jam

1889 2935 2092 3006 peccati
2124 2944 2226 3002 est,
2258 2943 2318 2989 ut
2347 2933 2585 3005 decipiat
2605 2934 2885 2990 hominem
2915 2935 3354 3007 suggestionibus
3376 2951 3486 2991 ma-

1889 3023 1976 3090 lis,
2007 3038 2074 3077 ne
2102 3022 2269 3078 homo
2300 3022 2464 3076 faciat
2493 3022 2640 3094 quod
2669 3022 2918 3094 praecipit
2948 3023 3057 3078 lex.

1972 3134 1992 3157 ι
2017 3112 2154 3167 Nam
2191 3111 2332 3166 velle
2381 3109 2590 3180 adjacet
2644 3109 2803 3165 mihi.
2846 3135 2863 3157 ι
2924 3111 3057 3166 Tam
3094 3111 3239 3168 bona
3267 3114 3489 3182 asserit,-

1888 3216 2008 3272 quze
2041 3199 2200 3271 jubet
2232 3200 2340 3268 lex,
2374 3206 2435 3254 ut
2472 3198 2796 3254 naturaliter
2820 3198 2927 3254 sibi
2968 3201 3182 3272 placere
3215 3201 3381 3270 dicat,
3434 3211 3489 3259 et

1889 3289 2024 3344 velit
2043 3288 2242 3344 facere.
2281 3314 2298 3334 ι
2328 3287 2590 3343 Perﬁcere
2616 3297 2799 3345 autem
2815 3288 3022 3344 bonum
3055 3306 3165 3345 non
3197 3290 3474 3348 invenio.-

1886 3378 1957 3432 Et
1989 3379 2164 3448 placet
2189 3394 2316 3448 ergo
2361 3377 2508 3449 quod
2536 3394 2568 3432 a
2608 3379 2722 3448 lege
2746 3377 2993 3450 jubetur,
3043 3387 3097 3434 et
3123 3380 3378 3435 voluntas
3406 3389 3489 3438 est

1888 3465 2127 3520 faciendi
2158 3482 2169 3520 :
2207 3466 2300 3520 sed
2329 3473 2388 3521 ut
2410 3466 2724 3536 impleatur,
2762 3474 2998 3538 potestas
3028 3475 3081 3522 et
3109 3468 3288 3523 virtus
3313 3469 3484 3538 deest,

1888 3554 2017 3627 quia
2055 3555 2134 3611 sic
2163 3571 2376 3626 pressus
2407 3565 2486 3611 est
2517 3564 2781 3627 potestate
2812 3556 3042 3628 peccati,
3089 3567 3149 3613 ut
3177 3574 3286 3614 non
3316 3558 3487 3630 possit

1888 3645 1966 3700 ire
1995 3662 2104 3719 quo
2135 3646 2276 3713 vult,
2307 3661 2484 3717 neque
2516 3646 2694 3701 valeat
2721 3645 3113 3713 contradicere,
3145 3647 3275 3717 quia
3307 3654 3485 3718 potes-

1887 3735 2016 3792 tatis
2046 3734 2162 3805 ejus
2193 3736 2330 3791 alter
2355 3743 2435 3790 est
2465 3734 2742 3792 dominus.
2791 3736 2966 3792 Homo
3010 3736 3156 3792 enim
3181 3736 3296 3808 jam
3342 3755 3486 3793 con-

1887 3825 2177 3881 suetudine
2221 3824 2480 3897 peccandi
2523 3833 2798 3896 gravatur,
2841 3833 2895 3881 et
2925 3826 3144 3883 facilius
3177 3826 3488 3883 succumbit

1888 3925 2108 3988 peccato
2154 3931 2316 3987 quam
2366 3915 2494 3987 legi,
2543 3931 2708 3987 quam
2751 3915 2855 3972 scit
2882 3915 3028 3971 bona
3055 3917 3290 3982 docere;
3347 3934 3409 3972 ac
3439 3921 3486 3978 si

1887 4005 2021 4059 velit
2054 4002 2199 4058 bona
2240 4002 2438 4070 facere,
2492 4004 2690 4076 premit
2738 4004 2900 4060 illum
2931 4005 3288 4074 consuetudo,
3321 4004 3488 4077 adju-

1887 4101 2004 4150 tore
2045 4094 2294 4150 inimico.

1963 4184 2144 4255 (Vers.
2173 4183 2287 4253 19.)
2334 4207 2352 4231 ‹
2380 4184 2500 4238 Non
2540 4183 2689 4240 enim
2712 4182 2860 4256 quod
2885 4184 3032 4252 volo,
3062 4185 3207 4240 facio
3236 4185 3446 4241 bonum
3470 4203 3483 4242 :

1887 4274 1983 4330 sed
2012 4275 2158 4348 quod
2194 4275 2323 4331 nolo
2359 4277 2590 4342 malum,
2623 4275 2729 4332 hoc
2771 4292 2889 4348 ago.
2932 4301 2950 4321 ι
3001 4277 3152 4348 Saepe
3182 4277 3395 4349 repetit,
3427 4285 3490 4333 ut

1887 4363 2174 4420 dilucidet.
2199 4365 2314 4421 Hoc
2339 4380 2465 4436 ergo
2495 4372 2593 4432 est,
2617 4365 2764 4438 quod
2792 4381 2957 4438 supra
2985 4364 3196 4422 dictum
3225 4375 3327 4434 est,
3348 4366 3484 4438 quia

1887 4461 1947 4509 ut
1977 4454 2228 4526 captivus
2259 4471 2354 4527 per
2387 4455 2730 4527 supradictas
2758 4471 2947 4512 causas
2985 4453 3128 4511 illud
3157 4455 3371 4527 cogitur
3394 4455 3485 4510 fa-

1887 4559 2029 4611 cere,
2059 4542 2206 4616 quod
2236 4543 2359 4600 vult
2390 4552 2672 4616 peccatum
2706 4545 2846 4617 (81).

195 4603 306 4692 Νοῆ
334 4603 595 4710 intelligit
622 4603 769 4710 quod
800 4603 1225 4708 operaturIquia
1247 4603 1398 4690 videt
1427 4635 1578 4691 aliud
1604 4603 1660 4692 se
1680 4653 1776 4709 per
1807 4603 1856 4662 Β
1959 4603 2139 4704 (\iers.
2199 4633 2317 4705 20.)
2390 4603 2409 4681 ί
2459 4635 2515 4689 Si
2565 4603 2744 4690 autem
2801 4603 2946 4707 quod
2976 4635 3126 4702 nolo,
3177 4633 3282 4688 hoc
3310 4631 3472 4700 facio,

198 4723 356 4796 legem
394 4728 558 4797 scire,
590 4735 644 4783 et
669 4724 821 4782 aliud
848 4740 1025 4797 agere.
1071 4748 1089 4771 ι
1118 4725 1238 4780 Νοη
1266 4725 1414 4780 enim
1444 4724 1592 4798 quod
1621 4727 1771 4796 volo,

200 4811 294 4872 hoc
316 4835 412 4891 ago
444 4836 458 4876 :
493 4819 587 4876 sed
616 4817 762 4890 quod
777 4816 892 4886 odi,
925 4815 1064 4872 illud
1089 4815 1250 4872 facio.
1284 4843 1303 4865 ι
1343 4815 1634 4888 Subjectus
1655 4834 1774 4890 pec-

201 4912 310 4960 cato
337 4908 468 4965 facit
496 4907 688 4980 utique
711 4906 857 4979 quod
887 4921 997 4962 non
1029 4905 1170 4961 vult.

266 4994 440 5065 (Vers.
473 4997 588 5068 16.)
657 5021 676 5044 ε
705 4995 762 5052 Si
781 5003 963 5051 autem
985 4994 1130 5068 quod
1155 4993 1246 5050 odi
1273 4993 1411 5050 illud
1442 4994 1602 5064 facio,
1633 5012 1778 5052 con-

267 5165 376 5237 (76)
406 5169 489 5225 Ita
518 5183 646 5224 mss.
680 5165 910 5239 aliquot,
941 5162 1170 5239 ac_(_}ill.
1195 5163 1565 5239 edit.,caiteri
1594 5172 1776 5221 autem

207 5249 320 5310 mss:
348 5235 409 5296 ac
436 5239 595 5306 edit.,
629 5246 676 5293 et
699 5235 922 5310 paterno
952 5235 1261 5306 subjugatus
1289 5236 1492 5310 delicto.

271 5309 378 5380 (77)
409 5305 758 5378 Rom,redit.,
802 5309 1045 5380 Primum
1085 5305 1258 5362 autem
1299 5309 1499 5362 astutia
1540 5305 1653 5376 ejus
1681 5307 1780 5376 fa-

207 5382 327 5433 ctum
352 5379 488 5438 est...
522 5384 672 5437 homo
699 5379 1181 5436 circumveniretur.

271 5455 286 5512 ί
295 5451 378 5522 78)
409 5456 568 5511 Rom.
601 5453 734 5510 edit.
763 5454 898 5520 sola,
930 5457 988 5506 ut
1013 5452 1214 5505 sciatur
1245 5449 1642 5522 diabolus,etc.

273 5522 380 5594 (79)
413 5525 616 5582 Eadem
646 5525 778 5581 edit.
814 5526 998 5590 Rom.,
1036 5525 1122 5578 sed
1145 5522 1378 5594 privatio
1408 5521 1545 5594 boni.

293 5593 379 5665 80)
411 5598 615 5654 Omnes
642 5597 800 5664 edit.,
853 5596 1060 5666 signum
1106 5591 1229 5666 ὼῂὶδ
1258 5593 1525 5650 diaboli...
1550 5591 1783 5665 peccavit

213 5659 408 5732 Adoni;
438 5684 628 5724 omnes
656 5659 796 5725 mss.’
817 5676 880 5724 ut
901 5659 966 5723 in
995 5659 1278 5725 contextu.

278 5735 386 5809 (81)
417 5741 576 5798 Rom.
629 5739 762 5797 edit.
823 5756 949 5798 cum
1005 5757 1136 5796 mss.
1176 5736 1526 5811 quibusdam,
1580 5735 1783 5808 cogitur

1879 4721 1995 4793 jam
2023 4738 2133 4778 non
2173 4738 2270 4794 ego
2313 4739 2508 4794 cperor
2537 4723 2697 4790 illud,
2736 4723 2829 4780 sed
2858 4723 3004 4796 quod
3031 4722 3244 4778 habitat
3292 4720 3348 4775 in
3390 4737 3477 4777 me

1885 4819 2190 4883 peccatum.
2235 4837 2254 4861 ›
2317 4813 2432 4868 Hoc
2463 4823 2544 4868 est
2586 4812 2731 4885 quod
2778 4812 2892 4888 jam
2947 4827 3112 4881 supra
3154 4810 3484 4866 memoravit

1889 4899 2030 4972 (82),
2060 4901 2188 4973 quia
2209 4917 2425 4974 pressus
2462 4909 2516 4956 et
2536 4900 2856 4971 subjugatus
2887 4907 3128 4970 peccato,
3159 4916 3271 4956 non
3304 4916 3484 4970 suam,

1886 4993 1980 5048 sed
2010 4992 2160 5049 illius
2186 4992 2401 5065 perficit
2429 4993 2787 5046 voluntatem.
2839 4990 3121 5064 Numquid
3166 4992 3294 5066 quia
3342 4993 3483 5048 invi-

1886 5167 2059 5237 facere
2099 5171 2387 5238 peccatum,
2409 5165 2557 5238 quod
2586 5181 2691 5218 non
2734 5166 2864 5220 vult.
2897 5164 3126 5221 Minime
3155 5167 3294 5221 male
3329 5184 3340 5221 :
3387 5166 3483 5222 sed

1887 5236 2068 5294 tamen
2099 5236 2329 5292 aliarum
2361 5236 2492 5292 edit.
2547 5243 2601 5292 et
2649 5253 2776 5292 mss.
2820 5237 2983 5293 lectio
3031 5254 3141 5293 non
3189 5245 3269 5292 est
3315 5238 3482 5292 dese-

1889 5309 2087 5364 renda:
2136 5315 2405 5379 peccatum
2443 5309 2590 5364 enim
2622 5307 2713 5364 hic
2743 5316 2823 5363 est
2856 5309 2911 5363 in
2943 5318 3092 5366 recto
3113 5325 3263 5374 casu,
3298 5309 3484 5363 idem-

1889 5388 2181 5452 queisonat
2218 5397 2278 5452 ac
2304 5379 2578 5436 diabolus.

1963 5451 2078 5520 (82)
2111 5451 2272 5509 Corh.
2323 5451 2469 5520 cod.,
2513 5454 2620 5508 Hoc
2676 5456 2748 5506 est
2802 5451 3064 5515 diabolus,
3120 5468 3271 5521 quem
3315 5469 3483 5522 supra

1887 5525 2214 5578 memoravit.
2247 5525 2455 5579 Rursus
2483 5533 2663 5578 autem
2714 5530 2833 5593 post
2876 5539 3063 5593 versus
3101 5522 3332 5593 aliquot,
3383 5540 3482 5593 pro

1890 5540 2214 5578 memoravit.
2247 5540 2455 5579 rtursus
2483 5540 2663 5578 autem
2750 5540 2833 5577 osr
2876 5540 3063 5577 versus
3101 5540 3332 5593 auquor,
3383 5540 3481 5593 pro

1890 5595 2014 5723 Sitio
2061 5601 2108 5650 et
2150 5595 2373 5663 desidia,
2433 5595 2575 5650 idem
2630 5540 2752 5648 cod).
2810 5591 3058 5661 exhibet,
3102 5593 3229 5651 vitio
3259 5600 3307 5650 et
3334 5594 3481 5649 desi-

1925 5683 2056 5722 erw.

1925 5683 2036 5722 erto
2045 5711 2056 5722 .
