3980 6420
454 402 556 462 119

1471 405 1566 458 ΑΙ)
1601 401 1841 460 OPERA
1883 402 1938 458 S.
1982 401 2738 494 AMBROSII'AI’PENDIX.

3695 397 3802 454 120

450 536 568 585 tum
596 521 880 585 hominem
909 525 1047 583 dicit
1093 543 1336 600 peccare,
1370 527 1638 585 immunis
1677 529 1838 586 debet
1871 529 2048 586 videri
2082 533 2132 592 Α
2163 529 2306 597 duae,
2353 527 2411 583 id
2459 537 2557 596 est,
2604 528 2749 584 bona
2799 537 2852 584 et
2900 529 3060 584 mala.
3097 529 3209 583 Lex
3239 527 3386 584 enim
3420 529 3642 584 mentis
3676 527 3804 600 ipsa

449 635 482 676 a
501 616 756 686 crimine,
789 617 920 692 quia
960 616 1066 674 hoc
1093 617 1226 692 agit,
1257 617 1404 692 quod
1434 635 1546 674 non
1575 619 1716 687 vult,
1749 635 1966 691 pressus
1995 620 2052 675 vi

449 706 734 782 potestatis
753 706 782 764 ?
811 707 934 764 Non
956 707 1184 780 utique;
1218 707 1391 780 ipsius
1413 709 1558 764 enim
1587 708 1730 764 vitio
1760 717 1814 765 et
1842 708 2054 764 desidia

451 800 573 858 hac
612 807 790 874 coepta
834 807 984 857 sunt.
1024 805 1120 863 68
1159 799 1301 868 Quia
1328 801 1475 857 enim
1506 800 1844 874 mancipavit
1873 818 1928 856 se
1958 818 2054 874 per

454 913 737 956 assensum
771 906 1014 970 peccato,
1049 897 1174 970 jure
1211 897 1364 954 illius
1410 897 1762 966 dominatur;
1811 899 2052 971 primum

456 985 607 1044 enim
631 985 844 1056 suadet,
863 994 926 1043 ut
950 987 1100 1044 victo
1121 985 1237 1059 jam
1259 986 1576 1043 dominetur
1601 987 1739 1059 (83).
1759 988 2055 1059 Apostolus

457 1083 640 1134 autem
700 1083 764 1132 ut
809 1075 1035 1149 gratiam
1087 1075 1186 1134 Dei
1234 1077 1504 1149 praeferat,
1554 1077 1672 1132 haec
1716 1076 1943 1148 exponit
1987 1076 2055 1131 de

458 1165 680 1240 quantis
707 1165 868 1222 malis
915 1165 1194 1222 hominem
1238 1165 1577 1234 liberaverit,
1611 1174 1705 1222 aut
1734 1182 1853 1238 quae
1885 1165 2056 1221 exitia

459 1273 529 1314 ex
560 1255 735 1312 Adam
763 1253 956 1323 trahit,
1010 1271 1130 1328 quae
1175 1269 1307 1310 vero
1353 1253 1623 1311 beneﬁcia
1650 1271 1746 1328 per
1775 1253 2052 1312 Christum

458 1350 786 1402 consecutus
829 1351 911 1399 est
951 1361 964 1399 :
1013 1350 1077 1399 ut
1105 1341 1194 1400 cui
1227 1359 1330 1400 nec
1376 1343 1465 1399 lex
1497 1343 1717 1416 quidem
1763 1342 2056 1399 subvenire

459 1432 659 1506 potuit,
685 1431 1103 1489 demonstraret.

533 1519 718 1593 (Vers.
749 1519 866 1592 2i.)
921 1544 940 1568 ι
983 1519 1213 1576 Invenio
1244 1519 1416 1592 igitur
1465 1519 1635 1591 legem
1679 1521 1886 1577 volenti
1916 1521 2054 1577 mihi

457 1613 636 1670 facere
689 1611 920 1682 bonum,
969 1612 1100 1686 quia
1146 1611 1291 1668 inest
1331 1611 1470 1667 mihi
1521 1615 1746 1670 malum.
1793 1639 1811 1662 ι
1858 1615 2054 1687 Legem

457 1701 638 1774 Moysi
672 1701 865 1758 asserit
895 1701 1170 1756 voluntati
1209 1717 1321 1757 suae
1351 1699 1479 1756 dare
1507 1719 1831 1758 consensum
1864 1713 2056 1760 contra

457 1797 739 1862 peccatum
783 1789 930 1863 quod
963 1790 1022 1845 in
1063 1805 1225 1844 carne
1273 1789 1507 1858 habitat,
1552 1791 1698 1864 quod
1729 1791 1877 1847 aliud
1907 1795 2054 1866 cogit

455 1877 652 1948 facere,
683 1894 847 1952 quam
876 1877 1026 1952 quod
1061 1879 1184 1935 vult
1211 1877 1382 1934 homo
1423 1886 1475 1935 et
1514 1879 1623 1935 lex.

529 1967 713 2038 (Vers.
735 1966 854 2039 22.)
891 1991 911 2015 ι
939 1965 1301 2026 Condelector
1324 1967 1473 2024 enim
1496 1967 1599 2040 legi
1625 1968 1726 2025 Dei
1747 1969 2050 2028 secundum

458 2055 775 2114 interiorem
804 2055 1111 2114 hominem.
1134 2081 1153 2104 ι
1191 2055 1458 2114 Animum
1489 2057 1576 2114 his
1605 2058 1868 2115 oblectari
1892 2060 2049 2130 dicit,

458 2161 633 2220 quaen
670 2145 786 2218 lege
822 2145 1156 2202 traduntur:
1203 2144 1298 2202 hic
1325 2153 1405 2202 est
1438 2145 1672 2204 interior
1699 2147 1887 2218 homo,
1925 2149 2054 2222 quia

457 2249 572 2291 non
599 2233 659 2290 in
687 2233 876 2290 animo
903 2232 1116 2291 habitat
1141 2240 1448 2308 peccatum,
1497 2234 1591 2291 sed
1620 2235 1677 2291 in
1711 2253 1894 2304 carne,
1931 2255 2052 2310 quae

459 2331 544 2380 est
595 2340 667 2382 ex
716 2324 930 2398 origine
971 2325 1153 2382 carnis
1181 2325 1410 2400 peccati,
1464 2334 1518 2382 et
1548 2343 1645 2398 per
1681 2327 1962 2384 traducem
1991 2327 2054 2384 ﬁt

459 2411 642 2470 omnis
669 2429 797 2472 caro
828 2413 1058 2488 peccati.
1081 2414 1136 2472 Si
1167 2413 1314 2472 enim
1347 2415 1531 2472 anima
1563 2415 1631 2472 de
1661 2415 1884 2472 traduce
1914 2424 2055 2472 esset

458 2509 515 2560 et
541 2502 680 2577 ipsa,
709 2509 764 2560 et
791 2503 851 2559 in
877 2503 995 2576 ipsa
1041 2502 1314 2562 habitaret
1360 2511 1667 2578 peccatum,
1713 2505 1842 2578 quia
1871 2507 2055 2561 anima

457 2591 594 2650 Adae
631 2591 806 2666 magis
845 2592 1116 2666 peccavit,
1159 2609 1324 2666 quam
1365 2610 1600 2667 corpus:
1634 2594 1730 2650 sed
1770 2602 2054 2667 peccatum

457 2680 656 2740 animm
699 2683 947 2756 corrupit
991 2698 1209 2756 corpus.
1257 2685 1320 2740 In
1349 2699 1513 2742 carne
1541 2700 1670 2755 ergo
1699 2684 1816 2756 (84)
1846 2685 2056 2741 habitat

456 2778 740 2846 peccatum
761 2773 918 2854 quasi
947 2771 1016 2829 ad
1040 2771 1239 2845 januas
1269 2774 1488 2843 animae,
1510 2781 1572 2830 ut
1599 2790 1712 2830 non
1742 2773 1893 2829 illam
1921 2790 2056 2846 per-

455 2860 643 2917 mittat
685 2861 766 2918 ire
797 2877 906 2934 quo
939 2864 1082 2919 vult.
1127 2864 1191 2920 In
1237 2863 1422 2920 anima
1474 2871 1658 2920 autem
1687 2863 1734 2920 si
1763 2862 2052 2932 habitaret,

456 2963 742 3022 nunquam
769 2965 828 3005 se
856 2957 1207 3022 cognosceret
1257 2951 1374 3022 (85)
1425 2951 1592 3006 homo
1635 2968 1648 3005 :
1695 2967 1846 3007 nunc
1872 2960 2055 3008 autem

457 3036 740 3109 cognoscit
760 3053 839 3105 se,
867 3045 923 3093 et
945 3037 1355 3096 condelectatur
1380 3037 1486 3108 legi
1513 3039 1634 3094 Dei.

469 3141 476 3146 ‘
535 3126 719 3198 (Vers.
749 3125 865 3198 23.)
919 3149 940 3173 ε
968 3125 1144 3182 Video
1172 3133 1356 3181 autem
1385 3126 1551 3182 aliam
1580 3127 1755 3198 legem
1785 3127 1842 3182 in
1872 3143 2056 3182 mem-

457 3213 574 3272 bris
603 3213 742 3270 meis
760 3221 1152 3288 repugnantem
1174 3215 1282 3288 legi
1303 3214 1502 3272 mentis
1519 3231 1670 3285 meae,
1694 3224 1748 3272 et
1777 3216 2055 3288 captivum

461 3321 550 3362 me
603 3303 856 3363 ducetem
906 3305 965 3362 in
994 3305 1166 3378 legem
1201 3306 1408 3379 peccati
1437 3323 1558 3380 qua
1588 3307 1751 3362 estin
1799 3306 2060 3364 membris

460 3393 617 3452 meis.
667 3417 687 3442 ι
737 3396 886 3452 Duas
933 3394 1078 3468 leges
1123 3402 1392 3452 memorat
1437 3413 1508 3452 ex
1559 3395 1762 3468 quibus
1807 3413 1972 3452 unam
2003 3395 2061 3452 in

460 3484 724 3543 membris
761 3484 878 3542 suis
909 3484 1098 3542 videre
1127 3503 1184 3542 se
1222 3485 1450 3560 ﬂagitat,
1484 3486 1542 3542 id
1564 3495 1664 3554 est,
1699 3486 1757 3542 in
1788 3485 2062 3543 exteriore

460 3573 706 3643 homine,
757 3575 856 3646 qui
885 3581 968 3630 est
1015 3590 1144 3630 caro
1171 3575 1261 3630 vel
1303 3591 1522 3648 corpus.
1576 3576 1703 3632 Haec
1730 3584 1812 3631 est
1836 3575 1928 3631 lex
1955 3573 2063 3630 ad-

461 3679 645 3730 versa,
698 3661 820 3719 haec
858 3677 1170 3734 repugnans
1198 3663 1405 3732 animo,
1435 3663 1660 3720 trahens
1689 3665 1849 3720 illum
1877 3664 2062 3736 capti-

461 3768 594 3808 vum
638 3751 700 3808 in
751 3750 1129 3808 conditionem
1180 3752 1410 3824 peccati,
1445 3769 1512 3808 ne
1561 3753 1710 3809 ultra
1749 3753 2062 3825 ingrediens

463 3839 711 3896 inveniat
741 3848 1085 3898 assertorem.
1127 3839 1255 3897 Alia
1292 3848 1374 3897 est
1402 3841 1494 3898 lex
1535 3842 1758 3912 mentis,
1813 3859 1933 3916 quae
1982 3851 2064 3901 est

463 3931 556 3987 lex
610 3930 810 4004 Moysi,
840 3931 928 3987 vel
961 3930 1227 3988 naturalis
1249 3976 1264 4002 ,
1297 3945 1418 4004 quae
1448 3941 1529 3990 est
1572 3934 1635 3988 in
1665 3933 1872 3988 animo.
1935 3934 2062 3990 Haec

463 4035 650 4094 pressa
699 4027 782 4076 est
841 4019 1107 4078 violentia
1161 4023 1394 4096 peccati,
1451 4025 1784 4097 negligentia
1839 4024 2061 4097 quidem

463 4124 583 4178 sua,
635 4109 765 4183 quia
800 4109 934 4166 dum
971 4109 1157 4184 diligit
1185 4111 1342 4180 vitia,
1383 4112 1608 4184 subjicit
1635 4130 1692 4169 se
1721 4123 1967 4186 peccato,
2001 4120 2063 4169 ut

465 4205 586 4280 ipsa
637 4205 1034 4264 consuetudine
1087 4215 1367 4264 teneretur
1413 4206 1667 4279 captiva;
1742 4207 2064 4265 dominatur

465 4293 616 4351 enim
673 4291 890 4350 homini
941 4294 1302 4352 consuetudo.
1351 4295 1596 4371 Quatuor
1649 4295 1871 4368 quidem
1917 4297 2063 4370 leges

466 4381 720 4440 nominat
760 4401 773 4440 :
819 4383 1053 4457 primam
1086 4386 1259 4458 legem
1288 4385 1616 4459 spiritalem,
1637 4402 1758 4459 quae
1787 4395 1867 4444 est
1894 4387 2060 4444 etiam

466 4473 756 4543 naturalis,
797 4489 920 4548 quae
947 4475 1244 4532 reformata
1271 4483 1353 4532 est
1388 4491 1484 4548 per
1522 4477 1773 4550 Moysen,
1804 4486 1858 4534 et
1885 4478 2064 4550 posita

465 4563 524 4621 in
571 4564 918 4634 auctoritate,
978 4564 1096 4638 ipsa
1145 4573 1226 4622 est
1281 4565 1380 4622 Dei
1438 4565 1528 4621 lex
1571 4583 1584 4622 :
1635 4565 1832 4622 deinde
1888 4567 2059 4638 legem

466 4654 666 4712 mentis
711 4654 1146 4713 consentientem
1191 4655 1300 4729 legi
1329 4654 1462 4723 Dei;
1492 4656 1708 4712 tertiam
1739 4657 1911 4729 legem
1945 4673 2064 4729 pec-

463 4748 594 4819 cati,
649 4766 814 4824 quam
871 4766 942 4807 ex
998 4747 1448 4823 praevaricatione
1497 4747 1664 4822 primi
1717 4747 1960 4806 hominis
2003 4749 2062 4805 in

467 4837 730 4895 membris
770 4838 910 4896 dicit
962 4838 1210 4897 habitare
1267 4857 1280 4896 :
1345 4849 1594 4913 quartam
1646 4853 1777 4894 vero
1823 4853 1944 4910 quae
2005 4839 2061 4893 in

469 4925 730 4982 membris
774 4927 1013 4999 videtur,
1055 4929 1189 4986 dum
1231 4929 1376 4988 mala
1415 4927 1676 5002 suggerit,
1731 4937 1786 4985 et
1833 4929 2059 4985 recedit.

468 5011 575 5070 Sed
621 5012 706 5069 hae
747 5013 890 5087 leges
926 5016 1131 5076 iteratae
1173 5027 1410 5093 quatuor
1449 5019 1731 5087 videntur,
1786 5034 1912 5075 cum
1951 5018 2063 5074 sint

543 5181 670 5257 (83)
684 5179 880 5257 Codex
921 5182 1108 5257 Corn,
1141 5191 1202 5257 ut
1233 5185 1426 5257 invicto
1455 5187 1642 5244 vitium
1676 5187 1798 5257 jam
1815 5187 2062 5244 domine—

469 5253 560 5311 tur
575 5253 737 5326 ;aliii
751 5254 1030 5326 nonnulli,
1060 5261 1119 5308 ut
1143 5256 1331 5311 vitium
1349 5257 1469 5326 jam
1495 5253 1812 5315 dominetur.

541 5325 660 5408 (8t)
689 5325 957 5408 Nonnulli
1010 5341 1163 5392 mss.,
1211 5325 1479 5408 ethipsunt
1513 5329 1589 5408 int
1623 5331 1739 5401 ipsa
1778 5332 2058 5387 habitaret.

470 5399 538 5472 In
555 5398 944 5472 enimooutem
971 5413 1077 5472 non
1097 5398 1426 5472 permittitur
1449 5398 1688 5472 habitare
1711 5409 1931 5472 propter
1955 5421 2063 5458 ar-

467 5469 684 5541 bitrium
713 5469 934 5541 liberum
961 5468 1267 5541 uoluntatis.
1299 5469 1474 5541 Igitur
1500 5471 1558 5524 in
1585 5468 1760 5540 carne,
1788 5468 1892 5530 etc.

542 5539 659 5611 (85)
680 5539 862 5612 Iidem
900 5539 1049 5608 cod.,
1091 5540 1138 5595 si
1163 5539 1442 5607 habitaret,
1468 5539 1806 5612 perturbaret
1832 5562 1966 5612 eum,
2001 5563 2064 5599 ne

466 5627 520 5666 εσ
545 5611 758 5684 eranteo
793 5617 1130 5684 ωσποξρενεεο

539 5681 892 5756 (86)_Omnes
916 5683 1076 5750 edit.,
1118 5683 1374 5756 hospitem
1401 5700 1575 5741 secum
1604 5685 1842 5750 habens;
1869 5702 2061 5744 omnes

465 5769 625 5826 mss.,
653 5753 852 5812 hostem
870 5769 1042 5812 secum
1067 5753 1280 5814 habetis.

2087 4609 2136 4667 D

2161 628 2243 676 est
2269 621 2358 675 lex
2391 619 2674 691 spiritalis,
2713 619 2832 674 sive
2863 619 3061 691 Moysi,
3092 635 3212 691 qua:
3248 627 3476 675 vocatur
3503 621 3610 674 lex
3641 619 3752 674 Dei
3785 635 3798 674 :

2162 710 2370 782 peccati
2420 723 2550 763 vero
2599 709 2687 762 lex
2737 707 2925 764 eadem
2971 715 3050 762 est
3101 724 3220 780 quae
3265 717 3318 763 et
3364 708 3480 777 illa,
3513 724 3704 782 quam
3738 707 3800 763 in

2163 798 2423 855 membris
2470 799 2607 854 dicit
2651 797 2851 868 videri,
2904 814 3024 871 quae
3064 798 3395 855 contradicit
3431 799 3539 870 legi
3577 797 3802 854 mentis

2163 897 2382 944 nostrae.

2236 979 2416 1049 (Vers.
2451 978 2536 1046 2’s,
2570 977 2686 1047 23.)
2731 1002 2749 1024 ε
2777 977 2978 1032 Infelix
3009 994 3107 1048 ego
3138 977 3326 1044 homo,
3350 977 3472 1050 quis
3503 994 3602 1032 me
3637 975 3799 1031 libe-

2164 1068 2306 1124 rabit
2349 1068 2413 1123 de
2455 1083 2680 1139 corpore
2715 1067 2907 1122 mortis
2946 1065 3112 1136 hujus
3135 1068 3162 1122 ἦν
3211 1067 3398 1121 Gratia
3429 1067 3530 1122 Dei
3567 1082 3680 1138 per
3712 1065 3798 1120 Je-

2164 1174 2283 1213 sum
2323 1156 2606 1212 Christum
2645 1155 2944 1211 Dominum
2977 1164 3250 1211 nostrum.
3282 1181 3298 1203 ι
3344 1156 3643 1212 Infelicem
3681 1153 3801 1209 ho-

2165 1255 2369 1309 minem
2401 1253 2554 1321 dicit,
2607 1253 2735 1325 quia
2776 1253 3026 1308 nascitur
3069 1253 3170 1308 sub
3203 1257 3446 1325 peccato.
3487 1249 3798 1324 Numquid

2164 1360 2274 1399 non
2305 1359 2428 1398 vere
2459 1344 2654 1398 infelix
2684 1351 2765 1398 est
2796 1343 2981 1412 homo,
3003 1343 3095 1415 qui
3133 1343 3190 1397 in
3223 1341 3364 1398 hanc
3394 1341 3798 1398 haereditatem

2164 1431 2630 1504 praevaricationis
2685 1433 2967 1499 successit,
3043 1432 3254 1488 hostem
3323 1449 3505 1486 secum
3571 1431 3801 1486 habens

2164 1528 2445 1593 peccatum
2482 1522 2622 1592 (86),
2655 1538 2750 1592 per
2781 1521 2928 1594 quod
2960 1521 3026 1576 ad
3055 1521 3212 1576 illum
3243 1521 3452 1577 aditum
3485 1520 3672 1576 habet
3705 1520 3798 1575 Sa-

2162 1611 2356 1666 tanas?
2415 1611 2628 1666 Gradus
2673 1611 2819 1665 enim
2874 1611 3170 1666 fabricavit
3200 1611 3396 1677 Adam,
3420 1626 3515 1682 per
3549 1627 3708 1682 quos
3729 1607 3798 1662 ad

2164 1699 2307 1754 ﬁlios
2336 1698 2453 1770 ejus
2481 1699 2824 1770 exspoliator
2855 1699 3122 1766 ascendit,
3171 1697 3280 1754 nisi
3308 1696 3801 1754 clementissimus

2162 1789 2431 1844 Dominus
2485 1798 2668 1844 motus
2736 1789 3115 1843 misericordia
3171 1788 3398 1858 gratiam
3462 1802 3631 1841 suam
3702 1801 3800 1857 per

2083 1892 2130 1952 Β
2163 1881 2442 1938 Christum
2476 1880 2750 1936 dedisset:
2778 1889 2839 1934 ut
2873 1889 2926 1935 et
2957 1881 3264 1934 relevatqu
3300 1879 3418 1950 (87)
3454 1893 3642 1948 genus
3676 1875 3800 1930 hu-

2162 1988 2384 2028 manum
2431 1971 2752 2026 remissione
2795 1978 3142 2041 peccatorum
3177 1977 3426 2041 accepta,
3476 1966 3546 2022 de
3582 1973 3798 2021 caetero

2162 2060 2331 2131 possit
2383 2060 2720 2130 resipiscere,
2780 2074 3036 2128 represso
3094 2065 3147 2112 et
3203 2057 3464 2112 damnato
3529 2060 3791 2124 peccato.

2160 2153 2343 2208 Potest
2373 2151 2520 2206 enim
2559 2157 2890 2205 exoneratus
2945 2148 3104 2205 malis
3139 2156 3192 2204 et
3220 2155 3480 2218 purgatus
3520 2147 3795 2202 resistere

2161 2239 2494 2308 adversario,
2553 2247 2820 2311 potestate
2858 2246 3078 2309 recepta
3127 2245 3320 2292 contra
3383 2234 3572 2299 illum,
3653 2233 3790 2289 dum

2163 2329 2454 2402 adjuvatur
2487 2345 2518 2383 a
2555 2330 2688 2384 Deo.
2733 2327 2834 2382 llic
2863 2325 3019 2398 quasi
3050 2325 3225 2396 legem
3265 2323 3391 2378 ﬁdei
3422 2321 3662 2378 tertiam
3694 2323 3794 2377 in-

2163 2419 2318 2474 ducit
2355 2417 2650 2490 potiorem,
2702 2431 2864 2488 quam
2923 2422 2976 2470 et
3032 2413 3258 2485 gratiam
3295 2419 3501 2468 vocat:
3551 2429 3688 2484 quae
3721 2428 3790 2467 ex

2163 2510 2278 2580 lege
2329 2515 2514 2562 tamen
2569 2504 2850 2576 spirituali
2909 2503 3181 2574 originem
3253 2501 3440 2568 habet,
3500 2502 3644 2573 quia
3695 2519 3791 2574 per

2164 2597 2306 2653 hanc
2336 2597 2596 2652 liberatus
2635 2604 2714 2650 est
2752 2594 2940 2662 homo,
2984 2601 3046 2648 ut
3079 2592 3208 2665 quia
3235 2593 3454 2663 Moyses
3502 2591 3670 2647 dedit
3703 2592 3790 2647 le-

2165 2703 2306 2758 gem,
2338 2683 2598 2756 deditque
2629 2691 2682 2738 et
2717 2683 3008 2748 Dominus,
3046 2680 3166 2736 dure
3194 2680 3456 2736 dicantur
3489 2696 3501 2733 :
3543 2696 3669 2735 una
3695 2688 3788 2735 ta-

2166 2790 2291 2830 men
2321 2774 2682 2843 intelligatur,
2724 2778 2992 2844 quantum
3025 2771 3092 2824 ad
3125 2785 3354 2824 sensum
3388 2776 3442 2824 et
3469 2768 3788 2839 providen-

2163 2864 2297 2922 tiam
2335 2865 2592 2937 pertinet.
2633 2864 2733 2918 Illa
2762 2863 2911 2917 enim
2961 2861 3244 2916 initiatrix
3273 2867 3356 2915 est
3396 2859 3618 2926 salutis,
3667 2858 3787 2914 haec

2163 2971 2294 3010 vero
2344 2955 2800 3011 consummatrix.
2851 2953 2955 3008 Sed
3014 2969 3127 3008 non
3173 2951 3316 3006 hanc
3370 2957 3585 3022 partem
3651 2949 3787 3020 legis

2163 3044 2309 3109 dico,
2359 3059 2476 3114 quae
2507 3043 2563 3096 in
2612 3041 2928 3096 neomeniis
2971 3048 3052 3095 est
3080 3047 3135 3094 et
3180 3040 3237 3093 in
3269 3037 3704 3094 circumcisione
3734 3043 3786 3092 et

2165 3129 2222 3185 in
2252 3129 2410 3196 escis,
2451 3129 2544 3184 sed
2572 3146 2691 3200 quae
2724 3129 2791 3183 ad
2825 3135 3233 3182 sacramentum
3289 3125 3386 3180 Dei
3435 3125 3686 3196 pertinet
3733 3133 3787 3180 et

2165 3218 2536 3290 disciplinam.
2585 3217 2771 3272 Gratia
2809 3232 2937 3286 ergo
2995 3215 3092 3270 Dei
3136 3231 3231 3286 per
3261 3213 3546 3270 Christum
3582 3214 3782 3270 libera-

2171 3317 2260 3364 tus
2289 3314 2370 3362 est
2396 3306 2566 3360 homo
2616 3305 2683 3360 de
2731 3321 2959 3376 corpore
2992 3303 3186 3358 mortis
3229 3302 3414 3372 hujus.
3462 3305 3622 3359 Hanc
3652 3303 3789 3358 dicit

2169 3405 2424 3464 mortem,
2477 3411 2640 3468 quam
2691 3411 2853 3465 supra
2897 3393 3140 3450 ostendit
3183 3393 3240 3448 in
3288 3410 3478 3449 necem
3536 3393 3787 3449 hominis

2170 3503 2267 3560 per
2286 3494 2574 3558 peccatum
2607 3485 2886 3538 inventam
2916 3483 3061 3554 apud
3085 3483 3294 3538 inferos
3323 3500 3442 3555 quae
3472 3484 3788 3555 appellatur

2171 3577 2409 3634 secunda
2445 3595 2456 3632 :
2509 3593 2706 3647 corpus
2737 3583 2916 3630 autem
2957 3575 3148 3630 mortis
3176 3583 3260 3630 est
3287 3582 3486 3631 cuncta
3516 3581 3780 3646 peccata;

2170 3672 2345 3727 multa
2410 3671 2556 3725 enim
2624 3685 2795 3723 unum
2865 3685 3068 3740 corpus
3132 3677 3280 3736 sunt,
3349 3669 3568 3740 singula
3626 3666 3782 3741 quasi

2171 3765 2266 3822 69
2298 3758 2542 3813 membra
2583 3773 2695 3812 uno
2727 3765 2951 3812 auctore
2980 3757 3227 3825 inventa,
3277 3773 3344 3811 ex
3377 3757 3584 3828 quibus
3617 3757 3784 3812 homo

2171 3864 2388 3929 ereptus
2408 3855 2581 3928 gratia
2607 3855 2707 3911 Dei
2739 3873 2836 3928 per
2861 3855 3221 3928 baptismum,
3243 3855 3616 3928 supradictam
3640 3870 3781 3909 mor-

2171 3955 2280 4002 tem
2324 3946 2516 4002 evasit.
2573 3947 2758 4018 Neque
2787 3946 2934 4001 enim
2974 3946 3031 4000 in
3063 3963 3258 4002 carneo
3289 3962 3514 4018 corpore
3542 3946 3781 4018 positus,

2170 4035 2238 4091 de
2289 4052 2353 4090 eo
2395 4035 2513 4106 ipso
2562 4044 2809 4106 ereptum
2866 4052 2922 4090 se
2968 4035 3176 4090 diceret
3219 4053 3230 4090 :
3286 4035 3380 4090 sed
3426 4035 3532 4091 hoc
3583 4049 3784 4105 corpus

2171 4123 2337 4192 dixit,
2375 4123 2521 4196 quod
2552 4123 2802 4193 superius
2850 4140 2951 4196 per
2993 4124 3330 4196 baptismum
3369 4132 3423 4180 et
3469 4123 3780 4179 observan—

2169 4212 2303 4268 tiatn
2323 4211 2459 4283 legis
2487 4210 2693 4266 destrui
2719 4211 3016 4282 signiﬁcat.
3035 4214 3171 4268 Nam
3193 4221 3246 4268 et
3275 4229 3403 4268 cum
3437 4210 3578 4268 dicit
3603 4229 3615 4267 :
3656 4237 3674 4257 ι
3704 4212 3780 4266 De

2171 4318 2396 4374 corpore
2443 4301 2655 4369 mortis,
2707 4327 2724 4346 ι
2773 4302 3017 4358 ostendit
3056 4302 3211 4359 aliud
3254 4320 3453 4376 corpus
3499 4319 3620 4358 esse
3667 4315 3778 4356 non

2171 4391 2385 4444 mortis.

2257 4503 2275 4525 ε
2305 4478 2478 4550 Igitur
2507 4495 2604 4551 ego
2643 4479 2756 4550 ipse
2789 4487 2971 4534 mente
3001 4478 3191 4533 servio
3223 4477 3332 4550 legi
3359 4477 3477 4534 Dei.
3517 4503 3536 4526 ι
3580 4478 3774 4548 Legem

2171 4569 2270 4624 Dei
2299 4586 2425 4626 cum
2454 4569 2611 4637 dicit,
2653 4579 2706 4626 et.
2736 4569 2914 4642 Moysi
2953 4569 3231 4641 signiﬁcat
3276 4569 3473 4640 legem,
3514 4577 3568 4625 et
3606 4567 3776 4626 Chri-

2171 4657 2262 4714 sti.
2304 4683 2321 4706 ι
2364 4659 2536 4716 Carne
2569 4668 2748 4716 autem
2779 4660 2886 4731 legi
2917 4658 3148 4732 peccati.
3189 4659 3306 4730 Ego
3334 4659 3448 4730 ipse
3484 4659 3624 4732 (88),
3660 4683 3676 4704 ι
3721 4653 3775 4710 id

2171 4755 2270 4815 est,
2301 4749 2394 4822 qui
2425 4749 2686 4805 liberatus
2732 4766 2855 4805 sum
2903 4747 2970 4803 de
3019 4763 3247 4820 corpore
3287 4749 3504 4803 mortis.
3555 4749 3617 4803 In
3646 4760 3774 4802 cor-

2170 4853 2300 4908 pore
2345 4845 2461 4906 est;
2518 4838 2796 4910 quomodo
2837 4836 3104 4892 liberatus
3152 4844 3233 4891 est
3265 4837 3330 4892 de
3379 4853 3606 4908 corpore
3636 4849 3774 4890 mor-

2171 4927 2262 4994 tis,
2295 4926 2402 4981 nisi
2437 4927 2568 5000 quia
2597 4926 2860 4980 liberatus
2885 4935 2966 4981 est
3009 4942 3040 4980 a
3075 4925 3290 4982 cunctis
3317 4925 3477 4980 malis
3498 4924 3526 4980 ?
3569 4921 3770 4980 Remis‘

2173 5017 2254 5074 sio
2282 5017 2428 5073 enim
2469 5026 2814 5089 peccatorum
2850 5016 3035 5072 omnia
3081 5018 3232 5073 tollit
3288 5025 3528 5089 peccata.
3563 5015 3772 5071 Libera-

2246 5185 2364 5256 (87)
2397 5187 2478 5240 Ita
2502 5202 2630 5240 mss.
2659 5186 2846 5256 plures
2871 5185 3252 5256 potioresque:
3279 5183 3520 5240 aliivero
3548 5191 3602 5239 et
3620 5179 3770 5242 edit.,

2171 5259 2252 5312 uti
2280 5259 2588 5326 revelatum,
2619 5265 2724 5312 etc.
2757 5259 2878 5314 Non
2905 5258 3036 5312 satis
3066 5265 3229 5312 recte.

2247 5330 2366 5400 (88)
2397 5325 2577 5385 Rom.
2605 5329 2736 5402 edit.
2781 5329 2916 5394 sola,
2977 5335 3022 5382 et
3057 5328 3279 5384 Christi.
3331 5329 3506 5402 Igitur
3534 5345 3620 5397 ego
3651 5325 3768 5402 ipse.

2173 5400 2303 5467 Quae
2334 5410 2514 5456 autem
2561 5399 2830 5455 continuo
2862 5407 3190 5470 sequuntur,
3239 5400 3415 5454 multo
3446 5399 3772 5470 contractius

2173 5471 2447 5542 colligunt
2501 5472 2623 5528 cod.
2668 5469 2856 5537 Corb.,
2901 5467 3117 5526 Thuan.
3161 5479 3214 5526 et
3260 5471 3470 5542 Remig.
3520 5470 3576 5524 in
3631 5467 3772 5542 hunc

2173 5538 2400 5599 modum
2435 5561 2446 5598 ;
2502 5543 2603 5609 Qui
2650 5541 2902 5596 liberatus
2945 5560 3059 5596 sum
3101 5543 3164 5597 de
3205 5560 3362 5596 carne
3408 5538 3593 5596 mortis
3615 5538 3772 5613 jtgta

2170 5621 2515 5668 memoratum
2544 5629 2771 5676 sensum,
2811 5621 2974 5667 mente
3011 5616 3090 5670 vel
3121 5614 3302 5670 animo
3333 5615 3502 5669 servio
3536 5611 3632 5682 legi
3657 5609 3767 5665 Dei.

2171 5687 2294 5741 Jam
2320 5686 2458 5740 enim
2488 5685 2618 5740 liber
2645 5684 2876 5753 animus,
2907 5691 2998 5740 etc.
