3980 6372
94 2734 100 2740 ο
191 2699 474 2755 contraria
534 2699 775 2766 suadeat,
834 2714 897 2754 ac
946 2715 1041 2770 per
1096 2698 1236 2755 hoc:

199 439 297 497 121

1299 438 1659 497 COMMENT.
1700 439 1770 497 ΙΝ
1806 439 2024 497 ΕΡ18Τ.
2066 440 2161 496 ΑΙ)
2201 440 2368 497 ROM.

3382 437 3483 497 122

196 571 286 620 tus
314 548 441 636 ergo
464 564 532 621 de
561 580 789 638 corpore
818 562 1008 620 mortis
1038 564 1209 635 gratia
1238 564 1335 622 Dei
1359 582 1451 637 per
1471 564 1772 633 Christum,
1809 572 1861 630 Α
1896 565 1994 622 Dei
2022 564 2256 621 sollicite
2284 565 2599 621 servientes.
2640 588 2658 612 ι
2677 564 2791 620 Lex
2815 563 2961 619 enim
2990 563 3216 634 spiritus
3245 564 3373 621 vitae
3421 563 3480 619 in

207 675 228 700 ε
258 662 443 709 mente
467 680 484 701 -
528 656 616 709 vel
646 654 833 709 animo
868 677 885 697 ε
916 652 1097 707 servio
1129 653 1234 725 legi
1265 654 1387 719 Dei,
1414 671 1577 709 carne
1607 661 1789 708 autem

196 741 304 815 legi
337 743 564 814 peccati,
601 769 618 789 υ
662 742 717 797 id
746 741 1080 809 est,diaboli,
1112 742 1204 814 qui
1239 760 1333 814 per
1352 741 1653 813 subjectam
1683 742 1788 798 sibi

193 846 419 887 carnem
477 830 848 903 suggestiones
903 830 1074 885 malas
1122 831 1328 901 ingerit
1369 831 1588 886 animae.
1652 831 1792 899 Quia

194 935 327 991 ergo
381 920 583 992 duplex
639 926 722 973 est
757 917 942 985 homo,
999 935 1160 975 carne
1214 936 1511 975 conversus
1553 927 1605 975 et
1660 918 1791 974 ani-

198 1026 295 1065 mo
357 1010 497 1081 (89),
553 1008 654 1079 legi
708 1006 810 1063 Dei
865 1017 1048 1063 mente
1097 1009 1302 1064 servire
1333 1025 1388 1063 se
1443 1008 1608 1076 dixit,
1662 1007 1792 1080 quia

196 1099 419 1154 animus
448 1098 677 1153 devotus
709 1106 789 1152 est
812 1098 947 1164 Deo,
978 1105 1034 1153 et
1063 1104 1385 1171 recuperata
1413 1097 1500 1153 sui
1553 1105 1789 1168 potesta-

195 1196 270 1255 te,
331 1202 629 1258 repugnare
689 1192 866 1256 potest
918 1194 1162 1257 peccato,
1220 1186 1367 1259 quod
1420 1202 1513 1257 per
1572 1202 1788 1242 carnem

193 1286 471 1349 operatur.
522 1275 664 1342 Quia
711 1275 856 1330 enim
909 1291 1035 1331 caro
1090 1285 1348 1348 corrupta
1394 1284 1494 1342 est,
1546 1285 1599 1331 et
1625 1275 1790 1331 morti

191 1364 458 1437 subjecta,
516 1382 637 1436 qua:
697 1363 767 1419 sit
827 1364 969 1419 facta
998 1372 1132 1431 erat,
1165 1372 1227 1419 ut
1280 1366 1539 1421 societate
1564 1373 1618 1420 et
1648 1382 1792 1420 con—

186 1453 477 1525 junctione
506 1452 703 1507 anima:
734 1469 846 1507 non
868 1461 1197 1521 moreretur,
1226 1454 1434 1525 recepit
1491 1453 1787 1521 desideria,

191 1558 430 1613 quorum
461 1543 614 1614 quasi
655 1559 793 1598 onus
823 1542 1097 1614 quoddam
1130 1543 1388 1599 transfert
1418 1541 1486 1597 ad
1518 1542 1788 1609 animum,

190 1639 250 1686 ut
280 1636 335 1683 et
362 1630 477 1700 ipse
536 1638 792 1702 gravetur
838 1631 977 1703 (90).
1010 1630 1113 1687 Sed
1147 1630 1281 1704 quid
1316 1629 1523 1701 respuit
1582 1630 1735 1684 illam
1762 1629 1792 1686 ‘I

188 1720 338 1775 Mors
368 1718 555 1789 gratia:
585 1720 705 1775 Dei.

273 1832 291 1853 ι
322 1807 507 1863 Mente
560 1808 742 1863 servio
790 1808 897 1880 legi
928 1808 1050 1877 Dei,
1083 1826 1244 1865 carne
1292 1817 1475 1864 autem
1520 1807 1623 1880 legi
1654 1823 1791 1878 pec-

187 1897 319 1964 cati,
353 1923 371 1944 ι

188 1996 240 2043 et
290 1988 352 2042 in
419 1986 874 2043 consuetudinem
941 1987 1141 2043 bonam
1200 1996 1505 2054 revocatus,
1580 1985 1789 2057 Spiritu

188 2084 381 2132 sancto
412 2075 729 2145 adjuvante,
772 2076 939 2131 malas
978 2078 1349 2147 suggestiones
1399 2082 1575 2147 potest
1628 2091 1790 2146 sper-

188 2182 316 2222 nere
349 2184 363 2232 ;
399 2165 617 2219 reddita
646 2171 727 2218 est
770 2165 916 2219 enim
961 2166 1047 2219 illi
1076 2166 1393 2232 auctoritas,
1448 2181 1553 2237 qua
1592 2164 1789 2219 audeat

190 2254 445 2309 resistere
472 2253 721 2308 inimico.
750 2253 855 2319 Qui
879 2254 1028 2308 enim
1054 2253 1169 2324 jam
1226 2270 1334 2309 non
1375 2262 1457 2309 est
1485 2252 1784 2320 obnoxius,

190 2342 423 2397 minime
462 2342 661 2413 poterit
696 2342 939 2413 indagari
996 2342 1205 2397 invitus
1238 2342 1376 2413 (91).
1414 2342 1551 2399 Caro
1602 2348 1785 2396 autem

190 2430 321 2504 quia
347 2430 626 2502 judicium
657 2446 767 2486 non
799 2430 983 2498 habet,
1014 2447 1189 2503 neque
1220 2448 1392 2502 capax
1437 2438 1519 2486 est
1570 2430 1787 2486 discer-

188 2518 357 2575 nendi
392 2519 499 2590 (est
535 2518 681 2573 enim
710 2519 872 2574 bruta
900 2526 1143 2589 natura),
1191 2536 1301 2574 non
1337 2528 1514 2591 potest
1556 2519 1786 2574 inimico

193 2608 409 2665 aditum
442 2607 717 2675 claudere,
750 2624 817 2663 ne
844 2610 1070 2665 veniens
1117 2609 1372 2675 introeat,
1406 2616 1567 2681 atque
1601 2609 1787 2663 animo

1318 2723 1335 2744 ε
1385 2699 1578 2766 Carne,
1624 2725 1642 2745 ι
1686 2697 1782 2766 ait,

203 2812 221 2832 ι
260 2788 446 2843 servio
473 2788 593 2858 (legi
652 2786 879 2858 peccati.
940 2812 958 2834 »
1036 2786 1174 2843 Cum
1238 2786 1384 2841 enim
1423 2803 1568 2841 unus
1618 2785 1786 2841 homo

194 2892 357 2931 carne
399 2884 613 2932 constet
671 2882 724 2929 et
777 2875 980 2941 anima,
1024 2891 1094 2929 ex
1133 2875 1229 2929 illa
1269 2883 1419 2947 parte
1456 2891 1563 2946 qua
1615 2874 1783 2945 sapit,

193 2966 306 3021 Deo
336 2965 509 3019 servit
543 2981 554 3019 :
590 2980 659 3018 ex
689 2965 860 3023 altera
900 2971 1081 3018 autem
1131 2979 1235 3035 qua
1273 2964 1508 3018 stolidus
1549 2969 1649 3029 est,
1681 2961 1784 3032 legi

194 3054 424 3125 peccati.
457 3052 512 3109 Si
543 3060 724 3108 autem
753 3052 920 3107 homo
949 3054 1005 3107 in
1037 3070 1101 3107 eo
1131 3052 1276 3126 quod
1309 3054 1485 3107 factus
1518 3060 1617 3119 est,
1653 3068 1785 3123 per-

194 3141 465 3209 durasset,
498 3158 609 3196 non
636 3148 775 3196 esset
801 3147 1041 3212 potestas
1070 3141 1296 3195 inimico
1324 3140 1391 3195 ad
1421 3157 1638 3195 carnem
1669 3139 1786 3211 ejus

194 3230 473 3298 accedere,
501 3238 554 3286 et
584 3232 779 3286 animae
830 3231 1105 3287 contraria
1146 3247 1447 3286 susurrare.
1486 3231 1554 3286 Ut
1600 3239 1783 3285 autem

198 3327 348 3375 totus
377 3320 546 3375 homo
575 3319 805 3374 minime
834 3328 1114 3390 reparatus
1138 3320 1330 3374 fuisset
1358 3319 1565 3375 Christi
1614 3318 1787 3389 gratia

200 3410 267 3465 ad
322 3419 525 3468 statum
583 3411 900 3483 pristinum,
954 3409 1226 3467 sententia
1285 3409 1503 3465 obstitit
1564 3408 1688 3463 data
1734 3408 1789 3463 in

200 3499 374 3555 Adam
411 3502 565 3570 (Gen.
618 3515 701 3565 ιιι,
754 3498 882 3569 17);
930 3498 1184 3569 iniquum
1227 3497 1374 3552 enim
1410 3504 1525 3553 erat
1580 3497 1792 3552 solvere

200 3588 532 3644 sententiam
598 3586 722 3658 jure
796 3586 1191 3657 depromptam.
1254 3585 1464 3642 Idcirco
1540 3592 1792 3639 manente

199 3678 491 3743 sententia,
523 3674 871 3747 providentia
899 3674 997 3729 Dei
1021 3673 1323 3729 remedium
1356 3674 1642 3729 inventum
1688 3680 1788 3740 est,

201 3773 260 3820 ut
311 3764 695 3820 redhiberetur
734 3763 947 3817 homini
1003 3763 1167 3829 salus,
1204 3780 1367 3835 quam
1412 3763 1633 3834 proprio
1652 3762 1792 3818 vitio

198 3855 479 3920 amiserat,
513 3860 573 3907 ut
600 3852 691 3907 hic
725 3860 948 3907 sanatus
981 3852 1225 3907 crederet
1258 3852 1375 3923 (92)
1425 3851 1554 3924 quia
1593 3851 1784 3907 adver-

199 3942 375 3998 sarius
401 3941 518 4012 ejus
556 3940 806 3997 devictus
833 3941 1077 4012 potentia
1123 3940 1352 4008 Christi,
1403 3957 1509 3995 non
1543 3940 1790 4008 auderet,

203 4038 555 4105 transpuncta
574 4031 845 4087 sententia
878 4031 1069 4102 primae
1103 4030 1296 4085 mortis
1319 4074 1333 4097 ,
1384 4030 1661 4085 hominem
1686 4030 1792 4086 sibi

203 4119 513 4187 defendere,
562 4119 802 4175 adunato
844 4135 1036 4190 genere
1070 4119 1224 4186 Adae,
1255 4135 1321 4174 ne
1352 4118 1418 4173 ad
1448 4119 1638 4191 primae
1686 4119 1792 4174 ori-

209 4209 346 4281 ginis
378 4209 699 4265 redderetur
727 4209 993 4265 facturam
1013 4207 1126 4279 jam
1158 4216 1306 4263 totus
1336 4223 1660 4281 permanens
1694 4207 1794 4262 im-

208 4300 472 4357 mortalis.

781 4390 1011 4448 CAPUT
1046 4390 1194 4447 VIII.

278 4509 460 4578 (Vers.
490 4510 540 4577 1,
565 4508 617 4564 2.
652 4507 671 4578 )
717 4531 734 4552 ε
763 4506 915 4563 Nihil
966 4523 1094 4576 ergo
1123 4522 1271 4561 nunc
1299 4506 1669 4563 damnationis
1716 4514 1798 4562 est

212 4596 278 4652 iis
304 4598 395 4669 qui
427 4605 559 4654 sunt
614 4598 671 4652 in
716 4596 938 4654 Christo
986 4596 1130 4662 Jesu,
1182 4595 1277 4667 qui
1334 4612 1443 4651 non
1492 4596 1795 4652 secundum
1824 4633 1873 4692 D

212 4701 418 4742 carnem
452 4686 757 4741 ambulant.
785 4711 802 4732 ι
846 4685 1049 4740 Verum
1078 4692 1178 4751 est,
1206 4684 1333 4755 quia
1392 4685 1545 4739 nulla
1575 4684 1793 4741 damna-

214 4773 285 4828 tio
313 4784 391 4831 est
437 4774 638 4831 horum
675 4775 769 4847 qui
799 4781 928 4829 sunt
976 4773 1031 4828 in
1064 4772 1284 4830 Christo
1336 4774 1460 4829 Jesu
1494 4773 1633 4845 (93),
1688 4774 1793 4847 legi

270 4983 390 5053 {89)
417 4985 577 5039 Rom.
610 4981 771 5048 edit.,
801 4992 971 5037 carne'
990 4988 1258 5036 concretus
1282 4988 1327 5036 et
1356 4982 1555 5038 animo.

282 5051 392 5125 (90)
424 5056 550 5111 Vet.
610 5054 740 5108 edit.
800 5070 862 5108 ac
916 5070 1045 5107 mss.
1080 5053 1323 5125 quidam,
1357 5070 1585 5123 quorum
1639 5051 1794 5122 quasi

217 5122 450 5196 honorem
477 5126 756 5196 quemdam
780 5128 934 5195 (mss.
965 5122 1243 5189 nonnulli,
1280 5122 1571 5194 quondam)
1604 5132 1791 5196 trans-j

217 5192 311 5260 [ert
363 5200 433 5251 ad
485 5192 744 5260 animum,
788 5192 846 5249 ut
891 5196 1044 5248 etiam
1079 5196 1185 5264 ipse
1231 5192 1505 5264 generetur
1540 5192 1560 5251 ε’
1611 5194 1793 5251 cantari

220 5279 355 5338 vero,
394 5278 447 5323 et
476 5268 611 5323 edit.
653 5269 808 5322 ltom.
832 5274 893 5320 ut
926 5266 981 5319 in
1012 5266 1413 5325 contextumisi
1446 5266 1597 5338 quod
1628 5269 1789 5322 Rom.

218 5335 336 5410 edit.
363 5341 601 5410 praefert,
630 5345 684 5391 ut
710 5339 865 5391 etiam
902 5346 1203 5410 mereretur:
1238 5338 1310 5391 At
1349 5335 1619 5410 continuo
1670 5345 1793 5409 post

225 5405 519 5468 Rmnfedit.
568 5410 848 5481 reposuit:
911 5409 1009 5464 Sed
1038 5409 1176 5481 quia
1204 5409 1601 5481 repulitﬂillmﬁn
1642 5405 1791 5481 imor-

223 5481 307 5551 [cm
329 5483 499 5548 gratia
536 5479 654 5546 Dei,
687 5481 765 5535 ait
786 5498 801 5533 :
834 5497 931 5551 pro
951 5496 1015 5535 eo
1037 5479 1181 5551 quod
1211 5488 1320 5535 vet.
1371 5480 1506 5535 edit.
1566 5480 1789 5547 habent,

223 5547 308 5602 Sed
333 5547 455 5621 quid
508 5553 705 5623 respuit
736 5547 886 5605 illam
928 5547 1146 5605 mortem
1166 5553 1194 5607 ?
1254 5551 1443 5607 Gratia
1492 5551 1588 5606 Dei
1616 5569 1631 5623 ;
1658 5568 1788 5623 mss.

222 5633 357 5688 vero,
397 5632 455 5679 ut
486 5625 541 5695 in
571 5622 859 5695 contextu,
888 5623 993 5677 nisi
1029 5623 1175 5695 quod
1210 5623 1397 5693 legunt
1427 5624 1540 5693 qui,
1573 5622 1669 5677 ubi
1692 5639 1793 5677 nos

222 5703 281 5771 ex
307 5701 417 5771 ant:
453 5694 587 5752 edit.
620 5694 952 5771 retinnimus
978 5694 1126 5771 quid.
1160 5695 1260 5750 Est
1284 5701 1467 5751 autem
1498 5712 1641 5750 mors
1667 5712 1789 5768 gra-

225 5764 300 5816 tia:
324 5764 417 5821 Dei
447 5783 595 5823 mors
624 5766 743 5839 ipsa
783 5764 1015 5823 Christi.

1898 656 2119 713 Christo
2141 656 2267 711 Jesu
2298 655 2553 710 liberavit
2584 671 2667 710 me
2698 671 2729 709 a
2757 655 2871 725 lege
2902 653 3104 725 peccati
3135 661 3189 709 et
3216 654 3427 709 mortis.
3449 678 3467 700 ι

1899 746 2256 802 Securitatem
2295 747 2500 817 flagitat
2530 745 2749 801 homini
2780 761 2876 817 per
2908 744 3137 816 gratiam
3172 744 3293 811 Dei,
3324 754 3385 801 ut
3414 744 3481 801 de

1898 835 2340 907 suggestionibus
2367 835 2572 891 diaboli
2603 851 2714 889 non
2747 834 2819 890 sit
2851 834 3144 899 sollicitus,
3177 833 3482 889 dummodo

1898 933 2116 997 spernat
2144 925 2286 992 illas,
2313 925 2457 980 nihil
2487 924 2633 979 enim
2664 924 2898 980 oberunt
2928 923 3142 979 homini
3180 922 3325 994 apud
3344 939 3483 977 mor-

1899 1020 2008 1067 tem
2039 1012 2355 1081 secundam,
2378 1013 2507 1085 quia
2526 1013 2615 1068 lex
2636 1011 2787 1079 ﬁdei,
2809 1011 2865 1067 id
2882 1018 2962 1066 est
2977 1009 3486 1082 spiritus,liberavit

1899 1103 2180 1161 hominem
2208 1120 2239 1161 a
2266 1113 2440 1161 morte
2486 1104 2747 1171 secunda,
2796 1103 3056 1159 damnato
3086 1111 3306 1175 peccato
3340 1119 3352 1157 :
3386 1117 3486 1158 nec

1898 1191 2051 1247 obest
2074 1192 2187 1264 jam
2220 1192 2455 1261 homini,
2513 1192 2641 1265 quia
2677 1192 2858 1248 carnis
2896 1192 3037 1248 inest
3080 1201 3387 1264 peccatum,
3437 1189 3482 1246 si

1900 1279 2062 1335 modo
2116 1288 2378 1352 repugnet
2434 1280 2535 1347 illi,
2596 1296 2809 1335 memor
2856 1278 3054 1335 auxilii
3099 1278 3236 1335 Dei:
3287 1277 3380 1334 sed
3428 1285 3483 1332 et

1900 1370 2246 1426 coronandus
2274 1378 2376 1438 est,
2409 1370 2504 1442 qui
2559 1370 2765 1441 peccati
2797 1370 2854 1424 in
2893 1384 3055 1425 carne
3083 1366 3483 1438 manentispre-

1899 1462 2001 1516 mit
2055 1460 2330 1527 consilia;
2376 1477 2569 1531 magna
2612 1460 2759 1515 enim
2802 1459 3027 1514 solertia
3072 1465 3154 1513 est
3196 1455 3484 1512 domestici

1900 1551 2073 1607 hostis
2093 1550 2324 1606 insidias
2352 1551 2578 1605 evitare.
2614 1551 2725 1605 Lex
2759 1565 2886 1621 ergo
2917 1549 3143 1621 spiritus
3173 1548 3321 1616 vitae,
3370 1546 3486 1618 ipsa

1899 1647 1981 1694 est
2014 1640 2102 1693 lex
2132 1638 2259 1694 ﬁdei
2297 1657 2307 1693 :
2334 1655 2459 1693 nam
2488 1648 2541 1693 et
2569 1638 2775 1709 Moysis
2796 1639 2886 1692 lex
2928 1636 3195 1708 spiritalis
3223 1644 3325 1703 est,
3356 1633 3486 1707 quia

1899 1726 2155 1798 prohibet
2185 1742 2405 1798 peccare
2438 1744 2451 1792 ;
2485 1742 2596 1780 non
2629 1732 2813 1781 tamen
2846 1723 2999 1790 vitaz,
3028 1723 3157 1795 quia
3185 1723 3291 1778 reis
3327 1738 3485 1778 mor-

1899 1814 1969 1869 tis
1996 1823 2213 1885 peccata
2240 1814 2513 1868 remittere
2571 1829 2681 1867 non
2714 1819 2911 1883 potest,
2967 1818 3027 1865 ut
3080 1810 3329 1866 viviﬁcet
3370 1826 3483 1865 mo-

418 1898 560 1953 εἰοοῐ
589 1898 797 1953 dictum
848 1906 947 1953 est.
1005 1899 1122 1954 1am
1176 1898 1322 1954 enim
1362 1898 1502 1953 liber
1548 1898 1784 1965 animus,
1817 1926 1864 1985 Β
1899 1904 2102 1959 rituros
2130 1903 2269 1973 (94).
2296 1904 2420 1958 Haec
2448 1918 2579 1957 vero
2611 1902 2741 1974 quia
2787 1909 2839 1957 et
2870 1916 3095 1973 peccare
3123 1915 3233 1955 non
3262 1900 3403 1966 vult,
3429 1906 3485 1954 et

1899 2008 1929 2047 a
1954 1998 2129 2045 morte
2158 1998 2396 2057 revocat,
2446 1991 2535 2044 lex
2579 1990 2805 2061 spiritus
2842 1990 2970 2044 vitm
3015 1989 3339 2060 appellatur,
3373 2001 3484 2041 non

1897 2097 1994 2152 per
2047 2079 2285 2133 litteram
2342 2086 2615 2145 constans,
2675 2079 2769 2133 sed
2824 2078 3100 2149 spiritum,
3146 2076 3276 2148 quia
3322 2074 3485 2130 corde

1897 2166 2160 2234 creditur,
2192 2175 2243 2221 et
2273 2167 2501 2238 spiritus
2529 2176 2630 2235 est,
2658 2168 2805 2241 quod
2837 2167 3099 2223 creditur.
3143 2167 3269 2221 Hmc
3301 2165 3485 2236 itaque

1898 2256 1987 2311 lex
2014 2256 2070 2311 in
2102 2261 2196 2317 70
2228 2254 2449 2311 Christo
2478 2257 2624 2324 Jesu,
2675 2256 2781 2313 hoc
2806 2265 2907 2324 est,
2937 2272 3033 2329 per
3060 2255 3221 2311 ﬁdem
3255 2252 3483 2311 Christi.

1896 2353 2093 2409 liberat
2140 2352 2452 2409 credentem
2509 2370 2541 2409 a
2601 2355 2718 2427 lege
2748 2355 2957 2427 peccati
3003 2360 3057 2410 et
3105 2351 3317 2411 mortis.
3371 2350 3485 2405 Lex

1896 2442 2103 2513 peccati
2135 2449 2235 2509 est,
2269 2459 2434 2515 quam
2472 2442 2531 2497 in
2575 2444 2836 2499 membris
2864 2443 3002 2499 dicit
3044 2441 3317 2507 habitare,
3354 2455 3477 2511 qua:

1895 2530 2122 2586 suadere
2178 2531 2376 2587 nititur
2431 2531 2702 2587 adversa:
2760 2532 2851 2587 lex
2897 2548 3027 2587 vero
3068 2529 3264 2587 mortis
3302 2525 3482 2599 Moysi

1895 2618 1985 2674 lex
2006 2627 2106 2686 est,
2138 2620 2268 2692 quia
2310 2619 2605 2676 mortiﬁcat
2651 2629 2980 2692 peccatores.
3010 2619 3149 2675 Nam
3192 2624 3246 2673 et
3298 2615 3356 2670 in
3377 2615 3485 2670 alia

1894 2708 2126 2779 epistola
2164 2705 2308 2762 inter
2364 2715 2559 2763 caetera
2616 2708 2753 2763 dicit
2807 2708 2875 2763 de
2924 2706 3251 2763 auctoritate
3300 2702 3479 2773 legis:

1909 2820 1926 2843 ι
1954 2796 2010 2851 Si
2038 2794 2370 2850 ministratio
2411 2797 2603 2851 mortis
2633 2796 2869 2852 formata
2897 2797 2954 2852 in
2987 2794 3261 2867 lapidibus
3296 2791 3404 2847 fuit
3424 2790 3482 2846 in

1894 2884 2067 2958 gloria
2097 2885 2186 2955 (ΙΙ
2214 2884 2336 2939 Cor.
2370 2901 2455 2952 ιιι,
2486 2886 2562 2953 7).
2596 2909 2614 2930 ι

1963 3002 2085 3057 Νοιι
2115 3017 2242 3072 ergo
2284 3001 2598 3057 mirandum
2626 3002 2672 3058 si
2729 3002 2819 3056 lex
2849 2999 3113 3073 spiritalis
3148 3000 3387 3066 dicatur,
3431 3004 3487 3053 et

1895 3090 1988 3144 lex
2056 3090 2271 3157 mortis,
2335 3106 2461 3144 cum
2526 3097 2581 3144 et
2643 3090 3009 3161 Evangelium
3065 3088 3256 3145 eodem
3322 3084 3486 3142 modo

1894 3178 1986 3234 sit.
2020 3178 2170 3234 Dicit
2200 3177 2347 3233 enim
2378 3178 2488 3233 alio
2512 3178 2631 3234 loco
2678 3177 2823 3233 inter
2851 3186 3047 3234 caetera
3076 3195 3088 3233 :
3137 3202 3154 3225 ι
3181 3175 3323 3233 Aliis
3348 3173 3487 3230 odor

1820 3278 1863 3337 ο
1899 3266 2027 3320 vita:
2084 3266 2150 3320 ad
2207 3266 2397 3333 vitam,
2432 3266 2555 3321 aliis
2603 3266 2739 3321 odor
2773 3268 2965 3323 mortis
3013 3266 3079 3323 ad
3141 3262 3494 3336 mortem(ll

1907 3356 2032 3410 Cor.
2091 3372 2150 3421 ιι,
2212 3354 2323 3424 16).
2355 3379 2373 3400 ι
2442 3355 2591 3420 Quos
2646 3354 2792 3408 enim
2843 3353 3032 3425 opinio
3070 3354 3364 3421 virtutum,
3396 3357 3492 3406 aut

1904 3458 2084 3497 rerum
2139 3449 2407 3514 gestarum
2458 3443 2609 3496 visus
2662 3448 2757 3496 aut
2802 3442 3022 3497 auditus
3072 3441 3380 3498 attrahebat
3424 3438 3490 3495 ad

1903 3531 2088 3598 ﬁdem,
2135 3530 2220 3586 his
2249 3530 2385 3585 odor
2432 3530 2559 3585 vitae
2598 3538 2714 3585 erat
2751 3531 3113 3602 Evangelium
3150 3548 3161 3584 :
3213 3529 3325 3584 illis
3383 3544 3492 3583 au—

1903 3627 2013 3674 tem
2068 3635 2305 3692 quorum
2344 3635 2563 3675 sensum
2610 3618 2988 3675 inﬂammabat
3016 3619 3159 3675 facta
3204 3618 3381 3674 virtus
3420 3616 3488 3672 ad

1902 3710 2410 3778 contradicendum,
2460 3712 2653 3767 mortis
2698 3717 2813 3766 erat
2841 3710 2977 3765 odor
3022 3709 3335 3782 praedicatio
3364 3708 3491 3764 ﬁdei

1907 3800 2046 3869 (95).
2087 3799 2205 3854 Una
2224 3814 2351 3869 ergo
2376 3815 2502 3854 cum
2557 3797 2629 3853 sit
2657 3798 2812 3866 ﬁdes,
2862 3798 3238 3854 diversitatem
3274 3806 3495 3870 praestat

1904 3886 2246 3955 hominibus,
2276 3887 2419 3942 sicut
2446 3895 2500 3942 et
2528 3888 2609 3942 sol
2636 3903 2761 3943 cum
2792 3888 2864 3943 sit
2892 3905 3056 3955 unus,
3089 3904 3267 3943 ceram
3294 3886 3489 3953 solvit,

1904 3977 2082 4031 lutum
2116 3993 2245 4032 vero
2269 3976 2509 4048 stringit.
2540 3978 2657 4043 Qua
2689 3994 2817 4048 ergo
2872 3978 2997 4050 quis
3026 3986 3206 4033 mente
3236 3977 3496 4034 odoratus

1906 4066 2073 4121 fuerit
2104 4065 2293 4133 ﬁdem,
2328 4065 2408 4121 sic
2428 4075 2481 4121 et
2509 4065 2759 4137 proﬁciet
2788 4065 2892 4121 illi.
2926 4066 3031 4121 Sed
3061 4065 3267 4123 dicitur
3303 4066 3443 4121 forte
3478 4082 3490 4120 ε

1904 4156 1962 4212 Si
2010 4155 2196 4211 eadem
2228 4163 2442 4227 praestat
2498 4155 2633 4211 ﬁdes
2684 4172 2804 4227 quae
2835 4164 2888 4211 et
2918 4157 3028 4223 lex,
3060 4172 3159 4211 cur
3192 4172 3301 4211 non
3328 4156 3493 4211 etiam

1904 4246 2023 4317 ipsa
2049 4262 2117 4301 ex
2142 4253 2290 4317 parte
2344 4246 2434 4300 lex
2486 4245 2678 4301 mortis
2703 4245 2920 4301 dicatur
2948 4246 2977 4301 τ
3022 4245 3317 4302 mortiﬁcat
3345 4244 3493 4300 enim

1906 4350 2018 4389 non
2046 4333 2347 4390 credentes.
2396 4334 2500 4390 Sed
2557 4350 2668 4389 non
2712 4334 2788 4389 ita
2817 4342 2916 4391 est.
2970 4334 3130 4390 Fides
3188 4333 3335 4390 enim
3368 4334 3496 4390 data

1906 4431 2131 4495 estquae
2182 4421 2450 4493 justiﬁcat
2489 4422 2869 4495 confugientes
2897 4422 2967 4478 ad
3023 4439 3099 4490 se,
3146 4430 3208 4478 ut
3245 4423 3494 4479 remittat

1907 4512 2003 4579 eis,
2032 4528 2165 4583 quos
2197 4513 2284 4566 lex
2314 4518 2461 4567 tenet
2493 4528 2651 4577 reos;
2685 4518 2747 4566 ut
2774 4519 2995 4583 agentes
3035 4510 3137 4567 sub
3166 4510 3295 4578 ﬁde,
3329 4510 3488 4565 liberi

1906 4601 2016 4656 sint
2035 4618 2066 4655 a
2094 4607 2314 4671 peccato
2343 4619 2354 4655 :
2395 4616 2519 4654 nam
2551 4599 2652 4655 sub
2683 4599 2798 4671 lege
2836 4608 3053 4672 agentes
3081 4597 3308 4653 obnoxii
3341 4606 3489 4653 sunt.

1906 4690 2011 4756 Qui
2039 4705 2165 4761 ergo
2186 4705 2297 4743 non
2327 4688 2594 4744 obediunt
2622 4688 2770 4754 ﬁdei,
2803 4704 2914 4742 non
2945 4686 3268 4742 occidentur
3295 4701 3326 4740 a
3358 4684 3488 4752 ﬁde,

1901 4780 1995 4837 scd
2024 4796 2053 4834 a
2075 4779 2211 4851 lege,
2243 4778 2371 4851 quia
2414 4794 2525 4833 non
2556 4776 2873 4834 accedentes
2914 4774 2982 4830 ad
3013 4774 3200 4841 ﬁdem,
3254 4773 3333 4830 rei
3395 4780 3489 4829 te-

1976 4984 2092 5053 (91)
2126 4983 2327 5039 Omnes
2356 4980 2513 5047 edit.,
2544 4977 2792 5049 indagari
2820 4977 2875 5033 in
2895 4977 3057 5045 vitiis,
3092 4992 3285 5034 omnes
3332 4992 3488 5044 mss.,

1901 5054 2152 5124 indagari
2180 5055 2231 5107 in
2242 5053 2395 5107 vitas.

1975 5118 2091 5194 (92)
2124 5123 2386 5179 Nonnulli
2420 5139 2572 5188 mss.,
2600 5126 2657 5175 ut
2683 5121 2765 5175 hic
2791 5127 3008 5194 renatus
3035 5119 3285 5194 crederet.
3340 5118 3493 5194 Infra

1902 5188 2032 5251 vero
2063 5188 2156 5250 ubi
2186 5211 2374 5249 omnes
2406 5210 2531 5247 mss.
2562 5208 2625 5248 ac
2651 5200 2759 5247 vet.
2812 5191 2970 5260 edit.,
3011 5210 3074 5247 ne
3121 5192 3316 5262 prima:
3374 5188 3485 5244 ori-

1900 5268 2245 5345 gin‘ils‘gltfom:
2279 5265 2413 5345 edit.
2450 5272 2783 5345 reposuerat,
2806 5264 3098 5345 utprimre,
3121 5272 3229 5319 etc.

1975 5338 2090 5407 (93)
2120 5336 2253 5393 Cod.
2280 5336 2442 5393 Corb.
2474 5333 2528 5391 et
2547 5335 2771 5407 quidam
2808 5333 2924 5401 alii,
2950 5336 3127 5407 (nulla
3173 5333 3277 5388 erit
3328 5333 3493 5407 dam-7

1902 5405 2045 5462 natio
2074 5405 2255 5461 eorum
2285 5408 2378 5479 qui
2408 5405 2699 5464 Christiani
2754 5414 2894 5461 sunt.
2929 5406 2999 5479 At
3032 5420 3190 5479 versu
3241 5405 3492 5479 sequenti

1904 5481 2059 5535 Rom.
2101 5478 2233 5535 edit.
2266 5476 2391 5535 cum
2417 5496 2542 5535 mss.
2571 5478 2875 5545 nonnullis,
2906 5477 3174 5531 devotione
3199 5476 3491 5531 anintiser-

1904 5551 2113 5605 cientes.

1974 5622 2089 5689 (94)
2128 5622 2329 5703 omnes
2388 5621 2544 5703 edit.,
2586 5627 2668 5703 ut“
2694 5620 2919 5691 viviﬁcet
2966 5624 3254 5684 mortuos;
3301 5633 3491 5674 omnes

1902 5708 2065 5822 prose
2092 5694 2279 5765 scripti
2309 5694 2480 5749 cod...
2512 5694 2821 5773 morituros.
2876 5760 2885 5769 .
2987 5761 2997 5770 ο
3167 5761 3178 5772 .

1970 5766 1990 5837 (
2028 5765 2088 5837 5)
2116 5765 2243 5823 Mss.
2275 5764 2422 5823 haud
2441 5780 2621 5838 pauci,
2643 5766 3030 5835 pravaricatio
3052 5760 3195 5834 ﬁdet.
