3980 6368
494 383 596 442 123

1493 378 1590 434 ΑΙ)
1629 376 1865 435 OPERA
1901 375 1958 432 S.
2007 371 2344 431 AMBROSII
2384 369 2765 426 APPENDIX.

3701 367 3806 426 124

487 518 687 569 nentur
707 524 740 564 a
768 507 885 580 lege
912 524 923 564 :
953 505 1186 580 ideoque
1204 523 1394 563 omnes
1413 505 1508 580 qui
1543 504 1688 561 malo
1714 503 1904 561 animo
1931 501 2066 560 odo-
2098 502 2150 560 A
2175 499 2421 567 Satanas,
2453 496 2639 553 amisit
2680 495 2993 553 dominium
3047 502 3386 554 retentarum
3444 493 3803 564 animarum,

486 605 678 656 rantur
705 595 875 654 verba
901 596 1054 664 fidei,
1084 605 1371 654 remanent
1397 596 1457 652 in
1478 603 1674 651 morte.

554 685 856 744 Videamus
887 701 1039 741 nunc
1069 685 1204 757 quid
1224 685 1443 742 intersit
1470 701 1595 741 cum
1627 682 1835 739 dicitur
1866 681 1956 737 lex
1976 679 2082 752 spi-

483 774 661 831 ritalis
690 781 743 829 et
772 773 862 830 lex
894 772 1142 845 spiritus.
1181 773 1296 830 Hoc
1327 773 1576 840 interest,
1609 771 1735 843 quia
1764 769 1976 826 idcirco
2003 767 2082 824 di-

483 865 628 923 citur
676 865 767 921 lex
822 862 1107 936 spiritalis,
1143 863 1274 936 quia
1311 871 1580 935 praecepta
1643 861 1758 929 dat,
1817 877 1911 932 per
1963 875 2083 932 quas

484 972 596 1012 non
625 962 904 1029 peccetur,
937 952 1068 1026 quia
1093 951 1186 1025 qui
1233 968 1344 1009 non
1381 959 1588 1024 peccat,
1623 950 1889 1023 spiritalis
1925 966 2082 1005 voca-

484 1053 620 1101 tur:
657 1043 889 1101 aemulus
931 1041 1305 1114 superiorum,
1347 1040 1404 1096 id
1453 1048 1553 1108 est,
1599 1039 1906 1097 caelestium
1940 1039 2082 1110 (96).

483 1135 598 1191 Lex
653 1139 836 1190 autem
915 1131 1146 1204 spiritus
1243 1138 1531 1204 propterea
1615 1139 1863 1196 vocatur,
1951 1127 2082 1202 quia

482 1225 648 1291 Deus,
705 1220 868 1294 cujus
921 1220 1059 1278 ﬁdes
1117 1227 1220 1289 est,
1268 1219 1497 1294 spiritus
1586 1228 1688 1276 est.
1756 1218 1880 1276 Illic
1959 1235 2085 1290 ergo

487 1313 654 1369 verba
685 1321 838 1381 sunt,
890 1311 983 1370 hic
1011 1327 1098 1368 res
1129 1329 1144 1379 ;
1178 1310 1298 1368 illic
1337 1326 1458 1384 quae
1485 1309 1584 1366 Dei
1615 1317 1767 1379 sunt,
1798 1307 1892 1366 bic
1937 1310 2085 1365 Deus

488 1401 626 1476 ipse.
789 1468 796 1474 _

559 1491 744 1563 (Vers.
769 1488 852 1560 3.)
897 1514 915 1536 ι
941 1488 1217 1556 Quoniam
1243 1487 1391 1561 quod
1419 1486 1764 1560 impossibile
1780 1495 1896 1544 erat
1924 1485 2083 1559 legis,

486 1580 544 1637 in
574 1596 684 1654 quo
718 1576 1106 1635 inﬁrmabatur
1133 1594 1227 1650 pes
1250 1593 1490 1644 carnem,
1517 1579 1661 1633 Deus
1690 1576 1896 1632 Filium
1923 1592 2084 1632 suum

485 1670 710 1726 mittens
727 1667 787 1724 in
807 1666 1231 1724 similitudinem
1286 1666 1466 1724 carnis
1510 1666 1736 1738 peccati,
1770 1665 1836 1722 de
1866 1672 2086 1738 peccato

482 1757 770 1818 damnavit
796 1763 1081 1830 peccatum
1105 1756 1163 1812 in
1194 1772 1410 1813 carne.»
1440 1757 1566 1812 Haec
1593 1756 1752 1825 dicit,
1773 1764 1834 1812 ut
1846 1755 2084 1828 baptiza-

2193 599 2251 646 ut
2277 589 2390 662 jam
2423 587 2663 660 signatos
2692 588 2850 659 signo
2881 587 3084 656 crucis,
3138 586 3195 641 in
3225 603 3332 659 qua
3381 585 3563 643 victus
3600 594 3710 653 est,
3744 583 3802 641 in

2191 678 2431 734 secunda
2461 686 2635 734 morte
2675 684 2858 730 tenere
2896 691 3006 731 non
3050 674 3264 730 audeat.
3299 672 3679 741 Quamobrem
3733 671 3803 729 ad

2190 769 2548 824 securitatem
2582 775 2828 822 nostram
2857 763 2976 821 haec
3005 771 3204 820 tractat
3242 763 3560 834 Apostolus.

2265 857 2446 928 (Vers.
2480 855 2531 910 4.
2568 855 2588 926 )
2660 879 2676 901 ι
2709 855 2777 909 Ut
2825 851 3152 924 justiﬁcatio
3188 851 3319 923 legis
3349 851 3686 922 impleretur
3743 849 3802 909 in

2190 943 2369 1011 nobis,
2400 944 2493 1016 qui
2536 959 2647 999 non
2693 943 2994 999 secundum
3026 957 3244 997 carnem
3297 939 3672 1007 ambulamus,
3706 939 3802 996 sed

2190 1032 2492 1090 secundum
2514 1033 2790 1105 spiritum.
2824 1057 2840 1079 ι
2900 1031 3028 1089 Ideo
3074 1029 3394 1086 damnatum
3424 1028 3561 1086 dicit
3589 1045 3802 1102 pecca-

2191 1133 2332 1192 tum,
2364 1131 2424 1178 ut
2454 1124 2778 1194 impleretur
2837 1122 2896 1178 in
2941 1121 3100 1178 nobis
3150 1118 3477 1192 justiﬁcatio
3530 1119 3674 1191 legis
3706 1125 3797 1182 71

2192 1223 2332 1280 datae
2360 1241 2392 1279 a
2428 1225 2655 1296 Moyse;
2705 1222 2910 1280 sublati
2963 1223 3110 1279 enim
3143 1221 3211 1277 de
3267 1219 3591 1277 conditione
3638 1217 3800 1292 legis,

2194 1314 2324 1370 facti
2353 1331 2546 1369 sumus
2570 1313 2733 1369 amici
2763 1313 3007 1386 ejusdem
3039 1331 3052 1379 ;
3091 1310 3391 1384 justiﬁcati
3424 1310 3576 1367 enim
3627 1309 3800 1366 amici

2192 1405 2326 1476 legis
2350 1410 2498 1460 sunt.
2533 1402 2821 1470 Quomodo
2873 1410 3059 1459 autem
3112 1402 3384 1474 impletur
3414 1401 3472 1457 in
3502 1399 3672 1457 nobis
3711 1399 3799 1473 ju-

2192 1492 2473 1562 stiﬁcatio,
2501 1491 2609 1548 nisi
2638 1509 2763 1548 cum
2795 1491 2956 1548 datur
2990 1490 3242 1546 remissio
3263 1489 3512 1545 omnium
3545 1495 3801 1562 peccato-

2193 1600 2340 1652 rum,
2396 1589 2460 1638 ut
2509 1582 2742 1638 sublatis
2797 1581 3051 1654 peccatis,
3097 1580 3441 1654 justiﬁcatus
3504 1586 3798 1652 appareat,

2194 1681 2378 1729 mente
2409 1673 2662 1728 serviens
2718 1672 2824 1744 legi
2856 1672 2954 1728 Dei
2985 1672 3013 1727 ?
3060 1672 3175 1727 Hoc
3201 1679 3280 1726 est
3318 1686 3429 1725 non
3483 1667 3800 1726 secundum

2193 1778 2410 1819 carnem
2454 1762 2756 1830 ambulare,
2803 1760 2898 1817 sed
2972 1759 3286 1818 secundum
3361 1758 3674 1831 spiritum;
3739 1765 3802 1813 ut

483 1856 566 1906 tos
595 1863 816 1904 securos
870 1844 1094 1910 reddat.
1147 1844 1276 1916 quia
1328 1844 1548 1900 liberali
1583 1853 1716 1901 sunt
1757 1861 1788 1900 ὃ
1836 1852 2078 1916 peccato.
2116 1865 2162 1925 Β
2193 1850 2416 1906 devotio
2466 1851 2660 1918 animi,
2712 1851 2808 1924 qui
2863 1859 2946 1908 est
2998 1849 3248 1922 spiritus,
3315 1865 3425 1904 non
3475 1847 3802 1906 consentiat

497 1963 515 1986 σ
542 1936 814 2005 Quoniam
843 1934 991 2008 quod
1009 1932 1352 2006 impossibile
1387 1942 1526 2002 erat,
1547 1933 1752 2006 inquit,
1782 1932 1960 2004 legis.»
1979 1931 2084 1990 Cui

486 2025 831 2100 impossibile
850 2032 932 2080 est
947 2025 975 2080 ?
994 2023 1164 2080 Nobis
1186 2023 1398 2080 scilicet
1426 2023 1772 2097 impossibile
1801 2030 1917 2078 erat
1931 2039 2081 2078 man-

483 2115 674 2172 datum
707 2113 864 2186 Legis
904 2113 1134 2185 implere
1165 2130 1179 2179 ;
1233 2111 1362 2185 quia
1389 2111 1625 2184 subjecti
1646 2127 1863 2168 eramus
1885 2127 2084 2183 pecca-

484 2203 653 2262 to.0b
674 2203 780 2260 hoc
799 2205 944 2260 Deus
981 2202 1184 2258 Filium
1202 2209 1364 2258 suum
1388 2201 1540 2258 misit
1563 2203 1619 2257 in
1651 2200 2080 2257 similitudinem

483 2294 668 2353 carnis
685 2292 1046 2367 peccati.Haac
1066 2299 1146 2348 est
1165 2291 1476 2348 similitudo
1492 2291 1673 2348 carnis
1693 2309 1706 2358 ;
1739 2290 1866 2363 quia
1895 2308 2083 2363 quam-

490 2384 579 2441 vis
606 2382 794 2439 eadem
818 2383 942 2440 Caro
963 2381 1054 2450 sit,
1087 2398 1207 2455 qua:
1223 2390 1278 2438 et
1306 2387 1529 2447 nostra;
1553 2396 1666 2436 non
1681 2387 1862 2435 tamen
1881 2380 1958 2434 ita
1973 2379 2080 2435 fac-

488 2481 546 2530 ta
575 2471 634 2528 in
653 2479 806 2529 utero
823 2479 903 2528 est
917 2479 971 2528 et
1000 2470 1297 2539 nata,sicut
1329 2477 1383 2526 et
1407 2486 1532 2527 caro
1563 2478 1768 2525 nostra.
1803 2469 1902 2524 Est
1931 2469 2078 2523 enim

485 2561 826 2620 sanctiﬁcata
849 2561 905 2616 in
936 2569 1114 2629 utero,
1145 2568 1199 2616 et
1231 2567 1359 2616 nata
1387 2560 1508 2616 sine
1530 2566 1774 2630 peccato,
1803 2565 1855 2614 et
1903 2573 2079 2630 neque

486 2653 605 2726 ipse
632 2652 689 2709 in
718 2651 813 2708 illa
829 2650 1098 2724 peccavit.
1130 2648 1258 2706 Ideo
1285 2647 1432 2704 enim
1454 2646 1742 2720 virginalis
1764 2653 1951 2702 uterus
1973 2647 2077 2701 ele-

485 2749 606 2799 ctus
634 2749 715 2798 est
733 2741 801 2799 ad
822 2748 1040 2814 partum
1057 2737 1501 2806 Dominicum,ut
1517 2735 1573 2791 in
1586 2734 1876 2792 sanctitate
1897 2735 2080 2792 differ-

483 2838 568 2888 ret
595 2848 722 2888 caro
742 2831 968 2888 Domini
993 2845 1197 2886 acarne
1218 2837 1435 2893 nostra;
1457 2825 1512 2882 in
1534 2842 1696 2882 causa
1712 2824 1859 2881 enim
1880 2825 2082 2881 similis

482 2928 588 2988 est,
619 2936 731 2976 non
765 2920 830 2975 in
866 2918 1131 2992 qualitate
1177 2917 1386 2989 peccati
1415 2916 1758 2974 substantias.
1789 2915 2082 2985 Propterea

483 3027 612 3081 ergo
642 3009 879 3065 similem
909 3006 1213 3080 dixit,quia
1240 3007 1307 3062 de
1335 3006 1520 3062 eadem
1543 3004 1850 3064 substantia
1878 3003 2079 3072 carnis,

484 3113 598 3157 non
662 3096 912 3152 eamdem
979 3093 1175 3150 habuit
1237 3093 1609 3162 nativitatem,
1682 3094 1814 3167 quia
1859 3099 2081 3164 peccato

2191 1939 2466 1996 desiderio
2496 1941 2728 2013 peccati,
2769 1941 2899 2014 quia
2951 1956 3046 2013 per
3094 1955 3316 1996 carnem
3359 1937 3598 1994 seminat
3650 1953 3801 1993 con-

2191 2030 2556 2102 cupiscentias
2583 2032 2803 2097 animae,
2835 2030 2983 2102 quod
3031 2030 3174 2085 inest
3217 2036 3519 2101 peccatum.
3554 2027 3615 2082 Si
3645 2026 3796 2083 enim

2192 2117 2512 2172 damnatum
2535 2127 2615 2174 est
2642 2126 2920 2190 peccatum
2953 2135 2984 2172 a
3008 2115 3599 2188 Salvatore,quomodo
3614 2115 3794 2172 inest?

2191 2208 2521 2262 Damnatum
2553 2214 2633 2262 est
2661 2223 2691 2262 a
2715 2207 3014 2274 Salvatore,
3069 2214 3124 2261 et
3168 2203 3375 2276 triplici
3411 2203 3528 2275 (99)
3591 2219 3794 2276 genere

2189 2293 2722 2351 damnatum.Primo
2748 2294 2895 2350 enim
2923 2294 2982 2350 in
3012 2294 3133 2350 loco
3159 2291 3444 2350 damnavit
3475 2302 3790 2364 peccatum,

2189 2383 2321 2440 dum
2355 2402 2464 2440 non
2512 2384 2776 2456 peccavit,
2834 2382 3165 2439 dissentiens
3216 2399 3248 2437 a
3289 2390 3531 2453 peccato.
3572 2381 3791 2438 Deinde

2190 2475 2246 2530 in
2267 2491 2426 2532 cruce
2457 2481 2766 2547 peccatum,
2801 2473 2930 2546 quia
2969 2473 3237 2545 peccavit,
3282 2470 3612 2526 damnatum
3651 2469 3788 2526 dici-

2191 2573 2297 2619 tur.
2334 2563 2486 2619 Unde
2535 2563 2750 2619 sublata
2782 2571 2863 2618 est
2907 2561 2990 2616 illi
3037 2559 3336 2617 auctoritas
3367 2559 3526 2632 quasi
3555 2557 3790 2630 peccati,

2194 2670 2302 2727 qua
2329 2653 2610 2710 detinebat
2640 2652 2893 2708 homines
2926 2651 2982 2706 in
3003 2650 3222 2706 inferno
3254 2657 3483 2722 propter
3513 2647 3789 2706 delictum

2193 2743 2363 2800 Adae:
2403 2749 2463 2798 ut
2493 2742 2559 2796 de
2611 2750 2807 2798 caetero
2836 2740 2894 2796 in
2942 2739 3150 2812 quibus
3198 2739 3418 2810 signum
3462 2736 3650 2794 crucis
3689 2745 3790 2804 est,

2191 2831 2435 2887 detinere
2466 2848 2576 2887 non
2621 2829 2837 2886 audeat.
2897 2829 3082 2885 Tertio
3140 2827 3426 2884 damnavit
3476 2835 3787 2898 peccatum,

2189 2921 2322 2978 dum
2377 2921 2534 2976 irrita
2581 2921 2712 2976 fecit
2764 2919 2985 2987 delicta,
3058 2917 3382 2974 remissione
3434 2924 3788 2989 peccatorum

2189 3027 2463 3066 concessa.
2489 3010 2626 3067 Cum
2661 3011 2810 3065 enim
2841 3016 3092 3082 peccator
3113 3023 3273 3064 causa
3295 3005 3521 3062 admissi
3576 3003 3787 3077 peccati

2189 3098 2532 3156 damnandus
2559 3105 2719 3164 esset,
2751 3098 3037 3170 ignoscens
3063 3103 3246 3151 autem
3297 3093 3346 3148 ei
3377 3093 3671 3150 damnavit
3729 3092 3787 3150 in

483 3185 794 3258 subjectum
823 3201 937 3241 non
957 3184 1066 3240 fuit
1083 3199 1282 3255 corpus
1296 3182 1540 3239 Domini.
1567 3183 1804 3255 Expiata
1831 3189 1913 3237 est
1931 3181 2079 3238 enim
2116 3223 2159 3282 Ο
2191 3204 2255 3243 eo
2282 3194 2592 3259 peccatum.
2642 3187 2832 3258 Itaque
2861 3184 2907 3240 si
2947 3193 3000 3240 et
3033 3198 3134 3238 nos
3185 3181 3490 3238 Salvatoris
3527 3181 3786 3255 exemplo

487 3275 606 3350 (97)
637 3291 670 3331 a
688 3273 899 3348 Spiritu
929 3281 1120 3330 sancto
1141 3289 1268 3330 caro
1282 3271 1532 3342 Domini,
1561 3282 1623 3330 ut
1653 3273 1709 3329 in
1731 3273 1827 3330 tali
1851 3288 2079 3346 corpore

485 3372 824 3433 nasceretur,
856 3363 1017 3437 quale
1045 3362 1154 3419 fuit
1172 3363 1306 3420 Adae
1325 3371 1452 3420 ante
1484 3373 1766 3436 peccatum
1795 3383 1809 3432 ;
1841 3363 1957 3420 sola
1986 3373 2080 3421 ta-

484 3471 610 3511 men
648 3454 919 3511 sententia
937 3452 1066 3508 data
1089 3453 1147 3509 in
1177 3452 1352 3509 Adam
1388 3452 1528 3526 (98).

553 3543 720 3602 Misso
757 3559 886 3617 ergo
908 3544 1052 3599 Deus
1081 3542 1326 3612 Christo,
1373 3568 1392 3590 ι
1437 3545 1515 3599 De
1545 3551 1766 3616 peccato
1795 3540 2081 3599 damnavit

485 3640 790 3707 peccatum,
819 3658 838 3680 ιι
903 3632 1010 3689 hoc
1076 3641 1180 3701 est,
1217 3641 1510 3704 peccatum
1567 3640 1790 3704 peccato
1856 3634 2080 3706 proprio

484 3724 790 3781 damnavit.
810 3724 1064 3782 Christus
1091 3723 1240 3780 enim
1271 3740 1396 3780 cum
1415 3741 1445 3779 a
1474 3732 1694 3795 peccato
1715 3724 2076 3796 cruciﬁgitur,

489 3815 585 3888 qui
608 3821 691 3870 est
723 3815 972 3882 Satanas,
1003 3813 1254 3887 peccavit
1279 3822 1565 3886 peccatum
1613 3814 1670 3868 in
1700 3829 1863 3870 carne
1891 3831 2079 3886 corpo-

487 3905 562 3960 ris
596 3903 931 3960 Salvatoris:
964 3920 1073 3977 quo
1117 3903 1263 3960 facto
1288 3902 1575 3958 damnavit
1602 3903 1751 3959 Deus
1795 3911 2080 3975 peccatum

483 3992 543 4048 in
576 4008 759 4061 carne,
805 3991 882 4048 ibi
929 3992 1121 4065 utique
1150 3991 1245 4047 ubi
1281 3991 1548 4064 peccavit,
1581 3990 1727 4048 sicut
1759 3998 1814 4046 et
1873 3991 1930 4046 in
1973 3993 2080 4048 alia

485 4080 717 4154 epistola
742 4080 854 4138 ait:
903 4106 922 4129 ‹
945 4080 1378 4154 Detriumphans
1430 4081 1555 4137 illos
1586 4081 1642 4136 in
1695 4081 1814 4152 ipso
1847 4081 2076 4152 (Coloss.

486 4170 695 4242 11,15),
726 4195 744 4219 ι
809 4170 866 4227 id
912 4179 1016 4239 est,
1064 4171 1124 4226 in
1183 4171 1425 4229 Christo.
1456 4171 1593 4226 Nam
1655 4171 1795 4226 solet
1847 4170 1956 4226 dici
2011 4170 2080 4227 de

483 4275 811 4333 quocunque
839 4259 1100 4316 damnato
1125 4277 1136 4315 :
1197 4261 1260 4316 In
1290 4276 1396 4333 qua
1433 4276 1597 4317 causa
1616 4259 1906 4316 damnatus
1934 4267 2015 4316 est
2050 4261 2080 4318 ?

485 4350 882 4422 Respondetur,
899 4357 962 4406 ut
984 4359 1137 4422 puta,
1163 4348 1223 4406 in
1251 4349 1576 4406 homicidio.
1603 4351 1683 4406 Ita
1709 4358 1766 4406 et
1797 4359 2078 4422 peccatum

483 4441 543 4498 in
589 4458 752 4499 carne
793 4441 1114 4498 damnatum
1153 4448 1252 4510 est,
1284 4441 1391 4497 hoc
1428 4449 1529 4509 est,
1561 4439 1619 4496 in
1679 4448 1903 4512 peccato
1931 4439 2076 4513 quod

481 4529 712 4588 admisit
740 4531 798 4587 in
845 4546 1030 4589 carne.
1081 4530 1197 4588 Hoc
1226 4530 1410 4604 itaque
1444 4537 1666 4602 peccato
1723 4545 1850 4585 rens
1903 4529 2080 4585 factus

553 4721 671 4794 (96)
703 4719 828 4794 Vet.
882 4718 1038 4794 edit._
1060 4734 1124 4775 ac
1147 4734 1288 4794 mss_._
1309 4717 1539 4794 aliquot,
1571 4716 1790 4794 armatus
1845 4716 2077 4794 superio-

478 4787 602 4847 rum
629 4787 911 4848 catastium
933 4809 952 4846 .'
1008 4792 1168 4850 Rom.
1203 4789 1336 4846 edit.
1367 4787 1589 4844 aimulus
1619 4787 1910 4860 spirituum
1936 4789 2077 4842 σωζο-

485 4863 646 4918 stium
677 4881 697 4928 ;
724 4863 906 4920 caeteri
938 4880 1070 4919 mss.
1102 4871 1165 4918 ut
1194 4879 1292 4917 nos
1315 4861 1372 4916 in
1398 4868 1576 4916 textu.

557 4933 673 5014 (97)
704 4933 837 5014 Cod.
861 4935 1090 5014 aliquot,
1115 4951 1219 4990 non
1247 4933 1479 4990 eamdem
1507 4931 1691 4988 habuit
1728 4930 2074 5000 nativitatem,

482 5006 699 5076 expiata
726 5006 970 5070 estenim,
987 5015 1091 5076 etc.

556 5075 676 5157 (98)
706 5076 789 5157 I_ta
817 5084 929 5157 vet.
975 5075 1241 5157 editsac”
1264 5077 1610 5157 pl_ures.mss.
1646 5075 1839 5132 :Rom.
1893 5084 2076 5133 autem

481 5146 616 5221 edit.
648 5148 800 5203 salva
827 5153 999 5203 tamen
1027 5146 1293 5221 sententia
1313 5149 1422 5202 lata
1448 5147 1506 5202 in
1524 5148 1696 5205 Asiam
1730 5165 1741 5204 :
1779 5165 1900 5221 qum
1956 5165 2075 5205 ver-

479 5219 552 5276 ba
581 5219 640 5276 in
671 5235 802 5275 mss.
835 5235 946 5290 non
975 5218 1162 5290 paucis
1186 5217 1539 5276 omittuntur.

556 5293 672 5374 (99)
707 5291 830 5348 Vet.
864 5289 996 5374 edit.
1033 5306 1158 5374 cum
1199 5305 1327 5374 mss.
1363 5291 1595 5374 aliquot,
1628 5293 2076 5374 concupiscentias

556 5309 672 5374 (99)
717 5309 830 5348 vet.
864 5309 996 5347 edit.
1033 5309 1158 5346 cum
1199 5309 1327 5346 mss.
1363 5309 1595 5420 auguor,
1628 5309 2075 5367 concupiscentias

483 5380 695 5445 animm,
743 5363 885 5434 quod
915 5363 1075 5445 fugat
1112 5369 1437 5445 _p§cgatum._
1483 5364 1941 5445 idamnatum_est
1963 5383 2075 5445 pec-

483 5442 679 5501 catum,
702 5435 961 5506 quomodo
990 5435 1123 5489 inest
1150 5436 1180 5506 2
1206 5435 1531 5490 Damnatum
1559 5441 1632 5488 est
1658 5443 1706 5492 et
1730 5457 1765 5492 a
1822 5435 2080 5494 Salvato-

485 5523 564 5586 γε,
597 5512 646 5586 et
685 5505 910 5586 triplici,
944 5514 1049 5586 etc.
1077 5524 1092 5575 ;
1123 5505 1257 5586 edit.
1291 5507 1474 5586 Bom.,
1505 5523 1651 5586 conc.
1685 5510 1897 5572 animm,
1948 5509 2079 5586 dum

484 5577 633 5634 inest.
677 5577 734 5632 Si
761 5578 1071 5634 damnatum
1097 5585 1236 5635 est...
1281 5578 1604 5633 Damnatum
1631 5586 1705 5634 est
1762 5587 1810 5636 et
1855 5597 1890 5634 a
1946 5581 2078 5636 Sal-

483 5655 665 5723 uatore
686 5649 909 5723 triplici,
935 5659 1042 5706 etc.
1077 5669 1092 5718 ;
1151 5649 1337 5723 plures
1392 5664 1525 5723 vero
1554 5657 1609 5706 et
1656 5652 1896 5723 potiores
1943 5666 2074 5707 mss.

487 5718 776 5780 nobiscum
805 5719 1041 5792 faciunt,
1065 5737 1096 5779 e
1142 5718 1346 5796 quibus
1387 5718 1551 5781 Corb.
1613 5718 1710 5796 pro
1753 5724 2077 5782 Damnatum

2112 4581 2161 4642 D

2188 3298 2300 3337 non
2331 3295 2636 3352 peccemus,
2669 3278 2995 3333 damnamus
3020 3281 3325 3348 peccatum.

2263 3370 2444 3441 (Vers.
2467 3369 2549 3439 5.)
2603 3393 2620 3414 ι
2649 3368 2754 3435 Qui
2792 3367 2940 3422 enim
2995 3363 3302 3421 secundum
3362 3379 3585 3419 carnem
3635 3370 3782 3429 sunt,

2189 3476 2308 3533 quae
2357 3458 2539 3515 carnis
2563 3465 2692 3513 sunt
2739 3456 2978 3528 sapiunt.
3029 3480 3046 3502 ›
3119 3455 3234 3509 Ηοο
3293 3452 3452 3521 dicit,
3500 3452 3635 3526 quia
3691 3449 3783 3525 qui

2191 3550 2551 3622 suggestioni,
2581 3565 2703 3622 quae
2731 3547 2974 3603 efﬁcitur
3015 3561 3112 3618 per
3145 3560 3387 3611 carnem,
3421 3543 3784 3616 obtemperat,

2193 3659 2312 3716 qua:
2362 3641 2544 3698 carnis
2594 3647 2743 3707 sunt,
2779 3637 2945 3710 sapit.
2979 3638 3094 3693 Hoc
3133 3635 3285 3692 enim
3311 3635 3396 3691 illi
3427 3651 3599 3692 suave
3620 3633 3783 3692 vide-

2192 3742 2282 3790 tur
2305 3732 2386 3802 (1)
2419 3729 2567 3804 quod
2595 3727 2867 3800 sequitur,
2897 3733 3092 3782 contra
3117 3725 3198 3780 fas
3223 3731 3484 3796 appetens
3509 3741 3677 3780 usum
3731 3730 3784 3778 et

2191 3821 2517 3876 sententiam
2549 3817 2751 3874 erroris
2783 3816 2972 3873 carnis
3001 3835 3014 3882 ;
3061 3815 3118 3870 in
3149 3831 3310 3871 carne
3341 3813 3492 3869 enim
3549 3812 3782 3870 munda-

2190 3925 2293 3964 nus
2321 3925 2472 3964 error
2499 3907 2747 3980 signatur
2771 3920 3102 3979 quacunque
3131 3920 3201 3960 ex
3221 3911 3392 3975 parte.

2275 4023 2292 4045 ι
2322 3998 2426 4066 Qui
2455 4013 2583 4052 vero
2613 3994 2912 4052 secundum
2945 3992 3224 4065 spiritum,
3276 4008 3338 4047 ea
3365 4007 3485 4064 quas
3517 3997 3651 4047 sunt
3678 3987 3782 4062 spi-

2188 4086 2348 4154 ritus,
2378 4085 2646 4148 sentinnt.
2665 4109 2683 4132 ι
2739 4083 3095 4140 Manifestum
3143 4089 3248 4148 est,
3281 4081 3414 4154 quia
3437 4080 3519 4151 (2)
3544 4080 3641 4153 qui
3671 4094 3725 4136 se
3752 4093 3784 4133 ι

2187 4176 2369 4233 carnis
2395 4174 2689 4232 desideriis
2717 4173 2985 4240 continet,
3003 4171 3168 4244 juxta
3207 4171 3380 4242 legem
3416 4169 3619 4226 mentis
3646 4166 3783 4224 vicit

2189 4264 2293 4321 hoc
2323 4264 2469 4320 enim
2499 4263 2584 4319 illi
2613 4263 2751 4320 utile
2780 4261 3001 4317 videtur
3029 4277 3243 4333 sapere,
3281 4257 3428 4332 quod
3463 4256 3777 4322 conveniat;

2189 4354 2316 4426 legi.

2263 4444 2444 4514 (Vers.
2476 4441 2528 4498 6.
2564 4441 2583 4512 )
2632 4465 2649 4488 ι
2675 4441 2811 4495 Nam
2847 4437 3146 4512 prudentia
3191 4435 3374 4493 carnis
3423 4451 3571 4490 mors
3617 4441 3715 4490 est.
3748 4455 3765 4477 ι

2191 4531 2490 4589 Prudentia
2517 4529 2702 4586 carnis
2724 4537 3011 4602 peccatum
3057 4534 3160 4596 est,
3191 4525 3337 4600 quod
3367 4533 3590 4598 generat
3625 4537 3778 4579 mor-

2185 4727 2258 4776 est
2285 4728 2331 4776 et
2357 4739 2391 4776 a
2423 4721 2718 4784 Saluatore,
2749 4721 2879 4786 etc.,
2913 4715 3210 4790 legundum
3237 4714 3460 4788 praebet,
3486 4709 3778 4786 prwsertim

2185 4794 2326 4864 quod
2357 4793 2578 4863 triplici,
2611 4801 2719 4864 etc_.

2260 4865 2342 4935 (1)
2379 4859 2460 4919 Ita
2491 4871 2608 4935 vet.
2643 4862 2778 4935 edit.
2823 4877 2890 4916 ac
2933 4860 3116 4932 plures
3145 4875 3327 4935 mssﬁ._:
3382 4859 3574 4935 Boni.“
3599 4863 3775 4912 autem

2185 4928 2332 4990 editf
2351 4951 2476 4990 cum
2503 4933 2724 4990 Gillrin
2755 4928 2950 5004 margf
2968 4938 3022 4986 et
3053 4947 3181 5004 mss.
3223 4930 3456 5004 aliquot,
3487 4928 3574 4985 illi
3602 4939 3776 4998 sapere

2186 5004 2683 5078 videturgquidam
2711 5001 3568 5078 etiam'mssqiitivanevidetur.
3651 5075 3660 5078 _
3767 5064 3778 5075 .

2263 5077 2344 5151 (2)
2376 5073 2503 5151 Mss.
2556 5077 2701 5151 Flor.
2753 5075 2998 5151 etACorb.
3033 5117 3047 5141 ,
3105 5074 3352 5151 sentiunt.
3414 5073 3484 5128 Hi
3528 5075 3663 5151 ⁵,ςιιηι
3690 5073 3776 5151 qui

2185 5145 2627 5219 coacupiscentias
2679 5147 2878 5215 carnis,
2932 5145 3403 5219 errore_devicto,
3456 5145 3772 5219 calcarit-nt:

2185 5221 2277 5292 qui
2323 5213 2578 5296 mundum
2618 5213 2964 5296 prwpositum
2999 5215 3612 5296 (Corb.,_postpositum,
3644 5213 3775 5266 forte

2187 5288 2394 5348 mundo
2425 5288 2757 5364 postposito)
2787 5297 2833 5364 et
2859 5292 2916 5345 in
2944 5307 3101 5345 carne
3129 5288 3483 5364 ambulantes,
3535 5302 3641 5341 non
3691 5298 3776 5338 se—

2185 5359 2653 5420 cundum-carnem
2684 5362 2934 5428 militant,
2985 5368 3030 5416 et
3089 5377 3318 5430 quorum
3345 5359 3523 5431 gloria
3561 5373 3664 5411 non
3716 5367 3775 5431 ea:

2184 5437 2503 5503 hominibus,
2536 5436 2625 5490 sed
2656 5451 2719 5487 ea:
2747 5434 2854 5488 Deo
2884 5423 2974 5487 est.
2995 5434 3074 5508 ΔΙτξ
3095 5423 3183 5508 bis
3212 5423 3619 5508 ergo'operibus
3665 5423 3777 5508 spi-

2185 5508 2432 5564 ritalibus
2456 5502 2958 5578 permanentes,qu
2980 5503 3211 5578 Spiritus
3239 5503 3337 5578 Dei
3365 5509 3507 5565 sunt,
3528 5502 3583 5556 in
3611 5502 3774 5578 cujus,

2181 5574 2785 5650 prmeeptisiamibulant,
2840 5574 3074 5650 sapiunt.
3125 5574 3468 5650 Manifestum
3514 5579 3587 5629 est
3635 5574 3774 5650 quia,

2185 5639 2288 5707 etc.
2323 5639 2428 5706 Sed
2459 5649 2622 5708 Corb.
2656 5639 2864 5703 omisso
2897 5639 3066 5703 etiam
3097 5639 3345 5719 sequenti
3377 5653 3556 5719 textu,
3590 5639 3772 5719 verbo

2184 5723 2401 5797 sapiunt
2428 5720 2612 5776 statim
2637 5719 2942 5788 connectit,
2975 5722 3114 5779 Nam
3136 5716 3425 5792 prudentia
3447 5716 3644 5785 carnis,
3674 5718 3773 5769 etc.
