3980 6380
265 427 370 484 125

1361 427 1723 487 COMMENT.
1765 429 1838 487 IN
1873 430 2092 488 EPlST.
2133 431 2230 488 AD
2270 432 2437 490 ROM.

3445 433 3548 500 126

263 561 396 610 tem.
429 551 732 610 Prudentia
759 553 906 610 enim
940 554 1020 625 (3)
1049 552 1172 609 ideo
1195 552 1422 620 dicitur,
1456 569 1578 608 cum
1596 569 1678 609 res
1697 554 1865 611 stulta
1887 562 1938 621 Α
1973 559 2078 631 legi
2124 567 2447 632 repugnent.
2499 558 2781 635 Quidquid
2831 560 2978 618 enim
3025 570 3216 618 contra
3243 560 3413 634 legem
3441 559 3548 620 Dei

259 641 355 710 sit,
388 642 517 715 quia
563 643 918 699 saecularibus
960 642 1280 699 hominibus
1327 659 1538 699 errores
1566 659 1634 699 ex
1663 641 1854 698 visibi-

263 731 414 788 lihus
443 734 695 805 concepti
718 734 832 788 sive
849 733 905 787 in
927 749 1090 789 sensu
1109 733 1228 788 sive
1245 733 1300 788 in
1330 742 1453 788 actu
1470 739 1658 788 contra
1683 732 1854 803 legem

259 820 684 893 Dei,prudentia
698 822 972 877 videntur:
992 820 1230 878 maxime
1246 821 1374 894 quia
1388 820 1568 876 omnis
1586 819 1856 876 industria

266 917 326 966 et
369 911 571 968 astutia
626 911 848 966 illorum
898 911 955 965 in
995 928 1058 967 eo
1095 917 1198 980 est,
1251 918 1313 966 ut
1365 917 1610 982 peccent.
1659 910 1856 982 Sapere

264 1002 416 1056 enim
443 1002 547 1056 sibi
569 1001 844 1068 videntur,
877 1002 923 1057 si
950 1001 1096 1057 istud
1121 999 1444 1073 diligentius
1469 1008 1698 1068 curent;
1727 1017 1851 1056 cum

265 1089 409 1145 nihil
438 1089 661 1146 stultius
689 1090 783 1159 sit,
808 1107 972 1163 quam
998 1107 1238 1163 peccare.
1269 1091 1368 1146 Est
1400 1097 1453 1145 et
1481 1089 1589 1146 alia
1619 1088 1854 1161 pruden-

260 1177 343 1233 tia
367 1178 564 1246 carnis,
596 1196 716 1251 quas
767 1179 1062 1236 mundanis
1091 1179 1404 1236 rationibus
1453 1177 1664 1246 inﬂata,
1692 1186 1855 1250 negat

259 1265 471 1338 aliquid
496 1267 637 1335 ﬁeri,
669 1275 730 1324 ut
757 1267 951 1324 mundi
988 1276 1167 1325 careat
1197 1268 1428 1324 ratione.
1458 1265 1608 1323 Unde
1639 1265 1854 1322 deridet

267 1354 509 1426 Virginis
541 1365 779 1428 partum,
810 1357 991 1414 carnis
1021 1357 1495 1414 resurrectionem.

348 1468 366 1491 ‹
397 1444 692 1502 Prudentia
748 1455 934 1503 autem
985 1447 1212 1519 spiritus
1261 1447 1375 1503 vita
1405 1453 1458 1502 et
1489 1463 1614 1518 pax.
1649 1470 1667 1491 ι
1713 1444 1855 1500 Vere

258 1532 380 1591 haec
423 1543 504 1592 est
549 1537 836 1608 sapientia,
895 1556 1014 1611 quae
1045 1539 1215 1594 vitam
1270 1537 1507 1610 acquirit
1535 1545 1589 1592 et
1617 1551 1850 1608 pacem;

255 1640 495 1697 sequens
521 1626 671 1682 enim
731 1627 1025 1700 spiritalia,
1055 1627 1386 1700 contemptis
1417 1625 1691 1682 illecebris
1722 1623 1853 1679 vita

258 1714 567 1782 praesentis,
599 1723 859 1770 aeternam
891 1715 1115 1772 habebit
1137 1715 1308 1771 vitam
1330 1731 1454 1771 cum
1487 1729 1636 1786 pace,
1667 1711 1725 1767 id
1751 1719 1852 1780 est,

252 1805 377 1862 sine
428 1806 838 1880 inquietudine,
899 1809 994 1864 ubi
1044 1808 1390 1880 perturbatio
1435 1815 1489 1864 et
1552 1823 1713 1880 pmna
1741 1823 1854 1862 non

253 1902 341 1950 est
370 1896 476 1966 (4).

332 1985 518 2054 (Vers.
580 1986 659 2057 7.)
707 2011 725 2034 ι
771 1985 1042 2054 Quoniam
1095 1986 1365 2059 sapientia
1406 1985 1588 2044 carnis
1617 1985 1856 2042 inimica

249 2081 339 2127 est
362 2076 476 2130 Deo
502 2093 514 2141 ;
564 2075 667 2145 legi
701 2075 850 2131 enim
899 2075 996 2132 Dei
1028 2092 1140 2131 non
1169 2085 1250 2131 est
1280 2075 1543 2147 subjecta,
1578 2091 1677 2131 nec
1705 2073 1852 2130 enim

251 2167 500 2232 potest.-
569 2163 688 2218 Non
719 2179 939 2219 carnem
992 2163 1138 2220 dixit
1166 2164 1475 2231 inimicam,
1519 2163 1615 2220 sed
1642 2163 1852 2236 sapien-

253 2250 396 2305 tiam
455 2250 674 2318 carnis;
731 2249 788 2306 id
845 2260 948 2316 est,
1009 2268 1121 2306 non
1166 2251 1553 2319 substantiam,
1614 2251 1708 2307 sed
1761 2259 1855 2307 aut

252 2337 436 2393 malos
464 2345 637 2406 actus,
668 2345 766 2394 aut
785 2338 1194 2410 cogitationem,
1227 2339 1342 2394 sive
1373 2339 1851 2408 asseverationem,

250 2442 384 2498 quas
440 2427 682 2483 nascitur
711 2427 779 2484 de
834 2444 1037 2484 errore.
1070 2428 1348 2500 Sapientia
1376 2445 1503 2499 ergo
1534 2429 1714 2485 carnis
1764 2437 1848 2486 est

255 2515 442 2586 primo
473 2514 530 2570 in
559 2516 680 2571 loco
694 2523 964 2572 astrorum
986 2517 1054 2572 ab
1078 2516 1399 2572 hominibus
1427 2518 1652 2574 inventa
1667 2519 1852 2592 dispu-

253 2603 400 2660 tatio
433 2603 746 2676 (5).deinde
771 2605 1076 2662 visibilium
1123 2606 1436 2663 oblectatio.
1472 2608 1599 2664 Haec
1632 2609 1856 2666 inimica

256 2693 380 2748 Deo
409 2701 574 2758 sunt;
608 2694 737 2768 quia
756 2696 1151 2750 elementorum
1177 2694 1498 2763 Dominum,
1525 2703 1580 2751 et
1602 2697 1854 2767 opiﬁcem

251 2782 462 2839 mundi
510 2783 599 2840 his
629 2792 934 2856 coaequant,
968 2801 1088 2856 qua:
1142 2783 1292 2851 fecit,
1349 2793 1652 2841 astruentes
1709 2785 1853 2840 nihil

253 2887 418 2942 posse
446 2873 788 2945 ﬁeri,praater
807 2889 971 2946 quam
998 2872 1191 2928 mundi
1209 2874 1454 2929 continet
1478 2875 1635 2929 ratio.
1658 2874 1857 2941 Quam-

251 2960 452 3017 obrem
509 2969 708 3034 negant
770 2963 946 3018 Deum
982 2961 1195 3030 fecisse,
1263 2969 1324 3017 ut
1391 2962 1557 3032 Virgo
1624 2971 1852 3034 pareret,

261 3058 364 3106 aut
395 3059 739 3106 mortuorum
797 3065 1024 3121 corpora
1049 3057 1412 3120 resurgerem,
1460 3050 1589 3122 quia
1619 3051 1853 3107 stultum

259 3147 369 3207 est,
427 3137 707 3211 inquiunt,
767 3144 829 3194 ut
872 3139 1018 3194 Deus
1067 3136 1256 3193 fecerit
1305 3137 1449 3192 ultra
1501 3153 1664 3210 quam
1714 3140 1858 3211 sapit

259 3228 435 3284 homo
466 3229 569 3299 (6).
594 3228 638 3284 Ο
660 3227 954 3300 prudentes
975 3226 1193 3291 mundi,
1220 3227 1313 3298 qui
1332 3235 1527 3298 putant
1548 3230 1722 3285 Deum
1747 3245 1855 3285 non

259 3316 465 3374 debere
530 3317 690 3373 aliter
756 3317 932 3376 facere
997 3331 1159 3389 quam
1212 3315 1347 3370 facit
1407 3315 1475 3372 ah
1506 3333 1570 3372 eo
1633 3317 1856 3372 condita

258 3418 559 3467 creatura:
602 3418 663 3466 ut
716 3409 831 3484 ipse
879 3410 1080 3466 similis
1125 3409 1392 3467 creaturis
1444 3414 1712 3482 putetur!
1765 3411 1855 3469 Sic

259 3499 451 3556 caecati
489 3509 639 3566 sunt,
672 3516 740 3556 ne
795 3498 1019 3554 videant
1043 3498 1263 3570 qualem
1319 3500 1710 3555 contumeliam
1740 3503 1854 3557 Deo

257 3586 496 3644 faciunt.
526 3587 675 3660 Opus
704 3587 851 3643 enim
874 3585 1021 3659 quod
1047 3586 1106 3641 in
1131 3585 1349 3642 laudem
1369 3603 1524 3642 suam
1556 3587 1852 3659 praedican-

258 3675 390 3732 dam
456 3677 632 3734 facere
693 3675 948 3748 dignatus
1009 3681 1111 3741 est,
1178 3674 1268 3729 isti
1332 3675 1722 3748 vituperantes,
1760 3681 1853 3740 72

257 3777 636 3836 incredultum
690 3782 744 3829 et
787 3773 1016 3829 stultum
1045 3779 1324 3839 asserunt;
1358 3790 1421 3829 ac
1450 3789 1544 3844 per
1583 3773 1687 3831 hoc
1753 3773 1852 3830 Dei

259 3867 370 3938 legi
401 3863 644 3936 subjecta
670 3878 783 3919 esse
813 3878 924 3917 non
953 3868 1131 3933 potest
1159 3860 1287 3916 istat
1315 3861 1498 3917 carnis
1526 3861 1848 3934 prudentia;

258 3955 330 4011 ad
361 3954 467 4010 hoc
493 3953 641 4008 enim
671 3950 915 4007 studium
944 3967 1103 4007 suum
1133 3959 1434 4018 exacuunt,
1466 3959 1526 4006 ut
1559 3951 1658 4007 Dei
1687 3953 1852 4024 gestis

259 4049 567 4116 repugnent
600 4042 704 4112 (7).

332 4132 517 4204 (Vers.
548 4131 602 4199 8,
635 4129 716 4201 9.)
800 4128 951 4196 «Qui
1013 4127 1161 4184 enim
1224 4127 1282 4184 in
1334 4145 1497 4186 carne
1557 4137 1706 4200 sunt,
1739 4133 1852 4188 Deo

258 4222 475 4296 placere
540 4236 650 4276 non
701 4225 950 4290 possunt.
983 4243 1000 4265 ι
1044 4216 1326 4289 Sapientes
1375 4217 1564 4274 mundi
1610 4218 1669 4274 in
1690 4236 1852 4277 carne

257 4319 412 4381 sunt,
441 4311 567 4384 quia
625 4309 818 4366 mundi
846 4309 1129 4382 sapientiae
1157 4308 1404 4376 student,
1435 4326 1531 4380 per
1560 4326 1722 4383 quam
1752 4309 1852 4365 Dei

333 4435 417 4506 (3)
458 4433 590 4506 Gill.
623 4433 680 4488 in
711 4431 894 4506 variis
912 4433 1034 4506 lect.
1058 4438 1112 4486 et
1140 4430 1263 4486 cod.
1295 4430 1524 4506 aliquot,
1559 4431 1854 4488 Prudentia

258 4502 403 4560 enim
429 4505 610 4560 carnis
641 4521 786 4558 mors
840 4503 1035 4557 idcirco
1089 4509 1179 4569 est,
1234 4502 1360 4572 quia
1388 4520 1546 4572 grave
1591 4512 1855 4567 peccatum

257 4584 362 4643 est;
398 4595 492 4648 per
515 4582 787 4648 peccatum
826 4575 964 4630 enim
1013 4573 1320 4643 hujusmodi
1347 4590 1512 4630 mors.
1554 4575 1850 4632 Prudentia

257 4666 417 4704 εηιιη.

330 4720 415 4790 (4)
496 4720 576 4775 Ita
631 4715 821 4788 scripti
864 4714 988 4790 cod.
1023 4731 1224 4790 magno
1267 4730 1529 4790 numero:
1588 4717 1844 4790 nonnulli

257 4785 464 4859 tamen,
517 4798 570 4846 et
598 4785 788 4844 omnes
817 4787 974 4855 edit.,
1023 4785 1276 4842 ubi’enim
1311 4787 1644 4857 perturbatio
1675 4795 1768 4858 est,
1799 4797 1847 4845 et

448 4869 540 4918 est.

330 4933 414 5003 (5)
451 4935 609 4990 Rom.
658 4933 792 4989 edit.
833 4948 901 4988 ex
934 4948 1104 5005 marg.
1145 4931 1276 4987 Gill.
1313 4946 1439 4987 cum
1473 4930 1659 5002 paucis
1689 4947 1841 5001 mss.,

252 5011 580 5076 praesumpta
613 5005 924 5076 disputatio.

329 5077 426 5218 (6)f
448 5073 584 5202 Vpci
632 5073 782 5133 hoino
837 5073 1123 5147 subjungit
1175 5091 1274 5129 ms.
1310 5073 1494 5142 Corb.,
1527 5091 1589 5129 ac
1611 5092 1710 5146 per
1752 5077 1844 5131 hoc

331 5165 366 5200 η
421 5164 494 5201 CCI
524 5191 534 5202 .

261 5163 366 5202 non
394 5147 534 5202 fecit.

329 5217 411 5289 (7)
442 5219 566 5275 Vet.
625 5218 756 5274 edit.
791 5234 854 5290 ac
882 5217 1065 5288 plures
1094 5233 1248 5285 mss.,
1278 5235 1340 5273 ac
1365 5235 1462 5288 per
1499 5219 1592 5274 hoc
1622 5219 1720 5290 legi
1747 5219 1844 5274 Dei

256 5289 347 5344 hoc
402 5291 632 5345 studium
686 5289 972 5358 subjectum
1017 5305 1122 5342 esse
1174 5306 1280 5343 non
1330 5295 1496 5359 potest
1538 5291 1592 5343 in
1621 5289 1680 5344 eo
1705 5291 1843 5360 quod

257 5362 613 5432 exercitatur;
674 5378 804 5416 mss.
841 5361 1070 5432 aliquot,
1104 5361 1157 5432 in
1188 5378 1244 5415 eo
1273 5360 1646 5432 exercitatum:
1682 5363 1838 5432 Rom.

257 5440 436 5487 autem
456 5431 588 5489 edit.
619 5449 746 5488 cum
770 5431 1078 5503 variis’lect.
1099 5431 1229 5488 Gill.
1255 5441 1310 5487 et
1341 5448 1468 5486 mss.
1490 5431 1838 5503 quibusdam,

259 5503 416 5575 utin
464 5511 750 5575 contextu,
799 5502 908 5559 nisi
957 5503 1103 5575 quod
1161 5503 1215 5557 in
1269 5503 1374 5558 line
1416 5502 1574 5558 Rom.
1622 5502 1754 5560 edit.
1787 5513 1841 5559 et

259 5573 385 5646 Gill.
421 5574 642 5644 habent,
673 5582 731 5630 ut
752 5576 859 5632 Deo
887 5573 1054 5646 gentes
1083 5581 1384 5646 repugnent.

326 5645 406 5726 (8)
437 5647 517 5702 Ita
573 5645 730 5726 Rom.
789 5645 914 5726 cum
973 5645 1314 5726 variisnlect.
1363 5645 1531 5726 Gill.,
1567 5645 1731 5702 Corb.
1787 5654 1840 5726 et

256 5715 688 5774 aliis'nonnullis
713 5735 724 5772 :
760 5725 870 5774 vet.
899 5726 1080 5774 autem
1104 5716 1240 5773 edit.
1262 5733 1325 5774 ac
1353 5717 1535 5774 caeteri
1557 5733 1686 5774 mss.
1711 5717 1840 5788 quia

255 5788 576 5861 respicientes
623 5789 898 5858 mundum,
953 5789 1190 5861 spiritali
1239 5788 1510 5862 sapientia:
1561 5789 1838 5859 resistunt,

1964 656 2065 716 est,
2121 649 2338 706 carnale
2367 657 2466 717 est,
2516 650 2645 723 quia
2674 666 2745 706 ex
2783 649 2993 708 mundo
3037 657 3154 717 est;
3211 657 3359 706 totus
3395 649 3545 706 enim

1965 737 2203 794 mundus
2253 755 2379 794 caro
2425 747 2504 794 est
2558 739 2682 811 (8):
2720 754 2883 794 omne
2929 738 3072 795 enim
3119 737 3338 794 visibile
3394 737 3547 796 carni

1964 825 2292 898 deputatur;
2351 836 2582 900 cognata
2637 828 2781 884 enim
2837 835 2968 883 sunt
3027 826 3227 894 carnis,
3283 825 3396 882 imo
3428 827 3548 881 ele—

1964 924 2146 972 menta
2175 917 2375 974 carnis.
2418 918 2656 991 Ideoque
2685 919 2779 992 qui
2820 915 3114 974 mundanis
3149 913 3310 972 rebus
3339 914 3548 970 obtem-

1963 1014 2134 1076 perat,
2163 1006 2220 1060 in
2245 1023 2405 1063 carne
2434 1017 2533 1064 est.

2048 1119 2067 1142 ‹
2096 1095 2208 1152 Vos
2235 1104 2417 1152 autem
2450 1113 2558 1153 non
2588 1095 2718 1154 estis
2747 1096 2806 1151 in
2849 1110 3030 1162 carne,
3063 1093 3158 1150 sed
3187 1093 3247 1150 in
3276 1092 3496 1166 spiritu.
3517 1119 3535 1142 ι

1962 1185 2024 1240 In
2052 1199 2212 1240 carne
2242 1185 2404 1256 positi
2428 1185 2688 1241 dicuntur
2712 1199 2955 1240 nonesse
2982 1183 3040 1239 in
3070 1198 3254 1250 carne,
3286 1182 3333 1238 si
3361 1197 3549 1238 assen-

1962 1273 2161 1331 tientes
2213 1274 2412 1331 Joanni
2467 1274 2733 1346 apostolo,
2786 1273 3064 1330 mundana
3119 1287 3232 1326 non
3274 1269 3546 1342 diligant;

1961 1362 2232 1418 sententia
2259 1362 2409 1419 enim
2439 1362 2680 1419 hominis
2708 1379 2863 1421 suam
2893 1361 3047 1435 quasi
3084 1359 3244 1432 ﬁngit
3273 1367 3546 1428 naturam,

1962 1457 2026 1506 ut
2064 1450 2168 1507 hoc
2196 1452 2498 1524 appelletur
2527 1453 2672 1524 quod
2702 1452 2887 1510 sentit.

2047 1563 2066 1587 ι
2096 1540 2152 1596 Si
2201 1549 2382 1597 tamen
2429 1541 2666 1613 Spiritus
2693 1541 2792 1598 Dei
2822 1540 3034 1598 habitat
3070 1539 3129 1595 in
3166 1536 3344 1594 vobis.
3372 1561 3390 1584 ι
3436 1537 3551 1595 Hoc

1963 1625 2088 1683 ideo
2141 1629 2394 1702 ambigue
2449 1630 2608 1698 dicit,
2637 1631 2767 1703 quia
2831 1629 2890 1685 in
2921 1629 3095 1702 legem
3155 1624 3392 1693 inducti,
3439 1640 3550 1680 non

1962 1713 2144 1771 adhuc
2173 1716 2424 1786 periectas
2455 1725 2610 1773 erant
2644 1717 2804 1772 ﬁdei:
2838 1716 2932 1773 sed
2963 1731 3115 1788 spem
3146 1714 3204 1770 in
3233 1715 3312 1770 eis
3332 1710 3553 1768 videbat

1962 1807 2332 1879 perfectionis.
2365 1807 2516 1863 Unde
2553 1806 2850 1880 aliquando
2879 1804 3036 1878 quasi
3075 1801 3330 1875 perfectis
3360 1799 3551 1874 loqui-

1881 1917 1927 1978 B
1962 1904 2074 1964 tur,
2089 1896 2386 1969 aliquando
2415 1896 2567 1969 quasi
2591 1895 2950 1968 perfecturis;
2985 1893 3091 1950 hoc
3117 1901 3218 1961 est,
3251 1888 3551 1962 aliquando

1961 1984 2166 2051 laudat,
2199 1985 2494 2057 aliquando
2519 1993 2851 2051 commonet,
2874 1991 2935 2039 ut
2953 1983 3000 2039 si
3056 1979 3359 2038 secundum
3389 1994 3553 2050 supra

1961 2081 2265 2129 memorata
2294 2083 2579 2130 versentur
2611 2073 2773 2144 juxta
2801 2072 2972 2143 legem
3002 2078 3230 2136 naturae,
3261 2068 3321 2124 in
3353 2066 3552 2139 spiritu

1965 2165 2046 2236 (9)
2075 2181 2192 2222 esse
2217 2165 2475 2220 dicantur
2499 2182 2509 2219 :
2548 2164 2677 2237 quia
2706 2163 2942 2235 Spiritus
2974 2159 3075 2220 Dei
3113 2159 3174 2216 in
3203 2176 3267 2216 eo
3295 2157 3547 2216 habitare

1962 2270 2074 2309 non
2103 2263 2280 2326 potest
2308 2255 2402 2326 qui
2430 2254 2670 2311 carnalia
2696 2253 2968 2325 sequitur.

2048 2368 2066 2391 ‹
2099 2343 2155 2399 Si
2185 2344 2310 2415 quis
2324 2351 2504 2399 autem
2537 2343 2801 2415 Spiritum
2834 2339 3042 2399 Christi
3073 2354 3184 2396 non
3227 2337 3410 2406 habet,
3462 2336 3552 2395 hic

1961 2446 2073 2487 non
2103 2438 2186 2487 est
2214 2431 2350 2502 ejus.
2393 2457 2409 2478 ι
2453 2431 2625 2498 Quem
2657 2429 2910 2503 superius
2953 2427 3221 2502 Spiritum
3249 2427 3348 2485 Dei
3377 2426 3545 2495 dixit,

1962 2534 2111 2574 nunc
2164 2519 2429 2591 Spiritum
2487 2519 2625 2576 dicit
2653 2518 2881 2586 Christi,
2938 2526 3230 2591 propterea
3257 2516 3390 2589 quia
3429 2514 3548 2586 (10)

1961 2608 2150 2663 omnia
2193 2609 2386 2676 Patris,
2421 2609 2549 2666 Filii
2605 2618 2756 2666 sunt.
2798 2610 2915 2664 Hoc
2942 2623 3070 2679 ergo
3097 2606 3255 2673 dicit,
3295 2604 3426 2678 quia
3456 2603 3551 2676 qui

1962 2696 2294 2767 supradictis
2348 2698 2628 2753 erroribus
2680 2696 2962 2768 subjectus
3015 2704 3116 2761 est,
3149 2694 3218 2750 ad
3265 2692 3548 2752 Christum

1963 2800 2074 2839 non
2104 2785 2373 2855 pertinet;
2414 2784 2680 2856 Spiritum
2710 2785 2857 2840 enim
2887 2783 3004 2855 ejus
3031 2799 3144 2840 non
3170 2781 3356 2850 habet,
3385 2796 3547 2854 quem

1963 2878 2025 2926 ut
2052 2871 2202 2927 filius
2228 2873 2325 2928 Dei
2352 2881 2510 2938 esset,
2541 2881 2840 2944 acceperat.
2898 2871 3121 2928 Duabus
3149 2870 3298 2927 enim
3327 2885 3397 2925 ex
3424 2883 3549 2925 cau-
3579 2933 3586 2938 ι

1963 2960 2038 3016 sis
2093 2961 2296 3016 deserit
2352 2960 2631 3018 hominem
2688 2961 2927 3033 Spiritus
2980 2968 3239 3025 sanctus;
3300 2973 3426 3014 cum
3457 2964 3552 3014 aut

1963 3065 2182 3110 sensum
2208 3051 2388 3106 carnis
2422 3049 2607 3118 habet,
2638 3059 2733 3106 aut
2761 3059 2927 3122 gesta.
2947 3051 3134 3122 Itaque
3163 3063 3258 3120 per
3284 3046 3404 3104 hzec
3421 3063 3548 3121 quae

1963 3147 2151 3195 monet
2200 3140 2340 3210 (11),
2389 3138 2458 3195 ad
2498 3138 2698 3196 bonam
2728 3138 3202 3196 conversationem
3255 3136 3542 3194 hortatur:

1963 3226 2215 3299 quamvis
2245 3227 2392 3282 enim
2424 3228 2670 3284 bonitate
2695 3227 2796 3285 Dei
2823 3226 3103 3298 erigantur
3127 3223 3399 3293 homines,
3421 3239 3547 3280 one-

1963 3323 2155 3371 rantur
2210 3324 2392 3373 tamen
2421 3316 2520 3372 ﬁlii
2553 3317 2651 3372 Dei
2699 3316 2904 3384 vocati,
2935 3314 3042 3370 nisi
3081 3313 3161 3370 sic
3190 3311 3453 3381 vixerint,
3479 3328 3548 3370 ne

1965 3402 2177 3475 indigni
2209 3421 2468 3460 concesso
2505 3405 2730 3460 nomine
2759 3403 3071 3458 videantur.

2039 3493 2219 3564 (Vers.
2246 3494 2357 3564 10.)
2405 3520 2422 3540 ι
2452 3495 2662 3565 Corpus
2681 3492 2901 3565 quidem
2921 3499 3198 3547 mortuum
3219 3497 3302 3546 est
3327 3496 3546 3562 propter

1962 3590 2265 3653 peccatum,
2297 3583 2523 3656 spiritus
2569 3601 2698 3641 vera
2726 3585 2841 3641 vita
2871 3585 2990 3656 (i2)
3021 3591 3243 3656 propter
3263 3580 3546 3654 justiﬁca-

1962 3669 2190 3726 tionem.
2221 3697 2240 3720 ι
2309 3673 2520 3730 Peccati
2573 3689 2732 3730 causa
2761 3689 2960 3745 corpus
3014 3678 3294 3728 mortuum
3354 3669 3546 3730 asserit

1961 3775 2170 3830 eorum,
2203 3778 2339 3834 quos
2359 3762 2559 3819 deserit
2579 3762 2817 3835 Spiritus
2851 3770 3094 3830 sanctus,
3128 3776 3229 3817 nec
3264 3758 3333 3816 ad
3354 3758 3543 3826 istum,

1962 3849 2020 3906 id
2049 3858 2149 3918 est,
2197 3850 2482 3923 Spiritum,
2539 3852 2691 3908 necis
2733 3867 2923 3909 eorum
2979 3848 3290 3923 passionem
3343 3862 3547 3921 perve-

1961 3941 2080 3996 nire
2112 3941 2250 4010 (13).
2308 3939 2547 4012 Spiritus
2600 3941 2750 3998 enim
2801 3940 2900 3997 Dei
2957 3938 3131 3998 nescit
3157 3953 3419 4011 peccare;
3477 3934 3544 3992 ad

1954 4027 2406 4100 justiﬁcationem
2437 4031 2585 4086 enim
2615 4030 2796 4098 datur,
2825 4039 2887 4088 ut
2909 4027 3190 4100 adjutorio
3218 4044 3320 4084 suo
3345 4024 3543 4099 justiﬁ-

1961 4126 2065 4174 cet.
2095 4121 2239 4190 Ergo
2270 4120 2399 4193 quia
2428 4135 2650 4192 peccare
2680 4117 2874 4187 nescit,
2907 4115 3023 4172 vita
3073 4124 3191 4184 est;
3225 4117 3366 4173 mori
3395 4114 3542 4171 enim

1961 4224 2071 4264 non
2103 4216 2297 4281 potest,
2355 4207 2486 4282 quia
2512 4224 2606 4281 per
2660 4215 2941 4280 peccatum
2972 4222 3149 4262 mors:
3201 4223 3264 4262 ac
3293 4221 3388 4278 per
3440 4202 3546 4260 hoc

1960 4298 2068 4355 sibi
2101 4306 2350 4370 peccator
2381 4297 2558 4354 oberit
2610 4313 2722 4353 non
2777 4295 3030 4370 Spiritui,
3093 4311 3256 4369 quem
3313 4291 3541 4365 accepit.

1961 4430 2088 4502 quia
2123 4436 2258 4485 totus
2286 4429 2513 4502 mundus
2540 4445 2666 4502 caro
2693 4433 2784 4484 est.

2036 4503 2116 4572 (9)
2153 4503 2308 4557 Rom.
2361 4500 2495 4556 edit.
2526 4501 2662 4568 sola,
2718 4504 2992 4554 versentur
3035 4496 3203 4567 juata
3231 4497 3405 4567 legem,
3438 4515 3545 4553 non

1961 4575 2018 4628 in
2049 4574 2264 4646 spiritu,
2296 4581 2400 4629 etc.

2034 4637 2150 4725 (1'9)
2175 4637 2536 4725 Οιηειςβθξιὲιο.
2553 4659 2615 4725 3.9
2644 4641 2802 4723 ρδιξοί
2831 4637 3378 4725 mssiﬁpir‘W’tDei
3395 4655 3543 4725 ,παῑιο

1961 4709 2220 4788 Spiritum
2249 4717 2375 4771 dicit
2407 4714 2624 4778 Christi,
2645 4709 2812 4788 quia,
2833 4721 2936 4788 etc.
2970 4709 3078 4768 Nos
3111 4709 3289 4766 locum
3307 4725 3334 4765 e
3356 4709 3542 4783 pluri—

1954 4784 2058 4842 bus
2079 4788 2495 4858 potioribusque
2511 4801 2652 4858 mss.
2685 4784 3046 4858 restituimus.

2028 4849 2142 4929 (ill)
2204 4861 2284 4914 lta
2310 4849 2438 4913 mss.
2471 4857 2715 4927 plerique
2739 4853 2905 4929 :___alii
2938 4868 3091 4920 vero,
3121 4857 3175 4929 et
3197 4849 3330 4908 edit.
3365 4849 3540 4929 omit—

1952 4921 2098 4996 tunt,
2269 4935 2439 4984 monet
2459 4921 2550 5000 {et
2569 4921 2821 5000 ndnnulli
2847 4940 2910 4982 ac
2939 4932 3046 4978 vet.
3080 4921 3212 4978 edit.
3246 4939 3347 5000 pro
3363 4923 3540 5000 horta-

1955 5007 2062 5068 tur,
2085 4993 2271 5071 legunt
2300 4997 2576 5071 compellit.
2622 4993 2898 5071 Continuo
2945 5010 3076 5050 vero
3107 5001 3226 5066 post
3248 4993 3535 5071 iubi__ed_it.

1952 5089 2013 5127 ac
2044 5064 2173 5126 mss.
2230 5064 2460 5141 aliquot,
2491 5066 2742 5141 homines,
2775 5083 2880 5120 non
2930 5071 3086 5141 erunt
3108 5064 3286 5141 tamen
3314 5065 3418 5136 ﬁlii
3441 5064 3540 5120 Dei

1953 5143 2137 5209 vocati,
2189 5141 2293 5218 nisi
2322 5137 2411 5194 sic
2477 5137 2725 5218 virgini,
2773 5137 3007 5218 nensatis
3057 5137 3262 5218 indigni
3275 5152 3538 5218 _concesso

1951 5208 2158 5268 nomine
2197 5213 2512 5274 videantur;
2581 5212 2737 5268 Rom.
2794 5208 3023 5274 edit.,...
3075 5215 3132 5262 ut
3169 5208 3376 5278 indigni
3403 5223 3539 5261 conr-

1950 5302 2085 5338 cesso
2150 5284 2358 5338 nomine
2404 5283 2614 5338 minime
2659 5282 2976 5347 videantur;
3040 5296 3167 5335 mss.
3227 5278 3538 5350 frequentes

1951 5355 2236 5412 nobiscum
2303 5353 2534 5426 faciunt,
2598 5353 2704 5409 nisi
2752 5351 2899 5426 quod
2928 5368 3026 5426 pr_o
3081 5356 3395 5418 onerantur,
3426 5366 3536 5405 non

1949 5426 2108 5501 pauci
2142 5426 2374 5501 elierunt
2403 5423 2758 5501 honorantur.
2769 5423 3041 5501 'Absurdo
3069 5436 3250 5501 sensu.

2023 5498 2138 5573 (
2322 5515 2431 5554 non
2457 5497 2645 5573 pauci,
2675 5495 2903 5573 spiritus
2927 5511 3046 5573 vero
3066 5495 3212 5546 vivit.
3293 5561 3304 5571 .

2020 5564 2134 5641 (13)
2169 5571 2368 5626 Omnes
2408 5564 2541 5624 edit.
2571 5568 2628 5641 id
2657 5564 2763 5641 est,
2811 5564 3090 5635 Spiritum,
3119 5579 3184 5618 ne
3211 5564 3331 5633 quis
3353 5578 3537 5641 eor-unt

1943 5638 2186 5713 passione
2209 5648 2376 5714 potest
2398 5639 2688 5716 pervenire:
2721 5638 2874 5693 Eras.
2907 5641 2961 5690 et
2990 5650 3104 5716 seq.
3136 5639 3532 5716 expunxerunt

1946 5702 2028 5784 ne,
2060 5729 2189 5770 mss.
2209 5702 2350 5769 'vero
2398 5702 2566 5792 prope
2623 5711 2692 5767 ad
2719 5723 2893 5764 unum
2946 5702 3234 5765 nobiscum
3291 5702 3526 5764 faciunt.
