3980 6368
449 407 549 473 127

1449 413 1547 470 ΑΙ)
1585 413 1820 470 ΟΡΕΙίΑ
1856 413 1912 468 S.
1957 410 2290 468 AMBROSII
2328 409 2708 468 APPENDIX.

3647 405 3756 466 {28

443 545 554 604 Nec
579 543 726 601 enim
757 544 998 618 Spiritus
1024 545 1132 602 erit
1148 545 1206 600 in
1234 560 1418 610 causa,
1438 544 1532 617 qui
1553 545 1676 600 vult
1709 543 2032 617 justiﬁcare.
2063 545 2113 605 Α
2141 542 2474 599 moriemini.
2499 567 2518 590 ι
2560 542 2712 600 Nihil
2743 541 2966 611 verius,
2997 539 3128 614 quia
3153 541 3199 598 si
3229 540 3531 599 secundum
3565 540 3752 600 Adam

443 633 671 706 Signum
734 633 883 690 enim
933 631 1348 706 justiﬁcationis
1399 633 1506 689 hoc
1547 641 1629 688 est
1675 632 1734 689 in
1783 633 2028 702 homine,

441 727 504 778 ut
529 737 627 794 per
663 721 721 778 id
751 721 899 796 quod
927 721 1204 779 inhabitat
1227 721 1286 778 in
1307 738 1390 790 eo,
1417 720 1753 794 justiﬁcatus
1783 729 2036 795 appareat

441 826 558 867 esse
586 809 764 866 Filius
790 810 926 876 Dei;
959 827 1072 866 non
1114 811 1258 866 enim
1291 811 1349 866 in
1380 810 1508 868 ﬁcto
1555 810 1800 878 homine,
1859 826 2037 882 neque

443 901 502 957 in
535 915 762 972 corpore
790 899 1014 956 subdito
1047 898 1286 972 peccatis
1318 907 1496 971 potest
1522 899 1769 955 habitare
1798 898 2035 970 Spiritus

441 997 680 1058 sanctus,
719 990 862 1046 sicut
911 988 1049 1045 dicit
1103 988 1361 1045 Salomon
1417 991 1572 1061 (Sap.
1606 1007 1646 1058 ι,
1676 989 1732 1060 It)
1763 1008 1774 1044 :
1824 989 1880 1046 Si
1911 988 2036 1061 quis

439 1084 620 1134 autem
659 1077 840 1134 denuo
885 1077 1180 1135 carnaliter
1234 1078 1408 1147 vivat,
1439 1078 1684 1134 desertus
1711 1078 1779 1134 ab
1825 1078 2034 1150 Spiritu

441 1174 650 1234 sancto,
682 1165 739 1221 in
798 1166 1076 1238 injustitia
1103 1182 1202 1222 sua
1245 1167 1534 1223 morietur.
1593 1167 1800 1240 Corpus
1851 1175 2032 1224 autem

441 1252 650 1324 dicens,
698 1262 873 1312 totum
901 1255 1180 1312 hominem
1203 1255 1477 1329 signiﬁcat
1512 1265 1793 1336 mortuum
1824 1258 2032 1329 peccati

440 1359 621 1410 causa,
653 1344 798 1402 sicut
827 1351 881 1400 et
918 1361 950 1400 a
978 1345 1247 1418 propheta
1275 1347 1380 1403 sub
1409 1346 1680 1402 vocabulo
1709 1347 1908 1402 animae
1936 1355 2034 1404 to-

442 1439 533 1488 tus
570 1430 741 1488 homo
796 1433 1158 1506 signiﬁcatur,
1217 1435 1370 1509 quasi
1402 1451 1434 1490 a
1490 1445 1640 1508 parte
1695 1444 1903 1504 totum;
1959 1437 2035 1492 ait

441 1521 628 1578 enim:
688 1522 893 1578 Anima
920 1539 1040 1597 quae
1091 1531 1300 1598 peccat,
1361 1525 1475 1597 ipsa
1513 1525 1780 1581 morietur
1815 1526 2029 1595 (Ezech.

442 1625 607 1677 xvm,
639 1609 720 1682 4).
744 1635 762 1658 ι
830 1611 1110 1686 Numquid
1135 1613 1254 1668 sine
1280 1629 1504 1686 corpore
1523 1613 1550 1668 ι
1580 1613 1682 1670 Hic
1709 1630 1906 1686 corpus
1935 1631 2033 1686 pro

442 1703 559 1754 toto
591 1699 817 1756 homine
846 1702 1048 1774 posuit,
1079 1701 1173 1757 ille
1197 1701 1455 1758 animam.
1487 1703 1559 1758 Et
1581 1703 1722 1759 alius
1768 1704 2034 1776 propheta

440 1803 658 1845 carnem
715 1789 951 1847 dicendo
981 1798 1158 1846 totum
1208 1790 1489 1848 hominem
1533 1791 1903 1863 signiﬁcavit;
1955 1792 2033 1849 ait

2145 633 2472 702 vixerimus,
2530 632 2868 699 moriemur;
2929 630 3106 687 Adam
3167 631 3318 687 enim
3375 632 3758 704 pmvaricans

2144 721 2397 777 vendidit
2442 739 2497 777 se
2545 728 2767 793 peccato
2811 719 2963 776 carni
3009 719 3322 793 deputatus.
3383 721 3558 778 Omne
3594 720 3754 776 enim

2145 818 2451 880 peccatum,
2483 825 2610 865 caro
2642 817 2760 876 est;
2789 815 3014 882 propter
3043 807 3190 882 quod
3229 799 3379 864 enim
3404 808 3616 866 deforis
3650 808 3758 864 vi-

2143 898 2221 954 tia
2261 907 2314 954 et
2359 899 2561 956 delicta
2616 909 2919 956 nascuntur
2986 915 3056 955 ex
3101 899 3377 969 sensibus,
3422 899 3479 956 id
3533 910 3643 968 est,
3685 898 3756 955 de

2143 987 2358 1058 auditu,
2409 989 2556 1058 visu,
2606 996 2779 1058 tactu,
2834 988 3086 1058 odoratu,
3117 989 3204 1044 vel
3233 997 3418 1062 gustu,
3452 989 3610 1046 carni
3643 987 3756 1045 de-

2142 1083 2426 1149 putantur.
2469 1077 2662 1134 Omnis
2717 1078 2864 1134 enim
2906 1077 3168 1150 cogitatio
3216 1078 3364 1134 foras
3419 1078 3750 1152 respiciens,

2142 1166 2378 1222 incurrit
2422 1167 2723 1235 delictum;
2763 1184 2890 1224 nam
2939 1175 2993 1224 et
3037 1167 3204 1240 primi
3255 1167 3500 1226 hominis
3530 1169 3754 1226 deforis

2143 1264 2422 1326 peccatum
2455 1265 2643 1312 natum
2661 1265 2764 1313 est.
2797 1255 3110 1314 Secundum
3130 1272 3348 1312 carnem
3373 1273 3502 1330 ergo
3523 1258 3746 1326 vivere,

2142 1361 2290 1400 mors
2319 1353 2401 1400 est
2431 1363 2444 1412 ;
2471 1345 2653 1400 omnis
2683 1345 2831 1400 enim
2853 1352 3006 1401 actus
3034 1344 3214 1401 carnis
3242 1353 3400 1402 extra
3431 1347 3609 1418 legem
3642 1354 3750 1402 est.

2227 1458 2245 1480 ι
2272 1433 2328 1488 Si
2381 1441 2562 1490 autem
2611 1433 2811 1506 spiritu
2854 1422 3203 1490 factacarnis
3249 1435 3751 1502 mortiﬁcaveritis,

2143 1521 2364 1578 vivetis.
2387 1547 2405 1569 ι
2465 1524 2677 1596 Corpus
2709 1523 2832 1578 vult
2860 1524 2974 1596 lege
3007 1523 3205 1578 animm
3227 1523 3558 1596 gubernari:
3597 1522 3754 1579 unde

2143 1611 2384 1667 ostendit
2410 1613 2540 1686 quia
2595 1613 2640 1668 si
2672 1613 2810 1668 duce
2839 1620 3026 1668 sancto
3055 1612 3288 1684 Spiritu,
3315 1620 3470 1669 actus
3505 1621 3561 1669 et
3600 1627 3756 1668 con-

2141 1700 2266 1756 silia
2319 1703 2522 1771 carnis,
2588 1718 2708 1776 quae
2749 1701 2916 1774 hujus
2947 1701 3141 1758 mundi
3184 1701 3580 1776 instigantibus
3632 1717 3751 1774 po-

2141 1795 2430 1850 testatibus
2455 1794 2881 1863 concinnantur,
2905 1794 3116 1851 fuerint
3148 1809 3412 1866 repressa,
3434 1809 3502 1849 ne
3537 1791 3753 1865 agendi

439 1876 625 1934 enim:
698 1902 717 1925 ι
751 1877 975 1934 Videbit
1031 1878 1211 1934 omnis
1263 1895 1390 1935 caro
1443 1880 1680 1937 salutare
1732 1881 1831 1937 Dei
1892 1883 2028 1951 (Isa.
2065 1894 2111 1954 Β
2140 1883 2415 1955 accipiant
2461 1889 2808 1955 potestatem,
2870 1880 3043 1935 vitam
3091 1879 3358 1952 praestari.
3409 1878 3747 1936 Mortiﬁcari

439 1981 534 2035 XL,
562 1966 644 2037 5).
675 1991 696 2014 ι
740 1967 812 2024 Et
841 1967 1100 2040 quoniam
1155 1968 1430 2041 baptizato
1458 1969 1620 2026 datur
1647 1970 1886 2042 Spiritus
1912 1988 2032 2027 san-

439 2063 583 2126 ctus,
624 2055 789 2112 etiam
821 2057 993 2129 ipsius
1021 2074 1136 2114 esse
1159 2059 1386 2131 spiritus
1417 2059 1642 2116 dicitur.
1694 2059 1904 2116 Idcirco
1933 2077 2030 2117 caa-

441 2154 557 2202 tera
583 2144 828 2201 hominis
857 2146 924 2202 ad
951 2147 1422 2219 comparationem
1463 2146 1580 2220 ejus
1609 2165 1806 2220 corpus
1835 2150 2032 2222 appel-

441 2233 602 2304 lavit,
629 2242 912 2307 propterea
939 2236 1086 2308 quod
1120 2237 1306 2293 anima
1335 2237 1478 2309 (14),
1504 2236 1638 2293 dum
1667 2247 1876 2310 peccat,
1905 2254 2032 2294 caro

440 2322 690 2391 dicatur;
746 2322 850 2380 hoc
895 2325 1042 2380 enim
1075 2335 1326 2396 vocatur,
1381 2326 1528 2400 quod
1571 2327 1839 2399 sequitur,
1889 2325 2034 2383 sicut

437 2427 580 2486 saepe
605 2410 720 2484 jam
752 2411 891 2468 dixi.
941 2413 1123 2471 Simili
1163 2413 1328 2470 modo
1375 2421 1432 2470 et
1486 2415 1757 2471 Dominus
1797 2432 1923 2472 cum
1971 2415 2031 2472 in

437 2500 690 2575 passione
735 2517 834 2558 sua
879 2501 1237 2560 divinitatem
1250 2519 1405 2560 suam
1461 2503 1692 2563 minime
1735 2504 2032 2560 formidare

437 2590 604 2646 vellet
645 2589 905 2664 intelligi,
953 2591 1050 2648 sed
1092 2592 1336 2650 hominis
1367 2609 1485 2650 esse
1529 2595 1870 2663 maestitiam,
1917 2595 2025 2651 ait:

452 2704 471 2727 ι
493 2679 730 2752 Spiritus
757 2679 981 2753 quidem
1012 2689 1298 2754 promptus
1343 2691 1445 2752 est,
1475 2699 1604 2740 caro
1632 2701 1763 2740 vero
1811 2684 2032 2740 inﬁrma

441 2769 654 2840 (Matth.
709 2785 848 2826 xxvr
880 2769 996 2843 ,41)
1024 2788 1079 2826 τι
1138 2779 1202 2827 ut
1238 2769 1296 2828 in
1325 2771 1524 2845 spiritu
1551 2773 1747 2841 Deum,
1780 2772 1838 2828 in
1868 2789 2030 2830 carne

439 2872 575 2913 vero
604 2856 889 2914 hominem
917 2859 1270 2932 signiﬁcaret.

519 2949 617 3006 73
648 2943 832 3014 (Vers.
866 2947 982 3018 11.)
1036 2973 1054 2994 ε
1079 2947 1237 3014 Quod
1266 2949 1314 3004 si
1342 2950 1581 3022 Spiritus
1623 2950 1744 3022 ejus
1775 2952 1870 3025 qui
1898 2969 2030 3008 sus-

439 3042 637 3100 citavit
662 3041 846 3096 Jesum
864 3055 897 3094 a
919 3038 1174 3105 mortuis,
1204 3037 1417 3094 habitat
1437 3039 1494 3094 in
1511 3039 1670 3096 vobis
1694 3059 1708 3107 ;
1741 3041 1836 3114 qui
1859 3027 2030 3098 susci-

442 3130 584 3189 tavit
635 3129 819 3186 Jesum
847 3144 880 3184 a
902 3125 1157 3195 mortuis,
1187 3125 1498 3184 viviﬁcabit
1528 3135 1582 3183 et
1617 3131 1871 3186 mortalia
1898 3147 2032 3188 cor-

445 3235 580 3293 pora
603 3225 787 3275 vestra
833 3222 1054 3290 propter
1081 3213 1482 3306 inhabitantem
1515 3216 1782 3289 Spiritum
1824 3217 1942 3290 ejus
1972 3218 2029 3274 in
2063 3246 2107 3306 ο

438 3309 618 3366 vobis.
651 3332 670 3356 ι
711 3308 895 3380 Ipsum
925 3323 1146 3363 sensum
1191 3305 1377 3364 eadem
1409 3314 1607 3364 tractat
1635 3307 1884 3375 ratione;
1909 3326 2030 3364 cor-

438 3415 576 3471 pora
613 3396 761 3455 enim
787 3396 951 3466 dixit,
975 3413 1072 3470 per
1090 3411 1210 3470 quae
1238 3396 1492 3453 homines
1507 3396 1801 3470 signiﬁcat.
1816 3398 1887 3453 Et
1903 3398 2035 3470 quia

438 3506 602 3564 supra
660 3488 808 3546 dixit
864 3495 1087 3561 propter
1143 3495 1425 3560 peccatum
1455 3504 1652 3560 corpus
1681 3488 1822 3544 mori
1857 3496 2034 3545 morte

437 3577 700 3645 secunda,
731 3577 824 3633 hic
852 3576 1054 3632 iterum
1099 3584 1321 3648 propter
1348 3575 1548 3632 bonam
1578 3577 1749 3634 vitam
1781 3577 2036 3634 mortalia

436 3682 671 3739 corpora
695 3663 972 3721 viviﬁcari
998 3663 1272 3735 promisit,
1299 3664 1356 3720 id
1377 3673 1478 3734 est,
1509 3673 1685 3721 totum
1728 3665 2030 3724 hominem.

513 3754 698 3824 (Vers.
750 3753 864 3826 i2.)
941 3751 1183 3824 «Igitur,
1241 3752 1458 3821 fratres,
1513 3753 1788 3811 debitores
1845 3772 2034 3812 sumus

441 3859 552 3900 non
589 3841 764 3910 carni,
808 3848 870 3897 ut
906 3839 1210 3898 secundum
1263 3857 1484 3898 carnem
1514 3843 1788 3900 vivamus.
1825 3868 1842 3890 ι
1919 3846 2034 3901 Be-

347 3919 352 3925 ’
438 3938 590 3988 ctum
610 3937 666 3986 et
681 3929 1036 3987 manifestum
1065 3939 1166 4000 est,
1200 3947 1312 3987 non
1341 3947 1441 3988 nos
1459 3931 1844 3988 adinventioni
1875 3933 2030 4002 Adae,

439 4020 536 4096 qui
585 4022 880 4079 carnaliter
905 4023 1035 4097 egit,
1096 4023 1469 4082 obsecundare
1494 4025 1712 4094 debere,
1755 4027 1851 4101 qui
1881 4029 2033 4101 prior

439 4128 668 4186 peccans
725 4121 956 4170 mortem
1000 4113 1162 4170 nobis
1218 4113 1556 4172 hereditatis
1601 4117 1767 4173 titulo
1821 4117 2034 4174 dereli—

437 4201 593 4274 quit:
624 4201 719 4259 sed
758 4201 861 4274 legi
900 4201 1107 4260 Christi
1149 4204 1357 4260 servire
1401 4221 1502 4261 nos
1542 4205 1759 4274 debere,
1791 4207 1888 4280 qui
1932 4225 2034 4264 nos

439 4289 674 4362 spiritali
711 4289 926 4347 ratione
963 4307 996 4347 a
1042 4300 1218 4349 morte
1248 4293 1566 4366 supradicta
1594 4295 1867 4363 redemit;
1901 4295 2034 4354 huic

438 4381 586 4438 enim
633 4381 912 4440 debitores
959 4399 1172 4452 sumus,
1225 4382 1320 4456 qui
1365 4401 1466 4440 nos
1515 4385 1830 4443 carnalibus
1877 4388 2032 4444 vitiis

435 4471 749 4530 sordidatos
768 4489 866 4546 per
881 4473 1160 4530 lavacrum
1183 4473 1421 4547 Spiritus
1438 4474 1656 4532 ablutos
1679 4476 2030 4548 justiﬁcavit,

435 4571 489 4620 et
517 4563 663 4620 ﬁlios
692 4563 791 4620 Dei
817 4562 964 4622 fecit.
997 4561 1158 4620 Prius
1183 4564 1331 4620 enim
1361 4564 1418 4620 in
1449 4581 1611 4622 carne
1632 4565 1815 4638 positi,
1847 4582 2032 4622 exem-
2059 4603 2108 4663 D

436 4652 527 4725 plo
571 4650 707 4710 Adae
747 4651 1079 4710 vivebamus
1124 4651 1359 4725 subjecti
1407 4653 1679 4726 peccatis:
1713 4671 1862 4712 nunc
1896 4673 2028 4713 vero

436 4739 681 4808 liberati,
712 4741 940 4800 reddere
963 4742 1234 4798 debemus
1279 4741 1603 4816 obsequium
1649 4743 2024 4817 Redemptori.

437 4829 598 4898 Quod
617 4831 842 4902 quidem
859 4831 1186 4906 obsequium
1207 4847 1319 4888 non
1336 4831 1419 4888 illi
1448 4831 1639 4904 utique
1668 4831 1903 4904 proﬁcit,
1931 4834 2026 4906 qui

437 4916 649 4997 nullius
693 4926 848 4990 eget:
897 4921 993 4977 sed
1033 4919 1194 4978 nobis
1229 4921 1402 4976 vitam
1447 4920 1686 4994 acquirit
1725 4928 2022 4980 aeternam:

437 5007 519 5064 sic
542 5005 692 5062 enim
750 5006 935 5080 diligit
956 5024 1080 5078 nos,
1110 5017 1175 5066 ut
1211 5008 1317 5066 sibi
1346 5010 1601 5083 imputet,
1633 5009 1781 5084 quod
1810 5010 2030 5084 proﬁcit

435 5095 600 5154 nobis
627 5095 768 5168 (ιδ).

509 5185 693 5259 (Vera.
718 5184 834 5257 13.)
873 5209 892 5233 ι
913 5183 971 5241 Si
999 5183 1148 5242 enim
1176 5187 1479 5245 secundum
1495 5205 1714 5248 carnem
1748 5189 2026 5262 vixeritis,

509 5381 624 5454 (14)
667 5379 791 5454 vet.
843 5376 978 5454 edit.
1011 5384 1227 5454 et_mss.
1271 5377 1832 5454 aliquoduappeuapit,
1863 5383 2031 5440 pm-

436 5449 576 5508 terea
602 5449 743 5524 quod
787 5452 1010 5509 anima:
1057 5450 1214 5508 Rom.
1247 5449 1384 5506 edit:
1414 5449 1759 5509 oblitteravit
1783 5463 1844 5516 τὸ
1866 5457 2026 5527 quod.

435 5532 594 5589 Haud
632 5530 1022 5601 incommode;
1073 5529 1272 5587 melius
1317 5538 1500 5586 tamen
1547 5531 1645 5588 alii
1692 5550 1822 5591 mss.
1867 5543 1931 5591 ut
1971 5535 2030 5591 in

433 5610 720 5661 contextu.

506 5675 642 5748 (15)
671 5676 754 5733 Ita
781 5675 942 5748 Bom.
972 5673 1105 5732 edit.
1137 5690 1264 5748 cum
1295 5689 1428 5731 mss.
1471 5673 1706 5748 aliquot,
1735 5683 1792 5732 et
1821 5674 1932 5733 Gil.
1969 5675 2028 5748 in

433 5745 611 5808 variis
630 5747 759 5806 lect.
788 5747 913 5808 νοτ.
935 5754 1120 5806 autem
1137 5745 1272 5806 edit.
1296 5763 1425 5806 cum
1441 5745 1656 5805 caeteris
1684 5764 1838 5816 mss.,
1888 5747 2030 5820 quod

2141 1972 2289 2027 enim
2318 1971 2605 2040 dicuntur,
2638 1971 2685 2026 si
2731 1978 2980 2026 cessent:
3013 1985 3124 2024 non
3165 1978 3294 2026 sunt
3339 1969 3512 2037 enim,
3539 1967 3588 2024 si
3623 1984 3751 2024 ces-

2141 2068 2283 2129 sant,
2315 2063 2446 2136 quia
2474 2069 2757 2134 peccatum
2789 2075 2900 2115 non
2930 2069 3032 2128 est,
3063 2058 3110 2115 si
3139 2075 3250 2114 non
3299 2058 3415 2114 ﬁat.

2216 2151 2397 2222 (Vers.
2433 2149 2545 2221 14.)
2585 2173 2603 2196 ιι
2645 2148 2971 2220 Quicunque
3017 2147 3163 2203 enim
3195 2146 3406 2217 Spiritu
3434 2146 3536 2202 Dei
3575 2163 3750 2220 agun-

2141 2248 2252 2308 tur,
2285 2239 2345 2295 hi
2374 2238 2479 2294 ﬁlii
2531 2245 2664 2293 sunt
2687 2236 2807 2293 Dei.
2832 2261 2850 2284 ι
2923 2236 3033 2292 Hos
3062 2235 3200 2292 dicit
3229 2234 3441 2308 Spiritu
3495 2235 3598 2291 Dei
3631 2235 3746 2308 agi,

2141 2328 2200 2384 in
2252 2344 2490 2401 quorum
2521 2325 2734 2383 actibus
2795 2324 3030 2382 consilia
3070 2323 3383 2397 principum
3413 2332 3469 2380 et
3498 2331 3743 2396 potesta-

2139 2424 2258 2473 tum
2287 2416 2452 2488 hujus
2494 2414 2689 2470 mundi
2716 2430 2829 2470 non
2865 2413 3162 2470 videntur:
3212 2412 3271 2468 in
3299 2426 3536 2484 quorum
3584 2412 3744 2468 enim

2139 2505 2420 2573 videntur,
2469 2521 2580 2560 non
2609 2512 2742 2560 sunt
2770 2502 2874 2559 ﬁlii
2909 2501 3029 2570 Dei,
3060 2501 3154 2572 sed
3185 2499 3395 2557 diaboli
3429 2518 3444 2568 ;
3487 2499 3622 2574 quia
3647 2499 3746 2574 qui

2139 2596 2208 2652 de
2240 2598 2354 2652 Deo
2395 2603 2558 2650 natus
2601 2601 2703 2662 est,
2757 2609 2868 2648 non
2905 2599 3112 2664 peccat,
3157 2589 3295 2646 dicit
3337 2589 3574 2647 Joannes
3615 2607 3747 2663 apo-

2139 2685 2312 2741 stolus
2367 2685 2426 2755 (Ι
2447 2685 2606 2740 Joan.
2637 2699 2720 2751 ιιι,
2749 2682 2832 2753 9).
2893 2683 3008 2737 Hoc
3053 2688 3135 2736 est
3163 2679 3310 2735 enim
3347 2677 3494 2751 quod
3542 2677 3748 2750 probat

2139 2773 2238 2830 Dei
2266 2773 2416 2830 ﬁlios
2441 2781 2496 2828 et
2525 2771 2753 2828 diaboli.
2787 2769 2942 2828 Unde
2970 2767 3321 2827 Dominusad
3349 2766 3566 2823 Judaaos
3587 2766 3746 2841 quod

2139 2863 2281 2918 male
2310 2869 2552 2935 agerent,
2584 2869 2638 2917 et
2663 2859 3023 2934 parricidium
3069 2857 3396 2930 cogitarent,
3423 2855 3532 2912 ait:
3572 2879 3593 2902 ι
3628 2855 3746 2915 Vos

2139 2953 2206 3008 de
2224 2962 2376 3025 patre
2405 2953 2626 3010 diabolo
2652 2951 2786 3008 estis
2821 2951 3005 3022 (Joan.
3033 2965 3158 3016 vm,
3196 2946 3312 3018 44).
3343 2971 3362 2993 ι

2211 3042 2393 3112 (Vers.
2427 3042 2540 3111 15.)
2607 3041 2764 3096 «Non
2795 3040 2943 3094 enim
2990 3037 3280 3109 accepistis
3326 3035 3584 3108 spiritum
3633 3051 3744 3091 ser-

2138 3129 2334 3186 vitutis
2361 3129 2563 3184 iterum
2593 3127 2650 3183 in
2705 3128 2924 3183 timore.
2949 3151 2966 3173 ι
3013 3127 3129 3182 Hoc
3157 3124 3316 3192 dicit,
3355 3123 3484 3196 quia
3509 3132 3741 3197 accepto

2139 3219 2349 3291 Spiritu
2400 3226 2610 3284 sancto,
2661 3233 2693 3271 a
2736 3215 2936 3272 timore
2981 3215 3250 3270 malorum
3297 3221 3520 3268 actuum
3572 3212 3736 3270 exuti

2141 3322 2366 3362 sumus:
2401 3312 2464 3361 ut
2519 3305 2588 3361 de
2617 3312 2814 3360 caetero
2841 3303 2984 3359 nihil
3014 3303 3123 3358 tale
3171 3317 3415 3373 agamus,
3459 3301 3610 3358 unde
3637 3301 3736 3358 ite.

2141 3413 2263 3452 rum
2299 3397 2612 3452 timeamus.
2644 3393 2789 3450 Ante
2808 3393 2955 3448 enim
2984 3391 3087 3448 sub
3115 3391 3312 3446 timore
3342 3407 3560 3447 eramus
3592 3391 3736 3463 (16),

2141 3485 2272 3559 quia
2308 3486 2424 3557 lege
2457 3485 2602 3554 data,
2632 3499 2822 3540 omnes
2851 3483 2931 3539 rei
2961 3489 3090 3537 sunt
3117 3481 3422 3538 constituti.
3466 3480 3737 3554 Spiritum

2141 3593 2270 3648 ergo
2323 3575 2542 3632 timoris
2608 3575 2779 3646 legem
2831 3571 2999 3640 dixit,
3049 3570 3180 3644 quia
3226 3570 3480 3627 homines
3522 3569 3736 3643 peccati

2141 3681 2305 3722 causa
2333 3665 2392 3721 in
2432 3665 2631 3720 timore
2673 3663 2984 3720 constituit.
3035 3663 3150 3718 Lex
3195 3669 3379 3718 autem
3428 3660 3580 3728 ﬁdei,
3611 3679 3736 3736 quae

2140 3753 2200 3810 in
2241 3753 2443 3828 spiritu
2501 3752 2821 3824 adoptionis
2865 3750 3228 3822 signiﬁcatur,
3286 3751 3376 3805 lex
3423 3749 3738 3808 securitatis

2141 3849 2244 3910 est,
2275 3841 2405 3914 quia
2431 3858 2463 3898 a
2487 3841 2687 3897 timore
2723 3857 2822 3896 nos
2847 3839 2991 3896 eruit
3021 3839 3154 3896 dum
3209 3838 3378 3895 donat
3405 3847 3646 3910 peccata,
3674 3855 3738 3895 ac

2140 3949 2236 4006 per
2263 3931 2366 3988 hos
2415 3947 2634 3988 securos
2689 3947 2790 3987 nos
2813 3930 2984 3987 fecit:
3018 3946 3095 3992 ac,
3110 3929 3318 3986 dicitur
3345 3927 3574 4001 spiritus
3622 3941 3736 3984 non

2141 4022 2358 4081 timoris
2390 4021 2694 4078 secundum
2725 4021 2877 4078 hunc
2906 4019 3132 4076 modum
3166 4021 3308 4092 (17).

2227 4145 2244 4166 ι
2265 4118 2370 4175 Sed
2425 4117 2710 4191 accepistis
2739 4117 3008 4190 Spiritum
3038 4117 3351 4191 adoptionis
3377 4115 3647 4185 ﬁliorum,
3676 4113 3736 4171 in

2140 4226 2250 4284 quo
2309 4211 2610 4266 clamamus
2639 4228 2652 4266 :
2691 4207 2870 4276 Abba,
2899 4217 3072 4281 pater.
3095 4233 3114 4257 ι
3155 4207 3344 4264 Gratia
3370 4205 3512 4262 Deia
3537 4205 3737 4262 timore

2141 4298 2380 4366 liberati,
2438 4297 2752 4370 accepimus
2805 4296 3067 4370 spiritum
3131 4295 3444 4368 adoptionis
3467 4294 3733 4358 ﬁliorum,

2140 4395 2204 4444 ut
2257 4387 2667 4444 considerantes
2717 4387 2852 4460 quid
2884 4403 3133 4454 eramus,
3191 4392 3246 4441 et
3276 4383 3411 4458 quid
3459 4383 3608 4440 dono
3635 4377 3734 4439 Dei

2137 4494 2328 4533 sumus
2390 4477 2593 4549 adepti,
2653 4493 2848 4548 magna
2893 4492 3022 4532 cum
3081 4473 3368 4547 diligentia
3407 4473 3580 4528 vitam
3625 4487 3736 4527 no-

2138 4574 2308 4622 stram
2361 4566 2719 4634 ordinemus;
2757 4582 2825 4622 ne
2877 4581 3082 4621 nomen
3122 4563 3222 4620 Dei
3253 4562 3430 4618 Patris
3457 4561 3516 4618 in
3572 4558 3735 4618 nobis

2136 4656 2396 4728 injuriam
2445 4657 2706 4729 patiatur,
2737 4665 2791 4712 et
2819 4672 2881 4712 ea
2922 4653 3110 4711 omnia
3150 4670 3271 4727 quae
3305 4652 3601 4720 evasimus,
3643 4665 3735 4706 ve~

2135 4747 2239 4802 luti
2269 4747 2472 4820 ingrati
2520 4747 2887 4803 incurramus.
2936 4744 3121 4800 Talem
3167 4743 3316 4799 enim
3347 4743 3574 4814 gratiam
3606 4755 3732 4798 con-

2133 4837 2306 4894 secuti
2352 4855 2562 4904 sumus,
2615 4845 2678 4893 ut
2706 4834 3007 4892 audeamus
3031 4833 3216 4890 dicere
3259 4836 3408 4890 Deo:
3459 4832 3630 4902 Abba,
3675 4829 3733 4886 id

2135 4933 2238 4996 est,
2297 4928 2484 4998 pater!
2549 4924 2782 4996 ideoque
2809 4931 3146 4988 commonet,
3177 4938 3244 4978 ne
3283 4931 3505 4994 accepta
3531 4919 3734 4978 ﬁducia

2136 5015 2194 5071 in
2248 5016 2613 5072 temeritatem
2653 5021 2938 5081 vertatur;
2993 5011 3041 5068 si
3083 5011 3230 5068 enim
3279 5012 3414 5069 huic
3439 5011 3584 5080 voci,
3627 5023 3734 5083 qua

2135 5106 2406 5164 dicimus:
2470 5105 2641 5176 Abba,
2671 5112 2848 5178 pater,
2879 5104 3209 5161 dissimilem
3259 5106 3432 5162 vitam
3461 5103 3731 5160 exhibea-

2137 5213 2281 5265 mus,
2309 5194 2574 5268 injuriam
2600 5197 2715 5252 Deo
2751 5195 3009 5265 facimus,
3049 5201 3307 5252 vocantes
3343 5210 3472 5252 eum
3500 5199 3729 5267 patrem.

2131 5390 2574 5466 promisitnobis.

2211 5463 2326 5536 (16)
2360 5464 2496 5520 Ante
2531 5462 2670 5518 enim
2700 5460 2794 5536 sub
2828 5461 3014 5536 timore
3041 5477 3276 5536 eramus,
3301 5475 3412 5536 non
3461 5457 3731 5533 reperitur

2139 5534 2197 5591 in
2222 5531 2386 5600 'ms's.,
2413 5544 2469 5591 at
2494 5542 2690 5592 contra
2722 5532 2780 5588 in
2809 5533 3072 5589 omnibus
3095 5532 3229 5590 edit.
3261 5531 3514 5589 habetur.

2211 5607 2328 5733 (tua)
2360 5606 2487 5695 Vet.
2516 5604 2650 5662 edit.
2678 5620 2742 5662 ac
2766 5621 2894 5662 mss.
2928 5620 3042 5662 non
3073 5604 3256 5682 pauci,
3287 5603 3574 5660 secundum
3595 5602 3730 5660 hunc

2211 5695 2248 5732 ιι
2306 5694 2414 5733 um.

2137 5687 2394 5734 mundum
2402 5719 2414 5735 .
2459 5687 2465 5695 ’
