3980 6368
493 386 590 451 l3l

1504 392 1601 450 AD
1641 387 1874 451 OPERA
1912 394 1968 451 S.
2010 387 2343 452 AEBROSII
2382 389 2761 451 APPENDIX.

3691 394 3797 456 132

565 522 748 593 (Vers.
778 522 898 594 21.)
945 547 963 570 ι
991 521 1106 578 Sed'
1142 529 1364 594 propter
1389 537 1514 578 eum
1545 522 1637 596 qui
1669 522 1902 593 subjecit
1927 521 2076 578 illam
2109 523 2160 584 Α
2192 521 2472 590 cordiam;
2528 529 2589 578 ut
2652 531 2889 596 quatuor
2935 523 3151 596 angulis
3208 524 3423 596 pulsata
3471 524 3698 597 domus,
3725 545 3795 584 ex

489 613 546 668 in
593 627 707 684 spe.
753 636 773 660 ι
835 611 966 679 Quae
1011 627 1136 684 spes
1175 612 1266 680 sit,
1313 612 1499 669 statim
1546 611 1796 684 subjecit,
1845 612 2079 668 dicens:

503 726 520 748 -
561 700 835 769 Quoniam
883 711 939 757 et
969 702 1086 774 ipsa
1114 708 1361 758 creatura
1410 701 1733 758 liberabitur
1761 718 1791 756 a
1820 703 2083 757 servitute

487 789 812 863 corruptelas
873 790 932 846 in
977 790 1284 848 libertatem
1343 791 1529 863 glorias
1576 791 1818 846 ﬁliorum
1879 789 1998 846 Dei.
2050 813 2067 837 ι

487 881 760 949 Quoniam
819 880 1193 937 contradicere
1248 896 1358 935 non
1413 889 1590 952 potest
1619 888 1866 936 creatura
1894 877 2081 936 condi-

487 969 594 1026 tori
624 986 743 1038 suo,
777 967 895 1041 ejm
931 986 1093 1026 causa
1121 969 1366 1041 subjecta
1396 979 1476 1025 est
1507 985 1616 1024 non
1658 970 1776 1024 sine
1815 986 1930 1040 spe.
1978 968 2080 1023 Ha-

488 1059 579 1116 bet
623 1060 770 1115 enim
810 1059 868 1115 in
913 1059 1097 1117 labore
1144 1061 1322 1132 posita
1370 1059 1475 1116 hoc
1504 1059 1784 1128 solatium,
1819 1059 2081 1132 quoniam

489 1148 716 1204 habebit
741 1150 1004 1223 requiem,
1039 1165 1164 1208 cum
1196 1149 1530 1205 crediderint
1559 1166 1770 1218 omnes,
1803 1164 1940 1222 quos
1979 1150 2085 1204 scit

489 1239 632 1295 Deus
660 1238 984 1302 credituros,
1016 1255 1251 1313 quorum
1283 1242 1448 1296 etiam
1481 1258 1641 1298 causa
1671 1241 1908 1313 subjecit
1939 1260 1951 1296 :

559 1329 742 1401 (Vers.
774 1327 891 1401 22.)
933 1355 951 1377 ι
989 1329 1204 1388 Scimus
1256 1332 1408 1386 enim
1450 1332 1596 1404 quod
1627 1333 1807 1392 omnis
1835 1339 2084 1388 creatura

487 1417 801 1489 ingemiscit
857 1427 912 1475 et
963 1421 1200 1492 parturit
1227 1435 1404 1494 usque
1473 1420 1673 1480 adhuc.
1707 1447 1724 1470 ι
1806 1420 2082 1477 Parturire

488 1504 682 1562 dolere
706 1515 808 1564 est.
843 1508 962 1580 Ipse
990 1525 1182 1566 sensus
1209 1517 1310 1578 est,
1343 1510 1471 1583 quia
1496 1511 1682 1567 omnis
1708 1518 1958 1568 creatura
1986 1526 2083 1582 per

486 1595 871 1668 quotidianum
931 1598 1172 1655 laborem
1232 1599 1543 1672 ingemiscit
1597 1610 1650 1656 et
1704 1600 1851 1655 dolet
1901 1614 2078 1671 usque

487 1685 670 1743 modo.
724 1687 906 1761 Usque
952 1689 1118 1744 modo
1161 1689 1355 1744 tandiu
1396 1688 1690 1760 signiﬁcat,
1731 1686 1976 1761 quandiu
2008 1689 2078 1742 le-

485 1774 650 1846 gitur.
683 1777 806 1847 Ipsa
843 1777 988 1832 enim
1023 1777 1291 1833 elementa
1323 1794 1448 1834 cum
1482 1777 1858 1834 sollicitudine
1887 1793 2079 1849 operas

2194 610 2380 683 aliqua
2419 619 2571 683 parte
2604 611 2769 667 faciat
2803 612 3042 667 ruinam.
3073 612 3300 683 Propter
3328 613 3474 685 quod
3505 631 3619 671 uno
3646 632 3801 672 con-

2193 701 2319 756 silio
2377 700 2698 772 fugiendum
2747 707 2827 757 est
2886 701 3018 757 hinc
3058 700 3426 770 Christianis;
3468 706 3794 777 exemplum

2193 791 2340 845 enim
2395 790 2595 846 debent
2651 789 2803 864 sequi
2867 791 3042 846 sancti
3099 789 3408 860 Simeonis,
3458 794 3552 867 qui
3609 795 3798 852 sciens

2192 883 2401 984 bellum
2458 880 2550 937 hic
2593 882 2704 953 geri
2747 891 2937 938 contra
2988 881 3294 952 perﬁdiam,
3329 883 3384 937 in
3415 899 3544 954 pace
3577 883 3795 941 dimitti

2192 979 2270 1037 se'
2305 979 2605 1051 postulavit
2653 979 2804 1050 (Luc.
2864 996 2922 1046 ll,
2975 979 3089 1047 29).
3151 980 3263 1035 Hoc
3295 981 3551 1054 estquod
3580 982 3794 1054 singuli

2193 1081 2408 1126 orantes
2458 1087 2556 1142 pro
2610 1068 2869 1125 omnibus
2914 1085 3155 1137 oramus,
3209 1077 3270 1124 ut
3320 1071 3505 1126 veniat
3557 1088 3795 1145 regnum

2192 1161 2290 1216 Dei
2332 1161 2546 1229 (Matth.
2598 1177 2675 1229 Vl,
2725 1159 2836 1228 10);
2889 1167 3020 1215 tunc
3050 1159 3194 1214 enim
3228 1159 3332 1214 erit
3371 1160 3627 1217 liberatio
3658 1178 3797 1218 cor—

2195 1250 2341 1322 poris
2393 1250 2586 1317 nostri,
2638 1248 2694 1304 id
2752 1257 2852 1316 est,
2909 1249 3156 1303 omnium
3207 1247 3688 1317 Christianorum;
3738 1250 3796 1306 in

2192 1355 2418 1410 corpore
2471 1338 2617 1394 enim
2668 1354 2859 1394 omnes
2885 1337 3244 1409 signiﬁcavit,
3275 1337 3404 1409 quia
3430 1355 3622 1394 sumus
3653 1339 3798 1395 alter

2192 1428 2416 1484 alterius
2439 1426 2701 1482 membra.
2738 1427 3034 1498 Apostolus
3071 1425 3293 1499 quidem
3326 1427 3482 1499 quasi
3512 1428 3602 1483 vir
3631 1427 3796 1483 divi—

2192 1534 2295 1574 nus
2351 1516 2490 1573 bene
2541 1517 2707 1573 sentit
2753 1516 2820 1572 de
2868 1515 3049 1585 nobis,
3089 1516 3277 1572 dicens
3302 1517 3432 1590 quia
3461 1517 3798 1590 ingemisci-

2191 1625 2332 1676 mus,
2385 1616 2445 1664 ut
2491 1607 2622 1664 hinc
2664 1607 2984 1673 liberemur,
3015 1606 3156 1662 sicut
3186 1614 3238 1662 et
3270 1607 3669 1679 ingemiscebat
3696 1609 3797 1663 Si—

2190 1714 2389 1753 meon:
2444 1696 2537 1752 sed
2591 1695 2752 1752 video
2815 1695 3183 1752 oblectatione
3229 1695 3422 1751 mundi
3458 1712 3557 1751 nos
3585 1695 3792 1751 teneri.

2189 1785 2361 1858 Igitur
2389 1801 2484 1858 per
2515 1785 2631 1842 haec
2660 1803 2780 1859 quas
2813 1802 2978 1858 supra
3005 1785 3152 1841 dicta
3173 1793 3320 1852 sunt,
3351 1784 3591 1842 ostendit
3622 1801 3796 1857 quam

482 1878 607 1920 suas
634 1863 923 1934 exhibeht,
973 1867 1103 1938 quia
1144 1874 1199 1922 et
1240 1866 1321 1922 sol
1361 1875 1417 1922 et
1445 1867 1577 1922 luna
1605 1882 1716 1922 non
1737 1866 1856 1921 sine
1897 1866 2079 1922 labore
2111 1877 2156 1937 Β
2192 1875 2306 1931 vim
2368 1883 2619 1932 creatura
2664 1874 2908 1947 patiatur
2951 1874 3127 1930 nostri
3176 1890 3360 1942 causa,
3408 1891 3529 1930 cum
3563 1874 3796 1946 quando

481 1959 683 2008 statuta
735 1952 840 2009 sibi
896 1953 1128 2026 implent
1151 1955 1350 2027 spatia,
1407 1963 1460 2011 et
1485 1956 1714 2027 spiritus
1752 1954 2077 2012 animalium

481 2056 681 2113 magno
710 2043 916 2116 gemitu
945 2052 1190 2102 arctatur
1218 2045 1285 2100 ad
1316 2044 1630 2100 exhibenda
1660 2044 1889 2100 servitia
1913 2063 1926 2111 ;
1950 2061 2078 2100 nam

483 2131 734 2190 videmus
764 2133 861 2189 illa
908 2135 1182 2207 gementia
1209 2132 1329 2204 cogi
1371 2133 1547 2188 invita
1572 2133 1638 2188 ad
1666 2133 1930 2188 laborem.
1955 2134 2082 2189 Haec

481 2237 608 2293 ergo
637 2222 824 2279 omnia
851 2231 1172 2296 exspectant
1221 2222 1490 2294 requiem,
1523 2230 1584 2278 ut
1612 2237 1643 2276 a
1692 2222 1882 2277 servili
1915 2237 2079 2294 opere

481 2309 802 2369 liberentur.
848 2312 906 2368 Si
949 2322 1132 2369 autem
1180 2310 1298 2366 haec
1344 2319 1482 2367 esset
1521 2311 1783 2379 servitus,
1841 2326 1964 2384 quae
2012 2310 2079 2367 ad

479 2401 654 2456 Deum
684 2401 976 2474 proﬁceret
1003 2399 1450 2472 promerendum,
1475 2400 1753 2474 gauderet,
1791 2417 1901 2456 non
1931 2401 2078 2457 dole-

479 2495 563 2544 ret
603 2498 883 2545 creatura:
916 2487 1011 2544 sed
1067 2488 1198 2562 quia
1250 2489 1424 2546 nostri
1481 2506 1647 2546 causa
1708 2489 1956 2562 subjecta
1997 2499 2080 2548 est

479 2577 743 2633 servituti
791 2577 1183 2648 corruptionis,
1223 2577 1392 2636 dolet.
1449 2580 1616 2637 Videt
1645 2581 1791 2637 enim
1827 2581 2079 2654 quotidie

483 2682 652 2738 opera
679 2683 778 2723 sua
808 2667 1076 2737 interire;
1111 2670 1359 2743 quotidie
1395 2671 1542 2728 enim
1586 2671 1765 2728 oritur
1793 2679 1846 2728 et
1875 2672 2078 2729 occidit

482 2755 602 2827 (21)
661 2772 799 2828 opus
848 2757 984 2829 ejus.
1043 2759 1208 2817 Recte
1252 2775 1378 2833 ergo
1429 2760 1598 2830 dolet,
1646 2760 1805 2833 cujus
1833 2762 2078 2835 operatio

482 2861 596 2902 non
644 2845 711 2901 ad
750 2847 1108 2906 aeternitatem
1140 2851 1398 2923 pertinet,
1427 2851 1519 2908 sed
1541 2852 1610 2908 ad
1640 2853 2073 2925 corruptionem.

479 2937 766 3006 Quantum
789 2956 918 3010 ergo
947 2939 1109 2996 datur
1137 2941 1393 3014 intelligi,
1436 2943 1568 2999 satis
1588 2944 1656 2998 de
1685 2952 1874 2999 nostra
1901 2945 2078 2999 salute

479 3029 721 3085 sollicita
765 3037 912 3098 sunt,
965 3030 1198 3088 scientes
1227 3031 1295 3086 ad
1331 3031 1713 3088 liberationem
1759 3049 1915 3090 suam
1939 3049 2078 3105 pro-

479 3116 642 3174 ﬁcere
697 3118 985 3189 maturius,
1039 3120 1086 3176 si
1146 3120 1308 3176 modo
1365 3137 1463 3177 nos
1514 3122 1678 3178 citius
1721 3138 2077 3194 agnoscamus

2189 1983 2290 2022 nos
2344 1966 2545 2040 quibus
2594 1967 2917 2039 obsequium
2976 1965 3094 2036 ejus
3140 1964 3377 2036 proﬁcit,
3426 1963 3632 2037 quique
3693 1963 3795 2020 Dei

2190 2061 2457 2134 Spiritum
2511 2061 2818 2133 adjutorem
2873 2061 3175 2128 habemus,
3233 2059 3674 2130 ingemiscimus,
3735 2067 3794 2114 ut

2191 2151 2321 2207 hinc
2373 2151 2688 2219 liberemur,
2735 2158 2797 2206 ut
2818 2150 3087 2221 promissa
3110 2164 3512 2219 consequamur
3540 2147 3791 2219 praemia.

2189 2241 2407 2308 Quanto
2445 2239 2618 2311 magis
2663 2255 2790 2311 ergo
2821 2245 3070 2294 creatura
3100 2236 3431 2308 ingemiscit,
3462 2252 3583 2309 quae
3618 2253 3795 2310 neque

2189 2329 2495 2403 adjutorem
2537 2328 2702 2385 habet
2747 2327 3015 2399 Spiritum
3063 2336 3337 2395 sanctum,
3392 2341 3568 2398 neque
3602 2327 3666 2382 in
3698 2343 3795 2384 sua

2189 2435 2353 2478 causa
2382 2419 2624 2476 laborat:
2658 2417 2846 2474 addito
2877 2415 3000 2484 hoc,
3033 2415 3180 2490 quod
3209 2433 3270 2471 ea
3313 2431 3433 2488 quae
3473 2415 3662 2472 labore
3690 2432 3792 2472 suo

2189 2517 2429 2581 generat,
2462 2516 2524 2563 ut
2543 2508 2820 2563 alimentis
2841 2522 3126 2564 servorum
3156 2505 3253 2562 Dei
3272 2504 3582 2577 proﬁciant,
3598 2514 3793 2562 contra

2189 2600 2270 2655 fas
2299 2597 2451 2653 videt
2482 2597 2646 2652 idolis
2674 2595 2951 2652 immolari
2977 2597 2987 2650 l
3033 2595 3187 2651 Unde
3215 2595 3334 2666 plus
3363 2593 3536 2663 dolet,
3561 2604 3617 2652 et
3638 2601 3792 2666 optat

2187 2687 2352 2744 citius
2385 2685 2628 2753 liberari,
2670 2689 2765 2746 76
2795 2684 2973 2741 sciens
3001 2683 3107 2741 hoc
3142 2683 3210 2739 ad
3237 2682 3499 2754 injuriam
3522 2680 3790 2754 proﬁcere

2187 2783 2478 2843 Creatoris.

2261 2875 2443 2946 (Vers.
2505 2875 2621 2946 24.)
2689 2900 2707 2924 ‹
2749 2876 2853 2948 Spe
2913 2875 3062 2931 enim
3121 2872 3318 2930 salvati
3365 2887 3621 2928 sumus.»
3676 2871 3789 2927 Hoc

2187 2963 2346 3032 dicit,
2368 2965 2498 3037 quia
2517 2965 2787 3037 sperando
2815 2965 2962 3038 quod
2992 2963 3247 3037 promisit
3271 2965 3418 3019 Deus
3450 2961 3506 3016 in
3537 2960 3785 3029 Christo,

2187 3055 2348 3111 nobis
2379 3055 2635 3110 meritum
2668 3054 2918 3122 fecimus,
2948 3063 3010 3110 ut
3049 3054 3363 3109 liberemur.
3399 3052 3542 3123 Ergo
3575 3051 3635 3106 in
3665 3064 3787 3122 spes

2186 3144 2404 3200 liberati
2451 3159 2660 3211 sumus,
2691 3143 2822 3216 quia
2850 3160 2962 3200 non
2993 3141 3148 3198 aliud
3183 3141 3432 3197 futurum
3477 3147 3582 3210 est,
3616 3153 3782 3212 quam

478 3214 778 3264 auctorem.
837 3208 964 3266 Hec
1005 3208 1187 3284 itaque
1215 3209 1469 3279 scientes,
1503 3211 1653 3266 omni
1695 3227 1826 3267 cura
1847 3211 2077 3284 diligen-
2106 3239 2149 3300 ο
2184 3233 2482 3292 credimus_

478 3297 664 3370 tiaque
717 3297 913 3370 dignos
969 3316 1070 3356 nos
1135 3299 1492 3372 praebeamus,
1552 3301 1678 3356 aliis
1727 3317 1946 3374 quoque
2013 3308 2076 3356 ut

477 3387 730 3459 exemplo
758 3387 950 3457 simus,
982 3405 1094 3446 non
1115 3399 1303 3446 nostra
1334 3389 1514 3446 solum
1547 3390 1899 3448 miseratione
1928 3408 2074 3448 com-

477 3477 632 3545 moti,
663 3476 757 3532 sed
787 3485 842 3534 et
868 3477 986 3548 ejus
1018 3495 1181 3534 causa
1209 3493 1331 3551 quas
1364 3477 1560 3535 diebus
1590 3496 1654 3534 ac
1692 3479 1948 3536 noctibus
1978 3480 2075 3536 in-

468 3563 644 3636 jurias
692 3567 906 3638 patiens
936 3566 1284 3638 ingemiscit;
1342 3568 1592 3623 solemus
1610 3569 1758 3625 enim
1789 3568 1848 3624 in
1879 3567 2074 3625 alienis

474 3657 654 3711 causis
689 3655 1016 3727 propensius
1043 3655 1293 3726 vigilare.

545 3762 730 3835 (Vers.
775 3761 892 3834 23.)
935 3787 953 3811 ‹
995 3762 1117 3819 Non
1158 3763 1338 3820 solum
1384 3773 1565 3822 autem
1612 3766 1728 3836 illa,
1767 3765 1863 3824 sed
1891 3775 1944 3824 et
1972 3785 2073 3826 nos

473 3861 569 3935 qui
616 3860 1023 3933 receptaculum
1053 3861 1296 3934 Spiritus
1327 3861 1614 3934 habemus,
1662 3882 1765 3922 nos
1794 3865 1899 3939 ipsi
1926 3867 2072 3924 intra

471 3961 688 4010 nosmet
730 3950 878 4025 ipsos
942 3953 1375 4026 ingemiscimus,
1428 3963 1807 4027 exspectantes
1863 3956 2068 4012 redem-

474 4043 718 4116 ptionem
748 4043 993 4117 corporis
1029 4044 1224 4102 nostri.
1256 4070 1274 4093 ι
1328 4045 1457 4102 Post
1486 4056 1800 4103 creaturam
1832 4047 2068 4104 munda-

471 4146 596 4186 nam
627 4130 829 4204 adjecit
866 4133 1029 4190 etiam
1077 4151 1178 4190 nos
1229 4133 1334 4190 hoc
1373 4143 1708 4207 exspectare,
1738 4145 1791 4192 et
1824 4137 2068 4208 ingemi—

469 4237 618 4280 scere
647 4221 716 4278 ad
749 4224 948 4289 Deum,
977 4231 1040 4280 ut
1085 4223 1220 4281 hinc
1244 4223 1544 4281 liberemur
1579 4225 1767 4282 cuncti
1811 4221 2065 4282 destinati

470 4309 538 4367 ad
569 4311 740 4368 vitam
767 4329 780 4367 :
804 4313 933 4384 quia
962 4311 1296 4371 Christianis
1316 4312 1558 4371 mundus
1590 4313 1683 4371 hic
1721 4315 1942 4389 pelagus
1961 4329 2060 4374 est.

469 4401 623 4458 Sicut
652 4403 800 4460 enim
833 4420 982 4461 mare
1002 4403 1246 4462 adversis
1265 4407 1539 4463 excitatur
1565 4407 1839 4481 procellis,
1866 4408 2062 4476 insilit,

467 4500 522 4548 et
556 4500 934 4565 tempestatem
992 4495 1386 4568 navigantibus
1415 4496 1549 4553 facit
1573 4515 1584 4552 :
1609 4496 1686 4553 ita
1714 4507 1768 4554 et
1799 4498 2061 4553 saeculum

2270 3349 2288 3371 ι
2317 3324 2448 3395 Spes
2476 3331 2657 3379 autem
2689 3339 2808 3395 quas
2839 3321 3081 3392 videtur,
3112 3337 3223 3378 non
3253 3330 3335 3377 est
3359 3337 3500 3393 spes.
3540 3345 3560 3366 ν
3593 3317 3782 3376 Mani-

2185 3414 2382 3470 festum
2416 3422 2496 3470 est
2525 3430 2635 3469 non
2667 3429 2782 3469 esse
2794 3429 2943 3486 spem
2975 3429 3095 3486 qua:
3115 3411 3354 3480 videtur,
3378 3410 3472 3467 sed
3501 3409 3655 3485 quod
3670 3424 3778 3465 non

2184 3503 2440 3570 videtur;
2494 3519 2556 3558 ac
2602 3519 2697 3574 per
2741 3502 2847 3558 hoc
2888 3502 3172 3559 credentes
3219 3499 3462 3573 pramiis
3499 3495 3777 3556 efﬁciendi

2182 3602 2331 3659 sunt,
2354 3593 2480 3665 quia
2509 3609 2629 3664 quae
2659 3608 2770 3648 non
2801 3591 3010 3659 vident,
3037 3598 3276 3662 sperant.

2263 3685 2570 3757 (Vers.25.)
2635 3711 2653 3734 ι
2689 3685 2823 3739 Nam
2871 3683 3018 3756 quod
3045 3682 3198 3738 videt
3219 3681 3364 3754 quis,
3393 3679 3526 3754 quid
3554 3675 3777 3753 sperat?

2180 3774 2286 3830 Sed
2315 3774 2361 3829 si
2391 3773 2537 3846 quod
2568 3791 2676 3829 non
2708 3773 2986 3840 videmus,
3012 3789 3316 3844 speramus,
3337 3787 3433 3842 per
3452 3769 3772 3842 patientiam

2180 3871 2576 3936 exspectamus.
2602 3888 2620 3910 ι
2658 3862 2902 3918 Dubium
2942 3879 3052 3919 non
3084 3872 3167 3918 est
3193 3879 3255 3919 ea
3281 3860 3488 3934 sperari
3514 3877 3639 3933 qua:
3665 3873 3771 3916 non

2179 3952 2438 4009 videntur
2471 3971 2484 4020 ;
2543 3960 2930 4024 exspectantur
2959 3952 3106 4008 enim
3139 3952 3342 4008 futura.
3375 3951 3505 4007 Haec
3536 3964 3772 4022 exspec-

2178 4043 2316 4098 tatio
2350 4043 2613 4115 patientia
2638 4051 2739 4112 est,
2777 4059 2897 4115 quae
2931 4042 3169 4098 multum
3201 4049 3441 4097 meretur
3470 4056 3501 4095 a
3525 4041 3678 4096 Deo:
3710 4043 3770 4092 ut

2178 4132 2245 4189 de
2292 4133 2381 4189 die
2427 4132 2486 4188 in
2536 4132 2683 4188 diem
2731 4139 3057 4204 exspectans
3103 4131 3289 4205 cupiat
3319 4130 3508 4186 venire
3538 4142 3767 4202 regnum

2176 4224 2298 4292 Dei,
2329 4232 2382 4279 et
2410 4237 2522 4278 non
2552 4220 2788 4290 dubitet,
2820 4221 2949 4294 quia
2977 4220 3173 4278 tardat.

2249 4313 2433 4384 (Vers.
2486 4311 2602 4382 26.)
2663 4336 2681 4359 ε
2713 4311 2981 4368 Similiter
3002 4319 3187 4367 autem
3217 4319 3270 4367 et
3292 4309 3519 4384 Spiritus
3544 4307 3764 4380 adjuvat

2173 4403 2552 4461 infirmitatem
2597 4410 2799 4458 nostra:
2829 4402 3117 4458 orationis.
3150 4426 3168 4448 ι
3212 4400 3484 4468 Quoniam
3516 4396 3761 4473 superius

2173 4493 2529 4568 ingemiscere
2582 4510 2703 4561 nos,
2757 4499 2812 4550 et
2852 4491 3062 4564 precari
3120 4490 3500 4547 liberationem
3546 4503 3760 4544 memo—

465 4581 798 4654 perﬁdorum
863 4585 1271 4658 conspiratione
1353 4595 1714 4655 commotum,
1775 4586 2061 4660 perturbat
2089 4601 2138 4660 D
2174 4587 2337 4656 ravit,
2369 4595 2423 4643 et
2452 4587 2510 4642 in
2539 4586 2729 4642 dolore
2760 4585 2946 4658 positl’,
2979 4591 3205 4657 autquae
3237 4583 3395 4655 longe
3414 4582 3599 4638 futura
3617 4579 3760 4636 dicta

465 4667 714 4729 ﬁdelium
756 4682 1009 4730 mentes:
1043 4683 1096 4730 et
1136 4683 1287 4730 tanta
1335 4673 1652 4731 diversitate
1684 4675 1788 4732 hoc
1816 4676 1927 4748 agit
1956 4675 2058 4731 ini-

464 4760 660 4831 micus,
685 4771 747 4820 ut
777 4762 910 4836 quid
953 4763 1106 4836 prius
1125 4763 1450 4821 evitandum
1473 4764 1564 4834 sit,
1596 4765 1882 4838 ignoretur
1913 4765 2056 4838 (22).

463 4849 520 4906 Si
559 4851 706 4908 enim
737 4863 975 4925 potestas
1005 4855 1211 4912 desinit
1255 4872 1370 4913 esse
1401 4855 1693 4912 adversum
1724 4873 1842 4925 nos,
1876 4855 2055 4927 priva-

462 4947 644 4997 torum
675 4953 883 5000 mentes
910 4946 1152 5019 exagitat
1181 4964 1192 5002 :
1226 4948 1272 5002 si
1325 4955 1379 5003 et
1409 4945 1467 5001 hi
1497 4954 1932 5018 compescantur,
1963 4962 2059 5017 per

460 5027 792 5088 domesticos
836 5033 1038 5092 conﬁat
1082 5035 1439 5106 incendium;
1491 5046 1544 5095 et
1572 5038 1619 5093 si
1660 5037 1768 5094 hoc
1815 5035 2053 5108 positum

458 5121 628 5180 fuerit
670 5121 788 5197 (23)
825 5133 942 5182 arte
969 5140 1069 5183 sua
1096 5125 1240 5183 inter
1296 5125 1444 5199 ipsos
1473 5143 1757 5200 germanos
1789 5125 1920 5183 facit
1947 5123 2055 5180 dis-

527 5311 650 5395 (21)
695 5314 1456 5395 Mss.__aliquot,_moritur_et
1492 5319 1695 5374 occidit.
1743 5318 1893 5395 Infra
1923 5335 2052 5395 vero

457 5381 553 5466 ubi
599 5381 721 5466 nos,
770 5387 903 5446 edit.
944 5381 1169 5466 Amerb.
1229 5391 1524 5466 cunctique
1554 5392 1959 5466 mss.,_scientes_
1981 5393 2053 5446 ad

460 5455 815 5516 liberationem
857 5478 1030 5517 suam.
1077 5461 1281 5519 Verum
1333 5455 1464 5515 huic
1516 5455 1724 5516 auctori
1779 5478 1891 5518 non
1947 5463 2052 5520 hoc

457 5533 672 5606 tantum
692 5532 822 5606 l_oco
851 5535 1083 5606 contigit
1115 5534 1413 5606 incongrue
1445 5533 1616 5606 loqui.

532 5600 648 5676 (22)
691 5602 821 5676 Tres
848 5621 976 5661 mss.
1008 5600 1189 5660 'verbo
1221 5600 1494 5676 ignoretur
1517 5600 1760 5674 addunt,
1783 5623 1888 5660 non
1914 5607 2050 5660 enim

456 5669 646 5744 deﬁcit,
700 5675 839 5748 unde
891 5683 1146 5748 nascatur
1169 5669 1484 5748 (tribulatio;
1527 5676 1685 5743 Quod
1733 5669 1914 5734 autem
1948 5689 2048 5748 pro

449 5751 681 5815 potestas
721 5747 880 5806 Rom.
915 5747 1048 5806 edit.
1097 5747 1409 5818 substituit,
1464 5753 1752 5821 tempestas,
1795 5749 1902 5808 hoc
1934 5747 2046 5807 non

2169 4689 2322 4748 sunt,
2381 4695 2512 4734 mox
2565 4677 2683 4732 ﬁeri
2737 4678 3016 4744 volumus,
3076 4682 3171 4730 aut
3212 4675 3323 4730 cito
3348 4673 3492 4742 tolli,
3522 4689 3618 4745 per
3641 4683 3758 4742 quae

2169 4771 2241 4827 ad
2299 4769 2556 4825 meritum
2606 4767 3034 4839 perveniamus;
3083 4773 3137 4819 et
3187 4763 3443 4819 videmur
3483 4757 3756 4818 imbecilla

2170 4860 2422 4916 oratione
2477 4857 2709 4930 precari,
2767 4856 2898 4911 dum
2945 4854 3027 4908 illi
3057 4854 3355 4926 denegatur
3383 4853 3626 4908 effectus.
3657 4850 3753 4904 In-

2167 4950 2327 5006 ﬁrma
2375 4956 2456 5004 est
2495 4947 2665 5014 enim,
2717 4944 2808 5019 qui
2859 4953 3048 5000 contra
3093 4944 3359 4998 rationem
3391 4941 3660 5014 postulat;
3693 4951 3753 4992 ac

2164 5055 2259 5112 per
2286 5039 2390 5093 hoc
2414 5035 2792 5092 inﬁrmitatem
2822 5033 2962 5090 hanc
2993 5050 3023 5089 a
3052 5040 3238 5089 sancto
3268 5031 3477 5104 Spiritu
3505 5030 3631 5085 dato
3661 5041 3748 5080 no-

2162 5129 2248 5187 bis
2302 5127 2551 5204 adjuvari
2608 5125 2866 5183 ostendit.
2925 5123 3168 5196 Adjuvat
3206 5130 3409 5193 autem,
3461 5121 3590 5197 quia
3633 5128 3747 5190 quae

2161 5326 2373 5376 tantum
2407 5326 2599 5376 contra
2627 5327 2943 5376 caeterarurn
2991 5315 3351 5386 omniumque
3389 5329 3518 5368 mss.
3553 5315 3744 5368 aucto—

2161 5392 2377 5447 ritatem
2433 5399 2667 5463 pugnat,
2705 5389 2798 5444 sed
2847 5397 2900 5443 et
2921 5397 3118 5463 contra
3148 5386 3454 5463 legitimum
3476 5394 3736 5463 sensum;

2152 5471 2381 5534 potestas
2432 5454 2576 5518 enim
2614 5454 2706 5517 hic
2731 5461 3028 5533 opponitur
3058 5454 3378 5514 hominibus
3406 5454 3655 5529 privatis,
3684 5454 3742 5505 ut

2159 5535 2312 5592 locus
2341 5536 2620 5606 clamat.“
2742 5604 2747 5606 _
2888 5603 2902 5606 _
3020 5604 3059 5606 _
3503 5599 3518 5606 -
3589 5596 3600 5606 .

2232 5608 2351 5689 (28)
2403 5608 2483 5661 Ita
2537 5604 2670 5660 edit.
2720 5603 3185 5689 Amerbvnliras.‘
3219 5610 3430 5689 etinss.
3465 5599 3735 5689 plerique:

2156 5671 2252 5734 alii
2294 5671 2424 5732 vero
2458 5693 2585 5732 mss.
2629 5677 2826 5748 partim
2863 5671 3125 5730 subditum
3154 5673 3337 5748 fuerit,
3371 5671 3567 5748 partim
3595 5671 3740 5748 sopt-

2158 5757 2261 5808 tum
2293 5749 2477 5822 fuerit,
2515 5745 2662 5822 quod
2691 5748 2822 5806 Gill.
2856 5755 2910 5804 et
2939 5749 3096 5805 Rom.
3127 5745 3242 5802 edit
3271 5745 3646 5818 pmtulerunt.
