3980 6390
241 411 335 475 133
1339 415 1700 476 COMMENT.
1742 417 1814 476 IN
1851 417 2070 477 EPIST.
2113 421 2210 476 AD
2249 418 2418 478 ROM.

3424 419 3527 484 134

235 547 325 596 aut
369 547 493 597 ante
540 548 822 614 petuntur,
873 557 1034 615 quam
1075 541 1187 615 peti
1242 541 1494 611 debeant,
1542 550 1637 600 aut
1690 553 1823 601 sunt
1849 546 1901 607 Α
1931 534 2014 600 vit
2047 546 2194 601 Deus
2219 545 2435 604 futuros
2461 545 2568 603 sibi
2620 545 2868 617 idoneos,
2908 557 2971 605 ut
3018 558 3308 623 antequam
3341 551 3524 610 crede-

235 630 526 700 contraria,
554 647 666 688 non
688 631 824 689 sinit
851 630 991 688 ﬁeri.

316 771 334 794 ι
382 746 521 804 Nam
573 749 707 823 quid
755 763 972 804 oremus
1011 746 1156 804 sicut
1195 754 1430 819 oportet,
1462 747 1757 804 nescimus.
1791 772 1810 794 ι

234 833 612 894 Inﬁrmitatem
641 838 904 894 oratidnis
943 845 1142 892 nostrae
1184 836 1552 908 ignorantiam
1602 836 1823 908 signiﬁ-

232 939 353 979 care
397 925 728 993 declaravit;
777 925 1025 982 fallimur
1067 926 1217 981 enim
1267 933 1521 997 putantes
1568 925 1824 997 prodesse

233 1033 350 1090 quae
407 1016 697 1088 poscimus,
749 1032 874 1072 cum
924 1031 1036 1070 non
1081 1015 1316 1087 prosint.
1373 1014 1619 1087 Denique
1646 1014 1823 1070 eidem

230 1106 492 1177 Apostolo
545 1105 708 1160 tertio
764 1104 1101 1177 deprecanti,
1148 1112 1208 1160 ut
1252 1104 1583 1160 tentationes
1637 1103 1706 1159 ab
1759 1119 1824 1158 eo

229 1201 518 1261 cessarent,
568 1192 697 1267 quia
748 1193 952 1250 crebrae
999 1202 1172 1262 erant,
1228 1192 1441 1249 dictum
1498 1209 1530 1247 a
1585 1191 1823 1247 Domino

227 1290 307 1339 est
339 1300 350 1337 :
399 1282 651 1339 «Suﬂicit
680 1282 783 1338 tibi
805 1283 979 1356 gratia
1009 1299 1158 1350 mea;
1201 1299 1327 1338 nam
1360 1282 1540 1357 virtus
1567 1281 1627 1336 in
1658 1279 1824 1335 inﬁr-

226 1372 415 1429 mitate
444 1372 727 1445 perficitur
754 1374 843 1444 (II
864 1373 990 1429 Cor.
1022 1388 1125 1437 χιι,
1156 1372 1239 1442 9),
1272 1395 1289 1418 ι
1351 1371 1407 1426 id
1454 1379 1556 1438 est,
1587 1370 1667 1425 sic
1698 1386 1823 1424 me—

227 1461 394 1518 ritum
423 1463 548 1534 quis
577 1463 828 1530 collocat,
859 1461 990 1516 dum
1031 1461 1087 1516 in
1129 1459 1584 1516 tribulationibus
1613 1458 1822 1531 patiens

225 1549 526 1608 invenitur.
559 1550 767 1606 Didicit
797 1566 925 1622 ergo
955 1559 1148 1606 contra
1174 1566 1231 1605 se
1261 1565 1374 1605 esse
1405 1547 1554 1621 quod
1582 1547 1818 1619 petebat.

221 1641 320 1698 Est
356 1649 411 1697 et
463 1642 764 1715 aliquando
810 1641 1044 1713 superba
1101 1648 1155 1696 et
1201 1641 1371 1696 stulta
1416 1638 1629 1710 petitio,
1679 1637 1822 1693 sicut

221 1728 330 1786 fuit
357 1729 594 1786 duorum
627 1730 1002 1804 apostolorum
1027 1728 1215 1786 Jacobi
1244 1737 1297 1785 et
1342 1726 1588 1794 Joannis,
1621 1725 1822 1798 quibus

221 1818 523 1893 incongrua
577 1829 630 1877 et
687 1822 954 1877 immensa
1006 1819 1324 1893 petentibus
1387 1817 1598 1875 dictum
1656 1823 1736 1873 est
1803 1835 1815 1872 :

234 1909 489 1967 uNescitis
515 1909 648 1984 quid
678 1910 876 1982 petatis
908 1911 1122 1981 (Matth.
1152 1925 1250 1976 xx,
1282 1907 1398 1979 22).
1431 1932 1448 1954 ι

300 2027 432 2085 «8θά
461 2027 575 2100 ipse
593 2027 830 2100 Spiritus
849 2027 1089 2100 postulat
1109 2043 1207 2099 pro
1234 2024 1395 2082 nobis
1421 2023 1717 2098 gemitibus
1733 2023 1816 2079 in-

218 2114 668 2170 enarrabilibusa
711 2115 832 2171 Non
866 2113 1125 2170 humanis
1151 2112 1387 2184 eloquiis
1417 2112 1690 2184 postulare
1717 2127 1816 2183 pro

218 2203 381 2260 nobis
402 2203 638 2260 discitur
655 2203 896 2276 Spiritus
910 2202 1254 2269 Domini,sed
1274 2217 1426 2258 more
1445 2209 1654 2257 naturai
1679 2217 1810 2256 suae.

220 2293 360 2350 Cum
385 2291 535 2348 enim
563 2292 709 2365 quod
730 2291 796 2348 de
818 2294 931 2349 Deo
961 2292 1134 2362 est,de
1149 2294 1262 2349 Deo
1283 2293 1547 2365 loquitur,
1571 2308 1636 2348 eo
1665 2307 1814 2348 more

221 2384 480 2456 loquatur
503 2397 722 2440 necesse
757 2389 859 2451 est,
891 2398 1000 2455 quo
1048 2383 1142 2438 ille
1171 2382 1435 2455 loquitur,
1466 2380 1533 2438 de
1577 2397 1686 2455 quo
1711 2389 1810 2438 est.

215 2470 390 2528 Nemo
416 2471 565 2526 enim
595 2488 721 2528 cum
749 2471 872 2529 cive
899 2488 1000 2528 suo
1027 2472 1136 2527 alia
1164 2471 1354 2544 lingua
1392 2472 1640 2545 loquitur
1671 2470 1810 2543 (24).

215 2561 582 2636 Superfundit
609 2562 758 2618 enim
779 2579 836 2618 se
882 2560 1136 2634 precibus
1163 2561 1366 2617 nostris
1394 2561 1633 2633 Spiritus
1656 2559 1815 2615 datus

220 2653 408 2724 nobis,
439 2661 501 2710 ut
554 2653 890 2726 imperitiam
935 2660 991 2708 et
1033 2651 1518 2725 improvidentiam
1568 2660 1812 2706 nostram

213 2751 375 2800 motu
427 2760 527 2801 suo
570 2744 801 2816 operiat,
847 2750 902 2799 et
950 2741 1048 2798 illa
1093 2740 1254 2798 nobis
1292 2758 1325 2797 a
1367 2742 1482 2797 Deo
1516 2747 1664 2812 petat
1692 2755 1812 2812 quas

216 2833 436 2905 prosint
465 2831 644 2889 nobis.

281 2957 470 3029 (Vers.
525 2957 640 3030 27.)
688 2981 706 3004 ι
761 2954 862 3024 Qui
922 2963 1103 3012 autem
1159 2959 1435 3011 scrutatur
1485 2952 1672 3022 corda,
1707 2953 1812 3010 scit

211 3045 344 3120 quid
377 3045 651 3102 desideret
676 3045 932 3118 Spiritus,
964 3043 1092 3117 quia
1135 3041 1435 3100 secundum
1490 3043 1665 3098 Deum
1703 3058 1814 3114 po-

212 3135 381 3191 stulat
403 3152 504 3207 pro
533 3135 753 3192 sanctis.
782 3159 800 3182 ι
844 3133 1196 3191 Manifestum
1239 3139 1320 3188 est
1363 3130 1491 3204 quia
1537 3132 1671 3200 Deo,
1720 3132 1809 3187 cui

211 3224 358 3280 nihil
412 3224 642 3281 tacitum
685 3231 767 3279 est
818 3230 872 3279 et
916 3223 1217 3291 occultum,
1264 3229 1394 3276 nota
1439 3227 1519 3276 est
1570 3221 1809 3293 precatio
1839 3265 1882 3325 Ο
1921 3226 2025 3295 vit,
2054 3226 2228 3284 hoset
2249 3227 2644 3300 magniﬁcavit.
2695 3251 2714 3277 ›

211 3322 467 3379 omnium
509 3321 806 3394 spirituum
850 3340 862 3378 :
899 3327 1105 3393 quanto
1144 3319 1317 3392 magis
1346 3318 1583 3391 Spiritus
1605 3319 1801 3388 sancti,

209 3413 302 3486 qui
338 3411 584 3484 ejusdem
624 3413 817 3486 utique
845 3410 1163 3468 substantia
1193 3417 1295 3478 est,
1335 3418 1388 3465 et
1419 3409 1664 3482 loquitur
1691 3425 1799 3465 non

208 3498 456 3572 impulsu
483 3502 647 3570 aeris,
678 3517 854 3573 neque
882 3509 944 3556 ut
973 3497 1175 3570 angeli,
1201 3505 1296 3553 aut
1324 3499 1467 3554 sicut
1516 3505 1708 3555 caetera
1735 3513 1804 3553 ex

206 3589 500 3659 creaturis,
532 3590 628 3646 sed
669 3589 814 3645 sicut
864 3587 1128 3658 competit
1175 3585 1293 3658 ejus
1339 3585 1658 3642 divinitati!
1691 3587 1804 3641 Deo

205 3693 336 3753 ergo
383 3678 659 3752 loquitur,
687 3695 815 3735 cum
863 3675 1024 3733 nobis
1071 3683 1248 3732 tacere
1297 3675 1537 3744 videtur,
1579 3674 1707 3748 quia
1753 3682 1807 3730 et

203 3771 384 3839 videt,
407 3787 534 3828 cum
565 3788 675 3827 non
703 3770 976 3838 videatur,
1006 3777 1059 3825 et
1087 3768 1204 3826 haec
1234 3769 1372 3842 petit
1399 3786 1518 3842 quae
1556 3769 1658 3826 scit
1692 3771 1805 3826 Deo

205 3863 448 3935 placere,
502 3871 554 3919 et
597 3861 756 3918 nobis
800 3860 1074 3934 prodesse.
1121 3861 1276 3918 Tunc
1331 3877 1459 3917 sane
1501 3878 1600 3934 pro
1646 3861 1806 3918 nobis

206 3951 518 4024 interponit
537 3967 593 4007 se
622 3950 768 4007 idem
799 3951 1057 4023 Spiritus,
1086 3967 1213 4007 cum
1255 3950 1360 4007 scit
1383 3967 1483 4007 nos
1512 3967 1608 4023 per
1637 3951 1805 4023 igno-

207 4040 468 4107 rantiam,
502 4055 614 4096 non
643 4055 739 4113 per
764 4038 1085 4112 jactantiam
1116 4040 1393 4096 contraria
1420 4041 1713 4112 postulare.

278 4157 464 4230 (Vers.
505 4158 624 4231 28.)
675 4184 694 4208 ι
722 4159 938 4216 Scimus
990 4166 1170 4216 autem
1210 4160 1471 4232 quoniam
1527 4159 1803 4232 diligenti-

205 4244 306 4302 bus
333 4248 512 4304 Deum
541 4247 730 4303 omnia
774 4247 1080 4320 procedunt
1117 4247 1176 4302 in
1227 4247 1457 4317 bonum,
1489 4247 1558 4304 iis
1586 4248 1682 4321 qui
1711 4264 1806 4304 se-

207 4336 452 4393 cundum
483 4336 825 4410 propositum
867 4337 1048 4394 vocati
1076 4344 1204 4394 sunt
1231 4338 1426 4394 sancti.
1455 4363 1474 4386 ιι
1517 4339 1633 4395 Hoc
1647 4337 1803 4407 dicit,

207 4426 333 4498 quia
363 4426 660 4498 diligentes
686 4429 860 4483 Deum
891 4427 993 4483 etsi
1049 4425 1302 4499 imperite
1342 4427 1547 4501 precati
1578 4429 1803 4499 fuerint,

206 4511 477 4573 non'illis
523 4516 725 4584 oberit,
775 4515 904 4589 quia
947 4516 1290 4588 propositum
1345 4517 1526 4574 cordis
1583 4517 1804 4572 illorum

1935 640 2074 701 rent,
2109 633 2399 691 scirentur.

2007 723 2188 793 (Vers.
2221 723 2338 795 29.)
2382 747 2400 770 α
2439 722 2576 780 Nam
2625 740 2761 797 quos
2803 723 3097 796 praescivit.
3131 751 3148 772 -
3208 728 3346 784 Istos
3388 745 3526 801 quos

1933 814 2210 886 praescivit
2239 813 2457 871 futuros
2487 814 2594 871 sibi
2625 807 2871 886 devotOs,
2906 817 3054 890 ipsos
3091 817 3254 890 elegit
3281 819 3349 874 ad
3389 837 3527 892 pro-

1934 903 2099 959 missa
2119 905 2344 975 praemia
2366 905 2714 977 capessenda,
2747 915 2807 962 ut
2841 907 2902 962 hi
2943 907 3039 980 qui
3069 907 3289 964 credere
3320 908 3527 964 viden-

1933 999 2044 1062 tur,
2095 1000 2147 1048 et
2200 1010 2310 1048 non
2363 1003 2683 1066 permanent
2709 995 2766 1051 in
2795 995 2903 1052 ﬁde
2931 1006 3126 1069 coepta,
3158 1013 3190 1052 a
3216 999 3329 1053 Deo
3367 997 3525 1054 electi

1933 1089 2242 1154 negentur:
2283 1085 2412 1156 quia
2458 1101 2594 1158 quos
2630 1087 2775 1142 Deus
2816 1085 3000 1159 elegit,
3022 1086 3168 1159 apud
3212 1102 3268 1142 se
3312 1103 3521 1159 perma-

1931 1178 2083 1226 nent.
2130 1172 2229 1228 Est
2270 1171 2419 1229 enim
2454 1173 2550 1246 qui
2580 1173 2649 1230 ad
2692 1181 2907 1247 tempus
2935 1173 3190 1248 elegitur,
3225 1173 3368 1231 sicut
3397 1176 3523 1231 Saul

1931 1267 1982 1315 et
2031 1259 2219 1317 ludas:
2272 1278 2384 1317 non
2429 1262 2495 1318 de
2541 1264 2906 1336 praescientia,
2936 1263 3032 1321 sed
3057 1264 3125 1320 de
3156 1264 3411 1338 praesanti
3435 1263 3523 1335 ju-

1939 1349 2109 1405 stitia.

2017 1465 2034 1485 ι
2066 1440 2388 1497 Conformes
2418 1441 2535 1497 fieri
2563 1443 2816 1515 imaginis
2845 1441 2971 1499 Filii
3021 1443 3128 1499 sui.
3169 1467 3188 1490 ι
3241 1443 3357 1500 Hoc
3387 1443 3526 1501 dicit

1931 1526 2058 1598 quia
2090 1527 2212 1584 ideo
2236 1535 2329 1592 77
2357 1529 2817 1601 praedestinantur
2844 1532 2900 1587 in
2940 1531 3190 1588 futurum
3233 1532 3521 1602 saeculum,

1929 1632 1991 1675 ιιι
2021 1622 2228 1680 similes
2261 1625 2395 1682 ﬁant
2414 1626 2556 1682 Filio
2585 1627 2706 1697 Dei,
2756 1628 2904 1699 quod
2951 1626 3066 1700 jam
3108 1643 3273 1701 supra
3321 1643 3523 1684 memo-

1931 1726 2049 1766 l‘aVl
2058 1755 2069 1766 .

2014 1823 2032 1846 ι
2056 1799 2127 1854 Ut
2156 1799 2230 1855 sit
2254 1800 2369 1872 ipse
2391 1800 2790 1875 primogenitus
2819 1801 2877 1857 in
2916 1803 3108 1860 multis
3163 1804 3451 1861 fratribus.
3489 1830 3508 1854 ι

1847 1905 1894 1965 Β
1929 1887 2090 1945 Recte
2138 1889 2544 1962 primogenitus,
2601 1891 2695 1964 qui
2749 1899 2876 1948 ante
2933 1909 3151 1950 omnem
3215 1902 3522 1952 creaturam

1926 1995 2038 2036 non
2093 1981 2289 2050 factus,
2334 1981 2430 2038 sed
2477 1990 2640 2039 natus
2693 1991 2818 2040 est:
2873 1984 2942 2040 ad
2995 1982 3155 2055 cujus
3207 1986 3521 2058 exemplum

1924 2069 2071 2124 Deus
2099 2069 2353 2126 homines
2397 2071 2454 2126 in
2501 2069 2648 2127 ﬁlios
2692 2071 2799 2128 sibi
2842 2071 3101 2144 adoptare
3133 2073 3389 2145 dignatus
3419 2082 3519 2130 est.

1923 2156 2023 2213 Est
2061 2166 2115 2213 et
2167 2159 2569 2233 primogenitus
2598 2159 2656 2216 in
2685 2162 3092 2234 regeneratione
3122 2162 3393 2220 Christus.
3424 2163 3524 2220 Est

1926 2255 1979 2302 et
2003 2248 2406 2320 primogenitus
2436 2264 2505 2305 ex
2527 2251 2763 2307 mortuis
2798 2250 2957 2324 cujus
2985 2259 3184 2309 natura
3212 2253 3519 2326 ignoratur.

1922 2335 1995 2391 Et
2023 2335 2421 2410 primogenitus
2448 2347 2572 2410 post
2600 2339 2890 2396 victoriam
2915 2340 3214 2397 ascendens
3245 2343 3302 2398 in
3333 2343 3518 2400 cmlos.

1927 2425 2044 2497 (26)
2075 2426 2482 2500 Primogenitus
2514 2428 2685 2500 igitur
2713 2429 2771 2485 in
2817 2428 3078 2486 omnibus
3121 2431 3289 2487 frater
3335 2440 3523 2490 noster

1923 2513 2148 2586 dicitur,
2197 2517 2328 2590 quia
2373 2518 2541 2574 homo
2570 2517 2829 2590 dignatus
2883 2527 2966 2576 est
3013 2521 3165 2578 nasci
3203 2539 3216 2577 ε
3250 2523 3522 2580 Dominus

1922 2619 2054 2661 vero
2082 2613 2181 2674 est,
2215 2606 2346 2679 quia
2373 2608 2519 2664 Deus
2570 2617 2757 2664 noster
2783 2616 2885 2678 est,
2919 2609 3063 2666 sicut
3089 2608 3226 2665 dicit
3252 2611 3518 2683 propheta

1920 2694 2180 2751 Jeremias
2215 2713 2227 2751 :
2272 2721 2290 2744 ε
2317 2697 2423 2753 Hic
2449 2707 2529 2754 est
2556 2699 2704 2754 Deus
2721 2705 2927 2766 noster,
2947 2713 3048 2754 nec
3075 2705 3364 2769 reputatur
3394 2697 3516 2769 (27)

1921 2782 2063 2838 alius
2091 2781 2295 2856 absque
2318 2799 2382 2839 eo
2411 2785 2670 2856 (Baruch.
2704 2802 2788 2854 ιιι,
2811 2785 2927 2856 36).
2958 2809 2978 2832 ι

1997 2872 2179 2944 (Vers.
2211 2871 2329 2943 30.)
2384 2896 2404 2919 ι
2451 2873 2600 2941 Quos
2637 2882 2820 2930 autem
2853 2871 3283 2945 praedestinavit,
3312 2872 3518 2931 illoset

1919 2961 2159 3018 vocavit.
2187 2984 2206 3009 ι
2258 2961 2469 3018 Vocare
2498 2969 2579 3017 est
2598 2961 2930 3033 cogitantem
2959 2961 3026 3017 de
3074 2959 3186 3016 ﬁde
3231 2960 3515 3032 adjuvare,

1919 3056 2014 3105 aut
2033 3065 2397 3122 compungere
2428 3065 2574 3118 eum,
2608 3065 2770 3122 quem
2801 3049 2941 3107 sciat
2968 3049 3179 3105 audire.
3228 3074 3245 3096 ι
3284 3050 3355 3105 Et
3382 3067 3518 3123 quos

1918 3138 2160 3206 vocavit,
2194 3137 2425 3210 ipsos-et
2456 3137 2816 3210 justificavit;
2837 3155 2974 3212 quos
3011 3145 3198 3196 autem
3237 3135 3518 3210 justiﬁca-

2785 3228 2903 3284 Hoc
2949 3227 3086 3284 dicit
3134 3227 3281 3300 quod
3328 3244 3514 3300 supra,
3565 3217 3567 3220 ’

1921 3315 2050 3388 quia
2097 3332 2232 3389 quos
2275 3316 2552 3389 praescivrt
2577 3318 2724 3372 Deus
2768 3325 2925 3388 aptos
2951 3316 3078 3384 sibi,
3130 3314 3189 3370 hi
3232 3316 3516 3372 credentes

1913 3413 2254 3477 permanent,
2287 3405 2415 3478 quia
2457 3405 2616 3461 aliter
2663 3403 2783 3459 ﬁeri
2830 3420 2941 3460 non
2989 3408 3186 3476 potest,
3238 3402 3345 3458 nisi
3375 3419 3513 3476 quos

1913 3494 2190 3568 praescivit
2235 3496 2401 3563 Deus,
2433 3496 2580 3566 ipsos
2636 3503 2690 3550 et
2725 3491 3086 3566 justificavit;
3137 3509 3201 3548 ac
3259 3508 3354 3565 per
3410 3493 3516 3549 hoc

1913 3584 2288 3656 magnificavit
2319 3584 2466 3652 illos,
2507 3591 2569 3640 ut
2598 3583 2808 3639 similes
2847 3582 2984 3638 ﬁant
3010 3581 3153 3638 Filio
3181 3582 3387 3638 Dei.De
3414 3599 3514 3639 cae-

1913 3677 2044 3733 teris
2079 3692 2216 3749 quos
2262 3691 2374 3730 non
2417 3674 2696 3747 praescivit
2724 3675 2893 3742 Deus,
2926 3689 3035 3729 non
3063 3681 3146 3729 est
3175 3671 3258 3726 illi
3296 3688 3428 3729 cura
3456 3672 3513 3729 in

1917 3766 2020 3824 hac
2050 3765 2243 3839 gratia,
2272 3765 2402 3839 quia
2428 3782 2542 3821 non
2569 3764 2854 3837 praescivit
2886 3763 3015 3820 illos
3045 3762 3261 3818 futuros
3291 3761 3515 3819 idoneos

1917 3855 2057 3927 (28).
2097 3857 2172 3911 At
2225 3853 2273 3910 si
2299 3853 2546 3925 credant,
2583 3861 2677 3910 aut
2707 3853 2988 3926 eligantur
3017 3851 3088 3908 ad
3116 3859 3354 3923 tempus,
3386 3851 3516 3924 quia

1913 3947 2177 4002 videntur
2212 3945 2368 4014 boni,
2400 3961 2468 4000 ne
2490 3943 2713 4016 justitia
2741 3949 3064 4014 contempta
3097 3941 3371 4012 videatur,
3403 3958 3514 3998 non

1913 4043 2233 4108 permanent
2275 4042 2338 4090 ut
2381 4032 2822 4106 magnificentur,
2871 4031 3015 4089 sicut
3058 4039 3113 4088 et
3164 4031 3334 4088 Iudas
3361 4032 3514 4088 Isca-

1913 4125 2080 4181 riotes
2121 4111 2304 4197 (Jotm.
2337 4139 2417 4190 vr,
2463 4123 2578 4196 71),
2609 4131 2704 4180 aut
2749 4121 2839 4177 illi
2878 4121 3229 4194 septuaginta
3255 4119 3386 4190 duo,
3413 4118 3513 4193 qui

1914 4214 2095 4283 electi,
2120 4221 2243 4286 post
2265 4211 2584 4271 scandalum
2617 4211 2762 4284 passi
2798 4217 3138 4270 recesserunt
3170 4225 3202 4267 a
3231 4210 3513 4268 Salvatore

1917 4309 2105 4400 (Ibid,
2138 4309 2255 4382 67).

1989 4407 2171 4480 (Vers.
2204 4406 2322 4479 31.)
2343 4429 2361 4456 ‹
2392 4405 2538 4474 Quid
2567 4423 2696 4479 ergo
2723 4405 2970 4463 dicemus
2997 4403 3200 4461 adhaec
3220 4403 3249 4460 ?
3281 4403 3340 4461 Si
3365 4404 3513 4460 Deus

1915 4513 2015 4569 pro
2044 4495 2226 4566 nobis,
2255 4496 2380 4568 quis
2400 4502 2592 4552 contra
2619 4495 2764 4552 nos?
2789 4519 2808 4544 ι
2857 4492 3210 4552 Manifestum
3253 4499 3354 4560 est,
3385 4491 3514 4564 quia

207 4605 383 4662 sciens
421 4607 569 4662 Deus
610 4613 667 4662 et
710 4579 989 4678 ignaviam
1037 4579 1177 4678 (⁵25),
1228 4622 1339 4661 ιιοιι
1385 4606 1500 4662 illis
1546 4606 1800 4678 imputat,

1933 4591 2028 4645 )eo
2094 4587 2254 4645 nobis
2301 4585 2680 4644 testimonium
2726 4583 3068 4658 perhibente,
3116 4582 3240 4656 quis
3264 4589 3372 4685 ‘est
3417 4579 3512 4652 qui

206 4709 322 4768 quae
364 4695 597 4752 adversa
644 4696 944 4767 postulant,
972 4694 1074 4751 sed
1116 4711 1180 4751 ea
1229 4694 1446 4761 annuit,
1477 4711 1595 4767 quae
1625 4695 1804 4752 danda

208 4791 335 4840 sunt
363 4786 543 4841 Deum
573 4783 904 4840 amantibus.
940 4783 1094 4840 Unde
1137 4791 1191 4840 et
1224 4785 1496 4841 Dominus
1540 4786 1618 4840 ait
1649 4804 1660 4840 :
1692 4786 1806 4844 Scit

212 4883 417 4941 autem,
441 4873 644 4947 inquit,
669 4873 829 4929 Pater
857 4880 1038 4929 vester
1067 4873 1202 4947 quid
1232 4872 1390 4929 vobis
1418 4890 1556 4945 opus
1588 4875 1678 4941 sit,
1711 4891 1801 4930 an-

206 4968 422 5034 tequam
456 4963 656 5036 petatis
681 4962 749 5018 ab
778 4979 842 5018 eo
872 4962 1084 5033 (Matth.
1116 4980 1198 5027 vr,
1229 4962 1309 5035 8).
1345 4962 1408 5018 Hi
1444 4979 1571 5033 ergo
1599 4979 1804 5019 secun-

206 5048 334 5109 dum
364 5051 711 5126 propositum
744 5058 1031 5120 vocantur,
1063 5067 1200 5122 quos
1241 5051 1522 5108 credentes
1575 5051 1804 5124 praesci-

279 5255 394 5329 (24)
422 5258 586 5314 Rom.
615 5256 774 5326 edit.,
802 5257 979 5314 aliena
1009 5256 1191 5326 lingua
1241 5253 1543 5325 loquitur...
1575 5255 1804 5311 adventu

211 5341 300 5384 suo
312 5399 324 5401 Α
336 5331 562 5401 aperiat.

279 5398 396 5482 (26')
432 5403 732 5482 Ita-omnes
756 5416 884 5457 mss.
934 5417 997 5457 ac
1042 5407 1154 5456 vet.
1211 5398 1380 5466 edit.;
1434 5399 1593 5454 Rom.
1647 5415 1797 5466 vero,

209 5477 255 5526 et
281 5474 704 5528 imbecillitatem.

279 5545 396 5614 (26)
422 5546 580 5600 Rom.
615 5544 891 5600 edit.cum
921 5559 1049 5599 mss.
1093 5543 1396 5610 nonnullis,
1447 5559 1513 5597 ex
1554 5540 1798 5609 mortuis,

211 5616 420 5684 quando
450 5617 650 5670 devicta
677 5623 840 5670 morte
868 5616 1101 5670 ascendit
1128 5616 1185 5668 in
1212 5617 1379 5670 ccelos.

280 5686 398 5761 (27)
433 5688 864 5761 Necnrepulotur,
900 5687 1017 5743 sive
1039 5694 1107 5761 _ut
1137 5703 1264 5742 mss.
1296 5685 1489 5759 aliqui,
1520 5701 1625 5740 non
1653 5685 1802 5741 (esti-

207 5758 439 5816 mabitur
488 5758 638 5816 alius
680 5760 873 5831 absque
916 5777 992 5829 eo,
1035 5758 1093 5815 in
1134 5765 1348 5816 textum
1390 5758 1467 5816 ex
1508 5774 1637 5816 mss.
1689 5773 1801 5814 non

1914 4679 2110 4737 audeat
2147 4695 2400 4736 accusare
2446 4694 2568 4748 nos,
2619 4676 2841 4751 quando
2883 4677 2998 4748 ipse
3039 4673 3134 4746 qui
3183 4669 3356 4743 judex
3406 4675 3508 4738 est,

1912 4779 2038 4826 ante
2066 4769 2342 4841 praescivit
2371 4784 2492 4833 nos,
2525 4775 2579 4824 et
2600 4763 2832 4823 idoneos
2866 4760 3141 4836 judicavit
3164 4758 3192 4815 ?

1987 4857 2168 4928 (Vers.
2202 4857 2317 4929 32.)
2339 4881 2356 4904 ι
2384 4855 2491 4922 Qui
2543 4854 2765 4926 proprio
2802 4851 2947 4907 Filio
2975 4866 3075 4905 suo
3105 4863 3215 4904 non
3243 4847 3508 4921 pepercit,

1912 4947 2007 5005 sed
2035 4965 2136 5020 pro
2164 4945 2325 5003 nobis
2353 4944 2613 5002 omnibus
2642 4940 2872 4998 tradidit
2901 4938 3082 4996 illum.
3107 4964 3123 4986 -
3167 4938 3258 4997 Sic
3290 4954 3511 4995 securos

1912 5055 2014 5096 nos
2071 5037 2268 5095 debere
2317 5050 2434 5091 esse
2488 5033 2617 5089 ﬁdei
2664 5048 2836 5089 causa
2876 5030 3151 5100 hortatur,
3206 5037 3269 5086 ut
3309 5029 3508 5098 Deum,

1949 5253 2099 5310 aucis
2145 5247 2508 5323 restituimus.
2553 5246 2704 5303 Infra
2741 5261 2875 5323 vero
2922 5243 2983 5299 in
3012 5259 3142 5323 mss.
3174 5237 3506 5323 quibusdam

1935 5325 2117 5396 egitur
2158 5321 2588 5396 partim,vocare_
2617 5325 2692 5373 est
2739 5317 3046 5396 cogitantem
3074 5311 3329 5395 hominem
3366 5311 3510 5380 quod

1911 5388 1993 5451 sit
2020 5395 2137 5462 Dei,
2161 5388 2391 5459 'vocare;
2452 5390 2677 5465 partim,
2703 5389 2834 5465 quid
2878 5388 2946 5442 sit
2999 5388 3506 5465 horninemHvocqre.

1919 5453 2136 5526 Vocare'
2167 5472 2239 5538 est
2287 5453 2590 5538 cogitantem
2644 5453 3031 5538 de'ﬁde,.etc.,
3065 5456 3122 5510 in
3176 5453 3508 5538 quihusdam

1911 5524 2094 5594 autem
2121 5524 2399 5593 omittitur
2441 5553 2452 5591 :
2486 5551 2587 5591 nos
2616 5524 2760 5588 vero'
2777 5528 3066 5587 lectionem
3087 5524 3338 5582 omnium
3370 5524 3504 5580 edit.

1913 5610 2463 5684 potiorumque‘mss.
2494 5604 2843 5684 retinuimus.
2979 5670 2993 5684 ‘
3067 5669 3077 5680 .
3225 5669 3258 5680 η

1987 5681 2104 5753 (28)
2130 5668 2262 5738 Illos
2294 5678 2735 5750 futurasidoneaa
2771 5688 2899 5730 mss.
2942 5669 3192 5744 plerique
3222 5668 3499 5739 iidemque

1912 5753 2113 5827 optimi
2143 5753 2448 5812 restituere.
