3980 6364
496 351 598 422 135

1491 354 1588 412 AD
1627 353 1857 413 OPERA
1893 353 1950 410 S.
1989 349 2326 412 AMBROSII
2361 353 2741 411 APPENDIX.

3715 347 3819 412 136

495 490 648 566 quasi
690 487 980 562 praescium
1030 485 1172 558 (29),
1221 492 1510 556 antequam
1555 499 1624 538 ex
1653 481 1840 566 impiis
1890 480 2077 538 ﬁdeles
2109 480 2160 540 A
2192 478 2490 536 dilectione
2522 480 2749 550 Christi,
2781 481 2877 554 qui
2930 480 3092 536 nobis
3142 489 3258 536 tam
3302 497 3506 553 magna
3554 489 3613 538 et
3657 481 3818 538 innu-

493 565 752 647 essemus,
787 577 994 634 Filium
1041 591 1200 633 suum
1245 590 1346 646 pro
1391 572 1550 630 nobis
1583 565 1746 628 morti
1798 571 2088 627 tradidisse

493 669 760 726 ostendat.

577 785 595 805 ι
623 755 912 826 Quomodo
940 771 1052 810 non
1081 753 1247 808 etiam
1278 768 1404 808 cum
1453 751 1552 806 illo
1580 749 1768 806 omnia
1792 748 1952 804 nobis
1977 747 2089 803 do-

494 847 691 904 navit?
721 873 739 896 ι
779 848 950 902 Deum
987 843 1120 900 olim
1153 841 1462 898 decrevisse
1491 839 1628 896 dicit
1657 837 2087 894 remunerandos

491 935 774 992 credentes
795 933 854 988 in
884 930 1186 988 Christum.
1219 928 1275 983 Si
1306 927 1455 983 enim
1488 926 1632 999 quod
1668 925 1844 998 majus
1871 934 1925 982 et
1955 943 2088 998 prai-

490 1025 714 1096 cipuum
745 1030 850 1090 est,
880 1019 1136 1092 praestitit
1162 1016 1342 1084 nobis,
1383 1024 1444 1070 ut
1465 1014 1673 1069 Filium
1705 1032 1865 1070 suum
1892 1032 2084 1070 verum

490 1123 544 1171 et
564 1111 955 1169 cbarissimum
997 1108 1235 1165 traderet
1265 1113 1489 1180 propter
1517 1123 1617 1160 nos
1655 1104 1835 1162 adhuc
1861 1105 2084 1178 impios,

491 1220 657 1277 quare
709 1218 822 1258 non
852 1199 999 1274 quod
1049 1199 1234 1254 minus
1256 1205 1339 1254 est
1386 1197 1631 1254 facturus
1681 1195 1938 1252 credatur
1986 1213 2086 1268 pro

491 1293 652 1350 nobis
697 1289 1050 1348 credentibus
1102 1288 1210 1344 sibi
1255 1287 1282 1343 7
1338 1286 1455 1342 Jam
1505 1285 1652 1341 enim
1715 1293 1902 1358 parata
1956 1295 2087 1342 sunt

489 1381 840 1440 credentibus
874 1379 1132 1454 praemia;
1179 1377 1364 1433 minus
1392 1384 1472 1432 est
1519 1376 1668 1431 enim
1709 1375 1868 1431 nobis
1898 1377 2085 1432 omnia

491 1491 619 1531 cum
665 1472 763 1528 illo
812 1470 1038 1540 donare,
1081 1484 1243 1542 quam
1293 1465 1454 1522 illum
1498 1464 1673 1521 nostri
1723 1481 1887 1521 causa
1919 1464 2084 1522 morti

489 1561 725 1619 tradere.

566 1651 748 1724 (Vers.
805 1648 922 1722 33.)
985 1672 1003 1696 ε
1055 1647 1192 1716 Quis
1243 1643 1522 1704 accusabit
1577 1643 1840 1700 adversus
1881 1644 2084 1701 electos

487 1740 710 1799 Dei?»
762 1739 1050 1796 Neminem
1094 1736 1294 1792 audere
1339 1751 1440 1790 nec
1497 1749 1652 1807 posse
1699 1733 1977 1806 judicium
2030 1741 2083 1789 et

2197 586 2346 624 mera
2374 569 2628 642 praestitit
2658 570 2962 626 beneﬁcia?
2999 570 3344 626 Tribulatio?
3375 571 3484 626 Sed
3510 588 3628 627 non
3662 571 3816 642 facit,

2196 658 2327 732 quia
2378 657 2729 714 dilectionem
2790 660 2936 715 ﬁrmi
2984 659 3290 718 Christiani
3356 660 3519 714 nulla
3580 660 3818 717 vincunt

2196 755 2490 805 tormenta.
2522 749 2776 804 Amantis
2804 750 2951 806 enim
2987 752 3110 822 plus
3148 751 3414 812 incitatur
3461 751 3742 820 charitas,
3772 752 3814 806 si

2197 852 2322 892 eum
2381 837 2538 910 cujus
2592 840 2761 894 sensit
2833 839 3118 908 beneﬁcia,
3173 840 3546 912 prohibeatur
3598 857 3813 906 amare;

2197 927 2326 982 dum
2360 929 2507 982 enim
2540 936 2734 1000 putant
2763 945 2820 985 se
2851 929 2910 984 in
2937 929 3133 985 merita
3157 930 3278 1003 ejus
3309 931 3614 1000 seminare,
3647 931 3814 986 susci-

2196 1025 2316 1074 tant
2339 1027 2643 1074 memorata
2661 1019 2928 1077 beneﬁcia
2960 1021 3098 1091 (3i).

2269 1109 2450 1178 (Vers.
2483 1108 2572 1176 36,
2604 1108 2720 1178 37.)
2757 1133 2775 1155 ι
2804 1111 2889 1164 An
2910 1109 3162 1180 angustia
3185 1110 3214 1165 7
3241 1126 3309 1165 an
3343 1110 3670 1182 persecutio
3690 1111 3721 1166 ?
3748 1126 3812 1165 an

2194 1194 2410 1252 fames?
2462 1213 2532 1251 an
2577 1197 2796 1253 nuditas
2838 1199 2865 1253 (ἰ
2911 1215 2979 1253 an
3037 1199 3342 1271 periculum
3375 1201 3403 1256 ?
3463 1217 3538 1255 an
3600 1199 3818 1271 gladius

2197 1286 2365 1355 (sicut
2394 1287 2657 1358 scriptum
2689 1295 2789 1355 est,
2821 1287 2948 1360 quia
2983 1297 3207 1360 propter
3236 1298 3289 1345 te
3325 1299 3507 1346 morte
3537 1290 3816 1346 aﬁ‘icimur

2191 1383 2308 1431 tota
2348 1375 2456 1444 die,
2505 1377 2758 1432 aestimati
2805 1395 2997 1434 sumus
3052 1379 3204 1434 velut
3243 1395 3373 1434 oves
3424 1378 3816 1451 occisionis)?

2193 1464 2297 1520 Sed
2349 1464 2407 1520 in
2465 1465 2554 1522 his
2583 1467 2840 1522 omnibus
2876 1484 3198 1540 superamus
3251 1479 3477 1541 propter
3526 1485 3663 1525 eum
3713 1468 3809 1543 qui

2193 1553 2392 1611 dilexit
2445 1572 2564 1611 nos.
2609 1576 2636 1608 »
2655 1557 2770 1612 Hoc
2797 1555 3063 1628 scriptum
3094 1565 3175 1612 est
3215 1555 3272 1612 in
3327 1559 3550 1630 psalmo
3581 1557 3816 1632 quadra-

2192 1653 2399 1725 gesimo
2439 1653 2620 1711 tertio.
2671 1654 3026 1710 Manifestum
3088 1663 3171 1711 est
3212 1671 3342 1728 ergo
3407 1656 3534 1714 hasc
3602 1657 3813 1728 omnia,

2193 1757 2312 1814 quae
2343 1751 2648 1812 enumerat,
2707 1743 2900 1811 exitia,
2939 1744 3348 1814 tribulationes,
3407 1763 3731 1818 pressuras,
3764 1754 3816 1803 et

488 1828 888 1903 praescientiam
931 1825 1032 1883 Dei
1078 1824 1137 1880 in
1168 1823 1327 1880 nobis
1368 1831 1660 1879 retractare
1689 1831 1938 1895 apertum
1975 1832 2076 1882 est.
2119 1839 2166 1900 Β
2187 1839 2452 1900 mortem,
2476 1848 2587 1888 non
2617 1849 2773 1904 posse
2812 1831 3052 1890 conferri
3087 1834 3173 1887 vel
3205 1833 3513 1904 comparari
3547 1833 3812 1890 charitati

488 1918 626 1988 Quis
654 1925 736 1974 est
775 1916 925 1973 enim
971 1915 1067 1989 qui
1115 1913 1288 1987 possit
1325 1913 1463 1981 haec,
1504 1928 1624 1984 quae
1672 1914 1818 1967 Deus
1859 1912 2075 1984 probat,

492 2007 843 2081 improbare;
888 2021 1015 2061 cum
1062 2020 1224 2059 nemo
1266 2002 1494 2074 aequalis
1524 2001 1597 2056 sit
1626 2000 1783 2057 Deo?

577 2121 593 2143 ι
623 2097 770 2152 Deus
799 2093 893 2168 qui
930 2092 1216 2165 justiﬁcat.
1241 2117 1260 2142 ι
1318 2091 1434 2148 Iloc
1463 2091 1520 2145 in
1550 2089 1689 2144 Isaia
1717 2088 1984 2161 prOpheta
2005 2097 2087 2145 est

493 2186 628 2258 (Isa.
655 2201 709 2252 ι,
739 2184 823 2256 8),
879 2179 1024 2255 quod
1057 2179 1150 2235 hic
1177 2177 1333 2252 quasi
1349 2193 1508 2232 suum
1536 2177 1728 2250 ponit;
1766 2177 1894 2249 quia
1924 2193 2086 2233 nemo

489 2284 574 2334 est
601 2274 742 2330 alius
787 2271 878 2347 qui
889 2315 904 2341 ,
944 2269 1091 2343 quod
1147 2268 1343 2342 probat
1380 2269 1546 2334 Deus,
1595 2273 1805 2338 arguat.
1865 2267 1978 2322 Aut
2017 2283 2086 2323 ne

490 2363 634 2420 forte
665 2361 780 2436 ipse
807 2378 910 2418 nos
948 2362 1094 2417 Deus
1136 2365 1353 2415 accuset
1385 2374 1396 2412 :
1449 2355 1544 2412 sed
1588 2371 1697 2410 non
1729 2364 1911 2427 potest
1939 2355 2084 2428 quod

480 2452 772 2526 justiﬁcat,
802 2464 1078 2508 accusare.

562 2542 744 2616 (Vers.
769 2539 885 2613 34.)
931 2563 950 2586 ι
980 2539 1054 2593 Et
1079 2536 1204 2610 quis
1232 2535 1356 2603 erit,
1388 2533 1484 2607 qui
1513 2530 1892 2590 condemnet?
1927 2531 2084 2589 Chri-

490 2638 612 2689 stus
637 2632 732 2706 qui
769 2635 1020 2685 mortuus
1057 2633 1159 2694 est,
1190 2624 1304 2680 imo
1349 2622 1446 2696 qui
1478 2630 1532 2679 et
1560 2621 1882 2690 resurrexit,
1917 2628 1970 2677 et
2001 2628 2084 2677 est

487 2722 546 2778 in
575 2720 801 2778 dextera
837 2719 958 2787 Dei,
1011 2716 1106 2791 qui
1161 2715 1326 2772 etiam
1374 2712 1686 2784 interpellat
1715 2728 1814 2784 pro
1839 2709 2017 2767 nobis.
2051 2736 2070 2758 ι

491 2812 691 2878 Deum,
745 2809 874 2884 quia
925 2824 1027 2864 nos
1067 2803 1358 2878 justiﬁcat,
1417 2802 1673 2860 accusare
1729 2817 1829 2858 nos
1870 2807 2076 2873 negat:

493 2897 778 2956 Christum
809 2904 990 2951 autem
1021 2895 1281 2951 damnare
1328 2910 1430 2948 nos
1472 2909 1583 2948 non
1629 2907 1824 2963 posse;
1860 2890 1990 2963 quia
2019 2905 2083 2944 eo

487 2986 689 3041 aﬂ‘ectu
719 2984 903 3056 diligit
947 3000 1068 3050 nos,
1113 2991 1177 3038 ut
1219 2989 1526 3036 moreretur
1571 2995 1670 3050 pro
1712 2977 1892 3045 nobis,
1921 2987 1975 3033 et
2002 2993 2082 3032 re-

489 3088 738 3143 surgens,
784 3086 998 3142 semper
1041 3084 1230 3125 causas
1265 3075 1482 3122 nostras
1521 3073 1643 3138 agat
1671 3065 1815 3136 apud
1844 3065 2078 3120 Patrem.

487 3159 657 3232 Cujus
727 3157 1024 3232 postulatio
1096 3156 1392 3250 contemni
1439 3172 1551 3211 non
1605 3162 1833 3250 potest,—
1863 3153 1992 3225 quia
2021 3153 2079 3208 in
2115 3189 2159 3250 Ο

486 3249 712 3306 dextera
739 3249 838 3305 Dei
873 3256 974 3318 est,
1008 3246 1117 3304 hoc
1146 3252 1248 3316 est,
1288 3245 1346 3301 in
1377 3243 1589 3300 honore
1618 3242 1768 3317 quod
1796 3244 1941 3298 Deus
1965 3251 2076 3308 est;

483 3345 546 3396 ut
573 3337 640 3396 de
683 3340 796 3396 Deo
838 3339 998 3395 Patre
1043 3337 1243 3406 securi,
1291 3343 1344 3392 et
1387 3334 1608 3392 Christo
1651 3333 1796 3388 Filio
1833 3331 1952 3404 ejus
1984 3332 2079 3404 qui

475 3428 825 3502 judicaturns
852 3435 953 3497 est,
985 3427 1044 3483 in
1074 3426 1183 3484 ﬁde
1205 3425 1324 3498 ejus
1350 3425 1618 3481 laetemur.
1645 3421 1787 3478 Hinc
1807 3430 1888 3478 est
1915 3421 2078 3490 illud,

481 3519 629 3592 quod
672 3517 810 3576 dicit
860 3518 1022 3573 Petro
1075 3515 1324 3588 apostolo
1369 3532 1380 3571 :
1439 3537 1458 3560 ε
1491 3513 1634 3568 Ecce
1680 3510 2082 3582 exspostulavit

481 3608 728 3676 Satanas,
751 3614 816 3664 ut
843 3623 942 3662 vos
970 3605 1204 3660 ventilet
1258 3604 1403 3661 sicut
1433 3603 1682 3659 triticum
1707 3619 1721 3670 ;
1765 3618 1865 3674 ego
1896 3608 2080 3656 autem

481 3695 668 3766 rogavi
717 3709 816 3766 pro
869 3700 948 3760 te,
1007 3707 1077 3748 ne
1134 3690 1355 3747 deﬁciat
1395 3691 1532 3746 ﬁdes
1576 3699 1672 3747 tua
1727 3690 1877 3762 (Luc.
1933 3705 2079 3758 χχιι,

441 3782 573 3852 -3i,
607 3782 722 3855 32).
754 3807 774 3831 ι
831 3781 948 3838 Hoc
993 3795 1123 3854 ergo
1177 3778 1342 3834 modo
1395 3778 1708 3850 interpellat
1761 3793 1861 3849 pro
1922 3776 2082 3833 nobis

481 3866 766 3942 Salvator;
818 3870 999 3928 sciens
1025 3869 1176 3926 enim
1226 3868 1628 3942 impudentiam
1661 3865 1778 3940 (30)
1800 3867 2078 3923 etaltitu-

481 3959 670 4018 dinem
701 3958 1001 4018 adversarii
1048 3958 1244 4030 nostri,
1281 3975 1407 4016 cum
1447 3975 1506 4016 se
1537 3965 1850 4015 commovet
1891 3955 2081 4012 adver-

481 4063 605 4105 sum
636 4064 756 4117 nos,
786 4049 834 4105 si
863 4065 975 4106 non
995 4049 1045 4104 ei
1071 4048 1454 4118 assentiamus,
1485 4047 1738 4104 Salvator
1767 4045 2082 4118 interpellat

482 4156 583 4214 pro
639 4141 820 4210 nobis,
875 4157 946 4197 ne
992 4141 1204 4214 aliquid
1258 4141 1532 4197 violenter
1585 4145 1883 4212 praesumat
1935 4137 2082 4193 circa

482 4249 604 4302 nos,
643 4241 704 4290 ut
734 4240 986 4290 arceatur
1035 4232 1330 4288 insolentia
1374 4230 1512 4304 ejus.
1566 4231 1681 4286 Hac
1708 4243 1871 4286 causa
1893 4235 2078 4282 tamen

481 4321 688 4379 dicitur
715 4320 892 4378 Filius
910 4321 1279 4394 interpellare,
1328 4337 1456 4377 cum
1487 4320 1602 4393 ipse
1647 4327 1769 4392 agat
1795 4325 1995 4384 totum,
2025 4321 2080 4370 et

481 4412 710 4486 aequalis
723 4411 799 4468 sit
816 4413 928 4468 Deo
958 4410 1104 4467 Patri
1130 4420 1216 4480 ;et
1243 4409 1373 4484 quia
1414 4425 1558 4466 unus
1585 4407 1794 4466 dicitur
1811 4409 1978 4474 Deus,
2008 4418 2078 4459 ne

478 4500 638 4560 Pater
663 4511 719 4559 et
767 4499 943 4558 Filius
989 4499 1308 4573 singularis,
1356 4499 1446 4556 vel
1489 4497 1626 4556 unio
1667 4503 1971 4570 putaretur,
2003 4491 2072 4548 ad

478 4607 838 4667 personarum
897 4595 992 4654 78
1046 4590 1462 4647 distinctionem
1517 4590 1598 4646 sic
1635 4588 1881 4661 loquitur
1925 4581 2071 4640 Scri-

477 4699 660 4764 ptura,
693 4698 754 4748 ut
798 4697 854 4748 et
909 4689 1117 4746 Filium
1170 4705 1283 4746 non
1330 4688 1607 4762 disparem
1641 4687 1838 4758 tradat,
1891 4695 1946 4744 et
1975 4687 2070 4742 Pa-

479 4790 646 4852 trem,
674 4785 805 4856 quia
831 4783 992 4842 Pater
1041 4792 1143 4853 est,
1193 4791 1248 4840 et
1279 4782 1410 4856 quia
1437 4781 1506 4838 ab
1539 4782 1660 4855 ipso
1687 4788 1818 4838 sunt
1863 4782 2069 4850 omnia,

479 4872 752 4942 praeferat.

554 4959 739 5033 (Vers.
789 4961 905 5034 35.)
975 4986 994 5012 ‹
1043 4962 1180 5032 Quis
1233 4981 1335 5022 nos
1391 4963 1666 5038 separabit
1725 4979 1758 5020 a
1810 4962 2074 5021 charitate

412 5099 419 5104 .
480 5045 689 5107 Christi
735 5047 765 5106 ?
794 5075 814 5097 ι
870 5049 986 5108 Hoc
1027 5059 1132 5122 est,
1174 5055 1298 5128 quis
1344 5071 1446 5112 nos
1504 5062 1750 5112 avertere
1795 5053 1999 5126 poterit
2044 5067 2076 5107 a

553 5237 678 5312 (29)
705 5237 931 5322 Amerb.
963 5245 1019 5294 et
1039 5240 1194 5297 Eras.
1231 5256 1358 5298 cum
1377 5259 1507 5301 mss.
1535 5245 1768 5319 aliquot,
1798 5254 1859 5302 ut
1885 5247 2072 5315 Deum,

477 5325 581 5382 quo
593 5317 848 5383 gprrescio,
881 5317 986 5383 etc.

557 5382 835 5458 (30)_Mss.
886 5382 1117 5457 aliquot,
1165 5384 1330 5440 sciens
1375 5385 1513 5440 enim
1535 5391 1864 5458 potentiam;
1887 5406 2072 5458 unus,

480 5452 910 5524 unprudentiam.

551 5523 670 5603 (lii)
704 5525 907 5584 Omnes
935 5527 1070 5586 edit.
1103 5543 1168 5603 ac
1195 5543 1331 5603 mss.
1358 5530 1637 5598 nonnulli,
1667 5531 1933 5588 immerita
1959 5533 2075 5603 eius

478 5595 757 5676 sartinare,
812 5607 1068 5676 memorat
1123 5600 1368 5674 beneﬁcia
1394 5619 1420 5676 _;
1443 5671 1453 5676 _
1473 5595 1655 5676 cancri
1705 5620 1834 5660 mss.
1860 5595 1994 5676 iqui'
2019 5613 2074 5676 et

475 5667 738 5740 potiores,
769 5676 832 5726 ut
859 5685 960 5728 nos
1005 5673 1064 5729 in
1101 5667 1298 5741 textu;
1347 5671 1457 5730 nisi
1501 5673 1649 5746 quod
1689 5667 1967 5735 omittitur
2011 5675 2071 5732 in

2103 4549 2154 4608 D

2197 1919 2427 1986 Christi,
2469 1937 2629 1994 quam
2661 1921 2956 1978 seminavit
2985 1921 3043 1977 in
3091 1922 3269 1978 nobis.
3303 1923 3480 1978 Multo
3510 1923 3670 1978 enim
3703 1939 3811 1978 ma.

2189 2005 2314 2078 jora
2339 2007 2456 2080 ejus
2485 2008 2753 2066 beneﬁcia
2781 2010 3046 2066 habemus
3083 2027 3247 2082 quam
3277 2010 3394 2067 haec
3423 2017 3562 2066 sunt
3593 2011 3807 2080 omnia,

2195 2112 2317 2169 quae
2347 2098 2608 2154 videntur
2665 2099 2911 2155 adversa.
2955 2100 3011 2154 Si
3050 2099 3198 2155 enim
3243 2101 3524 2156 morimur
3556 2117 3662 2172 pro
3692 2101 3810 2168 illo,

2197 2185 2343 2258 quod
2369 2187 2592 2258 gravius
2619 2188 2842 2244 videtur
2869 2187 2927 2243 in
2959 2188 3070 2257 his,
3099 2196 3153 2243 et
3183 2188 3276 2244 ille
3303 2196 3564 2246 mortuus
3601 2199 3687 2247 est
3714 2208 3808 2264 pro

2196 2273 2389 2330 nobis:
2423 2275 2517 2332 sed
2561 2276 2655 2330 ille
2684 2283 2746 2330 ut
2790 2276 3071 2349 prodesset
3117 2275 3314 2343 nobis;
3367 2285 3567 2334 nostra
3625 2287 3804 2336 autem

2197 2380 2345 2420 mors
2373 2381 2485 2420 non
2515 2364 2600 2420 illi
2631 2365 2869 2437 proﬁcit,
2891 2365 2986 2421 sed
3008 2365 3189 2422 nobis.
3231 2365 3627 2439 Temporalem
3660 2369 3805 2425 enim

2196 2452 2368 2508 vitam
2418 2453 2721 2526 perdimus,
2777 2463 2840 2510 ut
2881 2453 3041 2510 nobis
3089 2455 3420 2527 rependatur
3469 2467 3706 2514 aeterna.
3741 2459 3806 2513 Et

2194 2541 2329 2616 quid
2359 2543 2559 2598 mirum
2594 2545 2640 2600 si
2669 2545 2813 2600 servi
2845 2545 3154 2602 moriantur
3183 2561 3283 2617 pro
3310 2545 3458 2602 bono
3509 2548 3759 2604 Domino
3790 2565 3803 2613 ;

2194 2631 2416 2704 quando
2459 2634 2727 2691 Dominus
2767 2645 3018 2692 mortuus
3065 2642 3147 2690 est
3177 2652 3275 2708 pro
3306 2635 3484 2691 servis
3511 2645 3568 2692 et
3597 2635 3801 2693 malis?

2194 2720 2444 2778 Vincunt
2471 2739 2598 2794 ergo
2627 2723 2912 2793 beneﬁcia,
2943 2733 2997 2780 et
3047 2725 3419 2780 exhortantur
3445 2725 3708 2782 animum
3730 2724 3797 2782 ad

2195 2812 2654 2881 perseverandum
2687 2821 2910 2885 propter
2937 2831 3060 2869 eum
3093 2815 3184 2886 qui
3218 2813 3418 2870 dilexit
3447 2831 3576 2872 nos.

2267 2899 2449 2970 (Vers.
2481 2902 2568 2970 38,
2594 2902 2708 2974 39.)
2747 2926 2763 2949 ι
2796 2902 3028 2960 Conﬁdo
3045 2904 3190 2958 enim
3216 2903 3344 2976 quia
3369 2919 3552 2975 neque
3578 2921 3748 2960 mors.
3769 2929 3785 2950 ι

2193 2987 2542 3046 Conﬁdentia
2583 2990 2698 3047 hzec
2729 2992 2795 3047 de
2821 2993 3116 3064 sponsione
3137 2993 3344 3049 Christi
3378 3001 3487 3062 est,
3520 3010 3632 3066 qua
3665 3010 3796 3067 pro-

2194 3076 2346 3132 misit
2372 3077 2427 3132 in
2460 3078 2814 3135 tribulatione
2845 3080 3105 3152 adjuvare
3135 3081 3239 3136 sibi
3263 3081 3501 3136 dicatam
3537 3082 3726 3138 ﬁdem.

2276 3189 2295 3212 ε
2325 3166 2509 3238 Neque
2535 3167 2668 3235 vita,
2701 3185 2875 3240 neque
2905 3171 3150 3241 angelus,
3173 3185 3349 3242 neque
3379 3169 3590 3241 virtus,
3623 3185 3796 3244 neque

2188 3255 2446 3324 altitudo,
2477 3273 2652 3329 neque
2699 3258 3056 3330 profundum,
3076 3276 3251 3332 neque
3271 3263 3592 3331 praesentia,
3625 3273 3796 3333 neque

2188 3346 2394 3414 futura,
2436 3361 2612 3418 neque
2661 3346 2768 3402 alia
2801 3358 3052 3404 creatura
3079 3350 3284 3420 poterit
3333 3367 3437 3406 nos
3490 3366 3742 3424 separare
3767 3363 3797 3403 a

2188 3434 2454 3492 charitate
2496 3436 2614 3505 Dei,
2670 3452 2790 3508 qua;
2838 3445 2925 3493 est
2979 3438 3039 3494 in
3095 3438 3320 3496 Christo
3376 3440 3509 3496 Jesu
3555 3439 3792 3496 Domino

2189 3534 2395 3582 nostro.
2433 3551 2452 3574 ι
2511 3526 2638 3583 Haec
2685 3533 2812 3582 sunt
2863 3527 3070 3596 omnia,
3121 3545 3242 3602 quae
3279 3529 3347 3584 ad
3396 3529 3788 3586 abductionem

2188 3621 2431 3670 nostram
2462 3631 2494 3670 a
2537 3615 2760 3672 diabolo
2811 3615 3151 3685 inferuntur,
3189 3633 3309 3689 quae
3338 3616 3550 3675 idcirco
3582 3631 3786 3674 memo-

2190 3709 2292 3771 rat,
2340 3711 2402 3759 ut
2440 3704 2655 3760 muniat
2703 3721 2839 3770 nos;
2877 3712 2940 3760 ut
2983 3705 3028 3761 si
3071 3705 3417 3774 advenerint,
3451 3707 3788 3764 conﬁdentes

2189 3791 2256 3848 de
2307 3808 2421 3865 spe,
2471 3801 2524 3848 et
2560 3793 2786 3849 auxiliis
2833 3793 3062 3864 Christi,
3119 3796 3314 3852 armati
3365 3796 3473 3853 ﬁde
3525 3797 3784 3854 adversus

2189 3878 2308 3937 hac
2349 3897 2732 3954 repugnemus.
2765 3882 2909 3950 Quid
2955 3883 3102 3939 enim
3141 3886 3188 3940 si
3231 3901 3378 3942 mors
3408 3887 3568 3942 illata
3595 3884 3779 3950 fuerit,

2189 3987 2372 4027 nonne
2405 3971 2619 4028 lucrum
2647 3981 2729 4029 est
2771 3973 3078 4030 maximum
3114 3976 3460 4032 occasionem
3509 3975 3780 4042 invenire,

2189 4077 2296 4134 qua
2323 4061 2488 4118 citius
2537 4069 2691 4118 eatur
2732 4062 2790 4118 in
2820 4079 3046 4134 regnum
3095 4064 3426 4136 promissum
3450 4065 3478 4122 εἰ
3525 4066 3710 4138 Neque
3737 4061 3778 4117 si

2188 4168 2446 4224 praesens,
2476 4153 2594 4208 vita
2621 4153 2890 4225 promissa
2935 4152 3096 4210 nobis
3139 4154 3308 4210 fuerit
3353 4153 3624 4226 dignitate
3653 4169 3780 4209 mu-

2189 4241 2324 4310 nita,
2383 4241 2544 4296 debet
2585 4257 2686 4297 nos
2739 4249 2986 4298 avertere
3019 4242 3086 4298 ab
3133 4259 3227 4314 spe
3258 4243 3518 4301 beneﬁcii
3548 4241 3775 4308 Christi,

2187 4345 2349 4403 quem
2387 4329 2613 4398 scimus,
2643 4329 2772 4402 quia
2799 4347 2910 4386 non
2944 4331 3122 4386 solum
3149 4331 3207 4386 in
3239 4331 3452 4398 futuro,
3503 4333 3598 4390 sed
3645 4339 3698 4388 et
3722 4330 3776 4385 in

2187 4421 2440 4493 praesenti
2506 4421 2750 4492 proderit
2790 4421 2968 4478 nobis.
3001 4423 3112 4478 Nec
3143 4421 3364 4494 quidem
3395 4423 3442 4480 si
3473 4441 3530 4480 se
3559 4423 3778 4494 angelus

2186 4510 2346 4566 nobis
2400 4510 2652 4568 ostendat
2724 4510 2794 4566 ad
2869 4510 3211 4568 seducendos
3282 4527 3401 4581 nos,
3449 4515 3776 4571 subornatus

2182 4599 2416 4656 fallaciis
2445 4601 2616 4673 patris
2663 4601 2750 4657 sui
2779 4601 2896 4673 (32)
2939 4601 3175 4672 diaboli,
3237 4605 3534 4674 praevalere
3561 4599 3774 4660 debebit

2184 4689 2474 4746 adversum
2521 4707 2653 4759 nos;
2712 4707 2844 4749 cum
2879 4692 3120 4746 sciamus
3175 4689 3416 4761 Christo,
3477 4699 3540 4748 ut
3595 4686 3772 4761 magni

2183 4781 2402 4837 consilii
2433 4782 2645 4854 Angelo
2691 4781 2834 4836 nihil
2901 4781 3334 4854 praeponendum
3374 4785 3518 4856 (Isa.
3567 4797 3647 4848 rx,
3693 4778 3768 4849 6).

2183 4871 2369 4945 Neque
2398 4872 2444 4926 si
2473 4871 2653 4927 virtus
2691 4869 2758 4924 ab
2787 4870 2976 4942 aliquo
3005 4871 3149 4928 facta
3177 4871 3370 4942 fuerit,
3399 4873 3544 4928 sicut
3573 4869 3770 4927 dicitur

2184 4959 2328 5018 facta
2355 4977 2387 5016 a
2415 4960 2636 5016 Simone
2683 4975 2860 5030 mago,
2901 4959 2996 5033 qui
3043 4959 3249 5016 dicitur
3293 4961 3352 5017 in
3380 4977 3502 5016 aere
3534 4971 3766 5022 sursum,

2184 5059 2248 5108 ut
2281 5051 2544 5123 populum
2611 5049 2814 5107 Christi
2860 5049 3274 5124 scandalizaret,
3332 5052 3565 5119 volasse,
3609 5045 3765 5103 ﬁdem

2187 5240 2515 5318 quibusdam
2546 5258 2665 5318 vox
2683 5247 2992 5318 memorata,
3037 5249 3091 5318 et
3119 5259 3216 5318 pro
3245 5243 3302 5298 in
3331 5243 3520 5300 merita
3562 5240 3617 5296 in
3631 5252 3766 5318 orn-

2185 5312 2353 5388 riibus
2383 5313 2494 5388 fere
2542 5315 2813 5388 scribitur
2849 5312 3365 5388 immeritaﬂnepta
3393 5312 3680 5388 sensu._i§.t
3707 5312 3762 5388 in

2188 5385 2384 5442 merita
2431 5385 2636 5461 Christi
2683 5385 3038 5461 seminamus,
3072 5387 3202 5458 quia
3251 5383 3366 5460 ipse
3395 5388 3546 5461 prior
3571 5383 3763 5440 dilexit

2186 5473 2305 5532 nos,
2330 5475 2402 5532 ac
2430 5458 2586 5532 dedit
2613 5458 2790 5532 nobis.
3273 5458 3288 5460 ί
3395 5458 3413 5461 “
3512 5529 3520 5532 Α
3677 5520 3738 5532 _.

2258 5530 2376 5612 (32)
2424 5530 2693 5589 Nonnulli
2756 5548 2910 5601 mss.,
2987 5533 3277 5590 subornata
3331 5529 3548 5602 fallacis
3595 5529 3760 5598 patri;c

2183 5617 2286 5658 sui.
3763 5634 3778 5642 ν
