3980 6392
159 390 256 452 137

1259 389 1623 449 COMMENT.
1663 388 1738 448 IN
1773 388 1993 462 Episr.
2033 388 2132 446 an
2170 388 2341 448 non.

3349 392 3456 464 ΜΒ

159 528 391 579 nostram
444 518 668 576 debebit
722 517 973 576 minuere
1001 559 1017 585 ,
1068 517 1361 574 scientium
1409 517 1746 576 Salvatorem
1781 518 1830 580 Α
1863 516 2063 574 missa:
2124 531 2188 573 ac
2232 531 2329 591 per
2373 515 2484 575 hoc
2523 515 2674 574 dolet
2715 532 2885 594 genus
2934 532 3097 578 suum
3121 558 3138 588 ,
3183 516 3332 596 quod
3363 526 3456 593 est

158 609 296 667 nube
343 609 647 668 famulante
676 615 987 682 susceptum
1033 608 1345 665 ascendisse
1371 625 1536 682 supra
1565 623 1756 665 omnes

159 697 315 754 caelos
345 695 487 768 (Act.
522 714 564 767 ι,
608 699 687 770 9).
721 698 904 769 Neque
937 695 982 752 si
1023 695 1082 751 in
1127 696 1478 754 altitudinem
1509 711 1566 753 se
1596 694 1756 752 nobis

158 787 443 857 ostendat,
489 788 556 846 de
607 805 714 862 qua
761 787 898 844 dicit
940 787 1175 845 Joannes
1223 789 1533 861 apostolus:
1601 811 1619 836 ι
1667 787 1754 843 An

156 877 418 952 ignoratis
465 877 812 934 altitudinem
861 876 1072 936 Satanae
1115 877 1313 949 (Apoc.
1359 894 1418 945 ιι,
1471 875 1619 948 24)ἳ
1648 901 1666 924 ι
1727 892 1758 932 a

157 966 447 1024 devotione
496 984 594 1024 nos
639 965 861 1024 Domini
889 968 1017 1024 Iesu
1064 967 1286 1024 debebit
1314 968 1550 1034 auferre,
1592 982 1755 1040 quem

159 1058 360 1114 scimus
393 1055 735 1114 descendisse
776 1055 843 1114 de
874 1058 1034 1126 coelo,
1082 1065 1144 1114 ut
1172 1066 1388 1115 terrena
1417 1056 1758 1130 spiritalibus

159 1148 388 1205 sociarat
408 1147 544 1219 (33).
577 1147 763 1221 Neque
790 1147 836 1204 si
868 1164 964 1221 per
980 1147 1344 1220 phantasiam,
1370 1165 1477 1223 qua
1501 1147 1758 1206 seducere

161 1235 474 1305 meditatur,
506 1236 845 1310 profundum
888 1237 1047 1294 nobis
1086 1239 1336 1296 ostendat
1380 1239 1606 1295 horrore
1643 1238 1759 1294 mi-

159 1324 412 1395 randum,
462 1342 568 1400 qua
616 1327 794 1382 territi
850 1327 988 1383 forte
1036 1327 1462 1386 succumbamus
1500 1327 1615 1384 illi:
1658 1344 1759 1385 nec

161 1415 238 1474 sic
267 1414 494 1488 dignum
527 1423 630 1486 est,
663 1425 722 1473 ut
762 1417 982 1476 Christo
1020 1417 1184 1475 ﬁdem
1227 1419 1564 1492 frangamus,
1592 1435 1754 1492 quem

160 1505 364 1562 scimus
412 1506 586 1562 nostri
632 1522 794 1565 causa
840 1506 898 1563 in
951 1506 1286 1582 profundum
1338 1515 1494 1564 terrae
1537 1508 1758 1565 descen-

162 1593 305 1651 disse
343 1603 397 1652 et
445 1603 621 1652 morte
669 1612 853 1668 pressa
893 1613 1064 1670 genus
1123 1596 1425 1654 humanum
1478 1597 1754 1652 liberasse.

161 1683 344 1756 Neque
391 1683 438 1740 si
470 1683 658 1742 futura
685 1684 848 1742 nobis
876 1685 1162 1759 spondeat,
1193 1702 1313 1760 quae
1343 1685 1598 1759 promisit
1626 1686 1758 1741 Evae

162 1772 322 1842 (Gen.
377 1790 460 1843 Ill,
511 1773 566 1843 4,
596 1775 677 1846 5),
710 1792 993 1834 assensum
1040 1777 1296 1834 dabimus
1341 1776 1445 1844 illi,
1479 1775 1700 1832 discreti
1729 1790 1761 1830 a

163 1860 404 1962 Christo,
461 1879 623 1965 quem
667 1864 877 1964 virtute
923 1871 976 1920 et
1022 1873 1218 1965 natura
1262 1865 1759 1965 Deuchredimus
1794 1885 1838 1947 Β
1868 1909 1937 1948 ex
1957 1860 2158 1965 ﬁnibus
2179 1860 2431 1950 Ch'risms

163 1959 214 2008 et
257 1951 489 2008 scimus.
532 1952 642 2010 Nec
672 1953 717 2010 si
765 1961 881 2010 arte
927 1963 980 2010 et
1027 1954 1333 2011 subtilitate
1381 1953 1496 2026 (34)
1547 1954 1761 2010 astutize

160 2058 268 2098 suae
299 2041 467 2097 aliam
498 2051 803 2098 creaturam
837 2043 1008 2116 ﬁngat
1055 2043 1122 2100 ad
1164 2043 1380 2112 horam,
1413 2043 1556 2100 sicut
1587 2043 1759 2099 ﬁnxe-

162 2139 290 2188 runt
316 2129 541 2187 Iamnes
569 2140 620 2187 et
651 2131 922 2189 Mambres
961 2149 1145 2190 coram
1178 2131 1459 2189 Pharaone
1496 2133 1592 2204 (II
1624 2134 1759 2190 Tim.

159 2235 241 2289 in,
279 2218 338 2290 8)
365 2238 378 2287 ;
407 2219 804 2277 inconveniens
831 2229 932 2289 est,
966 2231 1028 2279 ut
1048 2238 1144 2294 per
1163 2221 1280 2279 haec
1310 2238 1340 2276 a
1377 2222 1490 2278 Deo
1518 2228 1764 2278 creatore

159 2324 288 2366 vero
319 2324 423 2366 nos
465 2318 704 2378 revocet,
753 2325 915 2383 quem
946 2326 1057 2365 non
1106 2309 1424 2381 ignaramus
1467 2326 1562 2382 per
1591 2309 1764 2368 Chri-

161 2406 305 2456 stum
339 2399 547 2456 Filium
578 2415 738 2454 suum
757 2407 1062 2456 creaturam
1085 2397 1399 2455 condidisse
1420 2397 1478 2454 in
1495 2406 1758 2456 aeternum

161 2490 547 2546 exsistentem.
601 2487 940 2558 Quibusdam
979 2488 1200 2545 videtur
1249 2490 1413 2544 aliam
1461 2497 1766 2546 creaturam

173 2577 385 2637 dixisse
427 2578 494 2635 de
547 2577 751 2648 idolis;
798 2579 894 2636 sed
927 2596 1038 2636 non
1086 2589 1167 2636 est
1207 2597 1422 2648 verum,
1469 2579 1599 2652 quia
1629 2579 1771 2637 hanc

171 2669 365 2726 debuit
395 2667 724 2741 signiﬁcare,
759 2686 922 2742 quam
959 2667 1062 2725 sub
1092 2667 1454 2724 admiratione
1485 2667 1772 2724 seductio-

173 2761 260 2817 nis
313 2759 538 2816 videtur
583 2759 786 2831 ﬁngere
833 2760 1076 2816 Satanas.
1127 2759 1261 2814 Nam
1311 2758 1436 2832 quis
1478 2758 1772 2814 seducatur

176 2848 428 2905 ﬁdelium
485 2849 554 2904 ad
607 2847 727 2905 haec
757 2891 770 2917 ,
811 2864 843 2904 a
895 2847 1097 2922 quibus
1147 2847 1370 2904 recessit
1423 2848 1772 2904 manifestato

169 2936 403 2992 errore?
445 2941 537 2996 79
575 2935 677 2991 Sed
710 2935 826 2992 haec
873 2935 1172 2992 meditatur
1216 2943 1269 2991 et
1299 2934 1489 3007 ﬁngit,
1513 2950 1608 3006 per
1651 2950 1772 3006 quae

172 3031 337 3088 etiam
369 3032 571 3089 electos
599 3033 774 3106 possit
811 3032 1088 3088 seducere.
1120 3032 1281 3088 Nulla
1310 3049 1436 3104 ergo
1465 3039 1616 3100 sunt,
1648 3048 1773 3104 quae

177 3142 277 3184 nos
318 3129 535 3200 possint
563 3144 595 3184 a
639 3127 907 3184 charitate
957 3127 1056 3184 Dei
1102 3143 1370 3199 separare,
1417 3142 1537 3200 quae
1584 3133 1666 3182 est
1717 3125 1773 3180 in

174 3215 398 3275 Christo
449 3217 630 3274 Iesu:
691 3219 838 3274 Deus
884 3216 1030 3272 enim
1099 3215 1423 3272 charitatem
1489 3231 1642 3271 suam
1713 3213 1771 3270 in

170 3305 396 3366 Christo
452 3308 611 3366 nobis
667 3307 958 3377 ostendit,
1026 3307 1158 3365 dum
1234 3306 1401 3365 tradit
1454 3307 1614 3366 illum
1673 3323 1772 3380 pro

171 3397 355 3456 nobis.

785 3518 1014 3580 CAPUT
1058 3520 1159 3577 IX.

241 3628 432 3700 (Vera.
484 3629 622 3701 1-3.)
687 3653 705 3675 ε
751 3627 1053 3685 Veritatem
1099 3627 1225 3684 dico
1255 3627 1311 3682 in
1360 3624 1579 3684 Christo
1623 3625 1771 3696 Iesu,

167 3738 278 3777 non
331 3720 594 3785 mentior,
643 3715 1024 3773 testimonium
1077 3715 1217 3772 mihi
1268 3715 1590 3789 perbibente
1627 3731 1771 3772 con-

166 3808 405 3867 scientia
460 3823 579 3863 mea
627 3805 684 3860 in
731 3804 941 3878 Spiritu
989 3811 1197 3873 sancto,
1249 3805 1378 3877 quia
1420 3803 1647 3860 tristitia
1690 3811 1773 3861 est

167 3897 308 3954 mihi
343 3912 564 3968 magna,
607 3902 662 3951 et
699 3893 998 3951 continuus
1035 3893 1195 3951 dolor
1230 3893 1384 3950 cordi
1429 3909 1586 3960 meo;
1622 3900 1771 3966 opta-

168 3985 295 4043 bam
329 3984 482 4042 enim
532 4000 631 4057 ego
679 3983 794 4056 ipse
837 3982 1129 4040 anathema
1174 3998 1289 4040 esse
1333 3999 1364 4038 a
1408 3981 1629 4040 Christo
1675 3998 1773 4056 pro

169 4073 440 4130 fratribus
487 4072 662 4141 meis,
711 4073 959 4144 cognatis
1009 4073 1314 4130 secundum
1368 4087 1586 4128 carnem
1611 4114 1628 4140 ,
1678 4071 1774 4144 qui

168 4173 298 4222 sunt
346 4163 634 4222 Israelita.
668 4188 686 4211 ι
731 4163 1004 4232 Quoniam
1046 4163 1298 4236 superius
1339 4171 1529 4220 contra
1558 4161 1775 4220 Iudaeos

174 4255 324 4328 loqui
366 4254 626 4322 videtur,
678 4253 773 4328 qui
819 4269 889 4310 ex
937 4253 1054 4326 lege
1103 4252 1396 4325 justiﬁcari
1438 4270 1495 4312 se
1538 4258 1767 4327 putant:

172 4360 322 4401 nunc
348 4352 412 4400 ut
441 4351 633 4400 votum
663 4359 827 4399 suum
848 4350 908 4398 et
927 4343 1182 4398 aﬁ‘ectum
1205 4342 1352 4399 circa
1380 4358 1472 4398 eos
1499 4341 1773 4408 ostendat,

173 4441 306 4490 teste
335 4432 680 4491 conscientia
723 4447 840 4501 sua,
872 4431 930 4487 in
960 4431 1181 4488 Christo
1218 4431 1345 4488 Iesu
1378 4439 1432 4487 et
1462 4431 1520 4487 in
1562 4432 1774 4504 Spiritu

173 4531 361 4580 sancto
389 4522 533 4579 dicit
561 4537 617 4578 se
645 4522 819 4595 loqui,
854 4529 916 4577 ut
946 4537 1056 4577 non
1097 4522 1250 4577 velut
1278 4520 1508 4578 inimico
1550 4520 1773 4577 illorum

1864 605 2168 663 secundum
2223 621 2441 664 carnem
2494 624 2509 676 ;
2583 606 2713 680 quia
2759 605 3140 664 incredulitate
3193 624 3291 666 sua
3349 607 3456 684 hoc

1865 694 2091 769 perenni
2141 704 2196 753 et
2241 694 2467 753 salutari
2517 693 2789 752 beneﬁcio
2838 711 2895 751 se
2923 694 3233 768 privarunt.
3266 697 3411 774 Ergo
3435 741 3452 769 ,

1865 786 2132 858 optabam,
2177 785 2274 855 ait,
2325 802 2438 843 non
2467 793 2626 860 opto;
2661 786 2788 859 quia
2814 783 2920 844 scit
2968 783 3090 842 ﬁeri
3133 801 3245 842 non
3279 802 3456 860 posse,

1865 887 1926 933 ut
1982 885 2091 934 tam
2149 875 2442 932 honestum
2497 874 2806 933 membrum
2837 916 2856 942 ,
2919 874 3074 930 nullo
3121 871 3461 948 praecedente

1867 968 2027 1036 vitio,
2085 967 2499 1026 abscinderetur
2556 983 2589 1023 a
2637 981 2868 1040 corpore
2924 963 3239 1024 Christiano
3297 965 3415 1042 (35)
3443 1009 3459 1037 ,

1866 1059 2122 1116 affectum
2167 1068 2349 1117 tamen
2395 1065 2450 1117 et
2492 1056 2849 1116 dilectionem
2894 1055 3042 1116 circa
3081 1071 3254 1133 genus
3296 1072 3459 1118 suum

1866 1147 2130 1206 ostendit.

1939 1246 2122 1319 (Vers.
2155 1244 2236 1318 4.)
2278 1269 2296 1294 ι
2327 1245 2572 1316 Quorum
2601 1244 2827 1321 adoptio
2850 1253 2932 1304 est
2961 1245 3228 1305 ﬁliorum.
3257 1269 3276 1296 ο
3311 1243 3464 1306 Iuste

1866 1352 1923 1394 se
1954 1335 2141 1393 dolere
2172 1335 2384 1410 probat,
2430 1334 2652 1410 quando
2696 1336 2958 1409 praedicat
2990 1335 3208 1393 laudem
3250 1335 3464 1410 generis

1867 1441 2078 1494 eorum,
2117 1425 2248 1500 quia
2277 1425 2411 1482 olim
2451 1424 2555 1482 ﬁlii
2585 1423 2854 1499 adoptati,
2879 1425 3135 1484 affectum
3161 1433 3215 1482 et
3235 1425 3464 1498 gratiam

1867 1514 1965 1572 Dei
1988 1515 2164 1572 Patris
2198 1516 2255 1572 in
2286 1513 2506 1572 irritum
2550 1513 2884 1573 habuerunt.
2917 1514 3138 1588 Adjecit
3168 1514 3370 1586 adhuc,
3404 1524 3468 1572 ut

1867 1611 1921 1660 et
1949 1604 2087 1661 alios
2115 1603 2304 1662 dolere
2333 1621 2432 1679 pro
2470 1602 2559 1662 his
2590 1604 2773 1674 faciat,
2800 1603 3022 1662 dicens:

1943 1713 2126 1782 (Vers.
2165 1713 2247 1784 5.)
2301 1736 2319 1760 ι
2352 1712 2424 1769 Et
2463 1712 2656 1784 gloria,
2695 1721 2751 1769 et
2787 1719 3134 1784 testamenta,
3169 1721 3224 1771 et
3253 1713 3464 1787 legisla-

1868 1801 1973 1869 tio,
2017 1809 2071 1857 et
2099 1800 2449 1874 obsequium,
2490 1809 2545 1857 et
2577 1801 2864 1874 promissa,
2909 1817 3143 1875 quorum
3175 1801 3380 1873 Patres,
3413 1810 3470 1859 et

2459 1891 2762 1949 secundum
2791 1907 3034 1961 carnem,
3069 1891 3166 1968 qui
3193 1900 3276 1950 est
3300 1909 3466 1966 super

1871 1981 2059 2038 omnia
2086 1982 2231 2038 Deus
2258 1981 2582 2039 benedictus
2626 1981 2684 2038 in
2727 1982 2945 2040 sacula.
2991 1983 3188 2039 Amen.
3216 2007 3234 2030 -
3295 1982 3472 2040 Tanta

1873 2071 2145 2144 praeconia
2175 2071 2482 2129 nobilitatis
2515 2080 2570 2128 et
2597 2071 2890 2146 dignitatis
2910 2071 3123 2145 generis
3152 2071 3470 2133 Iudaeorum

1873 2168 1928 2216 et
1976 2159 2405 2232 promissionum
2451 2169 2760 2230 enumerat,
2810 2169 2872 2218 ut
2917 2159 3179 2218 omnibus
3230 2178 3330 2234 pro
3383 2162 3472 2226 his

1873 2249 2120 2306 dolorem
2151 2249 2426 2320 incutiat,
2467 2252 2598 2326 quia
2628 2267 2740 2308 non
2780 2250 3098 2324 recipiendo
3131 2251 3472 2311 Salvatorem

1877 2339 2293 2412 praerogativam
2319 2341 2567 2411 Patrum,
2595 2349 2650 2398 et
2670 2341 3053 2414 promissionis
3075 2341 3334 2399 meritum
3355 2357 3472 2415 per-

1875 2428 2158 2498 diderunt,
2191 2430 2403 2503 pejores
2442 2430 2743 2504 gentilibus
2770 2431 2924 2500 facti,
2956 2447 3094 2504 quos
3121 2423 3296 2503 prius,
3342 2432 3475 2506 quia

1876 2519 1994 2576 sine
2033 2521 2149 2575 Deo
2189 2526 2366 2588 erant,
2409 2519 2904 2578 abominahantur:
2954 2521 3278 2593 propensius
3322 2521 3473 2578 enim

1878 2607 2083 2664 malum
2097 2617 2178 2665 est
2195 2607 2518 2680 dignitatem
2543 2608 2867 2681 perdidisse,
2879 2624 3044 2684 quam
3063 2625 3176 2666 non
3192 2608 3468 2668 habuisse.

1878 2697 2093 2754 Interea
2119 2695 2187 2752 de
2215 2696 2497 2754 Salvatore
2523 2696 2693 2754 dicit:

1965 2828 1984 2852 ι
2021 2803 2126 2872 Qui
2146 2814 2228 2862 est
2256 2821 2420 2878 super
2449 2804 2636 2861 omnia
2653 2807 2798 2861 Deus
2826 2803 3149 2864 benedictus
3166 2806 3223 2862 in
3248 2807 3469 2868 saecula.

1879 2895 2078 2951 Amen.
2109 2918 2128 2942 ι
2197 2893 2429 2961 Quando
2479 2894 2626 2950 enim
2673 2893 2828 2950 nulla
2874 2895 3087 2967 paterni
3133 2897 3380 2953 nominis
3409 2897 3476 2956 ﬁt

1881 2983 2111 3050 mentio,
2142 2990 2198 3040 et
2223 2983 2290 3039 de
2311 2983 2536 3042 Christo
2563 2999 2744 3040 sermo
2763 2992 2868 3053 est,
2894 3001 3006 3041 non
3033 2991 3212 3058 potest
3235 2984 3472 3058 diﬁ'erri,

1883 3089 1952 3128 ne
1989 3075 2136 3130 Deus
2181 3073 2417 3130 dicatur.
2450 3075 2787 3147 Frequenter
2833 3074 2982 3131 enim
3029 3075 3311 3149 Scriptura
3352 3093 3475 3150 pro-

1882 3170 2003 3235 pter
2045 3164 2214 3220 unius
2250 3164 2350 3220 Dei
2398 3163 2816 3236 professionem,
2847 3163 2894 3221 si
2941 3163 3009 3221 de
3053 3166 3168 3222 Deo
3209 3165 3367 3223 Patre
3395 3166 3476 3224 lo-

1807 3251 2090 3327 Cquitur,
2151 3261 2206 3310 et
2256 3254 2370 3310 Deo
2423 3251 2678 3326 adjungit
2731 3253 2969 3322 Filium,
3029 3255 3202 3310 Deum
3259 3255 3506 3319 Patrem_

1882 3351 2076 3412 vocat,
2135 3351 2190 3400 et
2240 3343 2445 3399 Filium
2493 3343 2814 3400 Dominum.
2864 3342 2922 3399 Si
2970 3342 3095 3414 quis
3138 3350 3319 3400 autem
3362 3360 3476 3402 non

1882 3440 2039 3506 putat
2081 3430 2150 3487 de
2193 3431 2413 3490 Christo
2459 3431 2711 3488 dictum:
2765 3431 2870 3499 Qui
2897 3437 2972 3487 est
3012 3431 3174 3500 Deus,
3219 3429 3313 3488 det
3358 3448 3478 3506 per-

1881 3539 2095 3590 sonam,
2128 3523 2196 3579 de
2223 3539 2332 3596 qua
2359 3523 2569 3580 dictum
2601 3531 2713 3579 est:
2749 3520 2818 3580 de
2861 3521 3020 3578 Patre
3048 3521 3195 3579 enim
3226 3523 3340 3579 Deo
3369 3520 3478 3582 hoc

1882 3613 2004 3670 loco
2034 3612 2240 3669 mentio
2287 3612 2430 3669 facta
2459 3627 2571 3668 non
2617 3619 2718 3668 est.
2749 3609 2856 3668 Sed
2901 3610 3036 3685 quid
3072 3611 3294 3681 mirum,
3337 3612 3384 3668 si
3414 3611 3475 3670 in

1882 3702 1989 3760 hoc
2013 3703 2132 3761 loco
2171 3702 2455 3762 Christum
2488 3703 2664 3760 Deum
2712 3717 2877 3775 super
2900 3701 3091 3758 omnia
3133 3709 3318 3776 aperta
3341 3719 3476 3762 voce

1883 3791 2218 3866 loqueretur,
2264 3792 2332 3850 de
2376 3808 2488 3866 quo
2533 3792 2642 3848 alia
2689 3790 2746 3846 in
2784 3790 3014 3865 epistola
3059 3791 3210 3848 hunc
3253 3807 3476 3852 sensum

1881 3884 1981 3941 tali
2025 3899 2280 3942 sermone
2322 3882 2587 3952 ﬁrmavit,
2636 3881 2860 3940 dicens:
2941 3906 2960 3931 ι
3013 3882 3083 3940 Ut
3137 3881 3196 3938 in
3251 3884 3476 3941 nomine

1881 3973 2009 4030 Iesu
2047 3989 2212 4030 omne
2254 3988 2396 4046 genu
2443 3971 2716 4037 ﬂectatur,
2759 3972 3083 4041 caelestium,
3131 3974 3475 4033 terrestrium

1883 4072 1936 4120 et
1959 4062 2303 4120 infernorum
2337 4061 2596 4135 (Philipp.
2631 4079 2693 4128 ir,
2724 4061 2814 4134 10)
2845 4061 2875 4119 ?
2898 4086 2918 4110 ι
2965 4062 3091 4120 Hac
3109 4069 3238 4120 sunt
3265 4064 3475 4134 omnia,

1882 4169 2046 4226 super
2072 4168 2192 4226 ᾳιιω
2221 4153 2367 4209 Deus
2395 4151 2648 4210 Christus
2679 4158 2781 4208 est.
2813 4150 3000 4224 Neque
3027 4151 3200 4221 enim,
3230 4155 3476 4228 exceptis

1883 4239 1990 4310 his,
2041 4249 2172 4299 sunt
2216 4240 2420 4314 aliqua,
2466 4247 2530 4297 ut
2556 4254 2670 4297 non
2717 4254 2882 4314 super
2908 4239 3096 4297 omnia
3124 4243 3272 4300 Deus
3317 4242 3476 4302 Chri-

1882 4339 2000 4389 stus
2025 4331 2132 4388 sit:
2183 4346 2284 4388 nec
2312 4337 2490 4404 potest
2537 4345 2680 4403 genu
2722 4327 2938 4387 ﬂectere
2975 4328 3158 4387 omnis
3202 4339 3473 4404 creatura,

1883 4421 1991 4478 nisi
2035 4423 2168 4478 Deo.
2199 4419 2447 4493 Denique
2493 4419 2728 4476 Ioannes
2767 4418 3046 4492 apostolus
3093 4435 3219 4477 cum
3265 4420 3474 4480 inscius

1882 4511 2134 4584 angelum
2191 4517 2257 4567 ut
2303 4511 2479 4566 Deum
2527 4508 2695 4565 vellet
2747 4507 2994 4577 adorare,
3051 4508 3204 4566 audit
3253 4509 3322 4565 ab
3371 4525 3469 4566 ωε

168 4611 298 4670 ﬁdes
323 4612 521 4668 haberi
554 4628 668 4668 non
695 4611 885 4684 possit.
921 4611 1048 4667 Ideo
1102 4610 1386 4668 Christum
1417 4620 1471 4668 et
1501 4611 1767 4684 Spiritum
1805 4629 1854 4690 υ
1897 4627 1916 4650 ι
1943 4602 2021 4658 Ne
2050 4600 2262 4690 feceris.
2295 4600 2557 4673 quoniam
2587 4613 2884 4690 0003§qu3
2919 4605 3223 4690 inuisum;
3271 4599 3470 4690 Πθιιηξ.

172 4715 442 4772 sanctum,
478 4720 617 4777 quos
663 4703 802 4758 nihil
859 4703 1010 4770 latet,
1058 4709 1221 4758 testes
1272 4702 1396 4758 dat:
1452 4709 1505 4758 et
1534 4718 1767 4774 quorum

173 4795 556 4852 testimonium
581 4792 860 4865 reprobari
892 4809 1002 4849 non
1033 4800 1229 4864 potest,
1259 4793 1352 4865 qui
1381 4791 1462 4849 sic
1483 4791 1770 4864 perhibent

173 4885 550 4941 testimonium
573 4883 857 4956 Apostolo,
899 4882 1029 4939 dum
1079 4882 1468 4940 commendant
1505 4898 1629 4937 eum
1660 4882 1768 4936 vir-

174 4978 286 5030 tute
314 4974 626 5046 signorum,
658 4990 776 5046 quae
818 4972 1089 5028 faciebant
1121 4989 1214 5044 per
1244 4973 1423 5028 illum.
1455 4971 1595 5040 Quia
1621 4972 1766 5027 enim

174 5067 282 5117 tam
327 5079 591 5132 magnum
626 5061 939 5134 praesidium
973 5068 1054 5118 est
1083 5061 1309 5130 Christi,
1358 5069 1410 5118 et
1441 5062 1768 5135 precipuam

176 5147 499 5208 charitatem
528 5168 656 5221 erga
679 5168 848 5222 genus
879 5151 1180 5208 humanum
1213 5151 1474 5216 ostendit,
1504 5161 1557 5208 et
1582 5151 1768 5224 digna-

178 5238 324 5296 tione
378 5240 504 5314 ejus
553 5240 788 5313 gloriosa
832 5250 886 5298 et
929 5240 1264 5298 immortalia
1309 5240 1536 5314 praemia
1589 5256 1769 5313 repro-

246 5400 359 5474 (33)
401 5404 564 5460 Rom.
597 5402 732 5459 edit.
764 5403 900 5469 sola,
931 5409 989 5458 ut
1019 5409 1226 5458 terrena
1254 5402 1540 5457 caelestibus
1586 5403 1768 5457 socia-

177 5480 268 5546 nt.
302 5474 450 5530 Infra
481 5491 614 5531 vero
639 5474 734 5530 ubi
767 5482 886 5531 vet.
923 5475 1056 5531 edit.
1091 5491 1154 5530 ac
1183 5475 1364 5546 plures
1395 5490 1546 5546 mss.,
1587 5491 1769 5528 ewore

177 5545 506 5612 mirandum,
538 5547 725 5602 eadem
760 5548 917 5603 Rom.
953 5547 1085 5602 edit.
1118 5545 1198 5602 exi
1225 5547 1356 5603 Gill.
1405 5545 1461 5600 in
1509 5561 1680 5618 marg.
1713 5552 1766 5601 et

178 5631 299 5673 mss.
339 5619 627 5674 nonnullis
657 5619 916 5684 restituit,
950 5619 1172 5673 horrore
1210 5618 1534 5674 mirandum.

244 5688 358 5762 (34)
402 5690 608 5762 Omnes
637 5689 769 5746 edit.
803 5697 856 5746 et
888 5707 1017 5747 mss.
1050 5706 1111 5746 ac
1141 5691 1295 5762 pauci
1329 5706 1482 5758 mss.,
1511 5695 1559 5744 et
1586 5688 1766 5762 subli—

178 5760 383 5830 mitate;
428 5761 636 5830 caeteri,
668 5762 725 5817 in
763 5762 962 5835 quibus
988 5760 1346 5837 antiquiores,
1370 5769 1417 5820 et
1457 5761 1760 5820 subtilitate.

349 5860 596 5916 ΡΑτιιοι..
639 5858 818 5916 XVII.

1879 4692 2084 4765 inquit,
2114 4689 2280 4747 adora
2312 4690 2501 4762 (Apoc.
2553 4704 2674 4756 χιχ,
2709 4687 2822 4758 10).
2855 4711 2873 4734 ι
2916 4686 3026 4743 Nec
3055 4685 3326 4742 Dominus
3364 4687 3474 4744 uti-

1879 4799 1984 4858 que
2029 4780 2244 4838 adorari
2301 4794 2357 4835 se
2397 4786 2692 4852 pateretur,
2745 4776 2851 4832 nisi
2892 4775 3021 4848 quia
3066 4775 3212 4832 Deus
3256 4785 3374 4834 est:
3422 4779 3472 4836 si

1878 4890 1988 4947 quo
2018 4872 2222 4939 minus,
2245 4884 2536 4941 usurpasse
2550 4865 2817 4925 dicendus
2831 4873 2934 4933 est,
2957 4872 3011 4921 et
3026 4881 3295 4938 peccasse,
3321 4867 3470 4940 quod

1877 4962 2042 5031 absit,
2096 4978 2219 5018 cum
2271 4960 2386 5032 ipse
2442 4955 2724 5012 diabolum
2782 4953 3109 5025 increpans,
3166 4955 3468 5016 Dominum

1877 5055 2050 5110 Deum
2081 5049 2442 5114 adorandum,
2476 5052 2529 5102 et
2558 5043 2661 5118 ipsi
2692 5043 2794 5100 soli
2825 5044 3176 5101 serviendum
3218 5045 3470 5106 ostendat

1881 5142 2092 5216 (Matth.
2125 5157 2203 5208 IV,
2237 5138 2348 5208 10).
2375 5135 2526 5192 Nihil
2553 5151 2680 5208 ergo
2715 5132 3111 5207 przejudicatur
3151 5136 3265 5193 Deo
3295 5135 3466 5206 Patri,

1875 5251 2002 5293 cum
2029 5232 2286 5290 adoratur
2314 5228 2565 5288 Christus
2593 5236 2656 5284 ut
2690 5228 2858 5298 Deus,
2894 5227 3025 5304 quia
3051 5244 3178 5286 cum
3219 5228 3323 5284 soli
3351 5229 3466 5286 Deo

1876 5401 2098 5481 Rursus_
2129 5400 2317 5481 paucis
2352 5397 2672 5472 interjectis.
2713 5399 2869 5458 Eras.
2917 5415 2980 5456 ac
3014 5411 3126 5481 seq.
3158 5397 3296 5481 edit.
3335 5411 3463 5481 cum

1875 5489 1986 5528 uno
2015 5472 2100 5527 vel
2131 5470 2300 5528 altero
2331 5489 2458 5528 mss.
2495 5470 2866 5543 reposuerant,
2893 5470 3196 5543 conveniens
3224 5475 3335 5543 est;
3367 5470 3464 5530 ubi

1875 5561 1975 5618 nos
2018 5561 2142 5618 cum
2201 5545 2424 5602 Amerb.
2472 5551 2526 5600 et
2557 5541 2844 5618 plerisque
2874 5559 3005 5600 mss.
3051 5542 3184 5600 resti
3215 5541 3462 5613 tuimus,

1873 5617 2236 5695 inconeeniens
2263 5622 2360 5673 est.
2391 5687 2430 5695 η
2858 5682 2869 5695 .

1878 5687 2084 5821 61535),
2127 5689 2285 5748 Rom.
2346 5687 2478 5748 edit.
2535 5701 2662 5750 cum
2714 5687 2902 5758 paucis
2954 5698 3111 5756 mss.,
3168 5702 3203 5744 α
3245 5697 3464 5762 corpore

1957 5779 2033 5818 νιδ
2064 5779 2101 5819 ι.

1957 5761 2101 5819 risti.
