3980 6388
537 399 638 459 I39

1547 398 1644 454 AD
1683 394 1919 455 OPERA
1958 397 2012 454 S.
2055 393 2392 457 AMBROSII
2431 394 2810 457 APPENDIX.

3741 395 3841 459 140

533 526 882 585 serviendum
911 527 1147 596 dicatur,
1178 526 1418 584 servitur
1446 533 1499 584 et
1533 527 1772 586 Christo.
1806 529 1953 586 Dicit
1975 529 2121 584 enim
2153 531 2202 590 A
2232 535 2383 586 ctum
2415 539 2497 587 est
2529 547 2657 603 ergo
2687 529 2941 599 Abrahae,
2971 528 3102 604 quia
3152 553 3170 578 ι
3202 531 3264 586 In
3295 530 3504 588 semine
3535 541 3636 590 tuo
3666 532 3841 590 bene-

531 617 641 676 alio
671 619 827 675 loco:
877 617 1019 684 «Qui
1070 617 1127 672 in
1174 617 1261 672 his
1299 617 1468 674 servit
1499 617 1740 687 Christo,
1794 619 1970 690 placet
2013 621 2124 675 Deo

535 709 710 781 (Rom.
744 695 861 775 xiv,
899 706 1009 769 18).
1043 731 1060 753 ι
1105 705 1248 773 Quid
1279 723 1406 779 ergo
1435 717 1698 780 superest,
1731 708 1838 764 nisi
1871 717 1928 764 ut
1970 710 2126 766 Pater

531 799 697 866 Deus,
746 803 800 852 et
849 797 1022 852 Filius
1072 797 1236 865 Deus,
1284 805 1337 852 et
1379 797 1749 856 nihilominus
1786 814 1933 855 unus
1980 801 2124 855 Deus

533 889 787 949 credatur
814 896 1044 961 uterque
1067 888 1096 944 ‘I
1123 888 1249 944 Sive
1297 889 1441 944 enim
1493 889 1708 944 Patrem
1751 889 1874 960 quis
1911 889 2122 958 adoret,

456 1011 464 1019 -
534 980 650 1036 sive
681 979 907 1048 Filium,
953 995 1120 1035 unum
1170 981 1342 1035 Deum
1391 977 1596 1035 dicitur
1625 979 1871 1045 adorare,
1914 987 1967 1035 et
2001 996 2126 1035 ser—

533 1069 652 1127 vire
681 1070 850 1138 Patri,
881 1077 974 1124 aut
1005 1069 1146 1125 Filio
1178 1070 1319 1140 (36),
1350 1070 1447 1124 uni
1481 1071 1594 1124 Deo
1639 1068 1928 1124 servitium
1969 1069 2124 1124 exhi-

532 1161 711 1220 betur.
770 1168 865 1226 80
921 1159 1081 1216 Nulla
1129 1160 1298 1232 igitur
1356 1159 1616 1215 discretio
1664 1168 1792 1228 est,
1851 1160 1980 1232 quia
2031 1159 2125 1233 qui

534 1258 722 1317 adorat
777 1259 1004 1327 Filium,
1066 1261 1256 1317 adorat
1303 1270 1357 1317 et
1407 1259 1659 1317 Patrem:
1719 1267 1772 1315 et
1818 1259 1912 1331 qui
1956 1259 2127 1314 servit

533 1351 703 1421 Patri,
735 1352 907 1410 servit
945 1361 996 1408 et
1027 1353 1187 1408 Filio.
1226 1353 1296 1407 Et
1325 1359 1385 1408 ut
1413 1351 1532 1407 sine
1561 1350 1876 1406 adulatione
1907 1349 2126 1406 deitatis

533 1441 701 1516 hujus
753 1444 1150 1501 confessionem
1214 1459 1330 1500 esse
1377 1442 1632 1510 doceret,
1672 1441 1730 1496 in
1773 1441 2126 1498 conclusione

535 1535 738 1609 posuit.
783 1535 968 1603 Amen,
1002 1535 1106 1592 hoc
1148 1543 1250 1602 est,
1297 1551 1512 1603 verum,
1544 1540 1607 1588 ut
1636 1531 1916 1590 Christum
1953 1533 2127 1587 Deum

534 1641 698 1697 super
725 1625 915 1681 omnia
962 1625 1018 1682 in
1048 1625 1279 1682 veritate
1325 1622 1637 1680 ostenderet
1675 1621 2024 1678 benedictum
2072 1620 2127 1676 iu

533 1715 749 1772 saecula.

605 1808 788 1880 (Vers.
838 1809 919 1881 6.)
983 1835 1000 1856 ι
1030 1808 1150 1864 Non
1181 1816 1362 1865 autem
1403 1806 1613 1864 excidit
1660 1803 1890 1862 verbum
1942 1803 2062 1861 Dei.
2097 1827 2114 1851 ι

532 1899 653 1956 Non
675 1897 886 1954 excidit
916 1898 1146 1954 verbum
1176 1898 1274 1954 Dei
1321 1897 1584 1954 dicentis:
1634 1922 1652 1944 ι
1682 1897 1742 1952 In
1786 1897 1934 1951 Isaac
1973 1910 2130 1949 voca-
2159 1897 2206 1959 B

531 1986 684 2042 bitur
737 1987 841 2042 tibi
898 2002 1084 2042 semen
1142 1987 1296 2057 (Gen.
1349 2003 1471 2053 xxr,
1511 1985 1671 2056 12),»
1736 1984 1791 2039 id
1847 1993 1967 2049 est,
2025 1983 2129 2039 hoc

533 2075 738 2143 evenit,
772 2075 919 2148 quod
949 2075 1095 2131 dixit
1135 2076 1280 2131 Deus
1311 2074 1558 2130 futurum
1587 2093 1600 2141 ;
1650 2082 1712 2129 ut
1741 2089 1851 2129 non
1885 2073 1942 2128 hi
1971 2071 2130 2127 dice-

535 2175 728 2223 rentur
773 2179 958 2221 semen
1005 2181 1120 2222 esse
1168 2163 1424 2230 Abrahae,
1479 2165 1574 2236 qui
1620 2163 1724 2218 ﬁlii
1777 2162 1894 2234 ejus
1950 2170 2130 2218 essent

497 2290 504 2297 -
536 2254 838 2313 secundum
869 2270 1088 2311 carnem
1115 2271 1125 2310 :
1157 2253 1250 2309 sed
1309 2253 1400 2308 isti
1430 2253 1524 2325 qui
1582 2251 1747 2306 ﬁdem
1776 2251 2122 2323 acceperint,

534 2360 632 2419 per
686 2362 849 2418 quam
910 2355 1070 2401 natus
1126 2350 1225 2410 est,
1271 2343 1436 2411 Isaac,
1487 2341 1836 2397 reformatam
1883 2348 2127 2411 tempore

535 2436 762 2504 Christi,
822 2452 933 2490 non
989 2434 1104 2506 jam
1153 2433 1468 2505 specialem,
1517 2432 1611 2489 sed
1662 2431 2009 2503 generalem;
2066 2438 2127 2486 ut

534 2526 681 2601 quod
710 2523 990 2582 Abraham
1018 2522 1253 2581 credidit
1281 2522 1348 2578 de
1393 2523 1562 2591 Isaac,
1607 2522 1699 2577 isti
1741 2520 2024 2577 crederent
2061 2519 2127 2574 de

534 2621 649 2678 Deo
667 2627 721 2676 et
750 2617 1003 2685 Christo;
1037 2618 1165 2690 quia
1185 2625 1344 2673 natus
1374 2623 1455 2672 est
1474 2618 1573 2672 Dei
1605 2615 1781 2672 Filius
1811 2614 1878 2672 ad
1894 2614 2126 2670 salutem

531 2709 763 2767 humani
793 2709 1005 2782 generis
1026 2707 1401 2764 redimendam
1432 2706 1571 2779 (37).
1597 2731 1614 2754 ι

605 2800 788 2874 (Vers.
824 2800 902 2871 7.)
949 2823 967 2846 ε
1004 2798 1190 2871 Neque
1221 2812 1410 2853 omnes
1441 2797 1534 2870 qui
1571 2803 1702 2852 sunt
1742 2811 1810 2851 ex
1842 2794 2027 2862 Israel,
2065 2791 2126 2848 hi

530 2898 660 2946 sunt
715 2887 1005 2954 Israelitze;
1056 2902 1234 2959 neque
1279 2887 1410 2959 quia
1446 2901 1630 2942 semen
1684 2893 1814 2942 sunt
1865 2883 2122 2952 Abrahae,

530 2993 722 3035 omnes
770 2977 873 3031 ﬁlii
907 2995 918 3031 ε
960 2976 1053 3031 sed
1103 2977 1160 3030 in
1195 2977 1346 3032 Isaac
1396 2975 1684 3032 vocabitur
1710 2974 1814 3029 tibi
1843 2989 2049 3029 semen.
2093 2999 2112 3022 ι

529 3066 647 3122 Hoc
675 3074 756 3120 est
811 3064 927 3136 (38)
969 3063 1116 3136 quod
1164 3065 1281 3136 vult
1314 3063 1571 3134 intelligi,
1600 3079 1711 3117 non
1737 3062 1850 3134 jam
1882 3061 2005 3117 ideo
2031 3061 2127 3117 di-

529 3170 665 3228 gnos
693 3168 832 3210 esse
863 3169 1073 3222 omnes,
1105 3153 1258 3226 'quia
1284 3152 1388 3210 ﬁlii
1438 3159 1567 3207 sunt
1596 3150 1834 3207 Abrahae
1868 3169 1879 3207 :
1913 3150 2007 3206 sed
2035 3167 2128 3206 eos

527 3259 643 3301 esse
671 3243 889 3316 dignos,
921 3242 1016 3316 qui
1046 3241 1148 3297 ﬁlii
1182 3241 1566 3314 promissionis
1591 3247 1742 3305 sunt,
1774 3238 1829 3294 id
1855 3247 1956 3308 est,
1988 3255 2125 3312 quos
2161 3259 2203 3320 ο

523 3333 765 3408 praesciit
793 3335 938 3389 Deus
969 3331 1388 3404 promissionem
1419 3347 1573 3386 suam
1604 3337 1972 3401 suscepturos,
2005 3329 2121 3384 sive

522 3439 592 3480 ex
622 3422 846 3492 Judaeis,
891 3423 1010 3480 sive
1040 3438 1109 3477 ex
1163 3420 1418 3494 gentibus
1451 3438 1464 3488 ;
1519 3419 1577 3474 hi
1607 3418 1754 3474 enim
1811 3416 1963 3490 digni
1993 3425 2122 3474 sunt

520 3514 632 3572 dici
684 3513 964 3581 Israelita,
998 3511 1054 3568 id
1085 3518 1187 3580 est,
1240 3510 1492 3566 videntes
1515 3511 1712 3577 Deum,
1742 3508 1836 3581 qui
1867 3507 2118 3564 credunt.

518 3603 656 3660 Nam
685 3602 752 3657 de
797 3602 944 3657 Isaac
990 3600 1182 3672 utique
1229 3615 1419 3655 omnes
1467 3598 1527 3654 hi
1572 3597 1677 3653 ﬁlii
1707 3604 1837 3654 sunt
1864 3597 2118 3667 Abrahzn,

519 3693 652 3764 quia
703 3690 884 3747 omnis
919 3705 1156 3761 propago
1213 3689 1425 3760 generis
1469 3687 1791 3744 Judaaorum
1823 3703 1892 3742 ex
1935 3687 2122 3743 Abra—

519 3781 648 3839 ham
702 3795 797 3852 per
853 3779 1000 3834 Isaac
1054 3786 1153 3833 est.
1209 3776 1314 3833 Sed
1343 3776 1493 3848 quia,
1551 3776 1693 3832 sicut
1723 3775 1863 3842 dixi,
1899 3775 1959 3830 hi
1993 3782 2123 3830 sunt

520 3888 649 3928 vere
687 3869 792 3925 ﬁlii
849 3867 1104 3934 Abrahae,
1164 3867 1260 3940 qui
1318 3865 1737 3940 promissionem
1794 3873 2117 3939 sequuntur,

521 3977 640 4034 quae
689 3959 747 4014 in
803 3960 950 4014 Isaac
996 3957 1137 4014 facta
1169 3965 1249 4012 est
1283 3956 1398 4028 (39)
1437 3975 1450 4012 :
1510 3973 1574 4013 ac
1635 3972 1729 4029 per
1784 3955 1890 4013 hoc
1921 3957 2120 4029 reliqui

520 4049 625 4106 ﬁlii
654 4063 767 4104 non
797 4054 927 4104 sunt
955 4045 1178 4103 dicendi
1206 4043 1461 4102 Abrahae.
1504 4045 1783 4102 Abraham
1814 4046 1961 4102 enim
1993 4061 2121 4102 cre-

519 4139 674 4207 dens,
732 4138 880 4194 Isaac
929 4137 1138 4209 accepit
1193 4144 1414 4210 propter
1470 4136 1656 4203 ﬁdem,
1703 4137 1833 4209 quia
1883 4135 2120 4193 credidit

519 4229 653 4284 Deo.
705 4227 767 4284 In
814 4244 924 4300 quo
976 4226 1302 4298 mysterium
1357 4225 1557 4280 futurae
1613 4224 1744 4280 ﬁdei
1775 4224 2118 4298 designatum

520 4327 622 4386 est,
677 4327 741 4374 ut
797 4317 880 4372 illi
911 4324 1090 4373 essent
1120 4316 1314 4371 fratres
1351 4315 1523 4384 Isaac,
1554 4314 1650 4388 qui
1677 4313 1924 4371 eamdem
1954 4315 2120 4372 ﬁdem

519 4405 806 4474 haberent,
868 4407 926 4462 in
981 4423 1087 4480 qua
1138 4406 1287 4461 Isaac
1340 4411 1502 4460 natus
1554 4410 1654 4471 est,
1714 4403 1845 4477 quia
1888 4405 2038 4461 Isaac
2063 4405 2118 4462 in

521 4504 654 4570 typo
697 4496 995 4554 Salvatoris
1044 4505 1206 4552 natus
1258 4504 1339 4551 est
1390 4511 1459 4552 ex
1505 4493 1891 4567 promissione,
1933 4503 1996 4550 ut
2024 4496 2117 4569 qui

519 4585 817 4644 crediderit
866 4585 1148 4644 Christum
1181 4584 1368 4640 Jesum
1417 4584 1746 4657 promissum
1779 4601 1894 4641 esse
1932 4584 2118 4641 Abra—
2147 4625 2196 4685 Β

518 4677 626 4745 has,
671 4676 765 4743 hic
805 4677 879 4732 sit
924 4675 1074 4733 ﬁlius
1119 4674 1377 4741 Abrahae,
1424 4675 1594 4732 frater
1635 4691 1766 4732 vero
1813 4676 1980 4732 Isaac.
2013 4676 2120 4732 Di-

595 4859 710 4941 (39)
743 4860 886 4941 _Mss.
914 4861 1239 4941 aliquot,“et
1267 4857 1463 4941 servire
1499 4858 1699 4941 Patri,“
1706 4865 1800 4941 aut
1828 4860 2119 4941 Filiouaut

525 4931 752 5012 Spiritui
779 4940 975 5012 sancto,
1009 4931 1104 4986 imi
1149 4931 1547 5012 Deo;..._.adorqt
1571 4933 1946 5012 ethPutremet
1987 4932 2116 5002 Spi-

522 5001 690 5057 ritum
719 5009 1018 5059 sanctum...
1051 5005 1212 5057 servit
1239 5002 1379 5058 Filio
1408 5009 1454 5057 et
1490 5001 1719 5072 Spiritui
1748 5010 1949 5068 sancto,
1983 5001 2113 5070 etc.;

525 5073 724 5146 reliqui
772 5089 923 5140 vero,
982 5082 1036 5128 et
1089 5074 1221 5128 edit.
1253 5075 1411 5129 nobis
1463 5083 1796 5145 congruunt,
1830 5074 1936 5128 nisi
1971 5075 2118 5146 quod

520 5145 804 5216 Βοῐῐὶίρτο
819 5152 864 5198 et
893 5146 1088 5198 servire
1118 5145 1292 5212 Patri,
1319 5147 1520 5217 posuit,
1548 5153 1594 5199 et
1613 5146 1659 5198 si
1688 5147 1919 5199 servitur
1940 5145 2112 5200 Petri:

521 5233 623 5273 nec
650 5233 762 5272 non
794 5225 915 5288 post
944 5218 1097 5271 nulla.
1123 5216 1646 5288 igitur,subjunxit,
1679 5218 1736 5271 in
1767 5218 1847 5271 his
1878 5234 1889 5272 :
1923 5234 1987 5273 ac
2013 5218 2118 5272 de—

520 5305 672 5344 mum
706 5289 851 5343 infra
883 5304 977 5356 pro
1006 5288 1374 5356 confessionem
1403 5305 1528 5345 cum
1562 5305 1691 5344 mss.
1726 5288 1939 5346 Thuan.
1972 5289 2113 5344 sub-

520 5305 672 5344 mum
706 5304 851 5343 intra
919 5305 977 5343 ro
1006 5304 1151 5356 con/e

520 5361 723 5428 stituit,
754 5304 1151 5432 pro/ﬁssionem.

594 5432 708 5503 (37)
751 5431 881 5488 Gill.
933 5449 996 5488 ac
1031 5433 1187 5489 Rom.
1233 5433 1364 5490 edit.
1415 5448 1542 5489 cum
1574 5431 1787 5488 Thuan.
1821 5432 1970 5502 cod.,
2004 5432 2114 5488 hu-

519 5505 666 5558 mani
694 5505 893 5573 generis
923 5505 1312 5560 redhibendam.

592 5573 707 5644 (38)
734 5575 812 5630 Ita
840 5587 1040 5632 mss.et
1072 5585 1181 5632 vet.
1215 5578 1372 5642 edit.,
1397 5573 1681 5647 nisiquod
1711 5576 1841 5632 Gill.
1875 5577 2107 5645 omittit,

513 5645 626 5700 Hoc
663 5651 778 5700 est:
825 5647 982 5703 Rom.
1032 5656 1210 5703 autem
1258 5648 1390 5703 edit.
1443 5645 1675 5716 adjecto,
1718 5656 1777 5703 ut
1814 5649 1972 5715 solet,
2017 5665 2110 5702 se-

512 5716 702 5790 quenti
748 5717 1041 5790 Scriptura:
1082 5737 1264 5785 versu,
1298 5726 1351 5774 et
1394 5720 1623 5789 repetita
1660 5727 1807 5790 parte
1853 5720 2110 5790 superio-

510 5787 608 5859 ris,
642 5789 742 5844 ista
777 5787 1083 5860 subjungit
1118 5809 1127 5845 :
1172 5792 1293 5847 Vult
1348 5787 1636 5862 intelligere
1661 5787 1770 5843 non
1797 5787 1990 5856 omnes,
2019 5792 2110 5860 qui

2233 617 2486 676 dicentur
2545 637 2734 677 omnes
2782 629 2978 692 gentes
3038 620 3195 692 (Gen.
3256 637 3399 690 xm,
3449 622 3538 694 18)
3572 640 3586 690 ;
3623 648 3642 671 ι
3697 623 3840 696 quod

2233 707 2423 782 utique
2472 709 2529 764 in
2583 710 2730 765 Isaac
2778 709 2981 765 factum
3017 725 3124 765 non
3175 717 3277 776 est,
3323 709 3416 766 sed
3447 710 3504 766 in
3531 728 3624 779 eo,
3658 713 3754 784 qui
3788 713 3836 769 in

2234 799 2381 856 Isaac
2419 801 2720 871 promissus
2773 808 2856 856 est
2907 799 3168 868 Abrahze,
3209 799 3305 874 qui
3359 808 3441 857 est
3469 800 3754 871 Christus,
3787 805 3838 860 in

2235 907 2344 964 quo
2394 907 2584 946 omnes
2614 901 2798 963 gentes
2847 891 3254 947 benedicuntur
3305 891 3612 951 credentes.
3650 889 3836 951 Caeteri

2235 995 2362 1051 ergo
2387 979 2558 1036 Judaei
2580 981 2679 1036 ﬁlii
2702 989 2831 1036 sunt
2853 981 3056 1050 carnis,
3079 983 3211 1037 dum
3231 982 3602 1054 promissione
3622 984 3837 1058 privano

2237 1076 2346 1138 tur,
2377 1086 2476 1126 nec
2505 1070 2755 1135 deputari
2778 1080 3007 1143 possunt
3039 1072 3237 1127 merito
3260 1071 3520 1140 Abrahae,
3552 1075 3651 1146 qui
3679 1073 3834 1130 ﬁdem

2235 1175 2345 1215 non
2373 1171 2700 1234 sequuntur,
2731 1178 2826 1233 per
2860 1177 3024 1234 quam
3056 1160 3260 1233 dignus
3289 1163 3506 1219 exstitit
3535 1162 3834 1220 Abraham.

2310 1250 2490 1322 (Vers.
2523 1251 2605 1321 8.)
2669 1275 2686 1299 ι
2728 1249 2785 1306 Id
2817 1259 2920 1318 est,
2978 1267 3092 1306 non
3124 1250 3220 1324 qui
3251 1251 3352 1307 ﬁlii
3385 1251 3590 1324 carnis,
3625 1253 3685 1310 hi
3718 1263 3837 1312 sunt

2235 1339 2337 1395 ﬁlii
2368 1339 2465 1395 Dei
2491 1359 2504 1407 ;
2535 1339 2629 1396 sed
2663 1341 2755 1413 qui
2788 1340 2890 1396 ﬁlii
2910 1340 3300 1413 promissionis
3315 1351 3470 1412 sunt,
3495 1344 3838 1402 aestimantur

2235 1428 2292 1485 in
2337 1430 2544 1485 semine
2603 1429 2742 1501 (40).
2776 1455 2794 1479 ι
2837 1434 3104 1503 Apertum
3167 1439 3249 1487 est
3302 1431 3430 1506 quia
3469 1449 3581 1490 non
3614 1442 3836 1506 possunt

2237 1516 2346 1574 dici
2375 1518 2478 1574 ﬁlii
2509 1519 2693 1575 carnis
2722 1518 2824 1575 ﬁlii
2846 1519 2944 1576 Dei
2975 1538 2986 1575 :
3021 1519 3079 1575 hi
3111 1520 3258 1576 enim
3296 1538 3364 1578 ex
3394 1523 3836 1596 concupiscentia

2238 1607 2418 1664 carnis
2460 1609 2573 1664 nati
2603 1617 2754 1678 sunt,
2785 1609 2877 1666 isti
2925 1626 3056 1666 vero
3087 1627 3155 1667 ex
3187 1610 3294 1667 ﬁde
3325 1613 3714 1685 spiritualiter,
3749 1631 3836 1670 se-

2238 1697 2480 1754 cundum
2525 1699 2670 1772 quod
2721 1700 3052 1773 promissum
3091 1709 3173 1758 est
3204 1701 3462 1772 Abraha,
3488 1711 3549 1759 ut
3585 1702 3646 1760 hi
3687 1703 3834 1760 resti-

2239 1796 2520 1844 marentur
2549 1804 2735 1846 semen
2769 1805 2905 1858 esse,
2937 1788 3033 1863 qui
3060 1790 3364 1848 crederent.

2317 1878 2497 1950 (Vers.
2533 1879 2614 1953 9.)
2658 1905 2676 1926 ι
2716 1879 3108 1937 Promissionis
3136 1881 3284 1937 enim
3315 1880 3547 1938 verbum
3578 1881 3691 1939 hoc
3721 1889 3828 1941 est:

2239 1966 2323 2022 Ad
2381 1967 2487 2024 hoc
2516 1977 2730 2042 tempus
2786 1971 3028 2040 veniam,
3059 1979 3113 2026 et
3142 1969 3371 2028 habebit
3402 1971 3533 2028 Sara
3562 1971 3765 2030 ﬁlium.
3805 2001 3819 2022 -

2240 2056 2353 2113 Hoc
2371 2058 2427 2112 in
2449 2058 2642 2114 Genesi
2667 2059 2918 2127 habetur,
2941 2060 3086 2133 quod
3108 2059 3513 2133 prmﬁguratum
3538 2061 3596 2118 in
3619 2060 3828 2119 Christo

2239 2155 2406 2214 est,ut
2418 2147 2635 2203 futurus
2655 2147 2906 2206 Christus
2922 2148 3335 2220 promitteretur
3350 2149 3500 2206 ﬁlius
3519 2151 3827 2220 Abrahaeﬁn

2239 2251 2348 2308 quo
2377 2235 2759 2308 promissionis
2789 2237 3020 2293 verbum
3059 2237 3400 2310 impleretur,
3433 2247 3494 2295 ut
3521 2240 3580 2296 in
3618 2239 3826 2298 Christo

2235 2324 2694 2382 benedicerentur
2739 2343 2929 2383 omnes
2977 2336 3166 2400 gentes
3212 2337 3390 2386 terrae.
3424 2327 3661 2397 Quando
3689 2329 3825 2386 enim

2238 2414 2532 2486 promissio
2579 2415 2720 2472 facta
2751 2425 2832 2472 est
2881 2417 3138 2486 Abrahae,
3170 2426 3224 2474 et
3251 2418 3466 2474 audivit
3499 2437 3511 2474 :
3559 2445 3578 2467 ι
3610 2419 3748 2488 Quia
3776 2417 3822 2475 in

2238 2503 2445 2560 semine
2478 2512 2575 2560 tuo
2629 2505 3024 2563 benedicentur
3079 2524 3270 2564 omnes
3323 2515 3507 2580 gentes
3568 2517 3762 2576 terrae;
3797 2535 3812 2555 ι

2239 2591 2491 2650 Christus
2516 2595 2704 2668 utique
2735 2595 2816 2650 illi
2867 2595 3169 2668 promissus
3198 2605 3280 2654 est
3307 2614 3376 2653 ex
3407 2597 3636 2655 traduce
3665 2599 3820 2666 Isaac,

2237 2681 2294 2739 in
2323 2698 2432 2756 quo
2461 2682 2567 2740 hoc
2596 2683 2883 2756 impletum
2911 2685 3186 2743 videmus.

2311 2773 2491 2845 (Vers.
2545 2773 2657 2843 10.)
2703 2798 2721 2820 ε
2776 2775 2896 2831 Non
2949 2777 3126 2832 solum
3180 2785 3361 2834 autem
3413 2777 3553 2845 haec,
3613 2777 3672 2835 id
3731 2784 3820 2846 est,

2236 2862 2394 2919 Sarra
2425 2862 2565 2934 (41),
2597 2862 2690 2920 sed
2711 2871 2765 2920 et
2793 2865 3034 2922 Rebecca
3058 2882 3125 2922 ex
3155 2883 3268 2923 uno
3297 2866 3601 2923 concubitu
3632 2867 3821 2924 habens

2235 2953 2382 3009 Isaac
2436 2953 2607 3026 patris
2633 2955 2827 3012 nostri.
2866 2982 2884 3004 ι
2952 2957 3073 3012 Non
3103 2965 3317 3014 tantum
3358 2974 3489 3031 ergo
3517 2959 3737 3016 Sarram
3767 2957 3817 3013 in

2233 3052 2370 3117 typo
2417 3045 2553 3102 dicit
2592 3063 2872 3119 generasse
2915 3049 3082 3113 Isaac.
3118 3050 3212 3106 sed
3263 3058 3317 3104 et
3349 3049 3651 3108 Rebeccam
3681 3067 3816 3106 uxo-

2235 3149 2348 3188 rem
2381 3133 2546 3190 Isaac.
2583 3135 2688 3191 Sed
2721 3137 2828 3192 alia
2855 3155 3016 3194 causa
3047 3145 3128 3194 est
3154 3139 3210 3194 in
3244 3141 3409 3208 Isaac,
3443 3141 3555 3197 alia
3581 3141 3640 3198 in
3669 3138 3820 3198 Jacob

2235 3232 2288 3280 et
2317 3227 2486 3294 Esau,
2545 3227 2676 3299 quia
2703 3228 2852 3284 Isaac
2883 3229 2940 3284 in
2983 3230 3158 3302 ﬁgura
3209 3229 3509 3288 Salvatoris
3542 3239 3704 3288 natus
3731 3237 3820 3298 est,

2233 3314 2399 3372 Jacob
2430 3332 2560 3372 vero
2590 3324 2644 3372 et
2683 3318 2831 3375 Esau
2859 3317 3096 3375 duorum
3130 3321 3460 3392 populorum
3494 3321 3700 3379 habent
3731 3330 3823 3392 ty-

2234 3421 2388 3478 pum,
2433 3405 2491 3462 id
2518 3416 2619 3476 est,
2671 3410 3034 3478 credentium,
3097 3417 3294 3467 etnon
3353 3411 3737 3477 credentium;
3767 3417 3820 3465 ut

2234 3512 2362 3553 cum
2415 3513 2484 3552 ex
2534 3514 2646 3554 uno
2688 3500 2821 3570 sint,
2865 3500 3068 3557 diversi
3117 3501 3228 3558 sint
3260 3509 3460 3558 tamen.
3508 3502 3576 3558 In
3606 3500 3822 3575 singulis

2233 3585 2380 3643 enim
2411 3594 2465 3642 et
2512 3604 2680 3660 genus
2708 3589 3068 3662 signiﬁcatur,
3101 3599 3163 3646 ut
3213 3590 3270 3646 hi
3302 3591 3467 3647 unius
3496 3591 3710 3664 generis
3736 3587 3820 3645 di-

2232 3685 2445 3746 cantur,
2481 3679 2577 3751 qui
2625 3679 2683 3736 in
2715 3696 2878 3736 causa
2909 3679 3036 3735 ﬁdei
3063 3696 3235 3736 unum
3267 3687 3416 3749 sunt,
3447 3681 3534 3736 vel
3574 3678 3816 3754 perﬁdiae.

2232 3767 2386 3824 Unus
2428 3769 2574 3824 enim
2625 3769 2966 3842 signiﬁcatur
3004 3769 3061 3824 iu
3107 3771 3318 3840 multis,
3369 3786 3481 3827 non
3509 3787 3612 3842 per
3634 3767 3818 3827 tradu—

2231 3873 2350 3914 cem
2405 3857 2608 3927 carnis,
2663 3859 2758 3916 sed
2816 3875 2912 3932 per
2967 3876 3318 3916 communem
3376 3875 3641 3928 causam;
3703 3857 3816 3931 quia

2231 3955 2285 4005 et
2335 3966 2404 4006 ex
2450 3951 2596 4007 Esau
2651 3951 2818 4008 Jacob
2875 3951 2978 4007 ﬁlii
3034 3949 3257 4009 dicendi
3316 3959 3465 4022 sunt,
3533 3960 3588 4010 et
3635 3968 3701 4008 ex
3726 3949 3814 4005 Ja-

2231 4040 2333 4096 cob
2375 4041 2522 4098 Esau
2563 4042 2875 4116 imputandi
2923 4051 3054 4101 sunt
3083 4043 3208 4100 ﬁlii.
3241 4044 3352 4101 Nec
3380 4042 3528 4100 enim
3578 4043 3703 4118 quia
3725 4039 3812 4095 Ja-

2231 4129 2333 4186 cob
2381 4131 2656 4202 laudatur,
2699 4150 2889 4190 omnes
2934 4150 3004 4189 ex
3042 4150 3106 4190 eo
3149 4133 3284 4202 nati,
3317 4132 3423 4189 ﬁlii
3481 4133 3601 4206 ejus
3629 4130 3812 4189 merito

2231 4218 2453 4276 dicendi
2499 4231 2672 4292 sunt;
2722 4234 2816 4282 aut
2863 4225 2995 4298 quia
3042 4225 3187 4281 Esau
3233 4223 3512 4296 displicet,
3542 4239 3726 4282 omnes
3750 4235 3808 4275 ex

2231 4309 2348 4382 ejus
2393 4311 2603 4384 origine
2651 4314 2871 4385 reprobi
2924 4323 3099 4382 sunt;
3149 4331 3275 4371 cum
3326 4313 3610 4371 videamus
3655 4321 3706 4369 et
3750 4309 3809 4365 de

2229 4399 2396 4457 Jacob
2443 4401 2665 4461 traduce
2707 4413 2864 4460 natos
2911 4405 3082 4462 factos
3117 4403 3374 4476 perﬁdos,
3402 4413 3456 4461 et
3483 4403 3552 4460 de
3579 4404 3718 4460 Esau
3742 4397 3809 4453 ﬁ-

2228 4488 2376 4546 deles
2406 4500 2459 4547 et
2487 4493 2600 4548 Deo
2647 4492 2859 4551 charos.
2889 4493 3022 4549 Nam
3055 4493 3202 4567 quod
3232 4492 3299 4549 de
3327 4493 3494 4550 Jacob
3521 4490 3679 4550 multi
3708 4488 3807 4545 sint

2227 4579 2442 4651 perﬁdi,
2491 4582 2722 4640 dubium
2769 4601 2882 4640 non
2911 4591 2992 4640 est
3023 4601 3036 4651 ;
3087 4600 3276 4640 omnes
3333 4584 3481 4652 enim
3511 4580 3680 4640 Judaei
3708 4591 3806 4634 non

2229 4675 2318 4732 81
2360 4675 2662 4744 credentes,
2718 4683 2814 4732 aut
2858 4674 3140 4731 credentes
3185 4691 3256 4730 ex
3301 4691 3365 4730 eo
3416 4673 3618 4731 habent
3644 4667 3808 4742 origi—

2224 4858 2325 4933 ﬁlii
2368 4865 2490 4933 sunt
2533 4856 2782 4922 Abrahae,
2825 4871 2952 4933 esse__
2979 4855 3182 4925 dignos,
3233 4861 3293 4910 ut
3321 4855 3424 4928 ﬁlii
3445 4843 3804 4926 promissioni:

2224 4927 2349 4997 sint,
2378 4931 2433 4984 id
2461 4936 2558 4992 est,
2586 4945 2716 4998 quos
2742 4927 2995 4997 prwsciit,
3039 4934 3144 4983 etc.

2300 4988 2415 5071 (39)
2456 4988 2554 5056 Sed
2594 4988 2819 5071 .quia.‘
2852 4988 3047 5068 quw‘in
3076 5000 3231 5054 Isaac
3258 4996 3405 5070 facta
3434 5004 3529 5066 est,
3561 4997 3617 5052 in
3639 4988 3801 5049 multo

2226 5070 2478 5147 pluribus
2507 5070 3018 5147 mss._des_ide_ratur.
3168 5143 3178 5147 Α
3201 5142 3217 5147 _
3533 5142 3542 5147 _
3714 5134 3724 5144 .

2301 5144 2418 5214 (40)
2465 5143 2686 5200 Amerb.
2719 5144 2789 5198 Et
2818 5145 2971 5198 Eras.
3004 5149 3057 5197 et
3087 5142 3309 5215 quidam
3337 5158 3491 5209 mss.,
3523 5142 3797 5215 insemine.

2226 5211 2484 5290 Apertum
2515 5224 2588 5271 est
2618 5216 2744 5290 quia
2772 5232 2877 5269 non
2903 5211 3124 5290 possunt
3145 5215 3249 5268 dici
3274 5215 3381 5290 ﬁlii.
3405 5215 3501 5269 Dei
3532 5211 3628 5278 ;hi
3651 5211 3796 5290 enim,

2223 5285 2326 5346 etc.
2368 5289 2499 5344 Gill.
2550 5297 2603 5344 et
2628 5285 2801 5344 Rom.
2863 5287 3020 5353 edit.,
3052 5302 3178 5340 cum
3226 5285 3414 5357 paucis
3459 5301 3611 5349 mss,
3641 5285 3798 5357 inie—

2221 5363 2388 5427 mine;
2438 5361 2619 5428 Rom.,
2662 5361 2717 5413 in
2757 5375 2944 5431 semen.
2994 5349 3136 5412 Dicit
3176 5349 3798 5431 ﬁlios_cajrnis,_etfili0§

2220 5430 2338 5491 Dei.
2366 5433 2434 5487 Hi
2460 5433 2615 5499 enim,
2634 5439 2737 5486 etc.
2769 5430 2974 5484 Locum
3002 5446 3130 5484 vero
3151 5445 3180 5484 e
3210 5429 3464 5502 plurimis
3485 5428 3797 5500 optimisque

2221 5523 2348 5563 mss.
2385 5504 2749 5559 restituimus.

2294 5577 2410 5648 (41)
2441 5577 2610 5648 Rom.
2643 5573 2775 5648 edit.
2808 5583 2860 5648 et
2889 5573 3010 5648 cod.
3045 5573 3259 5648 Thuan.
3292 5564 3790 5648 hincrescideran},

2217 5650 2275 5704 id
2301 5641 2398 5703 est
2422 5647 2612 5702 Sarra.
2646 5645 2736 5700 Sic
2780 5646 2941 5701 etiam
2992 5645 3136 5700 infra
3161 5647 3318 5702 Rom.
3363 5644 3495 5700 edit.
3530 5641 3644 5698 sola
3669 5645 3796 5690 exe-

2219 5727 2411 5786 merat,
2443 5719 2552 5773 Hoc
2598 5718 2650 5772 in
2681 5718 2947 5775 Malachia
2976 5717 3195 5790 habetur
3227 5733 3238 5771 :
3272 5732 3392 5790 quae
3424 5724 3604 5773 tamen
3639 5717 3791 5778 repe-

2218 5791 2440 5848 riuntur
2468 5790 2524 5846 in
2555 5790 2771 5848 cunctis
2802 5805 2932 5848 mss.
2961 5797 3014 5845 et
3043 5788 3176 5845 edit.
