3980 6382
165 405 257 468 141
1243 411 1602 479 COMMENI‘.
1645 413 1717 478 IN
1766 416 1988 480 EPIST.
2031 423 2128 480 AD
2167 421 2338 484 ROM.

3345 439 3454 500 142

163 554 303 605 nem,
339 543 394 592 et
423 537 554 610 quia
597 537 664 594 de
700 538 845 595 Esau
875 549 1002 596 sunt
1033 540 1164 598 boni
1210 552 1265 600 et
1301 546 1507 615 ﬁdeles,
1552 548 1744 618 probat
1780 555 1829 615 Α
1859 551 1937 605 tia
1966 551 2112 608 enim
2161 554 2306 610 Deus
2343 555 2575 628 judicat,
2631 573 2743 615 non
2789 558 2858 615 de
2904 562 3263 633 praescientia.
3296 565 3452 626 Unde

163 625 278 694 Job,
329 627 424 700 qui
455 635 538 684 est
575 643 644 684 ex
675 628 806 684 ﬁliis
847 631 1014 700 Esau,
1060 632 1309 706 quintus,
1340 635 1408 692 ab
1447 637 1747 707 Abraham,

165 715 265 774 hoc
294 724 397 786 est,
429 733 598 791 nepos
619 719 783 776 Esau.

233 826 412 898 (Vers.
449 827 653 899 11-13.)
701 852 718 874 ι
748 828 880 884 Nam
909 844 1034 884 cum
1068 829 1314 887 nondum
1350 833 1464 889 nati
1494 834 1748 906 fuissent,

162 924 252 972 aut
283 917 495 990 aliquid
543 918 777 990 egissent
819 917 1025 974 bonum
1070 921 1156 976 vel
1199 923 1424 992 malum,
1457 933 1517 980 ut
1545 943 1752 983 secun-

162 1005 292 1062 dum
323 1007 641 1063 electionem
691 1009 1029 1079 propositum
1070 1010 1168 1065 Dei
1215 1021 1478 1082 maneret,
1529 1031 1638 1071 non
1682 1033 1750 1072 ex

161 1095 435 1168 operibus,
479 1097 571 1152 sed
613 1113 682 1152 ex
732 1106 960 1154 vocante
1006 1099 1214 1157 dictum
1262 1110 1364 1172 est,
1410 1105 1539 1176 quia
1578 1106 1751 1178 major

162 1184 360 1240 serviet
407 1184 628 1252 minori,
682 1185 824 1242 sicut
874 1187 1141 1259 scriptum
1187 1197 1307 1247 est:
1351 1191 1517 1247 Iacob
1555 1193 1748 1261 dilexi,

161 1273 303 1329 Esau
350 1281 531 1328 autem
580 1273 708 1330 odio
738 1274 927 1332 habui.
961 1302 979 1324 ι
1035 1279 1149 1335 Hoc
1187 1280 1245 1335 in
1275 1280 1542 1337 Malachia
1571 1281 1750 1339 habe—

159 1372 264 1419 tur.
313 1363 720 1420 Praescientiam
768 1365 866 1422 Dei
914 1365 1122 1439 ﬂagitat
1170 1369 1226 1424 in
1272 1369 1360 1426 bis
1392 1373 1590 1440 causis,
1623 1374 1751 1446 quia

160 1468 268 1510 non
313 1452 467 1508 aliud
514 1460 692 1525 potest
739 1455 979 1524 evenire,
1033 1473 1196 1530 quam
1240 1460 1397 1516 novit
1426 1463 1569 1518 Deus
1605 1463 1750 1520 futu-

161 1559 304 1600 rum.
336 1543 571 1600 Sciendo
600 1546 751 1601 enim
785 1546 918 1619 quid
943 1551 1321 1624 unusquisque
1352 1551 1572 1608 illorum
1607 1554 1749 1610 futu-

159 1648 250 1688 rus
280 1641 441 1698 esset,
488 1633 672 1690 dixit:
719 1635 820 1691 Hic
859 1635 963 1692 erit
1005 1637 1223 1710 dignus,
1269 1639 1363 1712 qui
1394 1640 1497 1695 erit
1529 1640 1747 1710 minor;

157 1729 208 1776 et
243 1721 336 1793 qui
369 1721 566 1793 major,
605 1724 712 1778 erit
737 1722 1018 1796 indignus.
1053 1726 1231 1782 Unum
1264 1728 1426 1800 elegit
1453 1730 1752 1800 praescien-

158 1809 253 1877 tia,
285 1817 340 1864 et
365 1810 600 1866 alterum
632 1813 876 1884 sprevit;
907 1822 962 1869 et
993 1815 1048 1869 in
1078 1815 1176 1870 illo
1205 1832 1364 1888 quem
1401 1817 1584 1887 elegit,
1616 1834 1752 1889 pro-

155 1898 395 1969 positum
439 1900 538 1954 Dei
572 1909 755 1956 manet
785 1901 914 1974 quia
950 1903 1100 1958 aliud
1139 1921 1250 1959 non
1289 1913 1465 1974 potest
1510 1907 1749 1973 evenire,
1783 1921 1828 1980 Β

157 2003 315 2061 quam
372 1988 520 2060 quod
563 1990 750 2058 scivit,
799 1999 852 2046 et
882 1993 1167 2064 proposuit
1205 1994 1262 2050 in
1310 1995 1427 2062 illo,
1475 2003 1536 2051 ut
1578 1996 1750 2051 salute

155 2074 354 2148 dignus
403 2077 498 2144 sit,
547 2086 600 2133 et
635 2079 692 2134 in
739 2080 857 2148 illo,
899 2097 1061 2152 quem
1111 2083 1340 2153 sprevit,
1373 2083 1540 2138 simili
1587 2085 1750 2140 modo

154 2176 334 2223 manet
382 2170 747 2240 propositum,
797 2169 944 2242 quod
997 2172 1280 2243 proposuit
1327 2172 1394 2229 de
1450 2175 1570 2243 illo,
1623 2176 1752 2248 quia

152 2255 416 2328 indignus
443 2257 567 2312 erit.
601 2259 715 2313 Hoc
745 2259 899 2331 quasi
931 2260 1209 2332 praescius,
1243 2278 1352 2318 non
1394 2279 1750 2334 personarum

156 2355 430 2420 acceptor,
459 2365 582 2403 nam
617 2349 892 2406 neminem
925 2351 1172 2420 damnat,
1203 2360 1494 2426 antequam
1527 2361 1746 2426 peccet;

154 2446 205 2493 et
246 2437 466 2492 nullum
497 2447 743 2506 coronat,
793 2448 1087 2514 antequam
1126 2443 1333 2500 vincat.
1366 2444 1479 2498 Hoc
1515 2444 1751 2514 pertinet

153 2526 219 2582 ad
255 2544 479 2584 causam
522 2529 858 2598 Iudaeorum,
907 2533 1001 2604 qui
1050 2532 1154 2588 sibi
1187 2533 1602 2605 praarogativam
1646 2534 1752 2589 de-

154 2616 408 2684 fendunt,
455 2619 602 2694 quod
646 2619 748 2675 ﬁlii
793 2621 904 2676 sint
944 2621 1198 2677 Abrahae.
1243 2623 1538 2694 Apostolus
1569 2631 1750 2678 autem

153 2689 484 2762 consolatur
508 2689 587 2776 se,
634 2716 695 2764 ut
743 2710 870 2781 quia
900 2709 1116 2766 dixerat
1163 2710 1409 2766 dolorem
1456 2710 1654 2766 habere
1695 2727 1752 2766 se

153 2796 335 2853 cordis
360 2799 713 2867 continuum,
738 2816 901 2856 causa
929 2801 1335 2859 incredulitatis
1363 2817 1576 2869 eorum,
1607 2818 1752 2874 quo-

155 2901 274 2940 rum
307 2887 536 2960 adoptio
581 2897 694 2944 erat
739 2887 1002 2958 ﬁliorum,
1038 2897 1092 2945 et
1144 2890 1277 2962 legis
1323 2890 1666 2957 constitutio,
1700 2899 1753 2946 et

153 2994 218 3032 ex
274 2977 484 3049 quibus
534 2977 808 3046 Christus,
874 2981 1142 3046 Salvator,
1194 2980 1336 3038 sicut
1386 2989 1440 3037 et
1496 2981 1610 3054 ipse
1655 2981 1751 3050 ait,

166 3090 182 3111 ι
207 3064 350 3132 Quia
381 3065 530 3121 salus
560 3082 628 3121 ex
659 3067 863 3123 Judaeis
890 3079 971 3125 est
1003 3070 1184 3140 (Joan.
1221 3087 1299 3138 IV,
1345 3069 1436 3141 22)
1468 3094 1486 3116 ι
1526 3077 1754 3126 tractata

152 3156 286 3228 lege,
319 3157 537 3213 invenit
584 3158 712 3230 quia
756 3175 867 3214 non
913 3175 1102 3215 omnes
1149 3159 1241 3232 qui
1293 3175 1361 3215 ex
1409 3159 1569 3216 Israel
1601 3167 1750 3228 sunt,

151 3247 416 3303 credituri
465 3255 631 3315 sunt;
678 3264 852 3322 neque
900 3249 1028 3321 quia
1056 3249 1319 3304 dicuntur
1347 3249 1452 3304 ﬁlii
1497 3249 1750 3317 Abrahae,
1783 3287 1826 3348 Ο

151 3353 343 3393 omnes
374 3337 610 3393 Abrahae
654 3337 800 3394 ﬁlios
825 3337 1105 3408 dicendos,
1147 3339 1290 3395 sicut
1330 3354 1494 3410 supra
1532 3354 1749 3394 memo-

151 3426 288 3481 ravi.
345 3425 550 3483 Minuit
598 3443 726 3498 ergo
765 3427 1011 3484 dolorem
1061 3445 1244 3496 suum,
1285 3427 1572 3484 inveniens
1617 3427 1750 3483 olim

151 3514 502 3585 praedictum,
553 3516 700 3589 quod
739 3533 849 3571 non
885 3533 1076 3571 omnes
1124 3525 1303 3572 essent
1344 3516 1643 3582 credituri;
1691 3523 1752 3572 ut

150 3601 236 3658 his
265 3603 406 3659 solis
427 3603 609 3660 doleat
643 3604 782 3674 (42),
817 3605 909 3678 qui
937 3621 1032 3676 per
1060 3605 1327 3660 invidiam
1356 3606 1414 3661 in
1444 3605 1752 3661 increduli-

151 3699 257 3748 tate
314 3692 589 3747 laborant.
649 3693 885 3750 Possunt
952 3703 1133 3750 tamen
1189 3694 1428 3763 credere,
1484 3694 1629 3766 quod
1682 3711 1752 3749 ex

149 3779 418 3850 subjectis
470 3781 664 3852 aperit.
717 3781 1022 3838 Incredulis
1077 3790 1260 3838 tamen
1318 3781 1594 3853 praedictis
1641 3797 1752 3837 non

153 3868 312 3924 valde
343 3867 647 3924 dolendum
677 3879 778 3938 est,
815 3870 943 3943 quia
985 3887 1095 3927 non
1125 3878 1255 3927 sunt
1283 3869 1653 3942 praedestinati
1683 3869 1751 3925 ad

151 3958 322 4014 vitam
353 3975 368 4025 ;
407 3959 751 4029 praescientia
779 3960 926 4014 enim
957 3961 1057 4016 Dei
1088 3961 1220 4016 olim
1253 3959 1352 4015 hos
1383 3977 1494 4016 non
1525 3961 1753 4016 salvan-

153 4046 248 4103 dos
302 4046 574 4104 decrevit.
623 4048 757 4114 Quis
802 4049 948 4105 enim
996 4051 1215 4122 plangat
1270 4065 1416 4117 eum,
1473 4048 1568 4122 qui
1618 4049 1750 4104 olim

155 4141 410 4191 mortuus
467 4133 700 4191 habetur
739 4137 766 4192 ?
821 4137 927 4193 Sed
982 4139 1421 4194 subintrantibus
1478 4137 1749 4210 gentibus,

157 4241 273 4297 quae
323 4225 445 4281 sine
494 4227 607 4280 Deo
652 4226 805 4296 prius
855 4237 1031 4298 erant,
1087 4237 1141 4284 et
1182 4231 1413 4284 salutem
1459 4244 1622 4301 quam
1667 4227 1752 4283 illi

156 4315 538 4388 perdiderunt,
611 4319 1031 4389 accipientibus,
1104 4321 1472 4376 exsuscitatur
1547 4319 1748 4386 dolor;

157 4406 245 4461 sed
298 4401 505 4463 iterum
537 4409 666 4481 quia
711 4411 817 4480 ipsi
867 4410 972 4466 sibi
1021 4410 1348 4482 perditionis
1391 4427 1553 4468 causa
1601 4417 1750 4479 sunt,

157 4495 387 4567 sopitur.
438 4496 705 4553 Prescius
751 4498 935 4570 itaque
985 4499 1130 4555 Deus
1160 4499 1314 4554 malae
1346 4499 1472 4554 illos
1502 4499 1752 4554 volunta-

157 4585 225 4643 tis
277 4588 517 4656 futuros,
549 4605 660 4644 non
704 4589 828 4644 illos
875 4588 1069 4644 habuit
1098 4590 1156 4644 in
1199 4605 1428 4646 numero
1457 4589 1750 4658 bonorum,

1859 645 1914 694 et
1940 639 2117 712 Moysi
2161 640 2345 698 dixit:
2410 668 2428 691 ι
2458 643 2515 700 Si
2560 644 2684 718 quis
2722 647 3027 718 peccaverit
3055 656 3178 706 ante
3222 669 3330 722 me,
3361 655 3452 713 de-

1860 728 1999 784 leam
2026 746 2150 786 eum
2181 730 2248 787 de
2275 732 2416 789 libro
2444 747 2566 790 meo
2613 736 2819 805 (Exod.
2851 753 3034 806 χχχιι,
3075 738 3192 811 24),
3224 765 3242 788 ι
3284 750 3347 798 ut
3373 761 3451 800 se-

1859 818 2103 875 cundum
2127 819 2401 891 justitiam
2428 822 2634 896 judicis
2663 831 2796 881 tunc
2824 825 3078 882 videatur
3103 827 3295 898 deleri,
3327 847 3452 888 cum

1860 917 2048 981 peccat
2077 927 2088 965 :
2118 908 2280 980 juxta
2318 913 2715 984 praseientiam
2752 931 2882 972 vero
2911 933 3193 990 nunquam
3226 918 3283 974 in
3313 919 3454 977 libro

1860 998 1989 1053 vita
2017 999 2208 1056 fuisse.
2243 1000 2384 1058 Hinc
2409 1009 2464 1056 et
2488 1004 2766 1075 apostolus
2791 1004 3026 1060 Joannes
3053 1005 3120 1061 de
3137 1004 3455 1080 hujusmodi

1860 1088 1940 1144 ait
1969 1105 1980 1143 :
2030 1114 2047 1136 ι
2075 1090 2163 1144 Ex
2183 1089 2344 1146 nobis
2369 1091 2645 1162 exierunt,
2669 1091 2765 1150 sed
2794 1110 2905 1150 non
2922 1095 3146 1150 fuerunt
3173 1112 3243 1152 ex
3262 1097 3452 1167 nobis;

1859 1177 1905 1232 si
1957 1178 2104 1233 enim
2156 1178 2389 1237 fuissent
2441 1197 2511 1238 ex
2567 1182 2747 1253 nobis,
2798 1184 3223 1257 permansisseut
3265 1186 3456 1260 utique

1859 1267 2145 1326 nobiscum
2199 1270 2256 1340 (Ι
2298 1271 2455 1327 Joan.
2499 1289 2558 1341 ιι,
2592 1272 2706 1343 19).
2739 1296 2757 1320 ι
2818 1274 2940 1330 Non
2986 1283 3076 1330 est
3099 1291 3454 1347 personarum

1859 1357 2104 1430 acceptio
2142 1357 2199 1412 in
2232 1359 2573 1429 praescientia
2613 1361 2747 1418 Dei:
2795 1363 3138 1436 prmscientia
3183 1365 3331 1422 enim
3375 1373 3458 1422 est

1859 1464 1967 1522 qua
2012 1447 2302 1505 deﬁnitum
2334 1449 2520 1518 habet,
2563 1452 2742 1525 qualis
2790 1453 3224 1528 uniuscujusque
3270 1456 3458 1514 futura

1861 1537 2115 1593 voluntas
2162 1539 2287 1604 erit,
2333 1538 2390 1595 in
2439 1556 2546 1614 qua
2575 1557 2868 1599 mansurus
2904 1553 3005 1612 est,
3037 1561 3133 1616 per
3162 1561 3325 1618 quam
3363 1552 3459 1602 aut

1861 1625 2170 1696 damnetur,
2201 1635 2296 1684 aut
2315 1637 2626 1688 coronetur.
2658 1633 2906 1706 Denique
2937 1649 3073 1707 quos
3099 1635 3202 1691 scit
3228 1636 3285 1692 in
3311 1635 3458 1692 bono

1862 1730 2171 1786 mansuros,
2221 1717 2534 1791 frequenter
2562 1731 2688 1778 ante
2717 1730 2847 1779 sunt
2884 1723 3049 1779 mali:
3099 1733 3152 1781 et
3192 1740 3328 1798 quos
3355 1724 3461 1781 scit

1861 1804 2036 1860 malos
2061 1821 2466 1877 permansuros,
2490 1809 2782 1881 aliquoties
2810 1810 2962 1882 prius
2977 1821 3108 1869 sunt
3126 1812 3279 1868 boni.
3306 1813 3459 1869 Unde

1859 1903 2031 1950 cessat
2059 1897 2314 1968 querela;
2348 1897 2477 1970 quia
2506 1899 2651 1954 Deus
2681 1907 2933 1971 acceptor
2958 1916 3312 1973 personarum
3347 1917 3460 1958 non

1858 1990 1940 2036 est
1971 1984 2112 2055 (Act.
2159 1999 2219 2052 x,
2264 1983 2377 2054 34).
2426 1985 2565 2041 Nam
2614 1995 2668 2041 et
2698 1988 2850 2055 Saul,
2895 1996 2950 2043 et
2982 1989 3148 2047 Iudas
3179 1991 3462 2048 Iscariotes

1858 2078 1983 2126 ante
2037 2072 2262 2128 fuerunt
2314 2073 2467 2142 boni,
2531 2074 2748 2132 dicente
2804 2077 3087 2149 Scriptura
3143 2079 3210 2135 de
3277 2080 3456 2142 Saul:

1874 2184 1893 2208 ι
1918 2161 2052 2216 Erat
2081 2162 2168 2216 vir
2197 2162 2396 2232 bonus,
2429 2172 2483 2220 et
2512 2179 2623 2220 non
2654 2175 2770 2221 erat
2794 2165 2892 2221 illo
2922 2167 3118 2224 melior
3146 2169 3204 2224 in
3224 2169 3358 2226 ﬁliis
3387 2171 3460 2226 Is-

1859 2249 1970 2304 rael
2003 2249 2062 2322 (Ι
2084 2252 2208 2321 Reg.
2241 2267 2322 2319 1x,
2352 2251 2410 2324 2)
2438 2270 2452 2320 ;
2484 2276 2503 2300 ι
2547 2260 2602 2308 et
2628 2253 2696 2309 de
2737 2253 2878 2311 Juda
2905 2257 3164 2314 Iscariote
3192 2257 3330 2314 dicit
3352 2259 3462 2315 Pe-

1861 2344 1978 2394 trus
2005 2340 2286 2411 apostolus
2312 2358 2324 2396 :
2373 2365 2390 2387 ι
2416 2340 2522 2408 Qui
2567 2343 2795 2400 sortitus
2821 2351 2903 2401 est
2930 2353 3134 2403 sortem
3165 2347 3462 2404 ministerii

1859 2426 2026 2499 hujus
2069 2428 2210 2500 (Act.
2246 2447 2285 2498 ι,
2337 2431 2450 2500 17),
2481 2455 2500 2478 ι
2562 2431 2620 2487 id
2668 2441 2769 2502 est,
2817 2435 3172 2506 apostolatus,
3205 2437 3264 2492 in
3292 2436 3462 2509 signis

1859 2526 1913 2574 et
1941 2517 2208 2590 prodigiis
2235 2519 2654 2594 faciendis(43).
2687 2523 2974 2590 Quomodo
3005 2526 3174 2596 igitur
3202 2526 3465 2582 ministe-

1861 2605 2006 2661 rium
2036 2609 2276 2664 salutare
2304 2608 2615 2679 sortiretur,
2647 2612 2752 2666 nisi
2793 2620 2933 2669 esset
2962 2613 3138 2670 bonus
3166 2615 3194 2671 ?
3224 2616 3287 2671 In
3315 2623 3462 2672 sorte

1860 2694 2009 2750 enim
2036 2696 2136 2750 Dei
2151 2695 2427 2767 judicium
2451 2698 2561 2754 fuit
2581 2698 2808 2770 dignum
2825 2701 2984 2757 illum
3005 2702 3174 2759 fuisse
3196 2712 3458 2776 tempore,

1861 2799 1972 2856 quo
2000 2784 2206 2840 electus
2225 2792 2328 2853 est,
2344 2785 2487 2841 sicut
2510 2786 2595 2840 illi
2615 2789 2961 2860 septuaginta
2983 2789 3094 2845 duo
3122 2792 3274 2862 (Luc.
3294 2807 3354 2858 x,
3379 2793 3459 2865 1),

1862 2889 2000 2945 quos
2028 2889 2193 2945 supra
2222 2875 2544 2931 memoravi.
2579 2875 2722 2933 Hinc
2767 2885 2848 2933 est
2877 2878 3023 2934 unde
3059 2887 3112 2935 et
3142 2879 3311 2936 ludas
3339 2889 3462 2954 post

1865 2960 1997 3015 mali
2029 2963 2198 3017 totius
2226 2963 2525 3020 admissum
2575 2964 2752 3021 scelus
2780 2967 3105 3038 paenitentia
3137 2977 3339 3039 motus,
3371 2970 3463 3026 la-

1863 3067 2003 3124 queo
2031 3052 2202 3106 vitam
2235 3052 2438 3108 ﬁnivit.
2470 3054 2591 3109 Non
2621 3061 2798 3126 potest
2825 3055 2974 3111 enim
3004 3057 3062 3112 in
3092 3059 3278 3131 aliquo
3297 3075 3459 3118 omne

1861 3137 2068 3194 bonum
2101 3142 2318 3210 penitus
2349 3141 2655 3198 oblitterari
2679 3161 2694 3211 ;
2739 3143 2940 3216 quippe
2968 3161 3094 3202 cum
3125 3155 3320 3204 natura
3345 3165 3458 3206 non

1863 3227 2033 3299 possit
2078 3227 2381 3298 immutari,
2437 3229 2532 3286 sed
2590 3232 2886 3289 voluntas:
2933 3250 3045 3290 non
3091 3235 3150 3291 in
3200 3237 3459 3295 omnibus

1862 3323 2043 3371 tamen
2087 3319 2300 3385 causis;
2354 3319 2482 3391 quia
2534 3329 2779 3378 remanet
2820 3322 2878 3378 in
2923 3333 3139 3394 natura,
3169 3326 3317 3398 quod
3352 3334 3456 3384 tes-

1860 3403 2098 3460 timonio
2125 3405 2199 3462 sit
2229 3406 2494 3464 Creatori.

1934 3494 2115 3566 (Vers.
2152 3494 2265 3568 14.)
2313 3522 2331 3543 ι
2360 3495 2504 3564 Quid
2549 3515 2677 3572 ergo
2722 3499 3016 3558 dicemus?
3041 3501 3324 3576 Numquid
3351 3504 3456 3561 ini-

1861 3582 2040 3654 quitas
2069 3583 2214 3656 apud
2255 3585 2480 3642 Deum?
2524 3587 2747 3644 Absit.»
2799 3590 2941 3658 Quia
2982 3591 3130 3647 enim
3159 3609 3332 3648 unum
3375 3593 3456 3651 di-

1867 3672 2008 3745 ligit,
2059 3682 2114 3730 et
2156 3675 2390 3731 alterum
2438 3676 2577 3748 odit,
2616 3678 2890 3738 subinfert
2922 3663 2946 3736 ε’
2973 3686 3068 3744 82
3132 3707 3150 3730 ι
3175 3683 3458 3757 Numquid

1863 3770 2130 3844 iniquitas
2158 3773 2303 3845 apud
2343 3775 2516 3831 Deum
2548 3775 2576 3832 ?
2616 3801 2634 3824 ι
2688 3778 2810 3834 Νοιι
2839 3779 3020 3851 plane,
3050 3778 3148 3836 sed
3168 3777 3350 3851 justus
3377 3786 3460 3836 est

1862 3861 2046 3928 Deus;
2097 3861 2200 3918 scit
2227 3862 2375 3918 enim
2419 3863 2554 3937 quid
2581 3863 2767 3936 faciat,
2800 3883 2902 3925 nec
2942 3869 3346 3926 retractandum
3377 3878 3459 3927 est

1862 3948 1980 4020 ejus
2002 3949 2298 4020 judicium.
2343 3952 2458 4010 Hoc
2486 3953 2545 4009 in
2588 3955 2857 4012 Malachia
2885 3957 3150 4030 propheta
3179 3958 3411 4015 habetur
3441 3977 3453 4017 :

1877 4061 1895 4085 ε
1923 4038 2088 4095 Jacob
2122 4039 2315 4107 dilexi,
2350 4041 2494 4097 Esau
2515 4059 2645 4099 vero
2665 4043 2794 4101 odio
2815 4045 3217 4121 habui(Malac.
3251 4065 3289 4116 ι,
3325 4048 3443 4120 3).-

1861 4126 1978 4184 Hoc
1990 4127 2103 4199 jam
2134 4128 2201 4184 de
2225 4127 2437 4200 judicio
2469 4130 2644 4200 dicit;
2677 4149 2802 4189 nam
2835 4136 2988 4206 prius
3015 4135 3083 4192 de
3113 4137 3458 4210 praescientia

1860 4216 1958 4287 ait,
1996 4243 2013 4264 ι
2029 4217 2158 4290 quia
2175 4217 2350 4289 major
2369 4222 2789 4279 servietminori
2809 4225 2964 4297 (Gen.
2983 4241 3121 4295 xxv,
3143 4225 3282 4299 23),»
3315 4227 3459 4285 sicut

1861 4312 1915 4361 et
1955 4305 2022 4362 de
2069 4308 2413 4379 praescientia
2458 4309 2797 4368 Pharaonem
2845 4312 3150 4384 damnavit,
3192 4315 3372 4373 sciens
3399 4331 3456 4372 se

1862 4410 1973 4450 non
2019 4405 2431 4455 correcturum:
2476 4403 2784 4473 apostolum
2831 4419 2960 4459 vero
3006 4405 3236 4460 Paulum
3280 4421 3456 4477 perse-

1861 4493 2119 4558 quentem
2148 4485 2312 4560 elegit
2357 4490 2501 4561 (Act.
2555 4508 2633 4559 ix,
2685 4491 2764 4564 3),
2798 4495 3058 4566 praescius
3087 4495 3278 4567 utique
3306 4495 3452 4568 quod

1861 4575 2083 4633 futurus
2117 4589 2258 4636 esset
2285 4579 2483 4637 bonus.
2517 4581 2677 4640 Hunc
2705 4599 2831 4656 ergo
2862 4585 3128 4657 praevenit
3152 4594 3277 4642 ante
3307 4591 3455 4639 tem-

159 4679 409 4749 quamvis
462 4652 613 4734 dicat
677 4678 929 4734 Salvator
978 4677 1090 4734 illis
1145 4679 1487 4750 septuaginta
1537 4652 1751 4735 duobus
1784 4652 1832 4712 D
1858 4681 1983 4738 Pus:
2008 4667 2138 4739 quia
2167 4671 2506 4727 necessarius
2532 4682 2684 4740 θτθις
2718 4652 3128 4730 θίΡῘιᾶτδοηθω
3162 4680 3286 4728 ante
3307 4671 3452 4729 fum'

159 4764 461 4839 discipulis,
504 4783 640 4839 quos
669 4767 903 4840 elegerat
947 4766 1186 4824 secunda
1213 4767 1403 4836 classe,
1434 4767 1528 4840 qui
1558 4766 1624 4822 ab
1655 4767 1751 4822 illo

160 4865 337 4928 postea
385 4864 732 4913 recesserunt
793 4881 811 4905 ‹
865 4857 1102 4912 Nomina
1148 4867 1326 4914 vestra
1374 4857 1575 4928 scripta
1618 4865 1748 4913 sunt

162 4947 374 5004 incmlo
422 4949 578 5016 (Luc.
624 4965 680 5015 x,
717 4947 831 5019 20).
866 4973 882 4994 -
935 4947 1037 5004 Sed
1077 4947 1181 5004 hoc
1213 4955 1433 5019 propter
1455 4945 1747 5018 justitiam,

162 5036 282 5108 quia
319 5037 428 5094 hoc
456 5046 541 5093 est
581 5037 817 5109 justum,
866 5045 927 5093 ut
975 5037 1272 5110 unicuique
1302 5054 1400 5110 pro
1449 5037 1643 5094 merito
1673 5054 1749 5093 re-

163 5128 508 5200 spondeatur.
541 5129 682 5197 Quia
727 5128 877 5184 enim
925 5128 1055 5184 boni
1088 5137 1264 5196 erant,
1313 5128 1470 5184 electi
1508 5135 1636 5184 sunt
1682 5127 1750 5184 ad

165 5218 551 5287 ministerium,
600 5227 653 5274 et
699 5225 853 5273 erant
897 5218 1099 5289 scripta
1151 5218 1374 5272 nomina
1419 5218 1641 5272 illorum
1693 5217 1750 5272 in

166 5308 294 5361 caelo
322 5318 550 5381 propter
587 5306 885 5378 justitiam,
916 5305 1056 5362 sicut
1085 5306 1232 5362 dixi:
1267 5305 1567 5362 secundum
1600 5323 1748 5378 prae-

165 5393 440 5453 scientiam
472 5412 604 5453 vero
634 5397 690 5453 in
723 5412 951 5454 numero
981 5404 1135 5452 erant
1166 5396 1454 5452 malorum.
1483 5396 1562 5452 De
1582 5393 1747 5467 justi-

234 5639 346 5728 (_4_2)
561 5642 786 5728 Amerb.
819 5647 1060 5728 et_Eras.
1093 5662 1218 5704 cum
1246 5658 1379 5728 mss.
1404 5659 1514 5728 non
1541 5645 1749 5728 paucis,

171 5722 226 5842 ἕξ
245 5719 298 5798 lii
327 5718 458 5849 ’ἴσηι
480 5721 726 5778 doleant:
767 5721 970 5779 rectius
999 5727 1182 5777 tamen
1211 5719 1333 5777 aliae
1362 5718 1493 5776 edit.
1526 5727 1579 5776 et
1618 5735 1747 5776 mss.

253 5804 308 5846 in
359 5807 431 5847 ex
462 5807 517 5851 ιι.

1864 4772 1987 4811 rum
2011 4755 2285 4828 judicium
2323 4761 2627 4830 damnavit,
2664 4769 2725 4817 ut
2754 4762 3064 4819 crederetur
3081 4760 3450 4833 judicaturus.

1933 4846 2116 4918 (Vers.
2165 4849 2278 4921 15.)
2326 4874 2343 4898 ι
2383 4851 2560 4922 Moysi
2604 4851 2751 4905 enim
2804 4849 2981 4906 dicit:
3031 4849 3329 4907 Miserebor
3361 4851 3454 4908 cui

1860 4937 2115 4993 misertus
2170 4953 2264 4994 ero
2314 4958 2326 4996 :
2387 4947 2442 4995 et
2514 4937 2946 4996 misericordiam
3005 4941 3294 5014 praestabo,
3359 4942 3453 4999 cui

1859 5027 2292 5084 misericordiam
2322 5028 2623 5101 praestitero
2655 5030 2856 5101 (Exod.
2882 5045 3086 5101 χχχιιι,
3119 5032 3230 5103 19).
3256 5057 3274 5079 ι
3307 5032 3452 5104 Ergo

1860 5119 2254 5190 misericordia,
2313 5145 2331 5168 ι
2369 5120 2688 5190 miserebor,
2734 5119 2934 5194 inquit,
2985 5122 3102 5195 ejus
3143 5123 3234 5180 cui
3265 5123 3451 5180 miser-

1858 5215 1948 5264 tus
1991 5226 2106 5278 ero,
2153 5234 2172 5257 ι
2235 5210 2340 5266 hoc
2387 5217 2489 5278 est,
2537 5209 2656 5282 ejus
2690 5211 3008 5282 miserebor,
3057 5212 3148 5270 cui
3192 5213 3451 5286 praescius

1857 5315 2002 5354 eram
2026 5299 2173 5371 quod
2196 5299 2630 5357 misericordiam
2660 5299 2888 5357 daturus
2906 5317 3101 5370 essem,
3127 5302 3303 5357 sciens
3321 5318 3448 5359 con-

1858 5403 2146 5445 versurum
2188 5389 2372 5458 illum,
2417 5397 2472 5448 et
2517 5406 2935 5464 permansurum
2979 5391 3124 5466 apud
3153 5408 3274 5448 me:
3333 5417 3351 5440 ι
3382 5393 3450 5449 Et

1934 5646 2050 5719 (43)
2083 5646 2162 5728 Ita
2203 5646 2336 5728 edit.
2377 5645 2601 5728 Amerb.
2637 5653 2691 5728 et
2735 5645 2890 5700 Erae.
2933 5659 2997 5700 ac
3028 5660 3158 5701 mss.
3189 5641 3449 5728 comptu:

1860 5718 1950 5800 res
1970 5719 2157 5800 :.at_in
2200 5718 2440 5800 reliquis.
2466 5719 2696 5800 ειμι-ἐι
2726 5733 2856 5774 mss.
2889 5731 3000 5773 nou
3039 5718 3360 5791 reperimus,
3391 5719 3449 5773 in

1862 5790 2025 5864 signis
2052 5797 2100 5848 et
2116 5789 2380 5864 prodigiis
2406 5789 2684 5861 faciendis.
