3980 6372
501 380 607 440 143

1516 384 1614 438 ΑΙ)
1651 381 1887 440 OPERA
1925 382 1982 441 S.
2022 382 2359 442 AMBROSII
2399 382 2777 442 APPENDIX.

3706 381 3817 443 1“

501 509 936 570 misericordiam
957 511 1224 585 prastabo
1253 511 1361 582 illi,
1387 512 1476 570 cui
1498 512 1931 571 misericordiam
1961 529 2095 585 pra-
2124 517 2175 576 Α
2203 512 2342 582 Quia
2392 513 2449 570 in
2498 512 2606 570 hoc
2648 512 2829 587 ipsum
2876 521 2930 570 te
2973 512 3212 582 servavi,
3241 519 3306 569 ut
3345 512 3638 570 ostendam
3669 515 3733 571 in
3763 521 3819 570 te

503 597 719 669 stitero,
742 625 760 648 ›
794 601 851 658 id
879 607 961 657 est
979 601 1030 657 ei
1050 602 1481 660 misericordiam
1505 603 1648 662 dabo
1666 619 1825 677 quem
1851 602 2099 676 prascivi

499 702 626 768 post
654 709 896 750 errorem
920 702 1068 752 recto
1091 693 1254 752 corde
1283 711 1629 752 reversurum
1660 696 1724 752 rd
1749 712 1854 752 me.
1884 696 1999 752 Hoc
2022 703 2104 751 est

501 783 632 840 dare
707 784 811 853 illi,
869 784 959 841 cui
1011 784 1253 842 dandum
1315 793 1397 842 est
1445 804 1456 843 :
1533 793 1588 842 et
1641 800 1751 844 non
1818 785 1946 841 dare
1993 783 2100 851 illi,

502 875 596 932 cui
644 871 887 930 dandum
937 889 1049 929 non
1101 882 1213 942 est;
1264 883 1326 931 ut
1371 891 1498 931 eum
1547 883 1725 943 vocet,
1774 890 1937 948 quem
1967 874 2103 931 sciat

503 962 806 1030 obaudire;
848 963 1005 1019 illum
1038 971 1219 1020 autem
1259 980 1372 1021 non
1403 971 1579 1033 vocet,
1625 979 1784 1037 quem
1829 963 1967 1020 sciat
1998 963 2102 1019 mi-

502 1054 656 1112 nime
680 1053 963 1111 obaudire.
997 1054 1205 1112 Vocare
1234 1063 1413 1112 autem
1435 1065 1517 1112 est
1547 1071 1659 1112 non
1689 1071 1928 1128 pugnare
1961 1053 2100 1127 (44),

501 1145 600 1204 sed
631 1161 997 1218 compungere
1016 1144 1082 1202 ad
1114 1144 1482 1219 recipiendam
1511 1145 1697 1203 fidem.

579 1243 762 1314 (Vers.
811 1242 924 1315 16.)
992 1269 1009 1291 ι
1039 1244 1213 1316 Igitur
1259 1260 1371 1302 non
1401 1244 1642 1302 volentis
1680 1259 1856 1316 neque
1874 1256 2103 1323 curren-

500 1335 599 1406 tis,
629 1335 726 1392 sed
782 1335 1095 1393 miserentis
1139 1344 1220 1394 est
1263 1337 1382 1394 Dei.
1414 1361 1433 1385 ι
1462 1407 1468 1412 ι
1495 1337 1679 1406 Recte,
1715 1336 1844 1410 quia
1892 1350 2002 1393 non
2045 1334 2104 1390 in

503 1427 794 1484 voluntate
823 1427 1080 1498 petentis,
1112 1427 1208 1484 sed
1236 1427 1294 1484 in
1325 1426 1507 1484 dantis
1533 1426 1762 1484 arbitrio
1791 1425 1952 1482 debet
1968 1440 2104 1494 esse,

502 1514 652 1589 quod
681 1515 946 1588 poscitur.
974 1517 1062 1573 An
1078 1517 1224 1576 enim
1255 1517 1498 1573 dandum
1523 1517 1616 1585 sit,
1647 1515 1830 1573 dantis
1853 1513 2104 1587 debetju-

501 1605 653 1663 dicio
678 1606 926 1679 pensari;
945 1622 1072 1662 nam
1095 1607 1221 1663 Saul
1241 1622 1472 1680 peccans
1492 1623 1613 1663 cum
1637 1607 1860 1679 petisset
1886 1605 2103 1662 veniam

502 1709 616 1753 non
633 1697 844 1767 accepit
863 1695 920 1767 (Ι
934 1697 1058 1766 Reg.
1077 1712 1174 1764 xv,
1197 1695 1315 1768 24),
1338 1705 1393 1753 at
1408 1703 1598 1752 contra
1616 1695 1794 1752 David
1809 1710 2040 1768 peccans
2054 1703 2108 1751 et

502 1785 713 1858 ignosci
760 1783 864 1840 sibi
897 1785 1198 1856 postulans,
1247 1785 1468 1843 veniam
1521 1793 1847 1843 consecutus
1895 1794 1978 1843 est
2023 1785 2112 1857 (II

499 1875 627 1947 Reg.
663 1890 768 1943 xu,
799 1874 912 1946 13).
940 1875 1026 1930 Ex
1055 1873 1162 1932 hoc
1189 1875 1382 1949 utique
1411 1875 1595 1934 dantis
1618 1876 1719 1933 Dei
1744 1884 1798 1932 et
1835 1891 1945 1932 non
1975 1874 2105 1931 dan-
2137 1889 2183 1950 Β

501 1966 577 2023 tis
613 1964 888 2036 judicium
939 1965 1276 2039 sequendum
1308 1976 1411 2036 est,
1443 1968 1571 2040 quia
1601 1983 1713 2024 non
1743 1967 1801 2022 in
1827 1965 1977 2038 juste
2001 1963 2106 2037 ju-

499 2054 674 2124 dicat,
705 2056 800 2129 qui
830 2072 1020 2113 omnes
1049 2057 1229 2114 salvos
1275 2058 1419 2126 vult,
1452 2065 1707 2114 manente
1737 2055 1992 2128 justitia;
2025 2055 2105 2110 in-

493 2154 725 2220 spector
769 2147 915 2204 enim
955 2147 1137 2205 cordis
1175 2149 1280 2205 scit
1319 2155 1613 2222 petentem,
1664 2163 1733 2203 an
1776 2145 1878 2202 hac
1926 2151 2108 2199 mente

501 2246 713 2311 poscat,
762 2247 824 2295 ut
856 2247 1131 2295 mereatur
1175 2238 1442 2311 accipere.
1485 2239 1558 2294 Et
1604 2235 1858 2310 quamvis
1895 2231 2108 2306 pericu-

503 2328 684 2386 losum
734 2330 808 2386 sit
846 2327 1121 2401 judicium
1170 2329 1269 2385 Dei
1300 2329 1628 2397 discernere,
1674 2334 1858 2382 tamen
1888 2329 2111 2396 propter

503 2418 838 2488 difﬁdentes,
865 2427 929 2476 ut
969 2435 1124 2477 mens
1152 2435 1341 2477 eorum
1376 2419 1644 2475 medelam
1684 2414 1946 2488 consequi
1990 2429 2108 2485 pos-

503 2509 600 2579 sit,
649 2526 717 2566 ne
770 2517 962 2583 putent
1013 2508 1288 2582 judicium
1335 2509 1435 2566 Dei
1475 2507 1764 2580 injustam,
1827 2505 2104 2562 dicentes:

503 2599 689 2657 Unum
731 2609 910 2668 vocat,
961 2609 1014 2656 et
1063 2601 1296 2656 alterum
1337 2597 1603 2671 negligit;
1655 2597 1735 2653 sic
1781 2594 2110 2652 arbitrantes

503 2686 757 2745 excusari
787 2703 943 2760 posse
971 2685 1337 2756 damnandos,
1367 2687 1533 2743 rebus
1570 2683 1722 2742 istud
1762 2684 1947 2757 potius
1987 2697 2109 2754 pro-

504 2777 724 2848 bemus,
773 2794 936 2852 quam
994 2777 1206 2845 verbis;
1258 2775 1358 2833 ubi
1405 2776 1552 2833 enim
1604 2790 1786 2832 rerum
1837 2782 2109 2847 gestarum

496 2868 758 2940 exempla
805 2875 956 2935 sunt,
1002 2884 1164 2924 nemo
1193 2867 1358 2924 audet
1395 2867 1572 2940 queri,
1613 2881 1716 2924 nec
1744 2865 1984 2938 aliquam
2018 2879 2108 2919 ex-

503 2956 847 3015 cusationem
879 2956 1194 3012 Obtendere.
1226 2959 1349 3012 Duo
1379 2956 1606 3012 fuerunt
1651 2954 1829 3012 David
1860 2961 1916 3010 et
1941 2954 2068 3011 Saul
2094 2971 2106 3009 :

501 3045 852 3117 requiramus
909 3043 1189 3112 historias,
1247 3043 1428 3115 qualis
1489 3043 1867 3116 unusquisque
1920 3059 2110 3100 eorum

503 3133 814 3206 reperiatur
852 3141 975 3205 post
1011 3131 1286 3204 judicium
1335 3133 1474 3200 Dei;
1519 3141 1582 3188 ut
1622 3132 1669 3188 si
1717 3133 1846 3188 Saul
1889 3132 2028 3189 bene
2057 3149 2112 3189 se

505 3223 702 3297 egisse,
755 3230 1043 3295 postquam
1093 3221 1530 3279 misericordiam
1579 3238 1691 3278 non
1739 3221 1958 3294 accipit,
1992 3239 2110 3295 pro-
2149 3261 2192 3322 ο

505 3313 688 3383 betur,
720 3312 1010 3385 injustum,
1045 3311 1192 3387 quod
1235 3311 1398 3381 absit,
1431 3312 1528 3369 Dei
1555 3310 1831 3384 judicium
1871 3312 2112 3370 arbitre-

508 3421 673 3474 mur;
729 3414 824 3461 aut
879 3405 927 3460 si
974 3403 1175 3473 David,
1213 3413 1436 3477 accepta
1479 3402 1876 3473 misericordia,
1934 3405 2108 3461 Deum

497 3497 896 3569 contempsisse
927 3494 1270 3564 inveniatur,
1305 3511 1376 3551 an
1407 3495 1464 3550 in
1495 3510 1559 3551 eo
1598 3494 1880 3563 manserit,
1912 3494 1970 3550 in
2002 3511 2110 3568 quo

503 3584 941 3644 misericordiam
973 3592 1304 3642 consecutus
1349 3593 1452 3650 est,
1493 3592 1568 3654 et,
1599 3593 1662 3640 ut
1703 3592 1828 3641 utar
1856 3600 2110 3658 compen.

501 3674 619 3743 dio,
676 3681 908 3745 uterque
955 3675 1336 3730 necessitatem
1403 3690 1596 3746 passus
1655 3683 1738 3731 est
1807 3675 1979 3747 regni.
2040 3675 2114 3731 Et

500 3773 714 3842 quanta
768 3763 1220 3820 fuit-necessitas
1257 3762 1460 3830 David,
1508 3771 1570 3819 ut
1615 3762 1764 3820 ﬁlius
1791 3763 1911 3835 ejus
1945 3764 2113 3821 vellet

505 3873 632 3916 eum
681 3871 851 3928 regno
883 3856 1130 3928 privare!
1174 3857 1236 3912 In
1275 3871 1384 3928 qua
1413 3854 1736 3912 necessitate
1764 3853 1920 3925 ﬂens,
1962 3855 2113 3912 nudo

507 3947 670 4022 pede,
701 3946 806 4002 iter
831 3944 1087 4016 faciebat,
1121 3953 1186 4002 ut
1214 3945 1426 4020 fugeret
1453 3961 1552 4002 rex
1581 3953 1634 4002 et
1663 3945 1778 4003 dux
1808 3947 1994 4020 populi
2012 3946 2112 4004 Dei

511 4037 605 4110 (II
628 4038 752 4108 Reg.
786 4051 884 4104 xv,
921 4035 1033 4109 16),
1067 4036 1124 4093 in
1156 4045 1372 4095 tantum
1402 4036 1748 4104 humiliatus,
1779 4045 1842 4094 ut
1867 4044 1922 4093 et
1950 4036 2009 4094 in
2038 4037 2112 4094 fa-

505 4126 650 4185 ciem
707 4126 814 4183 sibi
857 4142 1016 4184 servo
1063 4144 1163 4184 suo
1213 4126 1567 4185 maledicenti
1610 4144 1719 4185 non
1761 4127 2115 4201 responderet

509 4225 574 4274 ut
603 4233 699 4290 per
730 4218 1052 4292 patientiam
1087 4221 1261 4276 Deum
1293 4219 1402 4276 sibi
1433 4219 1736 4292 propitium
1766 4218 1988 4286 faceret,
2019 4234 2115 4292 per

510 4323 673 4382 quem
745 4323 974 4380 regnum
1051 4306 1157 4364 sibi
1231 4307 1469 4365 credidit
1524 4308 1790 4365 reservari
1851 4309 1938 4382 (ΙΙ
1987 4310 2109 4382 Reg.

508 4415 631 4466 xvi,
661 4399 774 4472 10).
797 4399 922 4455 Saul
947 4407 1129 4456 autem
1152 4415 1255 4457 nec
1282 4399 1341 4456 in
1368 4399 1466 4456 tali
1489 4400 1812 4457 necessitate
1832 4399 2112 4470 inventus,

508 4491 640 4566 quia
684 4488 864 4563 majus
909 4489 1117 4546 malum
1175 4496 1258 4545 est
1304 4488 1628 4547 intestinum
1673 4490 1905 4560 bellum,
1950 4507 2112 4565 quam

501 4587 802 4637 externum
828 4597 842 4648 ;
869 4578 1097 4651 insuper
1126 4578 1308 4635 ferens
1338 4579 1470 4653 quia
1495 4581 1662 4637 semel
1694 4588 1748 4637 et
1771 4580 1968 4637 iterum
2001 4597 2112 4638 non

502 4671 582 4729 sit
619 4670 864 4736 auditus,
895 4686 1020 4727 cum
1073 4678 1216 4726 esset
1245 4669 1528 4743 indignus,
1574 4688 1675 4730 nec
1704 4673 1761 4728 in
1809 4687 1966 4745 prece
1994 4688 2111 4746 per-

2211 603 2474 660 virtutem
2517 620 2715 672 meam,
2747 611 2802 659 et
2835 611 2898 660 ut
2943 603 3232 660 nuntietur
3273 617 3476 659 nomen
3519 618 3706 660 meum
3759 603 3820 659 in

2213 694 2469 750 universa
2515 703 2658 751 terra
2702 695 2903 766 (Exod.
2953 710 3032 762 ιιι,
3076 693 3189 766 16).
3238 718 3258 744 ι
3311 693 3427 750 Alii
3469 692 3694 750 codices
3735 694 3822 750 sic

2212 782 2415 840 habent
2445 803 2457 840 :
2504 809 2522 832 ι
2552 783 2640 841 Ad
2685 784 2792 842 hoc
2836 792 2890 841 te
2938 783 3224 854 suscitavi,
3253 792 3315 841 ut
3351 785 3637 844 ostendam
3671 787 3732 843 in
3765 793 3822 842 te

2211 874 2473 929 virtutem
2523 891 2720 931 meam.
2755 900 2772 924 ι
2815 874 2943 931 Sive
2986 899 3004 922 σ
3034 875 3270 944 servavi,
3299 875 3416 932 sive
3459 875 3754 945 suscitavi,
3788 901 3808 924 ι

2212 979 2357 1020 unus
2383 971 2464 1018 est
2491 979 2710 1032 sensus;
2744 963 2848 1021 hoc
2878 963 3026 1020 enim
3060 963 3220 1034 dicit,
3253 965 3386 1038 quia
3415 981 3542 1022 cum
3572 965 3821 1034 Pharao,

2212 1052 2360 1126 quod
2406 1069 2608 1110 nomen
2656 1070 2842 1126 regum
2893 1061 3008 1110 erat
3053 1054 3199 1127 apud
3233 1055 3549 1128 Egyptios,
3579 1055 3730 1114 sicut
3765 1062 3824 1111 et

2213 1143 2356 1218 apud
2412 1145 2684 1201 Romanos
2740 1159 2890 1217 reges
2945 1143 3179 1216 Augusti
3237 1145 3586 1216 appellantur
3645 1163 3659 1201 :
3721 1143 3825 1202 hic

2213 1249 2340 1306 ergo
2386 1232 2596 1290 Pharao
2643 1231 2760 1306 (45)
2810 1249 2935 1290 cum
2983 1233 3153 1289 tantis
3198 1233 3355 1290 malis
3400 1241 3542 1291 esset
3572 1249 3720 1303 reus,
3755 1241 3825 1290 ut

2214 1323 2331 1380 vita
2377 1322 2638 1396 indignus
2679 1332 2840 1393 esset,
2872 1323 2950 1379 ita
2992 1323 3049 1380 in
3093 1323 3254 1380 malis
3301 1323 3418 1381 suis
3459 1324 3816 1398 perduravit,

2214 1430 2316 1472 nec
2369 1429 2426 1470 se
2484 1412 2772 1470 emendare
2842 1413 3052 1482 voluit;
3121 1413 3399 1473 astimans
3452 1422 3548 1472 aut
3614 1413 3826 1471 merito

2214 1506 2425 1573 vivere,
2455 1510 2551 1559 aut
2586 1505 2780 1572 Deum,
2827 1520 2987 1578 quem
3014 1519 3156 1577 sape
3194 1503 3497 1560 fallendum
3530 1490 3820 1574 censebat,

2215 1593 2283 1651 ad
2326 1592 2630 1652 vindictam
2668 1592 2904 1651 dandam
2951 1594 3332 1667 impotentem,
3377 1593 3534 1653 audit
3577 1611 3613 1652 ι
3649 1595 3772 1652 Deo
3809 1612 3821 1651 :

2228 1708 2246 1730 ι
2290 1683 2376 1740 Ad
2423 1680 2530 1740 hoc
2571 1690 2624 1739 te
2669 1683 2906 1752 servavi,
2937 1691 3000 1740 ut
3048 1683 3333 1742 ostendam
3367 1685 3426 1741 in
3455 1691 3510 1741 te
3547 1684 3825 1740 virtutem

2216 1789 2413 1843 meam,
2446 1781 2501 1831 et
2546 1779 2608 1829 ut
2649 1773 2936 1831 nuntietur
2977 1790 3180 1832 nomen
3226 1789 3408 1830 meum
3455 1772 3514 1831 in
3555 1774 3827 1832 universa

2215 1870 2377 1932 terra,
2410 1888 2430 1912 ι
2471 1871 2535 1920 ιιι
2579 1862 2637 1919 in
2679 1862 2784 1921 hoc
2834 1872 3042 1922 caetera
3077 1873 3264 1936 gentes
3313 1863 3665 1922 addiscerem
3709 1881 3824 1921 non

2216 1969 2330 2010 esse
2359 1954 2529 2010 alium
2557 1955 2731 2010 Deum
2762 1962 2959 2028 prater
2987 1953 3160 2024 hunc,
3191 1954 3286 2029 qui
3332 1953 3649 2011 Judaorum
3679 1962 3824 2023 erat,

2216 2052 2270 2100 et
2320 2043 2495 2101 factus
2539 2051 2621 2099 est
2653 2043 3128 2114 Christianorum;
3169 2044 3424 2117 quamvis
3451 2050 3505 2101 et
3533 2040 3618 2100 illi
3645 2041 3828 2101 Chri-

2217 2133 2383 2189 stiani
2431 2133 2659 2201 fuerint,
2702 2139 2756 2188 et
2803 2150 2904 2189 nos
2949 2149 3098 2189 nunc
3145 2136 3322 2190 simus
3365 2132 3544 2190 Judai
3592 2137 3830 2206 propter

2216 2221 2436 2293 Judam,
2463 2239 2532 2279 ex
2555 2239 2664 2297 quo
2692 2227 2787 2286 83
2819 2222 3071 2280 Christus
3107 2231 3187 2280 est
3215 2221 3519 2280 secundum
3547 2239 3776 2281 carnem
3808 2242 3823 2292 ;

2217 2320 2347 2394 quia
2403 2319 2576 2376 Judai
2630 2329 2839 2378 veteres
2893 2321 3163 2395 sperando
3213 2321 3465 2380 futurum
3520 2321 3814 2381 Christum

2219 2410 2645 2483 redemptorem,
2677 2410 2978 2469 Christiani
3025 2419 3218 2481 erant;
3251 2427 3377 2469 nam
3410 2410 3599 2469 Bahab
3630 2429 3828 2470 mere-

2217 2502 2332 2558 trix
2381 2501 2518 2559 dicit
2561 2503 3001 2575 exploratoribus
3047 2503 3230 2560 missis
3270 2520 3302 2559 a
3342 2503 3468 2560 Jesu
3514 2503 3686 2573 Nave,
3727 2502 3825 2577 qui

2219 2593 2375 2666 prius
2406 2593 2595 2649 Auxes
2623 2592 2910 2650 dicebatur
2942 2613 2955 2651 :
2999 2618 3018 2642 ι
3047 2593 3427 2652 Audita‘sunt
3455 2591 3549 2650 hic
3578 2593 3828 2650 virtutes

2220 2695 2276 2744 et
2315 2687 2509 2760 plaga,
2541 2703 2661 2760 qua
2692 2687 2847 2745 facta
2877 2695 3006 2745 sunt
3033 2688 3092 2744 in
3139 2689 3381 2762 Egypto
3409 2703 3442 2743 a
3467 2687 3580 2744 Deo
3611 2695 3824 2754 vestro,

2221 2784 2277 2832 et
2305 2777 2592 2834 conterriti
2622 2784 2752 2833 sunt
2777 2777 2975 2847 nimis;
3007 2779 3209 2834 timent
3233 2777 3378 2834 enim
3411 2793 3443 2832 a
3467 2775 3606 2834 facie
3636 2783 3827 2833 vestra

2223 2868 2404 2941 (Iosue
2451 2884 2512 2936 ιι,
2555 2867 2637 2939 9).
2668 2891 2687 2915 ι
2729 2866 2816 2924 Ad
2860 2867 2966 2925 hoc
3007 2883 3135 2939 ergo
3178 2873 3427 2923 servatus
3464 2872 3548 2921 est
3585 2863 3824 2934 Pharao,

2220 2966 2284 3015 ut
2330 2960 2506 3015 multa
2559 2958 2713 3031 signa
2768 2967 2822 3015 et
2863 2959 3033 3030 plaga
3090 2956 3511 3014 ostenderentur
3558 2954 3618 3010 in
3659 2955 3824 3011 illum

2221 3047 2376 3120 quasi
2407 3047 2521 3118 jam
2570 3053 2876 3104 mortuum.
2936 3047 3240 3104 Suscitatus
3275 3046 3390 3118 (46)
3423 3052 3603 3101 autem
3632 3043 3823 3103 dictus

2221 3142 2303 3193 est
2334 3153 2346 3193 :
2384 3137 2514 3210 quia
2539 3153 2664 3194 cum
2694 3137 2839 3209 apud
2871 3138 3043 3193 Deum
3075 3144 3326 3192 mortuus
3347 3141 3508 3205 esset,
3538 3134 3824 3192 modicum

2222 3234 2439 3298 tempus
2480 3226 2712 3299 accepit,
2753 3233 2816 3282 ut
2860 3226 3048 3282 vivere
3087 3225 3402 3294 videretur;
3454 3232 3515 3281 ut
3561 3231 3705 3282 esset
3761 3223 3822 3280 in

2223 3313 2382 3387 cujus
2411 3331 2571 3388 pana
2613 3323 2668 3372 et
2709 3317 2866 3373 vario
2891 3323 3290 3373 tormentorum
3323 3333 3516 3390 genere
3543 3332 3722 3390 usque
3750 3316 3822 3373 ad

2222 3413 2479 3474 mortem,
2523 3422 2714 3464 omnes
2759 3407 2853 3480 qui
2890 3406 3008 3463 sine
3053 3409 3166 3464 Deo
3213 3415 3388 3477 erant,
3421 3414 3572 3464 metu
3613 3407 3822 3477 territi,

2224 3495 2372 3554 hunc
2412 3497 2591 3554 solum
2637 3499 2811 3555 Deum
2861 3514 2976 3556 esse
3023 3514 3148 3555 cum
3178 3497 3541 3556 admiratione
3575 3497 3826 3554 maxima

2223 3587 2545 3656 faterentur,
2597 3605 2631 3644 a
2677 3605 2787 3662 quo
2832 3588 2916 3645 ha
2961 3588 3222 3645 vindicta
3278 3587 3438 3645 ﬁunt.
3491 3587 3609 3645 Hoc
3651 3588 3824 3645 etiam

2225 3693 2420 3748 genere
2447 3678 2664 3752 antiqui
2709 3678 2911 3736 medici
2943 3678 2998 3734 in
3043 3677 3366 3734 hominibus
3410 3685 3586 3734 morte
3613 3675 3822 3751 dignis,

2224 3767 2310 3821 vel
2349 3768 2544 3824 mortis
2575 3768 2901 3825 sententiam
2933 3768 3264 3836 consecutis,
3295 3766 3648 3841 requirebant
3673 3783 3831 3840 quo—

2224 3855 2388 3912 modo
2436 3857 2757 3930 prodessent
2808 3857 2976 3926 vivis,
3007 3874 3128 3931 qua
3184 3857 3242 3913 in
3283 3856 3507 3913 homine
3555 3856 3830 3924 latebant,

2225 3948 2469 4020 apertis;
2515 3957 2577 4006 ut
2614 3949 2702 4006 his
2730 3957 3119 4023 cognoscerent
3149 3964 3339 4006 causas
3367 3947 3740 4021 agritudinis,
3771 3958 3832 4006 et

2225 4052 2385 4110 pana
2415 4037 2702 4096 morientis
2740 4038 3028 4112 proﬁceret
3055 4037 3124 4094 ad
3152 4038 3383 4094 salutem
3414 4036 3676 4094 viventis.

2298 4129 2478 4202 (Vera.
2515 4129 2628 4202 18.)
2673 4153 2691 4177 ι
2731 4130 2904 4202 Igitur
2943 4129 3036 4186 cui
3065 4128 3188 4186 vult
3226 4127 3539 4197 miseretur,
3573 4133 3627 4184 et
3655 4143 3828 4202 quem

2225 4219 2348 4276 vult
2376 4218 2618 4276 indurat.
2651 4219 2802 4276 Dicis
2831 4219 3014 4292 itaque
3043 4217 3202 4274 mihi.
3232 4241 3251 4266 ι
3295 4217 3382 4273 Ex
3415 4233 3646 4290 persona
3674 4234 3831 4275 con-

2224 4307 2544 4366 tradicentis
2573 4309 2838 4384 loquitur,
2865 4308 2960 4383 qui
2990 4307 3145 4382 quasi
3169 4314 3322 4380 putet
3351 4307 3549 4377 Deum,
3576 4307 3832 4381 neglecta

2219 4397 2458 4472 justitia,
2528 4398 2696 4456 alicui
2766 4398 3104 4473 gratiosum;
3175 4403 3238 4452 ut
3293 4411 3465 4451 unum
3520 4411 3550 4453 e
3603 4395 3829 4454 duobus

2224 4488 2448 4563 paribus
2497 4487 2748 4562 accipiat,
2798 4490 3032 4546 alterum
3078 4495 3318 4558 respuat,
3351 4485 3454 4543 hoc
3501 4493 3603 4552 est,
3645 4501 3828 4544 unum

2226 4587 2578 4652 compungat,
2608 4587 2672 4636 ut
2712 4578 2900 4636 credat
2932 4596 2944 4635 :
2977 4579 3211 4636 alterum
3242 4575 3488 4644 induret,
3516 4590 3586 4632 ne
3612 4576 3827 4635 credat.

2221 4667 2323 4726 Cui
2353 4669 2574 4743 quidem
2603 4685 2672 4726 ex
2699 4669 3024 4727 auctoritate
3054 4667 3361 4742 respondit,
3391 4676 3609 4725 servata
3636 4675 3826 4726 tamen

513 4761 681 4831 stitit,
713 4770 775 4819 ut
797 4762 1056 4818 meritum
1079 4759 1186 4817 sibi
1218 4760 1436 4830 faceret,
1468 4779 1564 4835 per
1581 4763 1730 4836 quod
1757 4771 1898 4819 esset
1917 4763 2117 4836 dignus
2219 4760 2459 4834 justitia,
2519 4777 2590 4818 ex
2637 4777 2803 4834 supra
2849 4769 3149 4818 memorata
3179 4759 3520 4834 prascientia
3567 4759 3760 4818 dicens
3814 4778 3827 4818 :

509 4848 606 4907 sed
663 4851 974 4923 impatiens,
1031 4859 1086 4908 et
1131 4850 1198 4907 de
1241 4852 1340 4908 Dei
1389 4851 1606 4924 judicio
1659 4852 1997 4925 indignatus,
2047 4854 2116 4911 ab

514 4938 684 4996 idolis
711 4957 831 5012 qua
844 4944 997 5015 prius
1017 4945 1172 5000 velut
1203 4945 1412 5002 nullius
1439 4945 1706 5002 momenti
1736 4944 2114 5014 damnaverat,

513 5029 788 5086 auxilium
840 5032 1148 5104 requisivit.
1217 5035 1356 5091 Ecce
1404 5034 1616 5107 justum
1675 5051 1792 5091 esse
1841 5034 2115 5106 judicium

509 5119 876 5195 praseientia
911 5120 1011 5177 Dei
1054 5123 1220 5178 etiam
1267 5126 1585 5182 nolentibus
1627 5125 1981 5182 manifestum
2012 5135 2113 5183 est.

529 5232 535 5237 ’
587 5211 770 5287 (Vers.
831 5213 948 5284 17.)
1018 5237 1036 5262 ε
1078 5212 1224 5272 Dicit
1279 5217 1425 5273 enim
1481 5219 1764 5292 Scriptura
1792 5220 2114 5279 Pharaoni:

513 5433 516 5438 ’
590 5439 708 5513 (44)
754 5439 958 5498 Omnes
990 5439 1146 5517 edit._
1175 5457 1238 5498 ac
1275 5455 1405 5497 mss.
1448 5443 1677 5517 aliquot.
1724 5463 1907 5502 vocare
1947 5453 2120 5503 autem

516 5510 1009 5640 qst'ocoqipungere;
1052 5510 1149 5569 alii
1193 5530 1324 5570 mss.
1370 5510 1802 5590 multi'bonique
1832 5519 2118 5576 nobiscum

541 5599 712 5640 aciun
739 5629 751 5640 .

866 5673 995 5714 mss.
1019 5672 1197 5737 prope
1239 5656 1306 5714 ad
1337 5673 1548 5737 unum:
1593 5657 1725 5718 edit.
1767 5670 2035 5737 verovet.
2063 5669 2120 5737 et

517 5727 741 5800 quidam
802 5745 956 5797 mss.,
1002 5727 1096 5801 ἦξε
1133 5727 1274 5801 "ergo
1329 5731 1546 5789 Pharao
1602 5749 1719 5786 cum
1774 5733 1938 5789 tan-tis
1965 5736 2121 5791 malis

518 5807 644 5857 esse!
670 5817 814 5868 reus,
858 5805 920 5856 ut
954 5800 1126 5856 vivere
1163 5800 1266 5858 non
1313 5802 1533 5873 deberet,
1583 5820 1854 5875 nunquam
1901 5805 2119 5877 futurus

2299 4854 2480 4927 (Vers.
2529 4855 2643 4927 19.)
2702 4879 2720 4902 ι
2763 4854 2908 4923 Quid
2962 4855 3143 4914 adhuc
3185 4855 3492 4930 quatitur?
3532 4855 3830 4912 Voluntati

2226 4946 2373 5002 enim
2428 4944 2546 5016 ejus
2609 4946 2733 5018 quis
2789 4944 3035 5002 resistit?
3088 4971 3106 4996 ι
3179 4946 3426 5003 Primum
3477 4945 3636 5014 dicit,
3698 4946 3835 5021 quia

2227 5037 2406 5095 resisti
2454 5037 2502 5092 ei
2534 5053 2647 5093 non
2680 5044 2890 5109 potest;
2923 5045 3005 5093 est
3042 5039 3190 5095 enim
3239 5037 3655 5110 potentissimus
3683 5038 3834 5094 ultra

2228 5143 2439 5184 omnes.
2475 5127 2684 5184 Deinde
2711 5132 2841 5202 quia
2870 5129 3017 5185 Deus
3035 5129 3286 5184 omnium
3326 5137 3410 5185 est
3447 5136 3499 5184 et
3529 5142 3746 5200 parens,
3779 5135 3834 5184 et

2226 5217 2352 5276 ideo
2395 5217 2539 5276 nulli
2592 5220 2734 5277 male
2773 5220 2925 5288 vult;
2978 5235 3098 5294 qua
3140 5217 3273 5276 fecit
3318 5217 3490 5286 enim,
3526 5216 3832 5275 incolumia

2229 5444 2392 5502 bonus
2438 5462 2502 5520 ne
2532 5464 2583 5502 se
2603 5453 2721 5520 Aaut
2746 5449 3002 5506 merito...
3036 5446 3366 5520 impotentem
3400 5452 3656 5520 puta-ret;
3683 5446 3835 5507 unde

2228 5519 2389 5592 Rom.
2420 5518 2806 5592 edit.abscidit
2837 5528 2946 5576 tres
2971 5518 3178 5592 primas
3198 5537 3378 5578 voces.

2303 5590 2420 5663 (46)
2455 5591 2613 5646 Rom.
2645 5591 2778 5648 edit.
2806 5594 2940 5661 sola,
2973 5590 3060 5648 Ἀιί
3089 5592 3182 5647 hoc
3209 5609 3330 5665 ergo
3361 5592 3518 5665 quasi
3537 5591 3658 5663 jam
3688 5609 3833 5665 mor-

2231 5665 2352 5718 tuus
2393 5669 2632 5717 servatus
2673 5670 2750 5721 est
2792 5665 3028 5733 Pharao,
3057 5670 3180 5722 ut...
3229 5664 3666 5722 ostendereturin
3712 5664 3835 5725 illo.

2230 5733 2544 5804 Suscitatus,
2576 5743 2681 5794 etc.
