3980 6384
145 417 242 476 145

1235 418 1596 480 COMMENT.
1638 424 1712 481 IN
1746 423 1964 482 EPIST.
2006 425 2103 484 AD
2141 425 2310 485 ROM.

3339 410 3442 488 ias

143 545 256 642 Vn.“
282 543 672 644 πξεωθτθο-Νθξ
688 544 847 644 φίωῄ
879 545 1144 644 competit
1180 547 1254 616 θίν
1285 557 1348 606 ιη
1376 549 1618 644 ίηὶῐιξῑιιε
1644 551 1742 644 sit,
1778 554 1828 614 Α
1923 573 2106 635 (Vers.
2137 572 2256 643 24.)
2303 597 2321 621 ι
2351 571 2498 641 Quos
2523 582 2577 630 et
2605 575 2828 633 vocavit
2865 591 2986 644 nos,
3017 593 3130 634 non
3160 577 3338 644 solum
3370 594 3441 636 ex

141 631 291 706 cujus
317 629 710 692 benevolentia
736 641 886 691 tanta
930 642 1174 707 apparet,
1205 643 1267 692 ut
1291 653 1399 692 non
1443 637 1620 694 solum
1651 629 1742 695 fa;

141 727 282 779 ceret
307 736 446 789 esse,
479 737 602 794 qua
631 737 742 780 non
769 730 946 791 erant,
979 739 1173 780 verum
1203 740 1266 780 ea
1297 726 1416 798 ipsa
1445 725 1560 783 vita
1587 735 1738 782 ater-

143 826 210 866 na
235 808 468 866 donaret
498 818 556 866 et
581 811 775 882 gloria,
804 818 866 868 ut
887 827 1024 883 opus
1048 811 1168 883 ejus
1196 813 1409 886 aliquid
1439 813 1740 886 majestatis

138 898 256 972 ejus
301 899 484 958 simile
545 900 786 958 haberet.
842 902 950 969 Qui
1006 918 1135 974 ergo
1193 912 1304 960 tam
1372 905 1640 977 providus
1684 915 1739 964 et

142 989 316 1048 bonus
346 998 446 1057 est,
477 990 680 1062 ambigi
711 1006 824 1047 non
851 990 1040 1060 debet,
1063 993 1195 1066 quia
1215 992 1400 1065 justus
1418 1004 1517 1052 est.

210 1103 390 1176 (Vers.
428 1103 543 1174 20.)
589 1126 608 1150 ι
638 1103 683 1161 Ο
713 1103 903 1172 homo,
930 1111 990 1160 tu
1021 1105 1145 1178 quis
1174 1121 1250 1173 es,
1275 1105 1370 1179 qui
1409 1107 1736 1180 respondeas
1762 1129 1768 1136 ·

137 1194 277 1251 Deol
299 1219 318 1242 ι
361 1194 553 1267 Magna
580 1201 681 1259 est.
715 1194 920 1268 inquit,
948 1195 1251 1268 indignitas
1274 1205 1328 1253 et
1355 1198 1732 1270 prasumptio,

138 1282 416 1340 hominem
487 1284 818 1356 respondere
865 1287 980 1343 Deo
1039 1287 1097 1342 in
1157 1286 1421 1357 adversis,
1477 1288 1732 1361 iniquum

133 1373 301 1446 justo,
335 1373 543 1430 malum
576 1373 742 1442 bono,
784 1375 1104 1448 imperitum
1137 1378 1402 1450 perfecto,
1444 1377 1730 1434 inﬁrmum

136 1462 468 1531 fortissimo,
537 1465 956 1540 corruptibilem
1032 1467 1375 1541 incorrupto,
1438 1468 1731 1524 mortalem

137 1551 457 1622 immortali,
515 1569 734 1610 servum
810 1571 1048 1628 nequam
1122 1555 1370 1626 domino,
1421 1565 1730 1615 creaturam

134 1640 424 1699 conditori.
469 1666 488 1689 ι
519 1642 802 1717 Numquid
853 1643 991 1702 dicit
1043 1644 1367 1719 ﬁgmentum
1421 1646 1494 1715 ei,
1527 1646 1621 1720 qui
1672 1660 1730 1702 se

134 1729 294 1788 ﬁnxit
321 1748 333 1787 :
358 1730 506 1798 Quid
540 1748 627 1789 me
656 1732 836 1790 fecisti
869 1733 949 1791 sic
993 1734 1129 1806 (Isa.
1161 1751 1294 1801 xnv,
1323 1734 1429 1806 9)?
1458 1760 1476 1782 ι
1520 1735 1636 1791 Hoc
1662 1734 1729 1791 de

134 1818 267 1877 Isaia
295 1820 564 1894 propheta
615 1828 716 1890 est,
745 1821 895 1895 quod
925 1821 1018 1880 hic
1059 1824 1214 1896 quasi
1259 1823 1541 1896 proprium
1572 1822 1729 1896 ponit

1847 664 2072 734 Judais,
2112 664 2206 720 sed
2238 665 2402 721 etiam
2434 682 2504 721 ex
2531 665 2805 738 gentibus.
2838 691 2857 714 ι
2906 665 3018 725 Hos
3038 685 3177 742 quos
3196 669 3439 738 vocavit,

1847 758 2176 830 praparavit
2217 758 2284 814 ad
2333 758 2585 831 gloriam,
2629 760 2747 815 sive
2789 776 2882 816 eos
2929 760 3023 835 qui
3069 779 3236 835 prope
3265 770 3439 832 erant,

1846 848 1962 904 sive
1993 847 2119 904 illos
2147 849 2240 922 qui
2271 850 2454 922 longe,
2486 850 2665 906 sciens
2695 867 3080 922 permansuros
3111 852 3168 907 in
3201 851 3328 909 ﬁde.

1919 937 2102 1006 (Vers.
2131 938 2219 1006 25,
2252 938 2370 1010 26.)
2415 964 2432 986 ι
2452 939 2607 996 Sicut
2638 941 2692 995 in
2720 939 2856 996 Osee
2884 940 3020 998 dicit
3047 961 3058 998 :
3091 942 3313 998 Vocabo
3331 958 3442 1000 non

1844 1025 2056 1097 plebem
2104 1045 2304 1096 meam,
2363 1029 2579 1101 plebem
2628 1047 2845 1098 meam;
2896 1039 2950 1088 et
2999 1048 3110 1089 non
3157 1031 3440 1104 dilectam,

1842 1115 2121 1174 dilectam.
2155 1119 2226 1174 Et
2254 1119 2358 1176 erit
2391 1120 2444 1176 in
2473 1121 2616 1188 loco,
2647 1121 2742 1178 ubi
2774 1123 3121 1182 vocabuntur
3151 1140 3260 1180 non
3288 1115 3442 1196 plebs

1842 1223 1983 1273 mea,
2016 1207 2094 1264 ibi
2129 1209 2478 1266 vocabuntur
2525 1210 2626 1266 ﬁlii
2677 1212 2773 1267 Dei
2816 1212 2953 1268 vivi.
2987 1238 3005 1261 ›
3063 1216 3326 1286 Apertum
3360 1223 3444 1273 est

1840 1296 1989 1352 istud
2023 1296 2091 1353 de
2129 1299 2384 1370 gentibus
2430 1317 2546 1357 esse
2592 1299 2940 1373 pradictum,
2983 1320 3104 1376 qua
3135 1303 3285 1375 prius
3328 1321 3441 1362 non

1839 1395 1956 1444 erat
2014 1387 2167 1461 plebs
2235 1389 2335 1446 Dei
2390 1408 2402 1446 :
2459 1399 2647 1462 postea
2698 1401 2880 1449 autem
2953 1393 3022 1450 ad
3076 1394 3438 1466 opprobrium

1838 1479 2152 1537 Judaorum
2204 1482 2636 1540 misericordiam
2679 1485 3010 1557 accipientes
3054 1494 3262 1544 vocata
3308 1493 3442 1544 sunt

1839 1569 1992 1642 plebs
2016 1570 2148 1638 Dei;
2181 1579 2235 1626 et
2263 1572 2357 1646 qui
2403 1572 2593 1629 dilecti
2649 1581 2774 1632 ante
2809 1592 2921 1632 non
2953 1584 3129 1646 erant,
3160 1575 3433 1634 abdicatis

1837 1659 2061 1730 Judais,
2093 1661 2337 1734 adoptati
2399 1663 2458 1718 in
2513 1663 2680 1736 ﬁlios,
2727 1674 2779 1722 et
2827 1665 3015 1724 dilecti
3069 1674 3236 1735 sunt;
3269 1675 3334 1724 ut
3378 1667 3440 1725 in

1836 1749 1958 1806 loco
1987 1749 2080 1806 ubi
2103 1765 2215 1807 non
2265 1752 2606 1810 vocabantur
2649 1754 2802 1828 plebs
2831 1755 2950 1822 Dei,
2987 1755 3064 1812 ibi
3104 1765 3438 1814 vocarentur

1835 1838 1938 1895 ﬁlii
1968 1840 2066 1896 Dei
2097 1840 2234 1897 vivi.
2269 1841 2427 1898 Prius
2457 1843 2605 1900 enim
2655 1859 2923 1918 nusquam
2961 1844 3306 1902 vocabantur
3334 1845 3440 1902 ﬁlii

133 1925 238 1983 quo
267 1909 517 1967 ostendit
556 1918 750 1968 contra
791 1920 1070 1969 auctorem
1104 1927 1243 1984 opus
1284 1912 1402 1984 ejus
1429 1912 1586 1987 queri
1613 1927 1725 1968 non

1841 1928 1956 1995 Dei,
1983 1929 2090 1986 nisi
2147 1929 2205 1987 in
2262 1931 2472 1998 Judaa,
2536 1931 2642 1990 hoc
2683 1909 2805 2002 est,
2858 1934 3280 2007 Hierosolymis,
3339 1932 3437 1992 ubi

134 2014 318 2072 posse;
369 2000 429 2056 in
476 2009 746 2072 potestate
773 2000 924 2058 enim
969 2003 1212 2059 auctoris
1231 2011 1312 2059 est
1341 2003 1561 2077 qualem
1589 2003 1728 2061 velit

131 2089 364 2147 condere
397 2099 726 2148 creaturam.

199 2189 384 2259 (Vers.
414 2189 530 2262 21.)
565 2213 584 2237 ι
607 2191 694 2248 Αιι
715 2207 827 2248 non
856 2188 1022 2250 habet
1042 2200 1364 2267 potestatem
1400 2193 1602 2266 ﬁgulus
1620 2192 1725 2250 luti

131 2296 194 2336 ex
223 2280 412 2338 eadem
444 2297 626 2339 massa
647 2282 825 2340 facere
861 2283 1014 2341 aliud
1061 2285 1284 2357 quidem
1330 2301 1428 2344 vas
1457 2286 1516 2342 in
1554 2285 1726 2343 bono-

132 2372 422 2442 rem,aliud
436 2390 567 2430 vero
585 2373 653 2431 ad
673 2374 1130 2432 contumeliam?»
1164 2375 1516 2433 Manifestum
1537 2386 1618 2435 est
1633 2393 1724 2432 va-

128 2463 383 2538 saaliqua
403 2462 522 2521 ﬁeri
544 2463 608 2520 ad
635 2463 1052 2539 honorem,qua
1074 2465 1140 2522 ad
1160 2483 1292 2524 usus
1314 2467 1580 2526 honestos
1612 2467 1727 2524 sint

133 2552 438 2611 necessaria
467 2572 479 2610 :
516 2552 625 2610 alia
670 2570 802 2612 vero
831 2554 900 2612 ad
931 2556 1347 2625 contumeliam,
1374 2573 1495 2632 qua
1521 2557 1726 2614 instru-

129 2653 310 2701 mento
340 2644 456 2700 sint
487 2643 840 2711 culinarum;
872 2645 1041 2702 unius
1088 2653 1272 2703 tamen
1312 2663 1428 2704 esse
1474 2648 1726 2704 substan-

133 2733 237 2802 tia,
266 2733 362 2790 sed
391 2733 614 2790 differre
641 2734 928 2792 voluntate
969 2735 1186 2808 opiﬁcis
1215 2737 1272 2792 in
1303 2735 1532 2793 honore.
1566 2739 1646 2793 Ita
1673 2744 1727 2792 et

130 2827 287 2894 Deus,
318 2842 449 2882 cum
480 2842 671 2883 omnes
697 2842 766 2882 ex
793 2842 905 2883 una
931 2836 1096 2900 atque
1126 2827 1313 2884 eadem
1345 2845 1523 2884 massa
1551 2828 1728 2883 simus

133 2915 186 2971 in
218 2915 552 2980 substantia,
580 2923 634 2971 et
677 2916 863 2972 cuncti
907 2923 1235 2987 peccatores,
1266 2915 1361 2972 alii
1410 2916 1722 2984 miseretur,

132 3011 181 3060 et
210 3004 448 3060 alterum
476 3003 710 3075 despicit
738 3019 847 3060 non
876 3003 994 3060 sine
1019 3003 1257 3076 justitia.
1291 3006 1352 3061 In
1382 3004 1551 3077 ﬁgulo
1575 3004 1725 3060 enim

137 3093 248 3149 sola
288 3093 553 3150 voluntas
600 3099 725 3159 est;
781 3091 839 3148 in
886 3094 1000 3150 Deo
1043 3101 1224 3149 autem
1283 3094 1540 3149 voluntas
1598 3109 1725 3150 cum

127 3181 342 3254 justitia
366 3200 382 3249 ;
412 3180 516 3238 scit
545 3181 695 3237 enim
739 3179 898 3252 cujus
927 3179 1122 3236 debeat
1151 3180 1420 3250 misereri,
1450 3180 1594 3238 sicut
1621 3198 1726 3237 su-

135 3287 228 3343 pra
252 3271 580 3328 memoravi.
1757 3287 1802 3347 ο

199 3369 389 3442 (Vers.
446 3367 564 3439 22.)
631 3392 648 3414 ι
678 3365 838 3436 Quod
891 3367 938 3424 si
992 3367 1193 3432 volens
1239 3368 1385 3424 Deus
1439 3366 1724 3424 ostendere

132 3457 290 3526 iram,
342 3463 399 3512 et
452 3456 805 3512 manifestare
860 3455 1162 3528 potentiam
1216 3472 1393 3525 suam,
1459 3456 1724 3513 sustinuit

128 3545 181 3601 in
213 3546 392 3601 multa
415 3545 686 3618 patientia
706 3537 773 3600 in
803 3545 950 3600 vasis
981 3544 1076 3602 ira
1125 3546 1442 3618 praeparatis
1473 3546 1532 3602 in
1571 3546 1724 3603 inte-

129 3635 316 3691 ritum.
351 3660 370 3682 ι
417 3636 537 3706 Ipse
567 3649 759 3690 sensus
788 3642 890 3702 est,
923 3631 1054 3707 quia
1103 3635 1390 3691 voluntate
1437 3643 1492 3691 et
1525 3635 1724 3708 longa-

128 3723 382 3782 nimitate
438 3723 578 3791 Dei,
636 3739 757 3796 qua
841 3731 924 3779 est
993 3723 1278 3796 patientia,
1352 3732 1726 3796 praeparantur

128 3813 381 3872 inﬁdeles
413 3813 480 3870 ad
510 3829 761 3886 poenam;
798 3813 895 3870 diu
944 3813 1090 3869 enim
1135 3814 1435 3887 exspectati
1476 3815 1723 3872 converti

127 3906 449 3962 uoluerunt.
482 3904 609 3961 Ideo
648 3920 775 3976 ergo
815 3904 1117 3976 exspectati
1149 3913 1297 3974 sunt,
1337 3914 1399 3961 ut
1431 3904 1724 3962 inexcusa-

127 3993 262 4051 biles
291 3992 630 4067 deperirent.
677 3993 854 4050 Scivit
882 3994 1030 4049 enim
1063 3994 1208 4051 Deus
1237 3993 1338 4050 hos
1375 4010 1489 4051 non
1535 3994 1724 4052 credi-

128 4093 297 4144 turos.
811 4099 817 4105 '

196 4185 378 4257 (Vers.
430 4183 547 4257 23.)
596 4207 615 4231 ε
652 4184 726 4240 Et
777 4192 841 4240 ut
895 4182 1210 4241 ostenderet
1258 4182 1487 4241 divitias
1536 4184 1724 4257 gloria

128 4293 231 4332 sua
261 4277 318 4334 in
352 4275 498 4332 vasis
532 4273 944 4342 misericordia,
975 4291 1096 4348 qua
1126 4275 1458 4347 praparavit
1495 4273 1565 4331 ad
1596 4276 1724 4347 glo-

130 4364 280 4423 riam.
315 4391 335 4415 ›
375 4364 652 4422 Patientia
679 4370 734 4420 et
773 4364 1164 4436 longanimitas
1191 4365 1291 4420 Dei
1323 4364 1440 4437 ipsa
1466 4374 1567 4433 est,
1603 4381 1725 4437 qua

130 4453 264 4512 sicut
317 4455 495 4511 malos
541 4461 812 4528 praparat
856 4453 925 4509 ad
973 4452 1283 4521 interitum,
1317 4454 1393 4510 ita
1438 4461 1492 4510 et
1547 4452 1722 4509 bonos

131 4555 388 4619 praeparat
414 4545 484 4602 ad
533 4560 830 4612 coronam;
876 4543 1008 4599 boni
1050 4544 1197 4600 enim
1239 4553 1368 4601 sunt
1416 4543 1472 4599 in
1521 4544 1722 4617 quibus

131 4650 238 4708 spes
266 4635 395 4692 ﬁdei
425 4643 529 4692 est.
563 4634 768 4692 Omnes
808 4632 956 4689 enim
1003 4632 1259 4700 sustinet,
1292 4633 1472 4690 sciens
1501 4634 1712 4690 exitum
1749 4658 1798 4717 Β

131 4723 501 4798 singulorum;
535 4741 597 4782 ac
628 4739 724 4798 per
759 4723 866 4780 hoc
894 4722 1164 4796 patientia
1192 4731 1294 4792 est,
1326 4741 1447 4797 qua
1477 4725 1605 4781 illos
1625 4727 1720 4798 qui

131 4827 192 4869 ex
229 4815 371 4871 malo
419 4814 815 4886 corriguntur,
865 4819 960 4868 aut
1005 4812 1063 4868 in
1114 4811 1261 4869 bono
1313 4823 1723 4887 perseverantes

133 4909 268 4965 sunt.
311 4911 583 4977 praparat
630 4902 699 4959 ad
747 4901 1001 4975 gloriam.
1035 4901 1258 4960 Divitia
1301 4912 1483 4961 autem
1532 4905 1720 4978 gloria

134 5002 251 5050 sunt
267 4992 514 5067 dignitas
563 4992 856 5065 multiplex
891 5000 1188 5066 praparata
1215 4993 1585 5051 credentibus.
1610 4995 1719 5052 Eos

137 5088 302 5137 autem
335 5081 432 5157 qui
461 5099 533 5139 ex
579 5081 744 5139 bonis
785 5080 930 5138 ﬁunt
985 5081 1138 5150 mali,
1172 5089 1226 5137 et
1261 5083 1322 5138 in
1364 5092 1543 5155 ccepto
1574 5084 1719 5141 malo

137 5171 444 5242 perdurant,
479 5180 748 5246 praeparat
796 5171 863 5228 ad
912 5170 1219 5229 interitum.
1272 5172 1388 5230 Hoc
1425 5182 1506 5231 est
1533 5184 1717 5232 autem

139 5263 476 5326 manifestare
522 5262 825 5334 potentiam
873 5279 1028 5318 suam
1075 5261 1135 5317 in
1195 5261 1369 5318 multa
1417 5263 1710 5335 patientia;

139 5355 256 5427 quia
279 5364 635 5429 computatur
680 5371 793 5414 non
827 5353 1230 5421 vindicaturus,
1261 5353 1389 5428 quia
1431 5354 1528 5412 diu
1558 5354 1716 5414 dissi-

142 5446 339 5516 mulat;
387 5465 518 5506 cum
549 5445 779 5518 coeperit
820 5443 1126 5513 vindicare,
1152 5443 1436 5516 apparebit
1463 5443 1580 5516 ejus
1609 5461 1718 5517 po-

139 5534 328 5604 tentia;
362 5538 494 5610 quia
521 5553 648 5593 cum
681 5534 850 5609 possit
877 5533 1062 5592 statim
1093 5533 1398 5602 vindicare,
1426 5533 1524 5591 diu
1553 5535 1713 5591 susti-

140 5623 270 5692 nuit,
298 5634 358 5682 ut
402 5625 600 5700 perﬁdi
647 5625 804 5700 queri
851 5641 964 5684 non
996 5624 1229 5698 possint,
1379 5641 1506 5684 cum
1549 5624 1716 5681 dam-

143 5730 346 5781 nantur.
367 5724 680 5798 Praparare
695 5732 878 5784 autem
898 5738 1348 5798 unumquemque
1361 5733 1443 5780 est
1462 5722 1714 5796 prascire

155 5812 271 5883 quid
305 5815 558 5872 futurum
588 5821 688 5871 est.

1835 2016 2035 2073 domus
2060 2018 2160 2074 Dei
2191 2026 2330 2088 erat,
2361 2021 2505 2077 sicut
2546 2020 2684 2078 dicit
2712 2022 2770 2077 in
2801 2023 3012 2094 psalmo
3039 2023 3438 2096 septuagesimo

1837 2105 2032 2178 quinto
2064 2125 2075 2163 :
2125 2132 2143 2156 ι
2177 2107 2350 2166 Notus
2381 2109 2439 2165 in
2483 2109 2676 2166 Jndaa
2717 2112 2864 2167 Deus
2892 2110 3064 2182 (Psal.
3097 2127 3270 2179 Lxxv,
3300 2110 3380 2182 2).
3404 2135 3426 2160 ν

1836 2195 2030 2252 Postea
2081 2205 2263 2254 autem
2320 2199 2377 2255 in
2435 2199 2724 2272 prophetia
2771 2199 3090 2258 Zachariae:
3159 2201 3437 2269 «Ponam,

1838 2283 2042 2358 inquit,
2073 2285 2372 2343 Jerusalem
2417 2287 2476 2344 in
2516 2287 2775 2345 omnibus
2822 2288 3077 2360 gentibus
3109 2287 3298 2358 (Zach.
3332 2304 3437 2353 xu,

1835 2376 1929 2446 2);
1963 2401 1981 2424 ι
2025 2375 2156 2448 quia
2185 2377 2389 2450 ubique
2419 2377 2594 2435 futuri
2645 2385 2800 2436 erant
2830 2377 2933 2435 ﬁlii
2983 2378 3106 2447 Dei,
3133 2385 3188 2434 et
3233 2377 3436 2435 domus

1836 2465 1937 2523 Dei
1993 2465 2053 2522 in
2101 2467 2362 2524 omnibus
2427 2468 2584 2538 locis,
2647 2486 2766 2542 qua
2822 2476 2907 2526 est
2948 2467 3214 2525 Ecclesia.
3287 2466 3432 2526 Hinc

1835 2556 2108 2614 Dominus
2136 2556 2214 2614 ait
2233 2557 2466 2615 Judais:
2515 2584 2533 2608 ε
2553 2559 2693 2627 Quia
2712 2560 2938 2617 tolletur
2960 2577 2992 2616 a
3013 2557 3172 2616 vobis
3194 2575 3430 2630 regnum

1835 2645 1956 2715 Dei,
1998 2653 2051 2701 et
2080 2645 2302 2703 dabitur
2331 2649 2478 2721 genti
2527 2649 2753 2707 facienti
2810 2651 3025 2707 fructus
3067 2648 3186 2721 ejus
3217 2648 3432 2720 (Matth.

1836 2751 1953 2802 χιι,
1986 2732 2102 2805 43).
2133 2759 2151 2781 ι

1910 2823 2092 2896 (Vers.
2134 2823 2251 2895 27.)
2295 2846 2312 2870 ι
2361 2823 2526 2880 Isaias
2568 2833 2750 2881 autem
2798 2826 2998 2882 clamat
3041 2844 3138 2900 pro
3174 2828 3360 2885 Israel.
3401 2852 3422 2877 υ

1837 2913 1954 2969 Hoc
1983 2911 2140 2980 dicit,
2173 2912 2302 2985 quia
2349 2912 2515 2968 Isaias
2561 2913 2761 2970 clamat
2801 2931 2900 2986 pro
2933 2916 3023 2984 iis,
3055 2917 3150 2990 qui
3201 2918 3438 2977 credunt

1835 3002 1896 3058 in
1939 3000 2223 3059 Christum
2283 3003 2441 3073 (Isai.
2498 3019 2559 3071 x,
2607 3003 2722 3071 22).
2783 3005 2852 3060 Hi
2916 3006 3063 3062 enim
3117 3024 3246 3064 vero
3307 3015 3439 3066 sunt

1836 3090 2118 3157 Israelita,
2152 3091 2296 3147 sicut
2315 3089 2453 3148 dicit
2481 3091 2750 3148 Dominus
2776 3093 2844 3149 ad
2871 3095 3174 3152 Nathanael
3204 3113 3217 3152 :
3255 3121 3273 3143 ε
3296 3098 3438 3155 Ecce

1837 3197 1963 3237 vere
1994 3180 2264 3248 Israelita,
2297 3181 2355 3236 in
2386 3198 2497 3254 quo
2529 3181 2691 3240 dolus
2726 3199 2836 3240 non
2860 3194 2942 3242 est
2974 3187 3155 3256 (Joan.
3189 3207 3229 3257 ι,
3257 3189 3374 3262 47).
3404 3213 3424 3237 ι

1920 3295 1938 3320 ι
1990 3271 2047 3329 Si
2095 3272 2262 3329 fuerit
2317 3289 2582 3330 numerus
2639 3275 2882 3332 ﬁliorum
2936 3278 3101 3335 Israel
3167 3287 3430 3353 tanquam

1832 3377 1998 3418 arena
2027 3361 2216 3431 maris,
2263 3362 2513 3436 reliquia
2565 3363 2731 3420 salva
2779 3365 2933 3422 ﬁent.
2968 3392 2985 3414 ι
3030 3369 3434 3427 Recedentibus

1832 3451 2038 3509 Judais
2063 3469 2094 3508 a
2125 3452 2323 3509 merito
2353 3459 2408 3508 et
2437 3454 2800 3525 promissione
2840 3464 3082 3527 patrum,
3111 3457 3241 3514 dum
3266 3459 3420 3516 illam

1831 3561 1943 3602 non
1982 3545 2273 3617 recipiunt.
2324 3543 2384 3598 hi
2432 3542 2678 3616 reliquiae
2723 3553 2874 3614 sunt,
2921 3547 3014 3620 qui
3059 3549 3332 3605 credendo
3369 3550 3430 3606 in

1833 3632 1939 3688 ﬁde
1973 3631 2355 3705 promissionis
2385 3631 2632 3704 patribus
2679 3632 2838 3690 facta
2883 3635 3204 3706 persistunt,
3236 3636 3425 3694 ﬁdeles

1831 3720 2041 3787 effecti;
2085 3737 2117 3777 a
2147 3721 2285 3791 Lege
2324 3720 2472 3776 enim
2521 3721 2806 3789 recedunt,
2849 3722 2944 3796 qui
2983 3723 3039 3778 in
3088 3741 3213 3780 eum
3267 3741 3430 3799 quem

1835 3809 1946 3866 Lex
1974 3811 2152 3868 solum
2189 3811 2256 3868 ad
2303 3812 2538 3868 salutem
2570 3812 2819 3868 sufficere
2858 3813 3135 3885 promisit,
3162 3830 3272 3870 non
3303 3831 3432 3872 cre-

1832 3898 1990 3955 dunt.
2025 3900 2197 3972 Igitur
2250 3908 2506 3973 apostata
2565 3899 2876 3956 habeantur
2930 3919 3148 3958 necesse
3195 3911 3298 3970 est,
3332 3902 3430 3976 qui

1832 3990 1964 4046 dum
1997 3988 2280 4047 Christum
2312 4005 2423 4045 non
2455 3989 2750 4062 recipiunt,
2769 3989 2845 4045 rei
2878 3997 3008 4046 sunt
3036 3990 3253 4048 violata
3273 3992 3428 4064 legis.

1831 4081 1909 4136 De
1937 4078 2180 4134 maxima
2214 4078 2397 4151 itaque
2421 4078 2778 4134 multitudine
2807 4079 2954 4136 solos
2974 4081 3258 4140 credentes
3287 4082 3428 4140 dicit

1831 4169 2051 4235 salvari,
2085 4185 2223 4242 quos
2257 4167 2498 4241 prasciit
2526 4170 2692 4225 Deus.

1905 4267 2086 4339 (Vers.
2121 4267 2238 4340 28.)
2286 4293 2304 4316 ι
2336 4268 2580 4327 Verbum
2611 4272 2758 4329 enim
2800 4287 3188 4329 consummans
3219 4280 3272 4329 et
3307 4273 3434 4330 bre-

1833 4357 1990 4414 vians
2039 4359 2095 4415 in
2145 4358 2438 4432 aquitate;
2472 4361 2602 4432 quia
2650 4362 2881 4419 verbum
2912 4361 3222 4418 breviatum
3259 4363 3428 4421 faciet

1831 4448 2103 4506 Dominus
2144 4464 2308 4521 super
2357 4456 2578 4507 terram.
2629 4477 2646 4499 ι
2709 4451 2921 4509 Salvari
2985 4451 3087 4508 hos
3129 4453 3429 4524 promittit,

1831 4555 1968 4612 quos
2000 4539 2241 4612 reliquos
2257 4539 2394 4596 dicit
2413 4555 2508 4612 per
2526 4540 2780 4610 verbum,
2803 4539 2948 4615 quod
2977 4539 3123 4612 juste
3137 4540 3429 4610 deﬁniens,

1829 4629 2105 4687 breviavit
2132 4629 2402 4687 Dominus
2433 4647 2596 4704 super
2628 4639 2828 4688 terram
2856 4650 2870 4699 ;
2902 4632 3162 4687 convenit
3191 4632 3340 4686 enim
3361 4637 3425 4686 ut

1829 4719 1887 4774 in
1925 4720 2045 4775 solo
2076 4720 2300 4778 nomine
2327 4720 2551 4777 Domini
2603 4719 2909 4776 conditoris
2933 4728 3300 4790 consequatur
3329 4735 3428 4774 sa-

1831 4809 2002 4866 lutem
2052 4817 2323 4878 creatura,
2355 4809 2462 4867 hoc
2508 4817 2608 4878 est,
2642 4826 2736 4881 per
2781 4808 2985 4873 ﬁdem;
3034 4807 3165 4881 quia
3192 4808 3428 4867 sublatis

1831 4899 2090 4956 omnibus
2118 4899 2447 4965 neomeniis,
2497 4908 2551 4955 et
2586 4897 2844 4964 wabato,
2893 4896 3340 4964 circumcisione,
3373 4906 3428 4956 et

1831 4989 1945 5062 lege
1983 5005 2253 5058 escarum,
2296 4996 2350 5044 et
2396 4985 2770 5045 oblationibus
2816 5003 3096 5060 pecorum,
3130 4989 3247 5044 sola
3290 4988 3428 5046 ﬁdes

1828 5081 2008 5151 posita
2026 5087 2108 5136 est
2145 5079 2213 5135 ad
2239 5078 2491 5134 salutem.
2525 5077 2657 5145 Qua
2703 5077 3023 5136 abbreviata
3050 5095 3120 5136 ex
3160 5080 3274 5153 lege
3302 5089 3413 5149 est;

1826 5169 1956 5244 quia
1985 5168 2133 5242 quod
2163 5168 2218 5223 in
2239 5165 2348 5222 ﬁde
2377 5175 2478 5236 est,
2511 5167 2569 5222 in
2599 5168 2716 5240 lege
2745 5167 2983 5224 habetur
3011 5169 3162 5242 quasi
3197 5169 3418 5241 princi-

1824 5259 1945 5332 pale
1976 5258 2152 5330 Legis,
2184 5255 2400 5314 dicente
2421 5257 2705 5314 Salvatore
2729 5274 2742 5313 :
2791 5282 2810 5305 -
2832 5258 2912 5314 De
2933 5273 3019 5314 me
3037 5257 3182 5314 enim
3205 5258 3426 5331 scripsit

1825 5351 2039 5422 Moyses
2069 5349 2250 5415 (Joan.
2283 5366 2341 5416 v,
2371 5347 2486 5420 46).
2521 5373 2540 5398 ι
2598 5346 2932 5404 Αιιιπθνὶιιδ
2962 5363 3091 5419 ergo
3132 5348 3268 5414 lege,
3299 5345 3422 5402 reli-

1825 5439 1967 5514 quia
1997 5438 2309 5496 Judaorum
2340 5438 2625 5494 salvantur
2654 5455 2667 5494 :
2700 5436 2883 5496 cateri
2915 5453 3045 5494 vero
3078 5435 3277 5492 salvari
3308 5453 3420 5494 non

1825 5537 2075 5603 possunt,
2109 5528 2238 5604 quia
2272 5544 2368 5602 per
2394 5528 2776 5586 deﬁnitionem
2808 5527 2905 5585 Dei
2936 5533 3292 5599 spernuntur,
3325 5543 3421 5599 per

1825 5638 1988 5696 quam
2019 5636 2190 5694 genus
2219 5619 2525 5678 humanum
2548 5619 2761 5680 salvare
2786 5615 3056 5674 decrevit.

1899 5723 2081 5793 (Vers.
2118 5721 2208 5790 29,
2240 5720 2356 5792 30.)
2402 5743 2422 5768 ‹
2460 5720 2532 5776 Et
2567 5717 2711 5775 sicut
2750 5713 3012 5789 praedixit
3056 5713 3224 5772 Isaias
3257 5731 3269 5770 :
3300 5713 3419 5772 Nisi

1827 5811 2095 5869 Dominus
2141 5809 2366 5867 sabaoth
2425 5807 2736 5882 reliquisset
2795 5805 2957 5862 nobis
3009 5821 3216 5873 semen,
3272 5803 3418 5860 sicut
