3980 6370
515 379 616 442 147

1553 383 1650 440 ΑΙ)
1689 381 1926 442 OPERA
1963 381 2018 440 S.
2061 382 2394 446 AMBROSII
2433 385 2813 446 APPENDIX.

3733 393 3834 451 148

511 506 747 566 Sodoma
819 505 1137 576 fuissemus,
1199 513 1255 565 et
1323 507 1467 566 sicut
1526 507 1833 568 Gomorrha
1895 509 2108 568 similes
2141 514 2192 574 Α
2223 513 2394 586 legem
2426 531 2538 571 non
2561 515 2906 589 perfecerunt
2930 533 2941 571 :
2966 522 3020 572 et
3045 515 3138 590 qui
3165 532 3274 572 non
3305 516 3604 590 perﬁciunt
3634 519 3832 593 legem’

509 597 808 654 fuissemus
839 596 974 669 (Isa.
1008 616 1050 666 ι,
1080 598 1161 673 9).
1192 621 1210 645 ι
1256 597 1373 656 Hoc
1399 614 1608 667 semen,
1640 599 1788 672 quod
1819 599 1886 655 de
1921 600 2116 656 omni—

509 687 616 744 bus
644 688 822 744 solum
850 687 1105 746 relictum
1153 695 1207 745 et
1254 697 1591 746 reservatum
1631 697 1714 745 est
1759 689 1829 746 ad
1856 691 2117 746 reforma-

512 777 721 836 tionem
772 777 986 850 generis
1024 777 1278 846 humani,
1330 778 1586 836 Christus
1638 788 1740 848 est,
1772 787 1826 834 et
1855 779 2109 835 doctrina

515 866 655 939 ejus,
687 865 832 924 sicut
867 875 921 923 et
965 867 1080 941 ipse
1134 867 1308 926 dicit:
1358 893 1377 916 σ
1407 870 1602 925 Semen
1633 876 1718 925 est
1757 868 1988 924 verbum
2019 868 2118 925 Dei

517 957 672 1029 (Luc.
704 973 828 1026 vm,
863 956 976 1029 11).
1007 981 1024 1002 ι
1070 957 1184 1013 Hoc
1213 974 1338 1030 ergo
1389 957 1549 1014 nobis
1591 958 1723 1014 olim
1758 958 2116 1030 promissum,

514 1045 748 1104 sublatis
776 1063 897 1122 quae
936 1046 1091 1103 oneri
1141 1056 1298 1104 erant
1328 1047 1482 1120 legis,
1513 1047 1753 1122 reliquid
1785 1047 1854 1104 ad
1882 1047 2114 1104 redem-

515 1137 793 1211 ptionem;
871 1144 934 1192 ut
983 1135 1111 1192 data
1172 1137 1496 1194 remissione
1555 1145 1941 1211 peccatorum,
2007 1154 2119 1194 non

516 1227 845 1299 puniremur
877 1226 994 1298 (47)
1025 1243 1056 1282 a
1086 1227 1224 1300 lege,
1261 1227 1405 1284 sicut
1435 1227 1600 1300 periit
1637 1227 1892 1284 Sodoma.
1923 1226 2122 1283 Salva-

516 1321 692 1372 torem
721 1331 848 1388 ergo
881 1315 1135 1372 relictum
1166 1315 1326 1372 nobis
1355 1315 1496 1373 dicit
1519 1317 1587 1373 ad
1616 1317 1936 1389 suﬂ'ragium
1968 1315 2120 1380 vitae,

517 1420 680 1480 quam
731 1404 821 1460 lex
879 1404 1170 1479 providere
1219 1421 1332 1462 non
1379 1406 1581 1479 potuit,
1638 1423 1799 1479 quem
1847 1405 1914 1460 ab
1958 1403 2122 1460 initio

515 1494 665 1551 Deus
716 1494 866 1551 nasci
921 1495 1210 1552 decrevit:
1271 1496 1366 1571 qui
1424 1503 1712 1570 propterea
1766 1494 1914 1568 quod
1974 1493 2122 1550 solus

517 1582 637 1640 sine
675 1590 899 1657 peccato
946 1584 1314 1655 inveniretur,
1363 1585 1586 1643 devicto
1630 1584 1859 1642 humani
1910 1582 2122 1656 generis

516 1673 696 1744 hoste,
739 1675 989 1731 omnium
1035 1682 1255 1748 peccata
1289 1675 1514 1733 deleret.
1563 1677 1680 1733 Hoc
1720 1683 1774 1732 et
1803 1675 1861 1731 in
1897 1677 2124 1748 Apoca-

517 1762 665 1837 lypsi
691 1764 921 1821 Joannis
964 1763 1199 1822 habetur
1231 1784 1244 1822 :
1298 1765 1435 1833 Quia
1465 1782 1648 1834 nemo,
1682 1765 1778 1834 ait,
1813 1765 2013 1838 dignus
2042 1764 2121 1820 in-

2229 605 2307 661 rei
2337 613 2466 661 sunt
2503 606 2667 678 juxta
2707 607 2900 679 legem.
2955 608 3057 663 Hic
3086 607 3233 663 enim
3266 608 3459 680 implet
3495 610 3704 683 legem,
3741 612 3832 685 qui

2229 713 2260 751 a
2287 697 2402 768 lege
2431 697 2606 770 Moysi
2643 695 2894 770 pervenit
2918 697 2984 752 ad
3009 696 3170 752 ﬁdem
3205 696 3431 754 Christi.

2305 786 2486 858 (Vers.
2515 787 2631 859 32.)
2676 810 2694 833 ι
2724 787 2902 854 Quare
2922 788 2950 843 ‘l
2978 786 3117 854 Quia
3146 803 3256 843 non
3286 804 3355 843 ex
3386 787 3512 857 ﬁde,
3547 789 3648 846 sed
3681 790 3833 863 quasi

2230 891 2297 931 ex
2326 875 2655 948 operibus.»
2721 876 3047 948 Spernentes
3086 877 3232 932 enim
3282 877 3446 934 ﬁdem
3493 896 3640 952 quae,
3695 879 3832 937 sicut

2231 965 2370 1034 dixi,
2404 966 2670 1038 perfectio
2701 967 2834 1038 legis
2861 976 2962 1034 est,
2990 983 3058 1022 ex
3088 967 3346 1039 operibus
3376 968 3509 1040 legis
3531 969 3834 1042 justiﬁcari

2231 1072 2287 1112 se
2316 1054 2593 1123 dicebant,
2626 1054 2682 1112 id
2713 1063 2812 1123 est,
2851 1072 2945 1128 per
2975 1055 3294 1125 Sabbatum,
3344 1060 3692 1128 neomenias,
3734 1059 3831 1118 cir-

2232 1146 2649 1214 cumcisionem,
2691 1155 2821 1214 etc.,
2853 1145 3202 1202 immemores
3232 1147 3530 1221 Scripturae
3570 1148 3830 1218 dicentis,

2231 1237 2359 1310 quia
2400 1262 2418 1284 ι
2447 1236 2634 1291 Justus
2663 1252 2730 1292 ex
2760 1235 2868 1292 ﬁde
2898 1235 3042 1291 vivit
3075 1237 3297 1307 (Habac.
3333 1255 3396 1306 ιι,
3428 1237 3484 1308 4)
3521 1263 3540 1286 ι
3561 1281 3574 1294 .
3609 1238 3833 1295 Justitia

2230 1334 2411 1382 autem
2446 1325 2578 1397 legis
2624 1325 2832 1381 idcirco
2860 1323 3084 1394 dicitur,
3137 1327 3268 1398 quia
3307 1325 3459 1398 justo
3482 1325 3707 1399 judicio
3738 1327 3833 1385 Dei

2231 1417 2348 1474 haec
2396 1415 2600 1472 Iudaeis
2654 1415 2781 1472 data
2836 1423 2965 1471 sunt
3029 1425 3251 1488 propter
3316 1417 3584 1474 duritiam
3655 1418 3836 1476 cordis

2233 1505 2485 1573 illorum;
2521 1512 2580 1560 ut
2605 1505 2650 1561 si
2683 1506 2971 1561 mustelam
3003 1505 3142 1562 forte
3173 1505 3297 1579 quis
3325 1517 3597 1564 mortuam
3633 1508 3834 1564 calcas-

2233 1604 2334 1666 set,
2379 1607 2474 1654 aut
2502 1597 2770 1670 tetigisset
2798 1598 2982 1670 aliqua
3012 1597 3347 1668 morticinia,
3379 1607 3476 1656 aut
3504 1599 3550 1656 si
3582 1615 3754 1656 sorex
3783 1599 3834 1655 in

2233 1704 2329 1743 vas
2374 1687 2594 1756 ruisset,
2631 1687 2980 1744 immundum
3017 1687 3292 1744 diceretur
3340 1690 3528 1760 (Leuit.
3560 1707 3651 1758 x1,
3693 1690 3787 1761 29)
3819 1707 3830 1746 :

2233 1777 2380 1851 quod
2435 1793 2632 1850 magna
2686 1794 2812 1835 cum
2880 1776 3259 1834 sollicitudine
3317 1778 3703 1848 observantes,
3771 1796 3833 1836 ex

520 1861 720 1911 ventus
749 1864 850 1925 est,
882 1854 1000 1912 sive
1029 1855 1086 1912 in
1117 1856 1276 1925 coelo,
1310 1856 1428 1912 sive
1461 1855 1519 1912 in
1547 1863 1713 1924 terra,
1758 1855 1851 1928 qui
1883 1853 2121 1926 aperiret

2240 1884 2558 1943 quacunque
2593 1885 2756 1926 causa
2789 1867 3164 1935 incurrebant,
3219 1875 3279 1924 ut
3319 1868 3596 1925 immundi
3629 1877 3827 1926 essent.

519 1943 728 2002 librum
759 1952 816 2002 et
843 1945 1127 2018 signacula
1171 1945 1317 2016 ejus;
1368 1944 1480 2000 nisi
1525 1944 1799 2012 Salvator,
1846 1944 1941 2017 qui
1987 1943 2125 2000 vicit

516 2041 755 2090 mortem
789 2033 981 2104 (Apoc.
1011 2051 1072 2101 v,
1102 2032 1155 2100 3,
1188 2033 1269 2104 6).
1311 2033 1426 2089 Hoc
1462 2049 1591 2105 ergo
1621 2039 1703 2088 est
1731 2048 1939 2099 semen,
1976 2031 2124 2104 quod

519 2121 654 2177 olim
686 2119 1018 2194 promissum
1049 2119 1350 2178 reservavit
1382 2123 1547 2190 Deus,
1579 2129 1641 2179 ut
1671 2129 1803 2178 tunc
1831 2120 2124 2178 fructiﬁca-

521 2218 627 2280 ret,
649 2209 870 2284 quando
898 2210 1150 2269 omnium
1172 2218 1284 2268 tam
1306 2211 1623 2269 Judaeorum
1650 2228 1813 2286 quam
1837 2211 2124 2285 gentilium

521 2309 743 2374 peccata
812 2301 1020 2374 repleta
1074 2309 1250 2358 erant.
1327 2302 1563 2359 Fructus
1617 2309 1800 2358 autem
1867 2300 1987 2374 ejus
2044 2309 2126 2359 est

522 2390 869 2463 indulgentia
898 2399 1246 2464 peccatorum
1272 2409 1285 2458 ;
1329 2391 1440 2448 nisi
1470 2391 1618 2448 enim
1649 2390 1903 2449 Christus
1933 2390 2126 2448 fuisset

524 2487 835 2538 reservatus
891 2481 1078 2554 (quem
1137 2480 1346 2539 idcirco
1401 2497 1588 2538 semen
1643 2481 1802 2551 dicit,
1857 2481 1985 2554 quia
2031 2495 2126 2552 per

523 2572 708 2646 ipsum
750 2581 1059 2646 reparatum
1109 2580 1191 2630 est
1221 2590 1391 2647 genus
1441 2573 1796 2646 humanum),
1845 2573 2124 2629 interisset

526 2663 818 2737 progenies
858 2662 1128 2732 Abrahae;
1179 2680 1243 2720 eo
1273 2663 1419 2737 quod
1446 2664 1685 2736 peccatis
1731 2663 1914 2720 obruti
1945 2670 2120 2731 erant,

528 2770 599 2811 ex
628 2754 719 2811 lex
755 2753 833 2810 eis
873 2754 1128 2827 prodesse
1176 2771 1288 2812 non
1335 2756 1535 2828 potuit.
1586 2754 1798 2813 Idcirco
1847 2754 1997 2812 hunc
2044 2770 2121 2810 se-

525 2845 806 2922 quendum
842 2844 1021 2914 docet,
1054 2844 1149 2918 qui
1183 2844 1501 2917 praesidium
1533 2844 1770 2901 contulit
1799 2845 1948 2902 vitae.

610 2967 628 2989 -
661 2941 806 3010 Quid
825 2959 954 3014 ergo
975 2941 1224 3000 dicemus
1239 2944 1267 3000 ‘l
1287 2943 1445 3010 Quod
1468 2951 1656 3014 gentes
1678 2961 1799 3016 quae
1818 2961 1931 3000 non
1957 2953 2122 3002 secta-

525 3030 733 3087 bantur
747 3029 1043 3102 justitiam,
1067 3031 1893 3102 comprehenderuntjustitiam
1921 3050 1932 3088 :
1964 3031 2125 3104 justi-

524 3121 661 3177 tiam
687 3127 867 3176 autem
899 3137 1020 3193 quae
1051 3136 1118 3176 ex
1148 3120 1256 3176 ﬁde
1285 3128 1385 3177 est.
1417 3145 1436 3171 ι
1487 3126 1582 3185 85
1612 3122 1882 3190 Quoniam
1909 3123 2128 3195 justitia

2234 1959 2290 2016 Si
2320 1966 2501 2014 autem
2532 1959 2754 2030 sanguis
2783 1959 3029 2014 mustelae
3059 1957 3437 2031 pavimentum
3484 1959 3829 2028 maculasset,

2235 2065 2346 2104 non
2377 2047 2486 2103 levi
2516 2064 2649 2102 cura
2679 2047 3016 2118 expiandum
3053 2055 3186 2115 erat,
3219 2055 3272 2103 et
3305 2055 3367 2103 ut
3396 2064 3427 2103 a
3459 2047 3602 2104 cibis
3633 2049 3832 2106 melio-

2235 2137 2389 2194 ribus
2427 2135 2815 2192 abstineretur.
2868 2135 3166 2192 Sabbatum
3217 2153 3346 2193 vero
3393 2147 3446 2193 et
3482 2139 3830 2196 circumcisio

2234 2226 2512 2302 propriam
2557 2224 2871 2282 habuerunt
2909 2223 3182 2297 justitiam
3232 2232 3478 2299 tempore
3520 2246 3663 2297 suo;
3710 2229 3828 2302 quia

2235 2318 2292 2374 in
2324 2317 2500 2389 ﬁgura
2544 2315 2670 2372 data
2699 2323 2847 2371 sunt.
2885 2315 3002 2371 Hoc
3047 2315 3320 2373 Dominus
3362 2333 3458 2390 per
3483 2318 3827 2376 Ezechielem

2237 2406 2556 2480 prophetam
2597 2403 2860 2473 ostendit,
2911 2404 3055 2460 inter
3097 2414 3291 2462 caetera
3321 2406 3509 2463 dicens
3543 2425 3554 2463 :
3624 2433 3643 2455 ε
3673 2409 3828 2481 Prop-

2234 2505 2378 2554 terea
2411 2495 2536 2552 dedi
2567 2495 2680 2551 illis
2711 2501 2976 2567 praecepta
3005 2510 3113 2551 non
3142 2495 3287 2550 bona
3310 2497 3526 2566 (Ezech.
3559 2514 3663 2566 xx,
3682 2498 3816 2569 25),-

2237 2589 2367 2662 quia
2396 2594 2552 2643 erant
2583 2586 2948 2642 irreverentes
2977 2591 3028 2640 et
3060 2585 3238 2642 inﬁdi.
3285 2587 3346 2642 In
3379 2585 3622 2642 adventu
3655 2597 3826 2644 autem

2235 2677 2465 2745 Christi,
2500 2675 2629 2750 quia
2658 2675 2894 2732 salutare
2927 2676 3134 2732 donum
3175 2683 3291 2730 erat
3319 2675 3570 2745 daturus,
3614 2694 3714 2750 per
3739 2678 3829 2734 Je-

2233 2768 2462 2824 remiam
2492 2764 2770 2838 praedicat,
2803 2765 3018 2822 dicens:
3061 2763 3248 2821 «Dabo
3279 2763 3391 2820 illis
3422 2765 3826 2823 Testamentum

2235 2875 2463 2926 novum,
2497 2874 2607 2914 non
2653 2857 2812 2930 quale
2861 2855 2987 2913 dedi
3035 2855 3283 2930 patribus
3331 2856 3555 2912 illorum
3617 2859 3822 2930 (Jercm.

2233 2965 2397 3016 xxxx,
2429 2948 2515 3015 31,
2549 2947 2663 3018 32).
2714 2972 2730 2993 ι
2781 2947 2895 3003 Hoc
2928 2953 3314 3003 testamentum
3357 2945 3529 3017 legem
3560 2954 3746 3014 vocat,
3775 2946 3826 3000 in

2236 3054 2398 3110 quam
2461 3053 2574 3092 non
2636 3045 3036 3107 pervenerunt,
3092 3037 3236 3093 sicut
3289 3051 3453 3108 supra
3505 3035 3821 3092 memoravi.

2235 3129 2369 3184 Nam
2403 3143 2528 3183 cum
2561 3127 2813 3198 gentibus
2843 3143 2965 3200 quae
2996 3126 3366 3194 crediderant,
3389 3126 3532 3184 hanc
3563 3126 3825 3184 sarcinam

527 3224 610 3275 est
630 3219 686 3274 in
705 3217 980 3292 lege,quaa
1000 3216 1206 3274 credita
1244 3217 1453 3275 mundo
1470 3226 1573 3289 est,
1592 3235 1712 3292 quae
1729 3218 1986 3292 prohibet
2006 3237 2128 3292 pec-
2167 3248 2210 3308 Ο
2243 3214 2645 3272 observationis
2692 3215 2869 3271 Judaei
2925 3214 3208 3308 credentes
3266 3217 3473 3272 vellent
3524 3216 3823 3290 imponere,

525 3308 672 3376 cari;
710 3307 917 3366 idcirco
947 3314 1132 3381 gentes
1161 3325 1273 3365 non
1296 3308 1438 3366 hanc
1478 3308 1755 3381 justitiam
1794 3309 1930 3366 dicit
1978 3327 2124 3367 com-

532 3397 908 3471 prehendisse,
941 3415 1061 3472 quaa
1109 3406 1307 3456 natura
1339 3401 1600 3472 magistra
1642 3399 2004 3473 dignoscitur,
2036 3400 2130 3457 sed

533 3504 651 3544 eam
679 3487 952 3560 justitiam
1003 3504 1124 3562 quae
1155 3505 1223 3544 ex
1267 3487 1376 3544 ﬁde
1408 3496 1490 3546 est
1537 3488 1777 3558 Christi;
1825 3491 1939 3545 Deo
1981 3489 2131 3546 enim

533 3576 653 3635 haec
682 3594 813 3634 vera
835 3577 1054 3650 justitia
1083 3585 1185 3644 est,
1229 3589 1282 3634 et
1311 3595 1660 3652 permanens,
1709 3579 1754 3636 si
1785 3587 2128 3651 agnoscatur.

531 3665 680 3733 Quid
709 3665 856 3721 enim
883 3673 966 3722 est
995 3673 1106 3722 tam
1132 3666 1370 3738 justum,
1403 3684 1565 3740 quam
1597 3685 1924 3741 cognoscere
1952 3671 2127 3726 Deum

529 3754 773 3821 Patrem,
827 3769 897 3809 ex
945 3769 1054 3826 quo
1097 3761 1226 3810 sunt
1269 3756 1456 3812 omnia
1505 3759 1561 3828 (Ι
1589 3759 1716 3814 Cor.
1750 3773 1872 3826 vm,
1921 3757 1978 3827 6)
2015 3775 2026 3812 :
2078 3765 2132 3814 et

530 3841 816 3902 Christum
837 3842 1044 3899 Filium
1066 3842 1203 3916 ejus,
1228 3860 1323 3918 per
1342 3861 1504 3919 quem
1534 3854 1665 3902 sunt
1689 3845 1876 3903 omnia
1898 3847 2086 3920 (Ιὺὶἀ.)
2103 3848 2131 3904 ?

528 3932 717 3989 Prima
763 3948 891 4004 ergo
923 3931 1043 3988 haec
1066 3930 1288 4004 justitia
1337 3943 1420 3992 est
1459 3951 1752 4008 agnoscere
1795 3935 2129 4004 Creatorem,

529 4019 728 4078 deinde
772 4019 1053 4078 custodire
1094 4039 1215 4096 quae
1265 4024 1540 4096 praecepit.
1597 4026 1798 4082 Gentes
1843 4041 1971 4098 ergo
2011 4041 2130 4097 quas

525 4109 685 4184 prius
741 4126 852 4166 non
905 4110 1259 4183 requirebant
1312 4113 1608 4185 justitiam,
1663 4113 1719 4170 id
1773 4121 1873 4183 est,
1933 4114 2127 4185 legem,

529 4215 652 4273 quae
707 4197 954 4256 Creatori
1025 4198 1408 4257 testimonium
1466 4202 1817 4275 perhibebat,
1875 4204 2129 4259 veniente

530 4287 787 4356 Christo,
863 4288 1198 4346 invenerunt
1255 4290 1530 4361 justitiam
1593 4291 2128 4363 superabundantem

529 4379 653 4452 plus
685 4394 849 4451 quam
897 4377 1212 4436 Scribarum
1254 4387 1307 4436 et
1353 4381 1776 4440 Pharisaeorum.
1828 4383 1933 4451 Qui
1979 4384 2127 4440 enim

527 4479 664 4528 tunc
693 4468 842 4543 quod
871 4467 1060 4528 minus
1091 4478 1194 4539 est,
1227 4487 1339 4528 non
1367 4471 1740 4541 sectabantur,
1773 4473 2127 4546 comprehen-

528 4559 731 4616 derunt
786 4569 976 4633 postea
1023 4559 1170 4634 quod
1220 4559 1400 4632 majus
1449 4569 1572 4618 est:
1623 4561 1796 4618 Judaei
1849 4572 2032 4620 autem
2070 4564 2127 4619 in

527 4651 643 4724 lege
672 4649 862 4724 positi,
904 4647 1003 4724 qui
1039 4649 1308 4723 proﬁcere
1340 4651 1516 4725 magis
1545 4650 1869 4724 debuerant,
1901 4652 2130 4709 deterio-

525 4749 808 4798 raverunt.

601 4840 784 4911 (Vers.
816 4840 934 4913 31.)
970 4865 989 4890 ι
1019 4841 1157 4899 Nam
1188 4840 1354 4898 Israel
1385 4839 1645 4898 sectanda
1675 4840 1847 4912 legem
1873 4839 2129 4913 justitiae,

525 4929 587 4986 in
625 4930 822 5002 Legem
862 4931 1094 5005 justitia
1141 4949 1252 4989 non
1289 4933 1566 5008 pervenit.
1610 4957 1628 4982 ›
1686 4931 1958 4990 Perfectio
1998 4932 2132 5005 legis

526 5018 664 5076 ﬁdes
682 5027 786 5089 est,
809 5036 972 5093 quam
1003 5029 1189 5092 gentes
1208 5023 1719 5096 apprehendentes;
1757 5030 1924 5080 totam
1958 5022 2129 5094 legem

526 5105 757 5180 implere
785 5105 1065 5163 videntur.
1096 5107 1273 5165 Judaei
1318 5119 1502 5168 autem
1541 5111 1674 5168 dum
1723 5129 1820 5186 per
1859 5111 2126 5168 invidiam

525 5194 799 5254 Salvatori
831 5211 943 5251 non
973 5195 1227 5268 credunt,
1265 5197 1538 5270 justitiam
1582 5218 1701 5275 qua:
1733 5202 1790 5257 in
1833 5202 1949 5275 lege
1979 5217 2128 5256 man-

525 5286 655 5345 data
685 5295 786 5357 est,
835 5285 1202 5357 vindicantes,
1239 5287 1294 5344 id
1332 5297 1434 5356 est,
1482 5290 1794 5360 sabbatum,
1838 5290 2126 5349 circumci-

523 5378 756 5450 sionem,
789 5387 921 5449 etc.,
973 5377 1031 5435 in
1064 5377 1236 5451 legem
1280 5391 1391 5436 non
1438 5390 1826 5452 pervenerunt,
1874 5381 1982 5441 hoc
2021 5390 2123 5451 est,

2155 4617 2203 4675 D

2244 3316 2378 3363 tunc
2407 3305 2685 3378 apostolus
2714 3305 2906 3360 Petrus
2935 3302 3012 3361 ait
3045 3322 3056 3360 :
3103 3330 3119 3350 ι
3154 3305 3297 3372 Quid
3330 3305 3622 3378 imponitis
3646 3305 3830 3380 jugum

2243 3414 2407 3470 super
2448 3395 2718 3452 cervicem
2769 3395 3022 3462 fratrum,
3082 3395 3228 3468 quod
3277 3411 3452 3469 neque
3493 3413 3616 3466 nos,
3667 3409 3833 3468 neque

2243 3496 2422 3561 patres
2473 3484 2645 3542 nostri
2693 3493 2910 3558 portare
2957 3493 3254 3556 potuerunt
3286 3486 3430 3556 (Act.
3482 3503 3583 3556 xv,
3634 3485 3769 3558 10)?
3805 3509 3820 3531 ι

2243 3581 2289 3635 Α
2320 3587 2563 3651 tempore
2611 3575 2755 3632 enim
2792 3574 2998 3634 Christi
3045 3574 3389 3647 indulgentia
3438 3574 3567 3632 data
3610 3585 3694 3632 est
3722 3589 3831 3646 pro-

2243 3669 2409 3724 missa
2438 3684 2497 3724 1n
2524 3668 2669 3740 lege;
2724 3664 2800 3721 ait
2831 3665 2977 3722 enim
3014 3665 3180 3721 Isaias
3219 3664 3486 3738 propheta
3517 3682 3529 3720 :
3599 3692 3616 3713 -
3645 3663 3831 3722 Veniet

2243 3775 2310 3816 ex
2342 3758 2474 3814 Sion
2506 3756 2600 3828 qui
2627 3756 2844 3828 eripiat,
2879 3764 2932 3811 et
2959 3763 3173 3812 avertat
3202 3755 3535 3827 impietatem
3562 3756 3632 3812 ab
3653 3752 3826 3811 Iacob.

2242 3850 2314 3906 Et
2343 3848 2451 3904 hoc
2481 3845 2594 3902 illis
2626 3863 2657 3902 a
2687 3862 2775 3901 me
2805 3852 3212 3914 testamentum,
3242 3864 3367 3904 cum
3403 3846 3683 3904 abstulero
3707 3860 3830 3919 pec-

2243 3945 2361 3995 cata
2390 3953 2578 3992 eorum
2611 3937 2754 4001 (Isa.
2788 3952 2903 4003 ux,
2935 3937 3051 4007 29),
3090 3961 3108 3985 ι
3161 3936 3269 3994 hoc
3297 3944 3400 4006 est,
3440 3953 3650 3993 novum
3682 3941 3832 3992 testa-

2242 4036 2485 4082 mentum
2519 4043 2550 4081 a
2577 4027 2690 4082 Deo
2721 4025 3051 4097 promissum
3082 4026 3140 4080 in
3171 4025 3411 4084 Christo.

2316 4117 2499 4190 (Vers.
2535 4116 2652 4187 33.)
2701 4141 2718 4162 ι
2749 4116 3111 4174 Oﬁ‘enderunt
3140 4117 3196 4172 in
3230 4117 3463 4189 lapidem
3498 4111 3826 4180 offensionis,

2242 4207 2385 4263 sicut
2440 4206 2704 4279 scriptum
2735 4215 2857 4262 est:
2919 4207 3058 4263 Ecce
3116 4222 3260 4278 pono
3308 4207 3365 4262 in
3422 4206 3554 4264 Sion
3601 4203 3826 4278 lapidem

2242 4296 2581 4364 offensionis,
2623 4305 2677 4352 et
2722 4304 2928 4368 petram
2973 4295 3219 4352 scandali
3255 4314 3267 4352 :
3316 4305 3371 4352 et
3401 4297 3494 4368 qui
3540 4289 3827 4353 crediderit

2241 4386 2297 4441 in
2329 4385 2509 4453 illum,
2547 4402 2660 4441 non
2687 4385 3075 4442 confundetur.
3108 4411 3126 4433 ι
3182 4385 3300 4441 Hoc
3329 4385 3386 4440 in
3420 4384 3560 4440 Isaia
3605 4382 3826 4439 habetur

2243 4475 2377 4547 (Isa.
2411 4491 2532 4544 vm,
2566 4474 2652 4544 14,
2687 4476 2798 4546 16).
2847 4476 3148 4532 Multorum
3196 4474 3460 4530 relatione
3498 4479 3824 4546 compertum

2239 4575 2323 4622 est
2351 4564 2406 4621 in
2440 4573 2592 4639 petra
2622 4566 2707 4620 vel
2743 4565 2922 4638 lapide
2962 4565 3242 4623 Christum
3278 4581 3392 4620 esse
3431 4563 3821 4636 signiﬁcatum;

2241 4654 2434 4711 Daniel
2469 4655 2616 4711 enim
2648 4655 2916 4728 propheta
2945 4654 3184 4727 lapidem
3214 4653 3363 4711 hunc
3394 4654 3550 4721 dicit,
3583 4651 3677 4727 qui
3702 4648 3825 4705 abs-

2243 4747 2416 4804 cissus
2439 4765 2470 4804 a
2499 4754 2684 4803 monte
2705 4747 2825 4803 sine
2853 4746 3108 4803 manibus
3129 4745 3399 4820 percussit
3427 4755 3480 4802 et
3508 4735 3824 4802 comminuit

2244 4839 2430 4894 omnia
2488 4852 2673 4909 regna,
2728 4845 2782 4892 et
2839 4835 3074 4907 replevit
3129 4853 3349 4892 omnem
3407 4845 3608 4892 terram
3666 4831 3821 4903 (Dan.

2247 4943 2306 4994 ιι,
2337 4925 2426 4993 3i,
2455 4925 2574 4993 35),
2611 4923 2758 4997 quod
2805 4923 3088 4981 evidenter
3118 4923 3184 4980 de
3216 4924 3434 4982 Christo
3465 4923 3672 4981 dictum
3702 4923 3776 4974 est
3809 4929 3819 4967 :

2243 5016 2315 5072 Et
2357 5015 2414 5070 in
2461 5014 2575 5085 lege
2619 5021 2769 5086 petra
2817 5013 2884 5070 de
2933 5030 3039 5087 qua
3077 5012 3321 5071 ﬁxerunt
3361 5031 3536 5087 aquae,
3585 5007 3824 5070 Christus

2243 5113 2324 5161 est
2353 5103 2656 5178 appellatus
2691 5123 2702 5161 :
2749 5129 2767 5153 ι
2791 5103 2948 5161 Petra
2973 5113 3178 5173 autem,
3209 5104 3412 5177 inquit,
3441 5110 3556 5159 erat
3585 5097 3824 5159 Christus

2245 5195 2362 5268 (48)
2395 5196 2453 5268 (Ι
2476 5195 2602 5251 Cor.
2627 5212 2685 5263 x,
2713 5193 2794 5267 4).
2820 5220 2838 5244 ι
2871 5196 2943 5252 Et
2963 5195 3157 5251 Petrus
3177 5193 3454 5267 apostolus
3475 5194 3618 5249 inter
3645 5195 3826 5245 caetera

2237 5286 2304 5343 ad
2359 5284 2576 5341 Iudaeos
2620 5284 2697 5340 ait
2757 5284 2900 5356 (Act.
2973 5301 3030 5340 IV
3065 5327 3080 5354 ,
3137 5284 3226 5354 11)
3264 5301 3276 5338 :
3347 5307 3365 5329 ε
3409 5283 3512 5340 Hic
3551 5288 3632 5338 est
3676 5272 3821 5348 lapis,

2235 5373 2331 5448 qui
2360 5373 2682 5448 reprobatus
2711 5380 2795 5429 est
2825 5389 2854 5428 a
2882 5372 3044 5430 vobis
3075 5371 3502 5432 aediﬁcantibus.
3535 5397 3554 5420 ι
3595 5359 3822 5428 Oﬂ'ensio

598 5628 712 5702 (47)
754 5628 1146 5712 οωηθε,ε‹1ίι.,
1201 5643 1308 5713 ηρη
1336 5627 1637 5700 periremus
1673 5647 1710 5685 α
1738 5631 1881 5702 lege;
1928 5647 2118 5688 omnes
2226 5633 2542 5713 appellatus.
2589 5627 2702 5701 ίρεο
2748 5627 3002 5713 Αροεφιο
3065 5627 3367 5713 testim!“
3418 5644 3430 5682 ε
3475 5612 3824 5713 ΒὲδίτξίέῗὲἈθ

519 5719 648 5774 mss.
661 5745 676 5774 ,
691 5719 811 5774 inor}
832 5701 1168 5774 puniremur,
1203 5707 1308 5774 etc.

592 5769 707 5848 (48)
745 5769 875 5832 Mss.
935 5788 1045 5830 non
1101 5773 1262 5848 pauci
1318 5787 1421 5831 nec
1471 5769 1754 5828 inferioris
1808 5781 1985 5842 notae,
2041 5779 2116 5830 est

2225 5691 2462 5776 spiritali
2489 5691 2820 5775 οὸηεὶᾳαεηεὲ
2842 5706 3019 5773 petra,
3036 5691 3193 5773 petra
3219 5704 3395 5757 autem
3427 5703 3542 5756 erat
3573 5691 3820 5753 Christ!“-
