3980 6372
178 390 282 450 149

1242 391 1601 452 COMMENT.
1645 395 1717 452 IN
1762 395 1980 454 EPIST.
2025 398 2123 456 AD
2163 399 2332 459 ROM.

3374 402 3476 464 150

170 535 305 594 ergo
340 519 520 614 posita
539 520 597 614 in
629 521 762 614 Sion
791 521 1042 614 Christus
1070 529 1171 579 est.
1209 522 1342 580 Sion
1367 540 1500 583 vero
1529 527 1764 585 altitudo
1794 533 1846 592 Α
1876 531 2054 604 posita
2081 541 2182 600 est,
2213 549 2334 608 quae
2381 533 2599 593 cederet
2646 535 2971 609 perfectioni
3022 540 3153 612 legis
3211 541 3363 614 (50);
3414 551 3482 600 ut

170 617 274 678 est,
307 611 423 668 sive
450 611 650 668 civitas
689 611 806 686 ipsa
835 612 1156 680 Jerusalem,
1189 630 1308 686 quae
1358 623 1578 688 propter
1612 618 1768 673 noti-

173 697 310 754 tiam
356 699 454 757 Dei
497 717 607 757 non
647 701 922 757 immerito
957 701 1172 758 excelsa
1223 701 1370 759 dicta
1415 712 1516 773 est,
1558 705 1614 761 in
1663 722 1769 779 qua

169 785 426 845 Salvator
466 806 498 846 a
543 792 654 847 Deo
691 791 846 846 Patre
867 807 968 846 suo
1015 792 1226 864 positus
1273 794 1622 864 praedicator,
1669 797 1766 852 of—

167 873 352 933 fensio
389 878 564 936 factus
591 887 672 936 est
696 879 917 947 Iudaeis,
960 880 1092 936 dum
1122 897 1178 938 se
1220 881 1424 938 Filium
1478 883 1575 940 Dei
1619 901 1768 956 prae-

167 961 345 1034 dicat,
375 975 531 1024 natus
556 967 622 1023 de
674 968 883 1040 Spiritu
913 978 1102 1026 sancto
1132 986 1202 1025 ex
1233 971 1484 1028 muliere.
1519 973 1620 1029 Per
1650 990 1768 1030 cor-

166 1070 276 1126 pus
305 1065 486 1112 autem
515 1057 632 1129 ejus
656 1057 976 1114 scandalum
1012 1059 1154 1131 passi
1183 1068 1333 1127 sunt,
1375 1068 1429 1115 et
1465 1061 1723 1118 dicebant
1750 1082 1762 1119 :

183 1168 201 1190 ε
238 1145 437 1200 Nonne
465 1153 635 1202 mater
659 1155 712 1202 et
734 1146 928 1204 fratres
956 1147 1072 1219 ejus
1103 1149 1246 1221 apud
1281 1165 1381 1206 nos
1409 1154 1581 1208 sunt?
1610 1153 1768 1221 Quo-

167 1235 338 1292 modo
368 1253 495 1308 ergo
525 1237 616 1294 hic
639 1238 775 1296 dicit
813 1257 824 1296 :
859 1239 996 1307 Quia
1025 1239 1091 1295 de
1116 1241 1254 1296 cmlo
1277 1241 1532 1299 descendi
1582 1245 1763 1316 (Joan.

168 1323 417 1395 vr,42)?
445 1351 462 1371 -
497 1327 765 1384 Nolebant
793 1329 942 1385 enim
991 1329 1158 1386 verba
1204 1331 1370 1403 gestis
1420 1347 1763 1404 comparare,

166 1419 230 1468 ut
285 1415 513 1486 perinde
566 1427 920 1489 agnoscerent
966 1423 1061 1482 86
1107 1435 1220 1475 non
1265 1419 1565 1477 absurdum
1628 1438 1764 1488 esse,

167 1510 316 1584 quod
347 1511 564 1571 dicebat
589 1513 657 1570 de
685 1516 823 1572 coelo
847 1533 905 1572 se
932 1516 1308 1584 descendisse;
1363 1519 1520 1590 quasi
1569 1537 1768 1593 corpus

165 1609 504 1674 operaretur,
534 1611 589 1661 et
616 1620 726 1660 non
756 1606 901 1662 Deus
930 1606 1123 1672 latens,
1166 1605 1426 1679 operibus
1474 1616 1662 1664 tamen
1709 1624 1766 1664 se

165 1689 407 1761 prodens
436 1690 494 1747 in
523 1709 771 1766 corpore.
809 1694 965 1750 Petra
995 1711 1124 1768 ergo
1154 1693 1273 1752 haec
1321 1695 1641 1752 scandalum
1685 1705 1767 1753 est

163 1778 382 1836 ludatis
418 1788 473 1836 et
519 1781 751 1839 oﬂ'ensio
781 1801 792 1840 :
827 1800 947 1857 quae
995 1794 1147 1858 petra
1193 1785 1312 1841 sine
1361 1784 1531 1841 dubio
1571 1803 1767 1859 corpus

1879 620 2139 678 omnibus
2189 624 2588 695 pratermissis,
2637 625 2774 682 ﬁdes
2820 627 3156 685 satisfaceret
3197 646 3296 702 pro
3361 639 3474 690 tota

1880 712 1995 783 lege
2023 722 2078 768 et
2107 714 2405 785 prophetis.
3129 773 3133 778 ,

1953 803 2135 873 (Vers.
2167 805 2248 877 5.)
2293 830 2310 852 ι
2349 805 2563 877 Moyses
2608 805 2755 862 enim
2805 804 3002 862 scribit
3040 805 3312 879 justitiam
3353 829 3476 886 quae

1879 908 1948 947 ex
1980 893 2095 964 lege
2132 901 2231 961 est,
2265 895 2394 966 quia
2431 896 2526 969 qui
2573 895 2758 952 fecerit
2789 913 2852 952 ea
2881 897 3068 966 homo,
3101 898 3253 954 vivet
3293 899 3352 955 in
3395 901 3474 956 eis

1883 981 2070 1050 (Leuit.
2116 999 2280 1052 xvm,
2327 984 2406 1054 5).
2452 1009 2468 1031 ›
2520 985 2634 1042 Hoc
2687 985 2843 1054 dicit,
2889 986 3018 1059 quia
3062 986 3278 1058 justitia
3336 989 3472 1061 legis

1878 1069 2085 1142 Moysis
2113 1087 2232 1128 reos
2263 1073 2386 1128 illos
2412 1090 2522 1128 non
2551 1075 2783 1130 faciebat
2811 1074 2879 1130 ad
2910 1086 3144 1149 tempus,
3174 1077 3220 1132 si
3269 1094 3467 1134 serva-

1880 1167 2048 1228 retur,
2084 1160 2142 1217 id
2167 1171 2266 1230 est,
2301 1162 2562 1218 vivebant
2618 1163 2867 1220 faciendo
2924 1165 3128 1237 legem;
3195 1165 3473 1223 debitores

1879 1250 2025 1306 enim
2057 1262 2230 1308 erant.
2263 1253 2374 1308 Hoc
2403 1252 2613 1312 dictum
2644 1261 2724 1312 est
2755 1253 2811 1310 in
2860 1254 3113 1312 Numeris
3155 1263 3208 1312 et
3255 1255 3311 1314 in
3358 1256 3472 1314 Le~

1880 1340 2050 1397 vitico
2085 1343 2226 1414 (51).

1952 1432 2132 1504 (Vers.
2165 1434 2217 1500 6,
2259 1433 2335 1503 7.)
2383 1458 2402 1482 ι
2440 1434 2571 1501 Quae
2600 1443 2781 1492 autem
2809 1451 2878 1492 ex
2909 1436 3014 1492 ﬁde
3034 1447 3115 1493 est
3138 1437 3376 1508 justitia,
3393 1438 3473 1496 sic

1878 1519 2014 1578 dicit
2046 1540 2057 1577 :
2089 1523 2166 1578 Ne
2197 1523 2405 1580 dixeris
2434 1524 2493 1580 in
2523 1526 2684 1582 corde
2734 1535 2828 1582 tuo
2880 1545 2890 1582 :
2940 1527 3074 1594 Quis
3120 1528 3365 1584 ascendit
3412 1530 3469 1585 in

1878 1611 2076 1666 coelum
2127 1613 2306 1684 (Deut.
2353 1631 2491 1681 xxx,
2529 1616 2616 1687 l2)
2643 1617 2669 1671 ‘I
2707 1641 2724 1663 ›
2769 1617 2886 1671 Hoc
2940 1617 2997 1672 in
3044 1617 3472 1675 Deuteronomio

1879 1699 2088 1756 dictum
2135 1710 2238 1770 est,
2288 1702 2434 1775 quod
2484 1703 2575 1759 hic
2614 1705 3005 1776 interpretatur
3057 1706 3353 1776 Apostolus
3403 1705 3473 1763 de

1879 1788 2100 1846 Christo
2131 1791 2319 1846 dicens
2352 1810 2362 1846 :
2419 1815 2437 1838 ι
2474 1792 2588 1847 Hoc
2617 1800 2697 1848 est
2727 1792 3008 1849 Christum
3040 1793 3326 1850 deducere.
3359 1796 3472 1851 Aut

165 1869 503 1944 intelligitur
549 1873 868 1930 Salvatoris.
918 1875 1043 1931 Haec
1088 1875 1272 1931 excisa
1318 1875 1437 1931 sine
1489 1876 1764 1946 manibus,
1799 1901 1842 1962 Β
1877 1880 2000 1953 quis
2033 1880 2312 1938 descendit
2342 1881 2400 1936 in
2431 1882 2728 1955 abyssum?
2779 1883 2893 1939 Hoc
2939 1890 3038 1952 est,
3072 1883 3352 1941 Christum
3401 1900 3471 1941 ex

164 1969 455 2034 propterea
484 1963 613 2036 quia
645 1962 764 2018 sine
801 1963 920 2019 viro
947 1962 1014 2018 de
1051 1963 1261 2036 Spiritu
1290 1972 1480 2022 sancto
1513 1965 1657 2022 facta
1701 1965 1768 2023 de

165 2049 386 2122 virgine
419 2059 548 2120 est.;

803 2160 1030 2220 CAPUT
1069 2163 1140 2219 X.

237 2279 425 2352 (Vers.
460 2279 509 2348 1,
539 2278 620 2351 2.)
668 2303 686 2329 ι
724 2281 961 2349 Fratres,
1003 2282 1264 2338 voluntas
1310 2281 1536 2356 quidem
1583 2279 1767 2336 cordis

166 2369 292 2438 mei,
324 2379 382 2427 et
411 2369 715 2427 obsecratio
742 2369 806 2426 ﬁt
832 2370 901 2426 ad
929 2372 1102 2428 Deum
1128 2388 1227 2444 pro
1255 2371 1368 2428 illis
1394 2371 1453 2427 in
1483 2372 1720 2426 salutem
1746 2388 1759 2438 ;

165 2459 548 2517 testimonium
564 2458 710 2514 enim
735 2458 996 2530 perhibeo
1024 2459 1157 2528 illis,
1187 2460 1334 2534 quod
1356 2459 1764 2516 aemulationem

164 2549 263 2607 Dei
293 2547 523 2616 habent,
558 2547 652 2604 sed
680 2563 791 2604 non
821 2548 1123 2605 secundum
1156 2549 1516 2622 agnitionem.
1548 2575 1566 2596 ι
1609 2551 1768 2618 Quo-

168 2639 317 2694 niam
348 2653 381 2693 a
413 2637 530 2708 lege
557 2636 678 2692 vult
706 2652 798 2692 eos
827 2637 1060 2706 auferre,
1111 2638 1393 2694 credentes
1433 2639 1565 2710 quia
1611 2639 1770 2693 vela-

167 2744 293 2784 men
320 2735 405 2783 est
433 2724 638 2783 Judmis
667 2744 681 2793 ;
713 2742 781 2782 ne
809 2726 914 2783 hoc
942 2726 1070 2783 odio
1108 2727 1377 2784 Judaismi
1429 2727 1544 2798 (49)
1591 2728 1766 2784 facere

171 2815 476 2884 videretur,
524 2814 766 2872 ostendit
807 2815 1061 2873 affectum
1111 2833 1272 2873 suum
1326 2817 1471 2872 circa
1517 2815 1663 2883 illos,
1715 2824 1767 2872 et

168 2907 269 2979 legi
307 2906 406 2963 dat
435 2905 667 2962 multum
707 2923 720 2962 :
751 2905 845 2962 sed
872 2907 1030 2963 docet
1069 2915 1285 2979 tempus
1318 2905 1433 2978 jam
1488 2906 1767 2963 servandae

170 2997 303 3070 legis
331 3011 446 3053 non
477 3012 624 3062 esse;
658 3011 721 3052 ac
749 3013 844 3069 per
874 2995 979 3053 hoc
1029 2996 1318 3069 providere
1359 3013 1416 3052 se
1469 2996 1580 3054 illis
1628 2997 1769 3053 velle

176 3095 434 3155 testatur,
473 3086 520 3142 si
552 3085 714 3142 modo
745 3086 972 3142 audiant
1003 3086 1184 3153 illum,
1217 3102 1280 3141 ac
1327 3085 1560 3156 probent
1605 3103 1767 3142 suum

171 3192 280 3232 non
314 3191 432 3233 esse
462 3175 751 3232 inimicum
777 3193 790 3243 ;
827 3175 1045 3248 quando
1075 3182 1130 3230 et
1156 3174 1533 3230 testimonium
1573 3175 1769 3248 perhi-

169 3264 259 3322 bet
294 3265 408 3321 illis
441 3265 748 3322 nobilitatis
778 3275 832 3322 ει
860 3265 1177 3322 traditionis
1213 3273 1470 3337 paternae.

242 3355 429 3427 (Vera.
481 3355 561 3427 3.)
605 3380 623 3403 ι
663 3357 984 3428 Ignorantes
1039 3355 1186 3412 enim
1230 3356 1328 3412 Dei
1372 3354 1666 3427 justitiam,
1717 3362 1771 3410 et

170 3459 323 3500 suam
352 3453 657 3516 quaerentes
685 3446 1041 3513 constituere,
1067 3443 1297 3516 justitia:
1343 3443 1442 3500 Dei
1486 3458 1597 3498 non
1640 3451 1769 3499 sunt

169 3531 426 3604 subjecti.
459 3557 477 3580 ι
522 3533 622 3590 Per
644 3533 1008 3606 ignorantiam
1025 3533 1163 3588 dicit
1191 3534 1316 3590 illos
1345 3549 1456 3588 non
1473 3531 1768 3588 credidisse

171 3623 227 3678 in
267 3623 574 3692 Christum,
619 3623 1027 3680 aemulationem
1072 3622 1297 3697 quidem
1341 3623 1440 3679 Dei
1482 3623 1766 3692 habentes,

168 3711 260 3768 sed
287 3714 630 3768 voluntatem
662 3719 716 3768 et
743 3712 1037 3769 consilium
1067 3711 1186 3783 ejus
1216 3711 1544 3780 nescientes,
1577 3719 1768 3768 contra

167 3801 344 3858 Deum
393 3800 642 3874 agebant,
674 3816 836 3874 quem
881 3816 938 3856 se
983 3800 1275 3857 defendere
1306 3800 1666 3857 testabantur.
1691 3803 1766 3857 De

169 3888 255 3945 his
283 3888 444 3957 dicit,
475 3890 569 3963 qui
597 3905 706 3946 non
735 3890 1122 3947 malevolentia
1151 3899 1206 3947 et
1255 3890 1488 3958 invidia,
1537 3888 1625 3945 sed
1669 3905 1766 3945 er-

171 3993 290 4032 rore
345 3975 628 4033 Christum
682 3992 790 4032 non
841 3986 1182 4050 receperunt.
1223 3977 1433 4044 Quibus
1471 3988 1524 4034 et
1577 3980 1769 4034 Petrus

172 4066 450 4138 apostolus
486 4065 623 4122 dicit
657 4083 669 4122 :
717 4090 736 4114 ‹
773 4065 916 4134 Scio,
951 4066 1163 4134 fratres,
1195 4066 1325 4139 quia
1355 4083 1450 4139 per
1504 4070 1770 4139 ignoran-

173 4154 302 4210 tiam
333 4155 576 4228 gessistis
604 4154 710 4212 hoc
740 4156 968 4224 malum,
999 4157 1144 4212 sicut
1186 4165 1239 4212 et
1288 4156 1565 4228 principes
1598 4158 1768 4213 vestri

178 4244 316 4314 (Act.
347 4245 588 4318 1",”);
630 4269 649 4292 ι
700 4245 1012 4318 ignorantes
1041 4245 1188 4301 enim
1225 4245 1376 4302 hunc
1421 4261 1538 4301 esse
1569 4245 1769 4304 Chris—

178 4340 310 4399 tum,
339 4351 501 4408 quem
534 4334 857 4407 promiserat
886 4337 1050 4404 Deus,
1073 4337 1307 4392 alterum
1335 4335 1767 4408 exspectandum

178 4418 442 4479 dicebant.
478 4423 618 4479 Huic
636 4423 884 4495 justitias
912 4440 1060 4492 suas,
1091 4441 1227 4497 quas
1256 4441 1326 4480 ex
1354 4426 1472 4497 lege
1496 4424 1769 4481 habebant

179 4525 582 4590 anteponentes,
614 4518 709 4592 qui
739 4527 821 4575 est
864 4519 962 4574 Dei
988 4517 1205 4590 justitia
1251 4519 1309 4573 in
1364 4518 1491 4574 ﬁde.
1545 4519 1768 4576 Iustitia

1877 1970 2112 2026 mortuis
2163 1971 2440 2026 reducere.
2485 1995 2501 2016 ι
2571 1972 2687 2028 Hoc
2743 1972 3025 2044 proprium
3074 1973 3324 2044 Apostoli
3366 1981 3468 2029 est.

1867 2060 2064 2132 Itaque
2098 2058 2374 2131 justitiam
2409 2060 2553 2117 hanc
2581 2061 2719 2117 dicit
2747 2076 2862 2116 esse
2896 2061 3048 2129 ﬁdei,
3080 2061 3126 2116 si
3157 2077 3267 2118 non
3298 2061 3473 2117 dubi-

1876 2159 2024 2210 tetur
2052 2151 2120 2207 de
2149 2167 2244 2223 spe
2272 2151 2390 2220 Dei,
2428 2168 2549 2225 quae
2594 2152 2652 2207 in
2700 2151 2922 2209 Christo
2948 2161 3061 2220 est;
3103 2169 3172 2209 ne
3213 2152 3471 2210 dilﬁdens

1875 2241 2022 2298 dicat
2055 2259 2066 2297 :
2100 2242 2234 2310 Quis
2260 2242 2438 2314 potuit
2465 2241 2756 2298 ascendere
2778 2242 2836 2297 in
2865 2243 3064 2300 coelum
3089 2243 3116 2299 ?
3169 2243 3298 2316 quia
3348 2243 3471 2300 ideo

1877 2348 2066 2404 passus
2094 2341 2194 2399 est,
2227 2341 2290 2388 ut
2317 2333 2640 2406 exspoliatis
2667 2333 2860 2390 inferis
2893 2333 3099 2391 virtute
3142 2334 3338 2402 Patris,
3364 2335 3472 2391 de—

1875 2422 2022 2478 victa
2070 2429 2246 2479 morte
2293 2439 2599 2496 resurgens,
2651 2440 2777 2480 cum
2820 2424 3108 2479 animabus
3156 2423 3356 2496 ereptis
3412 2423 3471 2479 in

1875 2514 2073 2568 cmlum
2128 2513 2462 2569 ascenderet.
2525 2513 2717 2570 Omnis
2770 2513 2919 2570 enim
2982 2513 3296 2586 quicunque
3352 2512 3473 2568 viso

1876 2603 2155 2660 Salvatore
2195 2603 2340 2674 apud
2378 2603 2604 2670 inferos,
2663 2602 2902 2675 speravit
2949 2602 3016 2657 de
3061 2602 3160 2658 illo
3217 2603 3469 2668 salutem,

1877 2692 2138 2748 liberatus
2191 2699 2292 2756 est,
2351 2691 2509 2746 Petro
2562 2692 2808 2761 apostolo
2854 2691 2958 2745 hoc
3009 2697 3276 2756 testante;
3332 2689 3472 2746 dicit

1877 2779 2023 2837 enim
2060 2780 2189 2852 quia
2217 2789 2272 2836 et
2299 2780 2534 2835 mortuis
2561 2779 2889 2850 praedicatus
2918 2786 2998 2833 est
3029 2779 3049 2849 (
3058 2781 3088 2834 Ι
3107 2780 3252 2833 Petr.
3280 2796 3356 2846 ιν,
3388 2778 3470 2848 6).

1877 2867 1982 2935 Qui
2012 2867 2078 2922 de
2110 2867 2197 2923 his
2218 2883 2345 2939 ergo
2374 2867 2431 2922 in
2462 2866 2625 2922 corde
2653 2883 2753 2922 suo
2789 2883 2899 2921 non
2933 2866 3170 2934 dubitat,
3206 2865 3473 2937 justiﬁca-

1878 2968 1967 3016 tus
1993 2967 2074 3016 est
2104 2975 2173 3014 ex
2200 2957 2324 3014 ﬁde.
2349 2959 2435 3013 Ex
2459 2957 2572 3029 lege
2598 2967 2780 3013 autem
2797 2957 3093 3028 justiﬁcari
3119 2957 3287 3012 timor
3303 2957 3468 3013 facit:

1878 3049 2037 3106 timet
2065 3047 2211 3103 enim
2258 3048 2456 3118 legem,
2489 3046 2618 3119 quia
2656 3045 2809 3102 videt
2840 3046 2990 3101 illam
3021 3060 3235 3116 pmnam
3269 3045 3473 3100 inferre

1878 3135 2252 3209 peccantibus.
2287 3135 2414 3192 Ideo
2443 3152 2555 3191 non
2605 3151 2800 3206 magna
2823 3133 3041 3206 justitia
3070 3133 3204 3205 legis
3243 3141 3340 3200 est,
3373 3150 3476 3190 nec

1879 3226 2135 3282 meritum
2167 3226 2401 3282 collocat
2429 3224 2574 3298 apud
2601 3226 2798 3291 Deum,
2843 3223 2938 3280 sed
2972 3224 3042 3280 ad
3072 3239 3310 3294 praesens
3342 3242 3353 3279 :
3395 3223 3474 3279 ﬁ-

1877 3317 1973 3372 des
1998 3324 2180 3371 autem
2211 3315 2340 3388 quia
2368 3314 2669 3370 incredulis
2701 3313 2954 3380 stultitia,
3009 3311 3315 3369 mercedem
3365 3311 3475 3367 ha-

1877 3407 1969 3462 bet
1998 3406 2142 3478 apud
2171 3407 2367 3474 Deum,
2403 3405 2470 3462 de
2499 3420 2609 3477 quo
2637 3403 2783 3478 quod
2813 3418 2924 3459 non
2980 3401 3221 3470 videtur,
3276 3418 3472 3474 spera-

1881 3506 1989 3553 ῙΙΙΓ.

1952 3596 2132 3665 (Vers.
2165 3595 2248 3666 8.)
2297 3618 2314 3640 ι
2352 3591 2452 3650 Sed
2486 3590 2619 3667 quid
2650 3591 2786 3648 dicit
2814 3591 3138 3664 Scriptura?
3168 3592 3340 3664 Prope
3391 3601 3472 3649 est

1878 3684 2106 3740 verbum
2128 3683 2186 3739 in
2209 3700 2300 3740 ore
2329 3692 2445 3751 tuo,
2475 3691 2528 3738 et
2561 3683 2617 3738 in
2646 3680 2810 3738 corde
2830 3682 3122 3752 tuo(Deut.
3141 3698 3280 3750 xxx,
3303 3681 3413 3750 14).
3441 3705 3459 3729 ι

1881 3776 1996 3830 Hoc
2021 3773 2287 3846 scripturn
2335 3781 2417 3829 est
2463 3772 2521 3827 in
2563 3771 3010 3838 Deuteronomio,
3055 3770 3185 3843 quia
3231 3787 3342 3827 non
3392 3777 3473 3825 est

1880 3865 2036 3938 longe
2081 3865 2148 3920 ab
2177 3863 2362 3919 animo
2396 3871 2585 3918 nostro
2615 3864 2700 3919 vel
2732 3878 2844 3929 ore,
2877 3861 3023 3934 quod
3052 3862 3216 3917 nobis
3243 3861 3468 3929 dicitur,

1877 3963 1939 4011 ut
1966 3954 2252 4011 credamus
2281 3953 2532 4026 quamvis
2580 3953 2726 4008 enim
2771 3952 2948 4008 oculis
2997 3967 3109 4006 non
3137 3950 3407 4018 videatur,
3439 3968 3471 4006 a

1879 4053 2071 4101 natura
2119 4054 2301 4100 tamen
2346 4044 2654 4097 animarum
2692 4051 2745 4098 et
2783 4039 3044 4114 loquendi
3091 4040 3303 4097 ratione
3358 4057 3469 4096 non

1877 4134 2175 4202 discordat,
2201 4133 2347 4207 quod
2375 4131 2670 4190 credimus.
2706 4135 2768 4189 In
2798 4134 2914 4206 ipsa
2952 4132 3100 4189 enim
3143 4141 3339 4188 natura
3372 4133 3470 4187 in-

1877 4235 2018 4281 serta
2043 4232 2172 4280 sunt
2208 4225 2359 4280 velut
2399 4225 2627 4290 semina,
2682 4241 2802 4296 quae
2847 4222 3040 4278 auditu
3089 4232 3142 4278 et
3185 4223 3470 4278 voluntate

1877 4315 2100 4370 exculta
2133 4313 2471 4371 fructiﬁcant
2501 4313 2878 4370 testimonium
2912 4313 3030 4385 (52)
3064 4311 3357 4370 Creatoris.

1951 4414 2134 4485 (νει-ε.
2162 4413 2216 4481 9,
2253 4413 2364 4483 10.)
2414 4436 2432 4458 ε
2471 4413 2586 4468 Ηοε
2615 4421 2696 4469 est
2713 4411 2944 4468 verbum
2978 4411 3124 4479 fidei,
3158 4411 3305 4484 quod
3333 4427 3466 4481 prae-

1876 4502 2142 4559 dicamus.
2185 4527 2203 4548 -
2265 4501 2486 4558 Nullum
2547 4519 2683 4573 opus
2739 4500 2876 4557 dicit
2933 4500 3086 4572 legis,
3137 4500 3230 4555 sed
3293 4500 3465 4554 solam

177 4587 315 4662 θηίσί
346 4607 462 4680 ᾕρεε
492 4616 596 4679 est,
629 4587 770 4682 quia
807 4607 956 4682 quod
991 4587 1320 4681 promiserat
1349 4609 1518 4677 Deus,
1557 4609 1615 4664 in
1647 4610 1764 4682 ipso
1793 4623 1842 4683 D
1878 4594 2041 4649 ﬁdem
2071 4591 2307 4648 dandam
2337 4592 2394 4683 in
2423 4607 2584 4683 causa
2600 4591 2825 4649 Christi.
2869 4614 2886 4638 ι
2909 4587 3466 4683 Qu_ia_si_co-nﬁtear‘is

179 4692 442 4768 implevit.

242 4787 424 4857 (Vera.
459 4789 540 4863 4.)
584 4815 602 4838 ι
639 4789 794 4847 Finis
821 4789 971 4847 enim
1011 4791 1145 4864 legis
1192 4788 1444 4848 Christus
1489 4790 1558 4846 ad
1590 4787 1766 4861 justi-

178 4872 302 4932 tiam
331 4879 484 4935 omni
513 4879 779 4937 credenti.
824 4905 842 4928 ι
885 4881 998 4938 Ηοε
1023 4879 1181 4949 dicit,
1213 4881 1342 4954 quia
1371 4879 1763 4952 perfectionem

181 4964 304 5038 legis
343 4968 527 5039 habet,
577 4971 673 5044 qui
715 4970 890 5028 credit
943 4969 1000 5027 in
1058 4969 1362 5029 Christum.
1414 4969 1552 5028 Cum
1615 4970 1762 5024 enim

181 5054 353 5115 nullus
385 5059 784 5132 justiﬁcaretur
816 5077 886 5116 ex
925 5061 1062 5132 lege,
1111 5060 1242 5133 quia
1287 5077 1451 5117 nemo
1499 5060 1764 5133 implebat

184 5140 364 5217 legem,
396 5149 506 5206 nisi
536 5150 632 5224 qui
661 5158 900 5223 speraret
939 5147 1000 5205 in
1030 5148 1300 5223 promisso
1339 5148 1596 5216 Christo;
1628 5147 1764 5204 ﬁdes

251 5325 358 5402 (49)
413 5333 678 5390 Nonnulli
725 5350 878 5402 mss.,
930 5333 1046 5389 vult
1089 5331 1306 5402 auferre
1349 5331 1580 5396 Iudaeos,
1628 5330 1757 5402 quia

188 5397 400 5476 ὐειςξηιεη
423 5411 498 5460 est
515 5405 607 5473 eis,
629 5423 692 5476 ne
717 5397 1064 5476 quod'odium
1090 5397 1375 5470 Judaismi,
1401 5412 1505 5459 etc.

251 5469 359 5546 (ἔνο)
400 5476 556 5533 Rom.
586 5469 744 5542 editf,
775 5477 832 5531 in
875 5476 1196 5546 promissum
1237 5469 1594 5546 Christum...
1643 5492 1759 5546 quae

189 5541 398 5619 traderet
437 5541 805 5618 perfectionem
852 5541 1003 5619 Legis
1053 5565 1070 5603 .·
1111 5557 1222 5619 vet.
1277 5556 1460 5603 autem
1517 5541 1668 5619 edit:
1697 5563 1758 5602 ac

193 5623 311 5668 mss.
366 5615 612 5692 inter'se
645 5615 1003 5692 conveniunt,
1065 5618 1174 5675 nisi
1225 5619 1372 5692 quod
1426 5619 1483 5674 in
1531 5617 1642 5692 illis
1697 5635 1760 5674 ac

193 5687 453 5762 nonnullis
481 5707 614 5746 mss.
649 5691 868 5762 legitur,
899 5692 1126 5746 crederet
1154 5687 1544 5762 perfectionem,
1568 5689 1760 5762 legen-

193 5708 453 5746 nuuuullls
481 5708 614 5746 mss.
649 5708 697 5746 ιε
735 5708 868 5759 ιιωθ,
899 5708 1126 5746 crederet
1154 5708 1544 5762 perlecuonem,
1569 5708 1760 5762 legen-

191 5747 309 5809 dum
338 5757 491 5830 forte,
520 5762 577 5816 in
598 5708 990 5836 perfectionem,
1023 5771 1116 5819 aut
1154 5763 1344 5820 saltem
1393 5761 1582 5818 eodem
1627 5778 1761 5817 sen-

1876 4683 1933 4738 in
1979 4699 2070 4739 ore
2100 4692 2196 4739 tuo
2226 4682 2521 4740 Dominum
2551 4682 2756 4750 Jesum,
2788 4691 2841 4738 et
2881 4678 3177 4737 credideris
3209 4677 3266 4730 in
3299 4674 3464 4730 corde

1873 4785 1970 4833 tuo
1999 4775 2146 4852 quod
2180 4777 2324 4833 Deus
2372 4775 2528 4830 illum
2569 4773 2853 4838 excitavit,
2885 4771 3067 4825 salvus
3111 4767 3237 4822 eris.
3289 4764 3464 4823 Corde

1874 4867 2018 4923 enim
2055 4871 2149 4928 87
2179 4865 2423 4923 creditur
2451 4863 2519 4919 ad
2541 4862 2837 4935 justitiam,
2876 4875 2967 4914 ore
3011 4864 3193 4913 autem
3237 4856 3464 4914 confes-

1873 4965 1954 5022 sio
1981 4965 2044 5020 ﬁt
2072 4964 2139 5020 ad
2178 4964 2430 5019 salutem.
2472 4986 2489 5009 ι
2551 4961 2901 5031 Quaecunque
2939 4957 3192 5030 superius
3243 4957 3462 5013 locutus

1870 5063 1970 5123 est,
2005 5055 2096 5112 hic
2124 5055 2221 5110 illa
2251 5052 2643 5118 manifestavit,
2675 5051 2818 5107 hanc
2849 5067 2964 5107 esse
3015 5050 3261 5122 regulam
3309 5048 3460 5116 ﬁdei,

1875 5147 2094 5204 credere
2143 5145 2443 5205 Dominum
2491 5159 2607 5200 esse
2651 5142 2858 5210 Jesum,
2890 5150 2944 5198 et
2986 5157 3098 5197 non
3143 5141 3460 5198 erubescere

1865 5347 1928 5386 su
1981 5344 2107 5385 cum
2159 5326 2247 5393 iis,
2287 5340 2442 5398 quos
2491 5323 2797 5398 sequimur,
2850 5321 3179 5398 perfectioni.
3240 5320 3462 5398 Duabus

1866 5418 1996 5456 vero
2027 5391 2336 5471 interjectis
2380 5391 2609 5454 vocibus
2658 5391 2791 5454 mss.
2836 5391 3048 5469 aliquot
3089 5391 3312 5459 habent,
3362 5393 3462 5462 ﬁde

1866 5471 2170 5545 satisfacere
2195 5487 2291 5541 per
2324 5475 2483 5545 totam
2514 5471 2672 5545 legerit
2694 5476 2742 5522 et
2765 5471 3066 5545 prophetas.
3114 5535 3123 5545 ⁸
3221 5535 3266 5545 __
3425 5536 3433 5544 ο

1940 5535 2078 5625 (51)
2095 5535 2266 5625 Bo_rn._
2286 5539 2418 5596 edit.
2451 5535 2587 5625 sola,
2618 5541 2726 5625 H30
2755 5535 2951 5625 dictam
2991 5543 3082 5625 est.
3106 5535 3162 5589 in
3211 5535 3460 5593 Numeris

1866 5623 1913 5671 et
1943 5613 1999 5670 in
2015 5614 2294 5687 Ezechiele
2319 5613 2621 5687 prophetas.
2651 5613 2778 5687 Qua;
2808 5616 3000 5687 autem,
3035 5617 3140 5687 etc.
3175 5679 3204 5687 Α
3339 5677 3349 5687 .
3483 5623 3487 5628 ‘

1940 5686 2057 5760 (52)
2089 5687 2189 5760 Ms.
2234 5679 2434 5752 (ιθὼς
2471 5684 2677 5739 exculta
2719 5681 3075 5753 signiﬁcarent
3093 5679 3461 5760 testimonium,

1870 5753 1980 5816 non
2017 5753 2149 5814 satis
2180 5764 2342 5814 recte.
3315 5753 3324 5761 '
