3980 6370
193 407 292 466 153

1278 409 1640 470 COMMENT.
1683 412 1756 471 IN
1794 412 2012 471 EPIST.
2056 415 2152 472 AD
2197 417 2365 474 ROM.

3389 429 3491 488 154

187 531 504 630 audivimus
551 535 652 630 abs
681 542 753 604 te,
783 543 837 591 et
855 534 1136 608 loquimur
1167 534 1494 630 ?_I"irmavit
1521 538 1776 630 exemplo
1810 542 1860 602 Α
1889 541 2298 611 excruciantur,
2349 543 2571 618 quando
2615 545 2848 604 audiunt
2891 549 3062 622 legem
3117 560 3172 609 et
3197 555 3491 630 prophetas

187 623 509 697 prophetico
550 623 768 683 Iudaeos
823 642 938 683 esse
985 627 1417 685 contradictores
1455 629 1781 700 evangelica:

186 714 456 771 veritatis.
488 715 599 772 Lex
627 717 772 772 enim
795 715 1011 773 Iudaeos
1041 717 1284 790 increpat
1312 718 1480 792 ;quia
1507 718 1649 775 sicut
1676 718 1784 773 fuit

184 803 331 875 apud
360 811 594 872 veteres,
622 804 698 861 ita
727 815 782 862 et
809 821 958 863 nunc
985 814 1086 862 est.
1120 807 1282 865 Hunc
1308 808 1458 864 enim
1489 823 1781 864 numerum

184 908 297 949 non
322 894 516 967 tangit,
548 894 640 968 qui
672 894 837 952 ﬁdem
868 910 978 951 non
1009 896 1224 968 recipit.

259 982 442 1054 (Vers.
478 983 562 1050 17,
590 982 703 1054 18.)
748 1008 766 1029 ι
787 983 932 1056 Ergo
948 984 1082 1041 ﬁdes
1108 1000 1176 1041 ex
1203 985 1419 1054 auditu,
1449 984 1672 1042 auditus
1691 1002 1784 1042 au-

182 1078 293 1128 tem
324 1087 420 1144 per
438 1071 667 1128 verbum
703 1073 930 1132 Christi.
962 1099 981 1123 ›
1015 1075 1365 1132 Manifestum
1397 1083 1495 1143 est,
1521 1077 1649 1149 quia
1677 1076 1784 1133 nisi

183 1159 401 1218 dicatur
431 1161 665 1236 aliquid,
712 1178 814 1220 nec
841 1163 1020 1220 audiri
1048 1173 1247 1236 potest,
1279 1182 1380 1221 nec
1407 1165 1579 1222 credi.
1624 1189 1642 1213 ι
1681 1164 1785 1221 Sed

183 1251 310 1308 dico
338 1267 352 1307 :
400 1251 680 1325 Numquid
701 1268 811 1308 non
863 1251 1156 1310 audierunt
1187 1253 1215 1309 7
1247 1278 1265 1302 ι
1322 1255 1439 1311 Hoc
1458 1262 1558 1323 est,
1589 1253 1787 1310 audie-

182 1347 336 1408 runt,
369 1350 424 1398 et
452 1341 673 1398 credere
705 1343 1025 1398 noluerunt.
1067 1343 1334 1410 Quamvis
1363 1345 1512 1401 enim
1544 1343 1680 1400 ﬁdes
1717 1359 1785 1400 ex

180 1430 377 1487 auditu
409 1430 482 1487 sit
511 1449 525 1499 ;
557 1438 688 1487 sunt
731 1439 915 1488 tamen
949 1432 1041 1504 qui
1074 1431 1360 1490 audientes
1390 1449 1502 1489 non
1531 1433 1783 1490 credunt.

179 1520 434 1578 Audiunt
462 1520 630 1590 enim,
662 1529 716 1577 et
745 1537 856 1577 non
887 1521 1209 1594 intelligunt
1235 1540 1249 1590 ;
1289 1523 1422 1597 quia
1451 1523 1784 1580 malevolen-

179 1609 260 1666 tia
286 1609 622 1668 obcaecatum
649 1617 730 1667 est
759 1626 853 1667 cor
889 1610 1137 1668 illorum.

266 1721 284 1744 ι
325 1697 396 1755 Εῑ
424 1697 648 1772 quidem
668 1697 726 1754 in
754 1715 972 1755 omnem
1004 1707 1206 1756 terram
1221 1699 1361 1755 exiit
1379 1715 1547 1757 sonus
1575 1714 1787 1770 eorum,

181 1795 238 1846 et
259 1804 431 1862 usque
450 1787 519 1844 ad
536 1788 674 1846 ﬁnes
693 1787 840 1845 orbis
867 1799 1026 1847 terra:
1068 1791 1235 1848 verba
1261 1791 1505 1848 illorum.
1535 1818 1554 1841 ι
1606 1793 1788 1865 Usque

1890 631 1958 688 ad
1988 649 2088 688 nos
2117 631 2410 705 pertinere,
2451 633 2542 709 qui
2576 635 2858 694 Christum
2889 639 3185 697 credimus.

1963 723 2145 794 (Vers.
2178 724 2296 796 20.)
2350 749 2368 771 ι
2400 726 2565 782 Isaias
2593 725 2777 797 audet,
2808 737 2861 785 et
2882 728 3020 785 dicit
3053 747 3064 785 :
3098 731 3280 789 Palam
3311 733 3487 797 factus

1890 831 2010 873 sum
2056 831 2168 874 non
2217 817 2589 889 quaerentibus
2628 835 2734 887 me,
2785 827 2839 876 et
2880 821 3307 883 inventus.sum
3348 826 3491 885 inter

1893 923 2006 974 eos,
2055 905 2149 980 qui
2198 923 2284 962 me
2349 923 2459 965 non
2502 907 2916 980 interrogabant
2975 911 3108 981 (Isa.
3159 929 3291 982 va,
3341 912 3416 985 1).
3460 941 3478 963 .

1893 997 2164 1066 Quoniam
2217 1015 2382 1070 supra
2412 998 2593 1055 verbis
2641 999 2817 1072 Moysi
2846 1017 2977 1057 usus
3007 1009 3088 1058 est
3110 1001 3175 1058 de
3205 1004 3493 1062 exclusio-

1894 1103 1962 1144 ne
1988 1086 2323 1156 Judzeorum,
2350 1087 2419 1144 ad
2447 1087 2553 1146 hoc
2575 1104 2792 1162 quoque
2822 1089 2972 1146 Isaiae
3001 1092 3278 1165 prophetae
3309 1109 3489 1150 exem-

1894 1178 2047 1249 plum
2076 1176 2324 1233 subdidit
2356 1194 2368 1232 :
2392 1184 2453 1233 ut
2479 1177 2546 1233 de
2575 1178 2693 1250 ejus
2719 1179 3104 1250 prosecutione
3130 1183 3370 1254 apertius
3397 1183 3491 1239 do-

1895 1278 2039 1327 ceret
2081 1271 2276 1338 Deum,
2320 1269 2565 1342 expulsis
2603 1268 2831 1338 Iudaeis,
2882 1271 3028 1328 ultro
3074 1273 3328 1346 gentibus
3358 1291 3489 1346 gra-

1897 1357 2028 1414 tiam
2062 1358 2325 1416 obtulisse
2354 1361 2423 1417 ad
2467 1359 2824 1433 opprobrium
2850 1371 2904 1419 et
2933 1378 3117 1418 necem
3149 1363 3485 1424 Iudaeorum.

1896 1451 2023 1508 Haec
2093 1451 2241 1508 enim
2295 1451 2460 1508 Isaias
2524 1451 2790 1526 propheta
2850 1469 2919 1508 ex
2993 1470 3223 1526 persona
3283 1453 3487 1514 Christi

1894 1547 2146 1598 testatur.

1969 1633 2152 1702 (Vers.
2202 1632 2293 1690 21.
2301 1637 2328 1702 )
2363 1657 2379 1678 ι
2413 1630 2498 1688 Ad
2540 1632 2701 1688 Israel
2749 1637 2928 1689 autem
2971 1632 3099 1706 quia
3141 1633 3277 1691 dicit
3310 1651 3320 1689 :
3355 1635 3490 1692 Tota

1897 1724 1985 1782 die
2024 1723 2262 1796 expandi
2306 1739 2501 1780 manus
2531 1739 2677 1780 meas
2721 1722 2785 1778 ad
2818 1723 3081 1796 populum
3113 1739 3223 1780 non
3253 1724 3489 1782 creden-

1897 1823 2030 1884 tem,
2081 1823 2134 1872 et
2162 1811 2629 1872 contradicentem
2677 1813 2838 1884 (Ibid.
2874 1813 2930 1885 2)
2974 1839 2991 1860 -
3036 1813 3136 1870 Hic
3164 1814 3323 1869 Israel
3358 1831 3489 1870 car-

191 1877 330 1934 adeo
377 1877 818 1950 praedicationem
846 1879 945 1935 Dei
984 1894 1016 1934 a
1044 1879 1247 1936 Iudaeis
1273 1879 1518 1937 auditam
1547 1893 1664 1936 esse
1689 1887 1773 1936 te-

1896 1877 2031 1964 nalis
2058 1911 2160 1971 est,
2229 1903 2337 1960 hoc
2361 1912 2462 1970 est,
2493 1877 2730 1959 Abrahae
2760 1902 2884 1972 ﬁlii,
2910 1877 3011 1960 sed
3044 1919 3154 1958 non
3185 1903 3486 1960 secundum

177 1975 381 2037 statur,
407 1975 468 2023 ut
514 1967 676 2023 etiam
708 1966 996 2040 impletum
1028 1969 1214 2026 orbem
1255 1969 1447 2026 divina
1470 1970 1778 2026 annuntia-

175 2059 334 2116 tione
363 2057 720 2131 pronuntiet;
747 2057 864 2130 ipsa
891 2058 1039 2114 enim
1072 2059 1280 2117 fabrica
1302 2060 1497 2116 mundi
1521 2060 1782 2132 praedicat

176 2147 513 2207 Creatorem.
561 2146 717 2214 Quod
762 2148 909 2204 enim
947 2149 1408 2223 Psalmographns
1437 2149 1506 2206 de
1533 2159 1782 2207 creatura

176 2237 327 2296 dixit
373 2238 548 2310 (Psal.
600 2253 764 2306 xvru,
796 2238 878 2308 5),
935 2238 1041 2295 hoc
1081 2241 1378 2312 Apostolus
1422 2239 1489 2296 de
1537 2255 1780 2312 evange-

175 2329 342 2399 listis,
373 2328 502 2402 quia
531 2326 732 2400 ubique
759 2329 946 2385 audita
969 2337 1071 2398 est,
1103 2338 1158 2386 et
1187 2331 1437 2403 pervenit
1471 2331 1528 2387 in
1551 2349 1772 2388 omnem

177 2422 365 2478 locum
411 2419 727 2492 praedicatio
778 2421 1020 2478 nominis
1049 2421 1276 2480 Christi.
1310 2423 1414 2480 Ubi
1443 2424 1590 2480 enim
1623 2441 1772 2496 prte-

175 2511 356 2568 sentia
402 2509 643 2568 hominis
677 2510 1024 2584 praedicantis
1066 2512 1263 2580 defuit,
1314 2529 1481 2570 sonus
1509 2521 1689 2569 tamen
1720 2519 1774 2570 et

174 2601 326 2658 fama
369 2601 640 2673 pervenit,
691 2600 833 2658 sicut
889 2609 1210 2673 pervenerat
1255 2601 1444 2674 opinio
1502 2604 1774 2660 factarum

174 2693 449 2749 virtutum
481 2692 540 2749 in
578 2693 821 2764 JEgypto
865 2691 934 2748 ad
962 2708 1153 2748 omnes
1181 2701 1388 2764 gentes,
1419 2701 1554 2750 teste
1585 2693 1774 2751 Bahab

173 2782 483 2839 meretrice.
512 2782 568 2838 Si
616 2782 762 2837 enim
794 2781 851 2837 in
881 2797 1099 2837 omnem
1141 2782 1322 2838 locum
1356 2782 1628 2855 pervenit,
1663 2799 1774 2838 non

171 2880 478 2945 potuerunt
518 2888 629 2928 non
671 2871 860 2928 audire
905 2871 1078 2927 Judaei
1128 2871 1483 2943 apostolicam
1515 2873 1772 2945 praedica-

173 2961 386 3018 tionem
423 2977 436 3028 ;
496 2968 557 3016 ut
609 2977 770 3017 nemo
816 2975 886 3015 ex
933 2959 1022 3015 his
1067 2967 1358 3018 excusatus
1385 2961 1512 3018 sita
1540 2962 1771 3019 crimine

173 3048 528 3106 difﬁdentiae.

250 3140 434 3212 (Vers.
471 3139 582 3211 19.)
626 3164 644 3186 ε
691 3139 794 3196 Sed
826 3140 950 3197 dico
983 3157 995 3196 :
1026 3140 1307 3214 Numquid
1327 3141 1489 3197 Israel
1520 3157 1631 3197 non
1666 3158 1769 3198 co—

169 3229 411 3301 gnovit?
438 3254 456 3278 ι
509 3229 624 3286 Hoc
650 3238 752 3297 est,
783 3231 1113 3303 cognovitne
1133 3232 1161 3287 ?
1179 3231 1308 3304 quia
1330 3247 1424 3303 per
1454 3231 1768 3303 supradicta

177 3318 501 3377 testimonia
543 3334 714 3392 genus
743 3319 906 3376 Israel
953 3320 1357 3378 incredulitatis
1386 3338 1547 3378 causa
1575 3322 1775 3395 arguit,

171 3426 313 3468 cum
349 3410 537 3467 dolore
585 3409 651 3466 de
681 3409 938 3466 omnibus
966 3411 1226 3466 Israelitis
1253 3411 1408 3483 queri
1441 3411 1725 3467 videretur
1762 3429 1772 3466 :

178 3516 297 3556 non
327 3507 488 3572 negat
511 3498 674 3554 Israel
704 3498 1027 3569 cognovisse
1056 3506 1111 3553 et
1144 3508 1450 3555 assecutum
1484 3515 1600 3556 esse
1630 3501 1776 3573 quod

171 3588 262 3645 illi
307 3587 636 3660 promissum
667 3586 843 3641 fuerat
873 3585 931 3640 in
963 3585 1113 3656 lege:
1159 3586 1253 3642 sed
1297 3602 1420 3642 eum
1452 3589 1545 3660 qui
1578 3589 1778 3661 spiritu

168 3677 353 3750 magis
397 3677 559 3733 Israel
601 3683 682 3730 est
729 3691 893 3748 quam
921 3693 1102 3744 carne,
1136 3692 1300 3750 quem
1333 3686 1387 3733 et
1425 3679 1569 3735 Deus
1598 3696 1776 3752 praes—

168 3770 350 3828 cierat
392 3766 751 3824 crediturum.
798 3767 1000 3824 Omnes
1047 3768 1198 3825 enim
1226 3768 1542 3838 audierunt,
1577 3780 1630 3828 et
1661 3787 1773 3828 non

169 3873 374 3914 omnes
402 3854 755 3912 crediderunt
784 3873 797 3921 ;
831 3855 986 3912 ideo:

263 3972 282 3994 -
324 3947 544 4005 Primus
559 3947 772 4019 Moyses
791 3946 928 4003 dicit
961 3962 972 4000 :
1006 3946 1062 4002 in
1091 3947 1306 4004 cantico
1336 3948 1768 4004 Deuteronomii:

183 4063 205 4087 ι
249 4039 366 4112 Ego
385 4037 453 4094 ad
475 4037 879 4093 aemulationem
911 4052 1012 4092 vos
1031 4036 1298 4094 adducam
1322 4036 1380 4092 in
1401 4053 1512 4092 non
1534 4045 1771 4109 gentem,

169 4129 234 4185 in
268 4136 483 4201 gentem
540 4125 913 4199 insipientem,
947 4127 1004 4182 in
1037 4128 1174 4183 iram
1210 4143 1308 4182 vos
1333 4127 1546 4183 mittam
1581 4128 1767 4200 (Deut.

167 4235 360 4287 xxx",
393 4217 507 4288 2i).
541 4243 560 4266 ι
612 4215 956 4289 lndignantis
985 4216 1152 4273 verba
1182 4225 1330 4284 sunt,
1363 4225 1584 4290 propter
1624 4217 1772 4290 quod

167 4323 390 4382 semper
416 4306 732 4364 difﬁdentes
779 4306 992 4364 inventi
1024 4315 1154 4363 sunt
1182 4306 1356 4363 Judaei
1384 4323 1396 4361 :
1429 4314 1483 4364 et
1512 4306 1773 4363 omnibus

165 4397 334 4454 malis
367 4397 484 4467 (57)
514 4412 680 4453 unam
711 4397 952 4468 assignat
991 4397 1397 4469 generationem
1424 4405 1477 4453 et
1508 4411 1727 4453 causam
1752 4414 1766 4464 ;

162 4488 304 4546 dum
334 4494 630 4559 prmsentes
677 4485 945 4558 increpat,
977 4485 1182 4542 ibidem
1215 4486 1391 4558 tangit
1420 4486 1594 4559 magis
1622 4485 1770 4542 futu-

161 4592 282 4644 ros,
314 4574 383 4630 ad
409 4591 546 4648 quos
578 4574 683 4631 hoc
705 4574 958 4648 pertinet.
988 4574 1248 4632 Omnium
1265 4576 1412 4631 enim
1437 4575 1636 4632 horum
1658 4591 1770 4630 una

1891 1999 2055 2056 ﬁdem
2090 2016 2104 2066 ;
2137 2001 2232 2061 89
2278 2012 2403 2052 nam
2435 1996 2598 2052 Israel
2651 2011 2818 2051 verus
2846 2003 2899 2052 et
2941 1994 3242 2066 spiritualis
3269 2009 3351 2057 est
3393 1994 3488 2073 qui

1890 2096 2162 2155 credendo
2218 2096 2370 2153 videt
2423 2097 2619 2151 Deum.
2679 2095 2808 2150 Tota
2863 2093 2967 2159 die,
3025 2107 3236 2163 semper
3283 2090 3488 2164 signiﬁ-

1889 2193 2019 2252 cat;
2075 2200 2292 2258 semper
2354 2182 2502 2239 enim
2551 2181 2785 2254 correpti
2847 2187 2995 2238 sunt.
3054 2179 3344 2251 PrOpterea
3394 2175 3490 2230 in-

1890 2283 2186 2348 crepantur
2255 2290 2368 2330 non
2443 2271 2757 2338 credituri;
2813 2277 2875 2326 ut
2945 2268 3121 2326 sciant
3190 2267 3319 2340 quia
3383 2265 3488 2338 ipsi

1888 2365 1993 2421 sibi
2023 2381 2186 2424 causa
2216 2369 2345 2421 sunt
2392 2359 2741 2436 perditionis.
2773 2360 2837 2416 Ρ(
2851 2367 2955 2416 test
2976 2358 3082 2417 hoc
3106 2367 3158 2414 et
3187 2357 3254 2415 de
3287 2356 3489 2414 Salva-

1886 2464 2004 2512 tore
2046 2454 2242 2528 accipi,
2294 2453 2388 2528 qui
2421 2453 2478 2508 in
2526 2468 2688 2509 cruce
2719 2449 2960 2507 extensis
2996 2447 3272 2515 manibus,
3305 2447 3488 2503 inter-

1887 2544 2191 2602 ﬁcientium
2230 2561 2287 2600 se
2312 2551 2600 2616 peccatum
2632 2539 2833 2614 arguit.
2868 2539 3042 2598 Causa
3070 2539 3216 2596 enim
3244 2538 3340 2594 illa
3365 2537 3488 2594 cla-

1885 2645 1998 2692 mat
2044 2637 2366 2692 sceleratum
2411 2633 2626 2691 facinus
2671 2631 2986 2687 Iudaeorum
3026 2630 3297 2703 superius,
3339 2626 3487 2702 quod

1883 2742 2050 2781 ausus
2101 2725 2174 2780 sit
2229 2723 2410 2779 dicere
2461 2723 2628 2779 Isaias
2685 2722 2751 2777 de
2805 2721 2895 2788 iis,
2952 2721 3046 2794 qui
3102 2720 3200 2775 Dei
3267 2719 3487 2774 fuerant

1884 2814 2119 2882 inimici,
2175 2810 2415 2869 ostendit
2471 2810 2572 2868 hos
2621 2810 2826 2866 amicos
2879 2811 3140 2866 futuros:
3185 2815 3237 2862 et
3266 2823 3358 2863 eos
3386 2806 3481 2879 qui

1882 2905 2140 2962 Israelita:
2199 2903 2544 2972 dicebantur,
2608 2908 2829 2975 propter
2895 2899 3042 2974 quod
3100 2897 3474 2954 inobedientes

1880 3004 2056 3064 erant,
2091 3003 2153 3051 ut
2181 2993 2438 3050 inimicos
2466 2990 2824 3064 abjiciendos.

2501 3118 2731 3177 CAPUT
2769 3117 2868 3174 XI.

1961 3233 2142 3306 (Vers.
2178 3230 2255 3303 1.)
2309 3252 2328 3277 ε
2375 3227 2511 3286 Dico
2542 3227 2710 3299 igitur
2741 3243 2753 3280 :
2788 3223 3072 3298 Numquid
3101 3223 3303 3296 repulit
3330 3227 3476 3283 Deus

1890 3321 2262 3379 hatreditatem
2310 3335 2460 3374 suam
2493 3318 2522 3374 ?
2551 3315 2728 3372 Absit.
2758 3339 2776 3362 ι
2838 3314 2977 3382 Quia
3025 3315 3285 3386 populum
3315 3317 3477 3372 Israel

1889 3411 2235 3469 incredulum
2268 3407 2531 3474 ostendit,
2560 3415 2694 3462 tunc
2720 3418 2788 3458 ne
2827 3419 3046 3460 omnem
3077 3404 3241 3458 Israel
3270 3403 3479 3461 dixisse

1887 3501 2226 3557 difﬁdentem
2313 3503 2618 3569 putaretur,
2698 3491 2938 3554 ostendit
3019 3507 3128 3547 non
3215 3492 3477 3563 repulisse

1887 3594 2060 3648 Deum
2118 3585 2490 3644 haereditatem
2543 3599 2696 3640 suam
2738 3597 2899 3655 quam
2957 3580 3255 3653 praescivit,
3287 3581 3342 3637 id
3372 3589 3473 3650 est,

1886 3682 2030 3738 ﬁlios
2075 3679 2310 3736 Abrahae
2353 3691 2490 3749 quos
2518 3674 2708 3731 ﬁdeles
2754 3671 2860 3728 sibi
2911 3672 3126 3727 futuros
3154 3671 3336 3726 scivit.
3369 3671 3478 3726 Nec

1884 3771 2031 3827 enim
2082 3768 2199 3841 (58)
2227 3765 2569 3840 promitteret
2593 3763 2673 3820 eis
2715 3778 2965 3834 regnum,
2991 3760 3037 3816 si
3066 3760 3229 3817 sciret
3259 3760 3474 3816 nullum

1883 3877 1953 3916 ex
1999 3859 2068 3915 iis
2113 3857 2478 3915 crediturum.
2529 3851 2830 3909 Hrereditas
2873 3866 3000 3921 ergo
3050 3847 3272 3905 Domini
3313 3847 3478 3921 juxta

1885 3950 2079 4022 Legem
2113 3947 2213 4002 ﬁlii
2245 3953 2375 4002 sunt
2403 3943 2658 4010 Abrahae,
2691 3940 2785 3997 sed
2813 3939 3115 3996 credentes.

1968 4065 1986 4087 ι
2027 4040 2162 4096 Nam
2190 4046 2243 4094 et
2286 4053 2384 4111 ego
2415 4033 2659 4092 Israelita
2698 4049 2841 4099 sum,
2873 4047 2942 4086 ex
2982 4028 3190 4092 semine
3217 4027 3472 4096 Abrahae,

1883 4130 1948 4186 de
1977 4129 2129 4186 tribu
2174 4125 2483 4199 Benjamin.
2529 4149 2548 4172 ι
2610 4121 2879 4194 Exemplo
2925 4135 3024 4176 suo
3061 4118 3221 4175 docet
3263 4123 3472 4188 partem

1881 4222 2043 4278 Israel
2101 4219 2388 4284 salvatam,
2439 4232 2602 4290 quam
2647 4211 2926 4288 ῃτῖθεοὶνὶῐ
2957 4214 3101 4268 Deus
3129 4207 3470 4275 salvandam,

1879 4319 1974 4369 aut
2014 4311 2195 4366 adhuc
2239 4323 2396 4381 posse
2440 4306 2640 4363 salvari
2679 4324 2690 4362 :
2723 4312 2778 4361 et
2821 4310 3030 4376 partem
3063 4300 3224 4357 Israel
3254 4306 3474 4371 propter

1872 4400 2059 4473 jugem
2089 4397 2452 4454 difﬁdentiam
2486 4393 2784 4469 perditioni
2815 4392 3149 4464 deputatam.

1952 4489 2134 4563 (Vers.
2157 4487 2239 4560 2.)
2285 4487 2439 4542 cNon
2471 4485 2674 4557 repulit
2700 4484 2845 4539 Deus
2873 4481 3083 4553 plebem
3107 4495 3284 4547 suam,
3306 4493 3471 4551 quam

1878 4578 2157 4653 pmscivit
2207 4601 2225 4624 ι
2269 4577 2384 4632 Hoc
2413 4582 2512 4643 est,
2555 4573 2702 4648 quod
2733 4571 2870 4628 dicit
2898 4571 3184 4627 Salvator:
3231 4591 3251 4614 ι
3290 4567 3467 4633 Pater,

160 4664 452 4723 damnatio
475 4674 560 4722 est
587 4665 634 4720 si
665 4671 985 4737 permanent
1015 4664 1073 4720 in
1101 4663 1427 4722 difﬁdentia.
1461 4664 1766 4722 Emulatio
1799 4665 1847 4724 D
1882 4687 2020 4744 quos
2045 4667 2245 4725 dedisti
2275 4666 2435 4734 mihi,
2465 4662 2764 4732 custodivi,
2796 4669 2851 4718 et
2880 4676 3042 4716 nemo
3060 4674 3131 4714 ex
3161 4656 3248 4712 his
3284 4654 3466 4728 periit,

160 4774 296 4830 ergo
326 4757 438 4814 illis
492 4763 623 4813 nata
646 4764 729 4814 est
760 4754 1099 4824 invidentiae,
1132 4755 1264 4812 dum
1310 4756 1502 4813 vident
1530 4764 1766 4829 gentem,

160 4862 292 4920 quae
319 4845 474 4919 prius
500 4846 630 4920 quia
657 4845 896 4903 sineDeo
911 4843 1038 4914 fuit,
1053 4862 1216 4902 sensu
1248 4845 1410 4901 bruta
1433 4853 1566 4914 erat,
1595 4848 1768 4902 Deum

160 4959 332 5001 suum
373 4945 664 5018 appellare,
717 4943 812 5016 qui
865 4943 1040 5000 fuerat
1089 4943 1402 5000 Iudaeorum
1429 4961 1442 5010 ;
1474 4951 1528 5000 et
1556 4942 1766 5000 donum

159 5033 284 5090 illis
323 5033 652 5106 promissum
701 5047 817 5089 esse
862 5041 1186 5099 assecutam,
1232 5049 1327 5106 per
1373 5049 1535 5106 quam
1587 5034 1764 5090 zelum

157 5123 312 5197 passi
343 5122 626 5181 iracundia
644 5121 1109 5188 distenderentur,
1143 5129 1204 5177 ut
1235 5122 1458 5180 malitiae
1490 5132 1545 5181 et
1575 5123 1766 5180 incre-

152 5212 421 5271 dulitatis
483 5229 594 5270 suae
649 5211 925 5268 mercedes
972 5211 1340 5269 exsolverent.
1404 5212 1569 5268 Nulla
1610 5211 1760 5268 enim

152 5319 249 5362 res
290 5303 370 5362 sic
407 5303 684 5362 consumit
740 5302 1044 5371 hominem,
1089 5309 1152 5359 ut
1209 5303 1380 5371 zelus,
1427 5317 1588 5375 quem
1638 5299 1762 5357 ideo

150 5397 308 5452 Deus
363 5393 604 5451 ultorem
670 5393 855 5465 posuit
913 5391 1338 5462 incredulitatis,
1398 5390 1527 5464 quia
1599 5407 1761 5464 grave

149 5490 444 5557 peccatum
491 5491 592 5540 est.
635 5483 772 5542 Nam
817 5499 1031 5557 semper
1076 5482 1135 5539 in
1179 5482 1315 5539 iram
1366 5480 1521 5538 missi
1561 5480 1630 5537 ad
1659 5497 1758 5538 nos

225 5742 350 5813 (57)
384 5739 547 5798 Corb.
579 5741 774 5810 codex,
797 5741 994 5800 inventi
1023 5745 1164 5798 sunt.
1193 5741 1258 5797 In
1285 5739 1484 5797 Judteis
1513 5745 1562 5796 et
1588 5739 1755 5797 omni-

146 5818 250 5873 bus
282 5813 462 5884 malis,
484 5820 588 5870 etc.

1879 4759 1988 4817 nisi
2014 4757 2162 4815 filius
2178 4755 2502 4829 perditionis
2518 4755 2698 4826 (Joan.
2721 4767 2861 4817 xvn,
2889 4749 2998 4819 I2).
3019 4772 3036 4794 ι
3075 4749 3156 4802 Ita
3169 4753 3224 4800 et
3245 4745 3303 4812 hi
3330 4761 3469 4818 quos

1879 4849 2157 4923 praescivit
2183 4847 2328 4904 Dens
2355 4845 2684 4908 credituros,
2725 4855 2886 4896 nemo
2913 4854 2983 4893 ex
3004 4835 3089 4892 his
3106 4835 3467 4908 promissione

1878 4939 2130 5012 repulsus
2175 4944 2292 5003 est;
2330 4934 2460 5009 quia
2503 4931 2584 4989 sic
2632 4931 2838 4986 factum
2883 4932 2989 4996 est,
3021 4925 3163 4983 sicut
3191 4925 3469 5000 praescivit
3509 4979 3513 4984 .

1877 5030 2021 5086 Deus
2044 5028 2288 5083 futurum
2299 5067 2312 5081 .

1950 5117 2131 5191 (Vers.
2166 5115 2220 5181 3,
2252 5113 2331 5184 4.)
2379 5137 2396 5159 ι
2425 5113 2511 5167 An
2541 5107 2765 5167 nescitis
2785 5124 2822 5164 n
2842 5106 2967 5166 Elia
2991 5105 3124 5182 quid
3150 5105 3287 5166 dicit
3311 5106 3466 5164 Scri—

1874 5216 2056 5280 ptura,
2090 5202 2367 5278 quomodo
2414 5201 2654 5275 postulat
2679 5201 2852 5257 Deum
2883 5207 3075 5258 contra
3104 5198 3316 5257 Israel?
3345 5199 3466 5253 Do-

1874 5300 2041 5367 mine,
2090 5296 2383 5372 prophetas
2413 5305 2536 5354 tuos
2573 5293 2918 5360 occiderunt,
2965 5292 3160 5350 altaria
3193 5299 3292 5347 tua
3311 5290 3463 5346 effo-

1869 5389 2113 5446 derunt:
2164 5395 2219 5444 et
2280 5403 2378 5461 ego
2435 5385 2662 5444 relictus
2709 5402 2831 5442 sum
2882 5383 3053 5450 solus,
3111 5387 3164 5437 et
3211 5385 3465 5453 quaerunt

1868 5481 2107 5537 animam
2155 5494 2333 5536 meam
2377 5478 2492 5552 (III
2532 5479 2655 5549 Reg.
2702 5491 2823 5545 xrx,
2872 5473 2984 5545 10).
3027 5469 3131 5527 Sed
3161 5469 3298 5544 quid
3328 5467 3465 5527 dicit

1938 5737 2055 5810 (58)
2075 5735 2237 5795 Corb.
2271 5749 2424 5802 mss.,
2445 5747 2605 5807 quam
2619 5723 3135 5805 promisitAbrahw.
3169 5723 3270 5781 Nec
3298 5725 3454 5789 enim,

1872 5816 1978 5870 etc.
