3980 6368
468 374 568 433 155

1463 372 1560 427 AD
1599 369 1835 428 OPERA
1872 371 1927 428 S.
1974 369 2310 428 AMBROSII
2349 371 2728 431 APPENDIX.

3662 377 3767 436 156

463 507 547 564 illi
574 521 892 578 responsum
921 503 1174 562 divinum
1193 502 1450 577 ?Beliqui
1472 503 1609 559 mihi
1639 511 1844 576 septem
1869 503 2045 560 millia
2074 505 2125 565 A
2155 504 2574 564 retributionem
2597 506 2728 562 illis.
2755 505 3134 564 Obscurentur
3153 506 3300 564 oculi
3324 522 3539 578 eorum,
3563 516 3626 567 ut
3651 527 3764 570 non

463 597 730 665 virorum,
753 594 848 668 qui
868 610 979 650 non
1003 600 1374 650 curvaverant
1396 609 1571 665 genua
1591 600 1716 648 ante
1741 593 1864 648 Baal
1900 594 2052 663 (Ibid.

467 686 578 757 18).
611 710 629 733 ι
672 686 876 756 Aperta
902 683 1206 749 sunthaec;
1250 682 1491 739 ostendit
1524 683 1672 740 enim
1728 700 1838 738 non
1877 684 2055 739 solum

463 775 644 834 Eliam
676 772 1019 840 remansisse,
1051 772 1142 844 qui
1175 772 1410 829 devotus
1437 774 1572 840 Deo,
1603 788 1718 827 non
1747 771 2059 827 adoraverit

465 865 613 922 idola
645 881 656 918 :
695 862 789 918 sed
813 871 867 919 et
895 863 1118 930 multos,
1151 863 1247 935 qui
1268 863 1324 917 in
1357 862 1462 918 ﬁde
1482 862 1577 917 Dei
1610 869 2056 933 permanserunt,

465 959 608 1015 sicut
634 965 688 1012 et
716 972 785 1012 ex
835 953 1038 1012 Iudaeis
1069 971 1178 1011 non
1209 954 1367 1028 pauci
1398 954 1772 1010 crediderunt.
1807 954 1950 1010 Huic
1980 954 2058 1010 rei

465 1055 520 1104 et
567 1046 795 1102 historia
841 1045 1128 1117 congruit;
1162 1045 1294 1118 quia
1347 1043 1505 1100 multi
1537 1061 1631 1116 per
1660 1044 1946 1117 speluncas
1974 1061 2060 1100 oc-

467 1144 662 1202 cultati
689 1152 819 1200 sunt
851 1145 972 1214 (III
998 1145 1119 1215 Reg.
1151 1160 1314 1211 xvm,
1339 1142 1394 1214 4)
1418 1152 1640 1215 propter
1662 1144 1850 1201 Achab
1881 1159 2059 1216 regem

467 1235 745 1303 Samariae,
793 1243 848 1290 et
889 1234 1101 1290 Iezabel
1150 1249 1378 1289 uxorem
1427 1232 1566 1305 ejus,
1611 1234 1704 1307 qui
1735 1233 2061 1306 pseudopro-

467 1325 648 1400 phetis
688 1325 988 1392 credentes,
1021 1325 1119 1382 Dei
1161 1324 1454 1397 prophetas
1484 1325 1976 1397 persequebantur,
2008 1332 2063 1380 et

469 1417 732 1490 populum
763 1416 830 1472 ad
861 1415 1233 1472 idololatriam
1266 1415 1648 1472 hortabantur.

542 1506 723 1577 (Vers.
752 1506 834 1578 5.)
881 1531 898 1552 ι
929 1505 1019 1562 Sic
1049 1505 1217 1577 igitur
1235 1513 1288 1560 et
1320 1506 1377 1560 in
1407 1505 1511 1560 hoc
1541 1514 1783 1577 tempore
1815 1505 2062 1578 reliquiae

469 1596 770 1655 secundum
829 1596 1153 1653 electionem
1201 1597 1407 1667 gratiae,
1466 1597 1630 1651 salvae
1661 1595 1814 1651 factae
1849 1603 1996 1652 sunt.
2033 1624 2049 1645 ι

469 1688 584 1746 Hoc
622 1694 721 1754 est,
751 1685 847 1754 ita,
875 1686 1078 1759 inquit,
1107 1694 1160 1740 et
1181 1701 1329 1741 nunc
1346 1684 1402 1740 hi
1435 1691 1817 1742 remanserunt
1843 1687 1897 1742 in
1930 1687 2064 1758 legis

467 1776 850 1847 promissione,
881 1773 1261 1830 recedentibus
1284 1773 1493 1842 multis,
1523 1791 1658 1847 quos
1688 1784 1813 1832 ante
1847 1778 2062 1848 praiscio

2166 593 2411 661 videant,
2445 605 2497 652 et
2541 595 2767 652 dorsum
2809 595 3034 652 illorum
3066 611 3278 668 semper
3311 595 3542 652 incurva
3586 601 3764 671 (Psal.

2167 702 2321 750 var,
2337 685 2426 753 23,
2445 685 2562 755 24).
2579 711 2596 733 ι
2627 686 2755 742 Ideo
2779 703 3018 742 mensam
3040 685 3319 742 maledicit
3342 687 3768 764 malorum,quia

2169 774 2286 830 illic
2305 775 2480 848 decipi
2513 777 2689 832 solent
2706 776 3054 840 innocentes;
3088 775 3218 832 dolo
3234 776 3380 832 enim
3402 788 3671 835 vocantur
3696 779 3765 836 ad

2168 867 2509 934 convivium,
2532 875 2593 922 ut
2614 867 2974 939 perimantur.
2999 867 3139 934 Quia
3163 867 3244 923 sic
3274 877 3327 923 et
3356 869 3595 926 Ammon
3617 870 3767 927 ﬁlius

2168 957 2345 1013 David
2367 956 2625 1030 deceptus
2646 966 2725 1013 est
2749 975 2781 1014 a
2797 958 2961 1013 fratre
2983 975 3080 1012 suo
3105 957 3344 1013 Absalon
3369 959 3458 1030 (II
3482 961 3604 1031 Reg.
3639 977 3764 1035 xu},

2169 1047 2287 1118 27),
2319 1055 2372 1102 et
2409 1046 2679 1118 malignus
2731 1047 3108 1118 llolophernes
3137 1063 3232 1119 per
3266 1048 3490 1119 epulum
3520 1060 3767 1108 sanctam

2170 1136 2361 1192 Judith
2389 1139 2607 1210 putavit
2635 1154 2692 1192 se
2731 1154 2887 1209 posse
2927 1137 3178 1209 decipere
3228 1137 3438 1207 (Iudith
3469 1155 3572 1207 xu,
3604 1141 3682 1211 1),
3715 1148 3770 1197 et

2172 1226 2231 1281 in
2279 1243 2467 1281 mensa
2516 1227 2760 1282 scelerati
2814 1227 3047 1283 Herodis
3085 1226 3382 1282 saevierunt
3431 1229 3658 1301 maligni
3709 1228 3770 1285 in

2171 1325 2334 1387 caput
2382 1315 2608 1372 Joannis
2653 1316 2930 1389 prophetae
2975 1315 3091 1386 (62)
3143 1316 3337 1387 (Marc.
3371 1335 3448 1383 vr,
3467 1317 3582 1387 28).
3617 1318 3772 1375 Unus

2172 1421 2362 1462 sensus
2418 1413 2500 1461 est
2556 1405 2792 1463 duorum
2860 1406 3252 1478 prophetarum
3309 1407 3376 1462 de
3443 1406 3763 1479 hujusmodi

2173 1495 2514 1563 hominibus,
2540 1496 2632 1568 qui
2650 1496 2718 1550 ab
2743 1495 2905 1552 initio
2929 1496 3054 1552 ﬁdei
3082 1506 3135 1552 et
3161 1507 3525 1569 repugnantes
3553 1497 3771 1554 inventi

2172 1593 2301 1639 sunt
2341 1583 2522 1640 hostes
2553 1584 2844 1642 bonorum.
2879 1584 2982 1641 Sed
3031 1585 3204 1658 aliqui
3236 1585 3460 1641 illorum
3492 1585 3772 1642 emendati

2173 1681 2301 1732 sunt
2346 1682 2400 1728 et
2444 1674 2699 1741 correcti,
2730 1675 2860 1731 licet
2903 1674 3054 1731 tarde
3087 1693 3099 1732 :
3134 1675 3358 1748 quidam
3391 1693 3522 1732 vero
3550 1675 3608 1731 in
3640 1692 3776 1749 per-

2174 1763 2375 1819 tinacia
2421 1772 2726 1831 manentes,
2777 1764 3125 1821 severitatem
3172 1765 3457 1822 sententia:
3487 1783 3596 1822 non
3627 1783 3773 1823 eva-

468 1866 550 1923 vit
575 1868 739 1924 Deus.
788 1864 895 1932 Qui
929 1864 1079 1920 enim
1107 1871 1463 1936 susceperunt
1505 1864 1785 1920 Christum
1817 1866 1971 1936 quasi
2005 1867 2061 1922 in

2187 1863 2363 1910 serunt
2410 1854 2468 1910 in
2518 1863 2844 1928 perpetuum
2891 1855 3128 1924 curvati,
3182 1855 3288 1912 hoc
3327 1865 3428 1924 est,
3469 1855 3774 1924 excaecati;

470 1959 585 2029 lege
627 1956 982 2028 promissum,
1041 1954 1082 2009 ii
1137 1953 1194 2008 in
1233 1955 1348 2025 lege
1403 1961 1672 2010 steterunt
1707 1972 1717 2008 :
1755 1955 1848 2027 qui
1880 1963 2064 2013 autem

469 2060 582 2100 non
612 2043 772 2100 illum
803 2049 1148 2114 receperunt,
1187 2059 1217 2097 a
1247 2043 1362 2112 lege
1389 2049 1746 2098 recesserunt.
1783 2042 1910 2098 Ideo
1937 2061 2065 2101 cre-

468 2133 658 2190 dentes
699 2131 947 2204 reliquize
991 2129 1273 2198 dicuntur,
1329 2130 1434 2186 hoc
1476 2137 1576 2200 est,
1636 2140 1980 2189 remanentes
2008 2134 2066 2191 in

472 2223 606 2295 lege.

545 2310 725 2383 (Vers.
756 2310 836 2382 6.)
893 2334 910 2356 ι
940 2309 997 2366 Si
1043 2315 1224 2364 autem
1253 2307 1448 2381 gratia,
1473 2307 1588 2380 jam
1630 2325 1740 2366 non
1769 2325 1838 2364 ex
1867 2310 2068 2382 operi-

472 2400 594 2456 bus.
629 2425 647 2448 ι
710 2398 1064 2456 Manifestum
1096 2405 1176 2454 est
1232 2397 1364 2471 quia
1393 2397 1564 2469 gratia
1591 2397 1798 2454 donum
1834 2399 1932 2455 Dei
1960 2407 2066 2466 est,

477 2506 588 2545 non
643 2489 830 2546 debita
871 2505 1078 2545 merces
1134 2487 1412 2560 operibus,
1440 2486 1535 2543 sed
1565 2489 1804 2559 gratuita
1835 2488 2067 2558 ratione,

473 2578 850 2636 misericordia
870 2578 1290 2646 interveniente,
1325 2595 1599 2635 concessa.

557 2693 576 2715 ε
616 2669 880 2742 Alioquin
909 2669 1080 2742 gratia
1093 2668 1206 2741 jam
1233 2685 1342 2726 non
1372 2677 1454 2724 est
1477 2669 1669 2741 gratia.
1694 2693 1712 2716 ι
1755 2668 1961 2724 Verum
1987 2675 2070 2724 est

475 2758 602 2832 quia
631 2758 675 2813 si
710 2775 914 2815 merces
943 2767 1043 2827 est,
1088 2775 1198 2814 non
1229 2767 1310 2814 est
1341 2758 1544 2831 gratia:
1579 2758 1672 2813 sed
1704 2757 1835 2832 quia
1867 2775 2071 2816 merces

475 2866 585 2907 non
639 2859 739 2918 est,
793 2849 911 2906 sine
940 2849 1111 2907 dubio
1151 2849 1323 2921 gratia
1368 2859 1449 2906 est
1482 2867 1495 2918 ;
1529 2849 1658 2922 quia
1687 2849 1906 2905 veniam
1938 2849 2068 2908 dare

475 2938 827 3012 peccantibus
867 2955 976 2994 non
1023 2948 1105 2994 est
1151 2939 1302 2995 aliud
1341 2955 1502 3012 quam
1545 2940 1717 3010 gratia
1750 2958 1760 2994 :
1793 2947 1846 2994 et
1876 2939 1945 2994 iis
1975 2940 2067 3011 qui

477 3046 587 3084 non
633 3028 919 3100 requirunt
964 3028 1105 3097 (59),
1149 3028 1244 3082 sed
1289 3027 1518 3082 offertur
1557 3027 1691 3095 illis,
1724 3036 1786 3082 ut
1821 3029 2066 3084 credant.

477 3117 695 3189 Duplex
743 3133 868 3187 ergo
904 3116 1076 3186 gratia
1103 3124 1204 3184 est,
1235 3117 1364 3189 quia
1394 3115 1499 3172 hoc
1526 3117 1788 3188 competit
1818 3119 1949 3185 Deo,
1977 3116 2071 3190 qui

477 3207 720 3264 abundat
765 3205 1174 3274 misericordia;
1225 3216 1287 3264 ut
1335 3215 1388 3262 et
1429 3207 1693 3279 requirat,
1729 3223 1866 3280 quos
1906 3208 2073 3279 gratis
2108 3243 2151 3303 ο

477 3306 648 3355 curet.

553 3388 733 3459 (Vers.
760 3385 838 3458 7.)
885 3411 903 3433 ι
932 3385 1077 3453 Quid
1105 3402 1232 3458 ergo
1248 3385 1278 3442 ?
1297 3385 1443 3458 quod
1465 3385 1742 3458 quaerebat
1759 3387 1946 3450 Israel,
1969 3385 2075 3442 hoc

478 3493 589 3532 non
628 3484 711 3532 est
751 3486 1064 3544 assecutus;
1103 3476 1299 3531 electio
1331 3485 1513 3531 autem
1548 3483 1841 3531 consecuta
1883 3475 2012 3531 est?
2041 3500 2059 3523 ι

481 3567 738 3624 Israelitze
769 3566 806 3622 ii
837 3567 1082 3622 carnales
1111 3573 1259 3633 sunt,
1295 3566 1390 3636 qui
1421 3581 1489 3620 ex
1521 3564 1779 3635 operibus
1807 3563 1942 3636 legis
1973 3563 2077 3635 ju-

478 3656 701 3714 stiﬁcari
749 3671 806 3710 se
853 3662 1126 3725 putantes,
1158 3671 1268 3709 non
1315 3663 1445 3709 sunt
1473 3653 1680 3725 adepti,
1711 3661 1772 3709 ut
1807 3653 1943 3726 justi
1981 3671 2077 3710 es-

480 3752 600 3800 sent
643 3761 738 3816 per
766 3743 926 3798 fidem
960 3742 1106 3814 apud
1146 3743 1342 3797 Deum.
1381 3742 1671 3814 Propterea
1713 3760 1839 3798 cum
1888 3760 2077 3799 omnes

481 3835 560 3892 rei
605 3835 717 3889 sint
761 3849 855 3905 per
887 3834 1098 3905 legem;
1145 3832 1275 3906 quia
1327 3857 1344 3880 ι
1388 3833 1715 3889 maledictus
1760 3833 1944 3889 omnis
1983 3834 2077 3907 qui

481 3940 592 3979 non
640 3921 1000 3995 permanserit
1045 3923 1100 3978 in
1143 3920 1419 3988 omnibus,
1454 3939 1574 3994 quae
1613 3925 1817 3995 scripta
1860 3931 1990 3978 sunt
2020 3922 2077 3978 in

484 4011 625 4068 libro
659 4011 810 4083 legis,
839 4019 898 4067 ut
946 4012 1109 4068 faciat
1152 4027 1267 4068 eam
1306 4011 1485 4082 (Deut.
1521 4027 1702 4080 xxvn,
1737 4011 1852 4083 26).
1895 4035 1914 4059 ι
1969 4011 2077 4078 Qui

482 4110 661 4158 autem
704 4118 799 4173 per
839 4101 1002 4157 ﬁdem
1037 4100 1330 4173 justificari
1377 4116 1433 4156 se
1473 4101 1844 4168 credilerunt,
1877 4117 2076 4156 conse~

484 4193 597 4250 cuti
629 4200 758 4250 sunt
801 4192 1147 4258 electionem,
1180 4200 1242 4247 ut
1265 4191 1552 4263 justiﬁcati
1597 4193 1696 4247 ﬁlii
1731 4192 1828 4248 Dei
1862 4191 2075 4260 ﬁerent,

483 4297 752 4339 memores
780 4283 1074 4353 Scriptura:
1105 4281 1378 4337 dicentis:
1428 4307 1445 4330 ι
1486 4281 1627 4349 Quia
1654 4280 1838 4352 justus
1877 4296 1946 4336 ex
1973 4281 2080 4336 ﬁde

483 4370 626 4427 vivit
653 4371 876 4442 (Habac.
911 4388 969 4438 ιι,
1003 4369 1084 4441 li),
1115 4394 1132 4417 ι
1182 4369 1238 4426 id
1270 4377 1371 4438 est,
1408 4386 1518 4426 non
1553 4386 1622 4425 ex
1650 4371 1766 4441 lege
1799 4370 1938 4441 (60).

557 4460 740 4532 (Veis.
773 4459 825 4526 9,
853 4460 906 4527 9,
933 4458 1046 4529 10.)
1079 4483 1096 4504 ι
1118 4458 1309 4516 Caeteri
1335 4475 1465 4514 vero
1485 4459 1743 4514 excaecati
1766 4467 1915 4526 sunt,
1939 4457 2082 4513 sicut

481 4551 746 4623 scriptum
769 4557 882 4617 est;
916 4573 934 4596 ι
975 4549 1080 4606 hoc
1098 4547 1404 4620 subjectum
1429 4548 1485 4603 in
1507 4549 1646 4604 Isaia
1668 4549 1867 4621 legitur
1890 4567 1901 4604 :
1942 4573 1958 4595 ι
1980 4549 2082 4603 De-

483 4641 566 4698 dit
603 4640 716 4698 illis
742 4643 888 4698 Deus
906 4639 1161 4711 spiritum
1184 4639 1647 4712 compunctionis,
1671 4639 1860 4695 oculos
1882 4647 1942 4694 ut
1968 4654 2078 4693 non

485 4731 728 4801 videant,
750 4739 804 4787 et
832 4747 991 4786 aures
1012 4736 1073 4784 ut
1094 4745 1204 4785 non
1229 4728 1455 4784 audiant
1476 4743 1648 4800 usque
1669 4727 1724 4783 in
1748 4727 2080 4786 hodiernum

483 4821 628 4878 diem
645 4823 778 4890 (Isa.
797 4839 874 4889 vr,
893 4821 977 4892 9).
992 4845 1010 4867 ι
1042 4846 1059 4868 ι
1079 4819 1150 4875 Et
1169 4818 1344 4875 David
1368 4817 1529 4874 dicit:
1551 4818 1671 4874 Fiat
1693 4833 1875 4873 mensa
1892 4833 2080 4873 eorum

486 4909 544 4966 in
565 4909 941 4983 laqueum,90
963 4909 1090 4981 etin
1111 4906 1502 4981 captionem,et
1522 4907 1580 4964 in
1599 4905 2002 4975 scandalum,et
2022 4907 2082 4962 in

561 5061 677 5143 (59)
723 5063 882 5120 Rom.
913 5062 1084 5143 .edit_.,
1127 5079 1234 5143 non
1279 5061 1433 5143 aliud
1473 5078 1636 5132 quam
1671 5060 2080 5143 gratia‘esthis,

485 5132 579 5206 qui
623 5150 729 5215 non
763 5132 1380 5215 [ιειιιιίνιιηιηπἸψρῑιεεπςΔ
1408 5150 1529 5215 ergo
1575 5133 1754 5215 gratia
1783 5139 1876 5215 est,
1912 5139 1960 5215 et
1990 5134 2084 5187 hoc

486 5205 726 5278 Competit
754 5206 884 5271 Deo,
915 5211 974 5257 ut
1009 5205 1128 5275 quis
1156 5205 1387 5278 abundet
1409 5205 1796 5273 misericordia,
1828 5211 1875 5259 et
1903 5211 1962 5259 ut
1987 5221 2084 5278 re-

487 5274 688 5348 quirat,
739 5285 844 5336 etc.
877 5294 889 5332 :
923 5274 1035 5332 vet.
1087 5283 1268 5332 autem
1304 5275 1436 5351 edit.
1489 5294 1552 5334 ac
1597 5293 1726 5332 mss.
1770 5285 1831 5332 ut
1873 5292 1973 5332 nos
2024 5274 2082 5330 in

489 5358 664 5407 textu.

562 5421 678 5493 (60)
733 5420 896 5481 Corb.
951 5418 1146 5493 codex,
1197 5425 1257 5493 ut
1287 5417 1474 5493 faciat
1523 5435 1602 5474 ea.
1651 5418 1903 5493 Quamvis
1951 5417 2084 5493 etsi

488 5490 759 5548 manerent
785 5495 850 5570 in
891 5491 1130 5570 omnibus
1179 5491 1496 5570 Scripturis,
1536 5490 1676 5560 quod
1831 5491 2084 5570 possibile

488 5571 581 5632 est,
625 5581 728 5618 non
767 5564 1192 5634 justiﬁcarentur
1235 5561 1378 5634 apud
1411 5562 1579 5616 Deum
1598 5578 1614 5634 _:
1653 5561 1780 5631 quia
1811 5561 1991 5630 justus
2019 5580 2084 5634 ea;

489 5630 591 5707 ﬁde
640 5630 788 5692 uiuit.
843 5630 945 5696 Ille
996 5635 1133 5691 enim
1185 5630 1533 5705 ad'prwsens
1579 5630 1758 5704 justus
1815 5641 1889 5689 est
1939 5633 2085 5705 apud

488 5708 676 5766 Deum.

2113 4607 2162 4666 D

2177 1967 2244 2005 ne
2287 1951 2354 2006 de
2389 1961 2584 2008 caetero
2613 1953 2824 2024 possint
2854 1953 3103 2008 veritatis
3133 1953 3280 2008 viam
3311 1952 3550 2025 aspicere
3585 1950 3778 2024 (quam

2178 2041 2563 2096 malevolentia
2612 2041 2884 2112 aspernati
2933 2043 3170 2109 fuerant,
3202 2042 3542 2098 declinantes
3584 2040 3653 2096 ab
3682 2040 3776 2112 ea)

2177 2138 2228 2186 et
2262 2130 2330 2185 ad
2361 2131 2554 2186 salutis
2584 2130 2814 2202 gratiam
2846 2130 3132 2202 pervenire
3163 2132 3303 2200 (63).
3335 2130 3441 2197 Qui
3471 2130 3618 2186 enim
3645 2148 3776 2186 cum

2179 2219 2561 2288 intellexisset,
2627 2219 2846 2275 credere
2921 2219 3121 2287 noluit,
3181 2219 3238 2274 id
3296 2218 3458 2275 debet
3511 2220 3780 2294 consequi

2178 2309 2327 2382 quod
2358 2311 2518 2377 vult;
2569 2325 2638 2364 ne
2685 2309 2754 2366 de
2800 2318 2995 2366 caetero
3033 2309 3205 2382 possit
3235 2308 3398 2364 fidem
3427 2309 3689 2382 recipere,
3719 2320 3781 2368 et

2177 2399 2397 2455 salvari.
2457 2399 2725 2470 Exempla
2781 2398 2950 2471 igitur
3004 2398 3394 2472 prophetarum
3447 2398 3769 2472 supradicta

2178 2488 2454 2562 duplicem
2501 2488 2786 2545 continent
2830 2505 3088 2555 sensum;
3143 2487 3360 2544 duobus
3401 2488 3548 2544 enim
3597 2487 3783 2544 modis

2179 2578 2395 2635 decreta
2423 2586 2573 2646 sunt,
2607 2588 2660 2635 et
2689 2578 2912 2650 scripta.
2947 2579 3068 2633 Duo
3115 2577 3317 2634 etenim
3359 2594 3556 2650 genera
3584 2577 3784 2634 homi-

2179 2688 2313 2727 num
2348 2670 2440 2725 hic
2469 2668 2843 2726 continentur.
2882 2668 3060 2724 Unum
3091 2675 3174 2723 est
3198 2668 3342 2740 quod
3375 2667 3782 2724 malevolentia:

2180 2779 2290 2817 suae
2327 2776 2490 2818 causa
2517 2766 2824 2816 excaecatur
2863 2757 2920 2812 in
2953 2758 3369 2829 sempiternum,
3400 2775 3468 2814 ne
3494 2758 3776 2824 salvetur;

2180 2858 2309 2908 sunt
2355 2849 2559 2906 etenim
2616 2847 2865 2920 pessimae
2923 2847 3246 2915 voluntatis,
3303 2862 3474 2918 usque
3528 2847 3662 2902 adeo
3717 2853 3784 2902 ut

2183 2941 2551 3012 intelligentes
2593 2937 2780 2994 dicant
2823 2953 2878 2992 se
2922 2937 3132 2992 nescire
3183 2936 3328 3010 quod
3376 2935 3629 2991 audiunt.
3662 2937 3783 2992 De-

2181 3031 2347 3104 nique
2390 3028 2646 3085 dicebant
2695 3027 2761 3082 de
2792 3027 3074 3083 Salvatore
3108 3044 3120 3082 :
3169 3051 3186 3072 ι
3217 3025 3360 3092 Quid
3400 3033 3482 3081 est
3510 3023 3656 3097 quod
3683 3023 3784 3080 di-

2181 3121 2304 3178 cit?
2350 3119 2636 3177 Nescimus
2683 3117 2817 3188 quid
2865 3117 3127 3189 loquitur.
3179 3115 3324 3183 Quid
3366 3132 3488 3172 eum
3537 3114 3783 3171 auditis?

2180 3208 2526 3265 Dmmonium
2574 3206 2758 3272 habet,
2787 3214 2839 3262 et
2885 3205 3092 3261 insanit
3137 3206 3316 3277 (Joan.
3353 3222 3411 3273 x,
3439 3204 3558 3275 20).
3592 3230 3610 3253 ι
3653 3203 3780 3259 Alia

2181 3311 2362 3358 autem
2394 3317 2516 3373 pars
2536 3316 2656 3371 quae
2686 3313 2812 3352 vere
2841 3297 3004 3352 Israel
3039 3303 3140 3362 est,
3170 3295 3586 3353 contradicebat
3615 3294 3729 3350 illis
3757 3311 3770 3350 :

2198 3416 2214 3437 ι
2265 3392 2391 3446 Haec
2418 3388 2584 3444 verba
2622 3405 2732 3443 non
2765 3394 2893 3442 sunt
2921 3385 3255 3441 daemonium
3293 3384 3567 3440 habentis.
3597 3383 3782 3440 Num—

2185 3481 2316 3554 quid
2365 3480 2698 3536 daemonium
2758 3485 2934 3550 potest
2990 3493 3261 3534 caecorum
3319 3476 3506 3532 oculos
3567 3475 3780 3548 aperire

2188 3572 2351 3640 (Ibid.
2383 3571 2474 3638 21)
2500 3571 2526 3625 ?
2556 3594 2573 3616 ι
2619 3570 2761 3624 Dum
2793 3566 3116 3622 invidebant
3144 3583 3272 3638 ergo
3301 3566 3596 3634 Sahatori,
3630 3565 3779 3620 nole-

2183 3662 2317 3718 bant
2361 3660 2539 3716 videri
2589 3659 2893 3731 intelligere
2945 3675 3064 3731 quae
3107 3657 3440 3723 audiebant;
3479 3665 3541 3712 ut
3583 3655 3713 3712 dum
3751 3671 3784 3711 a

2187 3748 2514 3820 legisperitis
2557 3755 2610 3803 et
2655 3747 2944 3802 Pharisaeis
2990 3761 3101 3802 non
3145 3745 3381 3818 intelligi
3426 3745 3664 3813 videtur,
3697 3759 3784 3800 res

2187 3839 2471 3906 absurdas,
2518 3845 2571 3894 et
2619 3854 2738 3910 quae
2787 3845 2944 3892 extra
2988 3837 3161 3908 legem
3216 3843 3414 3903 essent,
3447 3834 3597 3908 loqui
3620 3841 3786 3906 puta-

2188 3939 2339 3986 retur
2385 3947 2396 3984 :
2445 3945 2564 4000 quae
2608 3943 2694 3983 res
2732 3927 2894 3983 etiam
2946 3926 3082 3982 alios
3112 3943 3143 3982 a
3172 3927 3277 3984 ﬁde
3307 3926 3478 4000 possit
3515 3933 3781 3982 avertere.

2189 4018 2344 4076 Unde
2390 4017 2624 4074 audiunt
2670 4034 2700 4072 a
2746 4017 3072 4073 Salvatore:
3123 4042 3140 4063 ε
3171 4017 3281 4073 Vos
3329 4015 3540 4072 habetis
3573 4015 3783 4071 clavem

2189 4107 2453 4175 scientiae,
2481 4115 2535 4162 et
2579 4122 2756 4178 neque
2803 4123 2902 4161 vos
2944 4105 3184 4173 intratis,
3217 4122 3393 4178 neque
3431 4105 3570 4161 alios
3599 4104 3787 4160 sinitis

2191 4199 2420 4254 introire
2473 4198 2624 4268 (Luc.
2675 4214 2757 4265 χι,
2804 4198 2920 4269 52).
2971 4222 2989 4245 ι
3049 4195 3184 4264 Quis
3230 4196 3377 4252 enim
3410 4211 3520 4250 non
3554 4193 3784 4263 levium,

2189 4288 2284 4344 sed
2332 4289 2494 4360 paulo
2544 4288 2880 4360 graviorum,
2914 4287 3353 4360 legisperitorum
3397 4293 3450 4342 et
3480 4284 3788 4356 pharisao-

2190 4393 2312 4432 rum
2362 4377 2656 4433 consilium
2706 4386 2758 4433 et
2809 4377 3138 4432 sententiam
3188 4392 3299 4432 non
3351 4381 3688 4446 sequeretur,
3730 4383 3788 4431 et

2191 4465 2286 4542 qui
2331 4467 2655 4523 viderentur
2703 4467 2836 4539 legis
2885 4466 3250 4523 defensores?
3298 4464 3544 4535 Denique
3584 4463 3652 4518 iis
3689 4461 3786 4535 qui

2192 4573 2319 4614 vere
2367 4558 2623 4614 Israelita:
2653 4567 2802 4626 sunt,
2839 4556 3102 4612 dixerunt
3135 4574 3145 4611 :
3178 4552 3458 4626 Numquid
3487 4550 3686 4624 aliquis
3715 4566 3788 4606 ex

2192 4649 2535 4722 principibus
2580 4647 2696 4722 (64)
2743 4647 2977 4704 credidit
3019 4647 3077 4702 in
3123 4645 3332 4702 illum?
3384 4652 3446 4700 ut
3491 4640 3788 4714 indejuste

2192 4738 2511 4794 viderentur
2547 4753 2657 4793 non
2701 4735 3018 4803 credidisse,
3051 4735 3097 4790 si
3131 4736 3335 4791 multos
3363 4729 3789 4804 conspirationis

2190 4845 2301 4884 suae
2343 4828 2520 4884 socios
2568 4826 2858 4891 fecissent;
2909 4825 3038 4898 quia
3066 4825 3212 4896 quod
3243 4840 3272 4879 a
3309 4821 3498 4896 paucis
3526 4817 3791 4876 defendi-

2190 4925 2301 4986 tur,
2328 4917 2466 4972 solet
2491 4931 2602 4971 non
2632 4913 2921 4986 probatum
2958 4911 3153 4969 videri.
3187 4911 3314 4969 Ideo
3345 4908 3605 4968 excaecati
3633 4912 3784 4975 sunt,

2265 5059 2380 5130 (61)
2436 5061 2544 5115 Hoc
2607 5056 2890 5127 subjectum
2949 5055 3007 5111 in
3062 5057 3216 5130 Isaia
3269 5053 3497 5130 legi_tur,_
3529 5048 3785 5130 ab__edit.

2192 5120 2373 5187 Bo‘m.’
2393 5120 2721 5203 jugulatuni
2752 5139 2870 5203 est;
2920 5128 3174 5203 quamvis
3204 5127 3260 5182 in
3301 5120 3530 5197 reliquis
3567 5120 3700 5178 edit.
3734 5127 3790 5176 et

2191 5219 2322 5258 mss.
2357 5200 2530 5258 multo
2561 5202 2813 5274 pluribus
2843 5200 3180 5274 inveniatur.
3268 5271 3292 5274 _
3440 5267 3450 5274 _
3519 5267 3554 5274 _
3638 5264 3670 5274 Α

2265 5275 2382 5346 (62)
2415 5267 2576 5331 Rom:
2604 5274 2735 5346 edit.
2781 5274 2917 5346 sola,
2976 5273 3033 5326 in
3059 5276 3217 5346 caput
3251 5267 3477 5346 Joannis
3504 5267 3785 5346 Baptistae.

2266 5341 2382 5420 (63)
2432 5348 2587 5403 Rom.
2636 5345 2768 5401 edit.
2809 5345 2942 5420 sola,
2970 5341 3203 5420 gratiam
3231 5341 3566 5420 dedignantes
3590 5353 3789 5420 pervef

2192 5410 2326 5474 nire.
2363 5410 2524 5475 'Infra
2560 5433 2710 5488 vero,
2751 5414 2938 5470 eadem
2972 5410 3118 5488 'edit.
3171 5429 3296 5468 cum
3331 5410 3485 5488 _Gill.
3547 5415 3688 5488 post,
3733 5412 3785 5488 et

2192 5491 2418 5558 salvari,
2450 5486 2761 5560 subjunxit,
2793 5503 2964 5560 quam
2997 5485 3161 5560 sciens
3198 5480 3784 5560 prudensquﬁabnuit.

2266 5562 2380 5632 (64)
2404 5551 2415 5558 ’
2435 5551 2568 5632 Voci
2621 5577 2685 5613 ea:
2708 5551 3042 5629 principibus
3070 5551 3272 5627 adjecit
3311 5554 3469 5609 Rom.
3501 5551 3658 5620 edit.,
3691 5555 3788 5606 aut

2191 5651 2256 5688 ex
2276 5629 2595 5690 'Phariswis.
