3980 6368
221 403 316 462 157

1309 399 1673 458 COMMENT.
1713 399 1783 458 IN
1820 399 2040 458 EPIST.
2082 402 2179 458 AD
2221 401 2386 458 ROM.

3399 403 3502 461 158

213 547 279 587 ue
322 527 388 585 de
430 535 630 586 cetero
660 526 872 602 possint
898 525 1139 595 credere,
1165 533 1218 582 et
1245 526 1468 583 salvari.
1492 528 1554 583 In
1596 527 1804 583 volun-
1831 530 1882 590 Α
1913 527 2166 585 Ostendit
2195 529 2448 600 gentibus
2478 545 2586 602 quo
2624 529 2820 584 affectu
2857 527 3052 599 diligat
3077 530 3293 588 Iudaeos
3323 549 3334 588 :
3372 549 3498 590 nam

213 627 318 676 tate
371 636 500 691 ergo
545 635 644 675 sua
688 617 862 690 adjuti
911 626 1070 676 sunt:
1138 624 1200 672 ut
1253 617 1515 689 quoniam
1567 617 1803 673 scientes

212 725 425 778 verum,
461 708 718 766 dicebant
747 724 861 763 esse
899 707 1123 775 falsum,
1153 705 1220 762 de
1256 714 1452 762 caetero
1480 722 1590 761 non
1629 705 1803 762 intel-

212 799 446 872 ligerent
493 798 636 872 quod
686 806 766 853 est
812 813 1041 863 verum;
1080 805 1141 852 ut
1170 813 1361 852 verum
1398 795 1664 852 haberent
1692 796 1804 852 fal-

211 904 332 945 sum
367 888 506 960 (65),
535 886 679 961 quod
716 884 1002 941 .volebant.
1035 886 1283 942 Alterum
1327 902 1496 958 genus
1522 893 1624 954 est,
1657 885 1802 958 quod

212 993 338 1032 cum
378 976 621 1048 justitias
667 974 801 1046 legis
841 981 1100 1042 sectatur,
1127 973 1401 1046 justitiam
1437 973 1641 1031 Christi
1690 990 1801 1030 non

212 1061 447 1136 recipit:
480 1081 547 1120 ex
596 1080 703 1136 quo
738 1061 851 1135 jam
900 1080 1011 1119 non
1059 1079 1155 1135 per
1198 1062 1467 1119 invidiam
1509 1063 1664 1118 malae
1697 1079 1804 1117 vo-

211 1153 438 1209 luntatis
467 1152 571 1210 hoc
599 1154 730 1226 agit,
764 1153 856 1209 sed
891 1168 1073 1208 errore
1106 1151 1416 1208 aemulando
1447 1151 1802 1211 traditionem

210 1242 452 1310 Patrum,
473 1253 748 1300 cacantur
777 1243 845 1300 ad
874 1251 1121 1314 tempus;
1152 1242 1281 1315 quia
1299 1241 1560 1297 deberent
1585 1258 1803 1313 magna-

210 1331 352 1388 libus
407 1331 612 1390 Christi
668 1331 947 1388 addiscere
1004 1331 1153 1388 hunc
1206 1348 1316 1386 non
1375 1347 1533 1403 posse
1591 1331 1800 1398 fallere,

208 1421 370 1494 cujus
402 1432 508 1479 tam
546 1423 835 1495 magniﬁca
879 1424 1058 1480 virtus
1089 1425 1143 1479 in
1176 1422 1339 1478 rebus
1368 1423 1531 1495 gestis
1560 1428 1802 1494 apparet,

207 1519 259 1566 et
301 1511 746 1584 praedicationem
790 1512 908 1586 ejus
947 1520 1276 1570 testamento
1333 1529 1479 1568 novo
1531 1509 1805 1584 promisso

205 1617 300 1672 per
330 1601 619 1674 prophetas
658 1620 992 1676 comparare,
1034 1611 1087 1660 et
1133 1603 1334 1660 exinde
1366 1601 1609 1674 proﬁteri
1656 1599 1806 1656 hunc

204 1707 340 1760 esse,
375 1691 468 1765 qui
509 1692 810 1764 promissus
848 1703 966 1761 est;
1009 1693 1345 1765 negligentes
1386 1699 1577 1746 contra
1605 1690 1803 1753 Deum,

203 1789 255 1838 et
307 1782 633 1839 hominibus
679 1783 1036 1840 assentientes
1079 1783 1294 1839 inventi
1333 1790 1481 1838 sunt.
1538 1780 1805 1851 Propter-

202 1887 262 1926 ea
310 1889 440 1944 ergo
483 1880 775 1939 caecantur,
809 1879 871 1926 ut
914 1871 1350 1928 admiscentibus
1375 1887 1432 1926 se
1461 1868 1528 1926 ad
1559 1866 1804 1941 promis-

200 1959 414 2014 sionem
493 1976 684 2016 eorum
758 1959 874 2031 ipsa
933 1960 1302 2027 aemulatione,
1359 1959 1491 2016 dum
1551 1955 1804 2014 invident

200 2047 486 2120 gentibus,
516 2056 865 2104 revertantur
889 2047 957 2105 ad
987 2047 1151 2104 fidem
1183 2048 1302 2104 Dei.

273 2138 462 2210 (Vers.
519 2139 628 2208 11.)
677 2164 694 2185 ε
736 2139 872 2194 Dico
912 2155 1040 2208 ergo
1075 2156 1086 2194 :
1120 2136 1402 2210 Numquid
1443 2135 1523 2192 sic
1551 2132 1805 2191 offende-

200 2234 362 2294 runt,
406 2233 467 2281 ut
505 2226 806 2283 caderent?
845 2226 1024 2282 Absit.
1058 2252 1076 2273 -
1122 2227 1235 2282 Hoc
1263 2225 1420 2293 dicit,
1463 2223 1610 2296 quod
1640 2240 1804 2296 supra

201 2317 532 2385 memoravi,
564 2317 693 2389 quia
737 2333 848 2372 non
893 2317 972 2373 sic
1016 2316 1359 2383 dididerunt,
1410 2322 1473 2370 ut
1519 2329 1801 2386 nunquam

193 2407 306 2480 jam
355 2405 658 2474 crederent,
693 2407 749 2463 id
787 2417 890 2474 est,
940 2423 1050 2462 non
1098 2405 1176 2462 ita
1205 2413 1428 2479 propter
1472 2404 1804 2477 improbita-

200 2505 308 2554 tem
348 2495 501 2552 suam
532 2494 722 2552 cazcati
762 2502 914 2564 sunt,
950 2503 1011 2551 ut
1041 2494 1220 2552 curari
1253 2511 1362 2550 non
1391 2501 1631 2566 possent,
1663 2493 1806 2549 sicut

203 2594 256 2643 et
299 2585 587 2643 diabolum
635 2585 867 2657 legimus
907 2584 1189 2652 cecidisse,
1223 2583 1438 2639 dicente
1486 2583 1624 2639 Isaia
1669 2599 1805 2654 pro-

204 2675 368 2748 pheta
419 2693 431 2731 :
497 2700 516 2722 ι
559 2674 845 2742 Quomodo
883 2673 1084 2730 cecidit
1125 2673 1192 2729 de
1237 2673 1375 2729 ccelo
1415 2672 1636 2728 Lucifer
1665 2673 1802 2742 (Isa.

205 2781 326 2830 xxv,
361 2764 504 2833 i2)?
532 2787 550 2812 ι
595 2781 780 2820 casum
826 2772 879 2819 et
919 2763 1245 2835 apostasiam
1293 2761 1630 2834 significans.
1682 2761 1803 2817 Non

207 2869 335 2926 ergo
364 2852 466 2910 hos
496 2853 575 2909 sic
605 2853 897 2908 oﬁ‘endisse
930 2853 1088 2921 dicit,
1115 2861 1176 2908 ut
1205 2852 1480 2920 caderent,
1513 2849 1607 2907 sed
1637 2850 1804 2906 oﬁ'eno

206 2942 378 2997 sionis
406 2959 518 2997 suae
547 2959 708 2998 causa
729 2941 796 2996 ad
826 2949 1041 3012 tempus
1070 2941 1314 2996 obtusos.

289 3057 307 3078 ε
362 3031 467 3088 Sed
523 3031 746 3087 illorum
804 3031 1006 3087 delicto
1059 3033 1204 3087 salus
1258 3030 1531 3103 gentibus,
1572 3036 1634 3085 ut
1680 3029 1806 3085 illos

207 3122 556 3178 aemulentur.
608 3145 625 3167 ι
689 3121 804 3176 Hoc
857 3129 937 3175 est
985 3119 1130 3192 quod
1179 3119 1344 3188 dixit,
1395 3119 1523 3192 quia
1585 3127 1806 3192 propter

211 3219 492 3284 peccatum
545 3209 764 3264 illorum
826 3209 1080 3280 gentibus
1138 3208 1285 3263 salus
1340 3207 1464 3263 data
1515 3215 1615 3264 est.
1667 3206 1805 3274 Quia

220 3299 369 3354 enim
401 3298 608 3354 donum
638 3296 734 3353 Dei
758 3305 1151 3354 recusaverunt
1170 3296 1367 3364 Judaei,
1390 3297 1711 3351 translatum
1731 3303 1811 3350 est

217 3388 323 3444 hoc
364 3387 432 3443 ad
463 3395 679 3460 gentes;
735 3395 798 3442 ut
835 3387 1185 3442 aemulatione
1233 3386 1334 3440 zeli
1383 3385 1595 3440 accensi
1637 3382 1810 3439 Judaei

215 3485 672 3534 converterentur
705 3476 771 3532 ad
809 3475 1115 3540 Christum,
1151 3474 1268 3545 (66)
1301 3473 1536 3528 zelantes
1570 3471 1814 3544 promis-

212 3568 424 3623 sionem
453 3568 696 3623 Patrum.

288 3657 475 3728 (Vers.
513 3655 626 3724 12.)
674 3679 692 3701 ε
722 3651 879 3720 Quod
925 3651 971 3706 si
1015 3649 1278 3706 delictum
1328 3649 1550 3706 illorum
1601 3648 1812 3705 divitiae

210 3753 344 3802 sunt
376 3743 589 3812 mundi,
642 3750 692 3798 et
723 3740 1021 3798 diminutio
1066 3757 1254 3795 eorum
1287 3739 1499 3796 divitiae
1529 3739 1771 3812 gentium
1799 3757 1812 3806 ;

211 3844 426 3908 quanto
480 3835 650 3905 magis
716 3831 1002 3904 plenitudo
1059 3831 1320 3887 illorum!
1387 3855 1407 3879 ι
1477 3835 1566 3894 91
1627 3829 1814 3886 Mani-

212 3934 414 3991 festum
446 3941 526 3989 est
555 3932 680 4006 quia
711 3931 754 3986 si
786 3931 1049 3986 delictum
1087 3929 1311 3984 illorum
1343 3929 1553 4001 profuit
1582 3927 1810 3996 mundo,

215 4024 348 4081 dum
403 4022 602 4078 horum
644 4019 933 4092 dispendio
978 4020 1160 4091 plures
1210 4017 1373 4073 habet
1420 4017 1630 4084 bonos;
1685 4017 1813 4090 quia

215 4114 392 4170 multo
421 4112 603 4184 plures
633 4118 761 4166 sunt
793 4116 1000 4181 gentes,
1035 4125 1195 4181 quam
1228 4107 1400 4163 Judzei
1431 4126 1442 4164 :
1478 4115 1531 4163 et
1557 4107 1813 4163 diminu-

215 4203 294 4260 tio
340 4217 552 4269 eorum,
580 4199 726 4273 quod
755 4205 838 4254 est
881 4197 1144 4254 damnum
1189 4196 1570 4269 promissionis
1599 4195 1811 4252 divitia

217 4292 481 4364 gentium,
521 4306 616 4361 per
645 4288 702 4344 id
731 4286 875 4360 quod
909 4287 1102 4343 lucrati
1135 4296 1264 4344 sunt
1293 4287 1463 4343 vitam
1510 4294 1768 4343 aeternam
1796 4305 1809 4354 ;

218 4389 421 4455 quanto
453 4378 626 4450 magis
672 4376 957 4450 plenitudo
1006 4378 1224 4431 eorum!
1259 4376 1524 4448 Apertum
1575 4375 1814 4447 estquia

217 4469 388 4542 magis
433 4467 591 4524 dives
622 4465 726 4522 erit
771 4463 1012 4520 mundus
1039 4463 1360 4520 hominibus
1399 4463 1577 4531 bonis,
1609 4463 1656 4518 si
1687 4470 1741 4518 et
1773 4461 1810 4517 ii

219 4560 310 4633 qui
360 4557 618 4616 excaecati
667 4563 814 4622 sunt,
863 4562 1286 4622 convertantur;
1331 4570 1401 4609 ex
1441 4569 1634 4626 magna
1664 4552 1809 4608 enim

218 4655 368 4720 parte
397 4644 703 4704 salvabitur
731 4642 994 4698 mundus.
1020 4641 1228 4699 Mundo
1249 4642 1497 4697 homines
1516 4639 1812 4712 signiﬁcat,

222 4739 360 4795 sicut
389 4737 602 4794 dictum
633 4743 713 4790 est
742 4733 808 4789 de
837 4733 1116 4789 Salvatore
1150 4749 1161 4786 :
1207 4757 1224 4776 ι
1243 4731 1384 4788 Ecce
1407 4729 1648 4786 mundus
1668 4737 1817 4786 totus

224 4829 336 4886 abit
367 4836 490 4902 post
521 4829 678 4884 illum
713 4827 892 4899 (Joan.
926 4842 1030 4892 xii,
1063 4824 1175 4896 19).
1209 4848 1226 4872 ι

294 4931 476 5002 (Vers.
542 4931 627 4997 13,
689 4927 802 5001 14.)
865 4951 884 4974 ι
932 4927 1106 4985 Vobis
1151 4925 1300 4983 enim
1357 4925 1482 4984 dico
1541 4923 1814 4999 gentibus,

231 5019 475 5092 quandiu
523 5017 744 5093 quidem
789 5034 887 5090 ego
917 5034 1038 5073 sum
1079 5017 1323 5088 gentium
1369 5015 1669 5088 apostolus,
1703 5016 1818 5072 mi-

227 5109 515 5166 nisterium
547 5123 728 5165 meum
758 5105 1157 5173 honoriﬁcabo,
1180 5104 1226 5160 si
1257 5121 1366 5177 quo
1397 5104 1560 5161 modo
1589 5105 1816 5161 aemuler

221 5215 436 5258 carnem
488 5215 686 5268 meam,
717 5204 780 5254 ut
827 5197 1008 5253 salvos
1046 5195 1243 5252 faciam
1271 5193 1486 5268 aliquos
1515 5211 1586 5252 ex
1617 5193 1750 5250 illis.
1783 5217 1801 5241 ›

289 5421 402 5491 (65)
435 5420 524 5477 Sic
554 5417 791 5491 Amerb._
810 5433 937 5474 cum
963 5432 1094 5491 mss.
1118 5431 1150 5491 a
1169 5413 1372 5491 quibus
1403 5428 1514 5491 non
1544 5411 1814 5491 dissident

221 5483 455 5564 Erasfet
499 5490 656 5558 Gill.,
687 5488 794 5564 nisi
841 5487 988 5564 quod
1034 5483 1201 5564 verbo
1245 5486 1510 5564 haberent,
1547 5483 1811 5564 subdunt,

221 5563 304 5617 sed
333 5561 532 5631 falsum
564 5580 580 5618 :
611 5557 667 5617 at
697 5557 1016 5618 Romfedit.
1050 5558 1154 5614 hoc
1189 5557 1353 5631 modo
1385 5557 1566 5631 locum
1600 5557 1814 5631 immuf

223 5627 372 5703 tavit,
422 5652 528 5690 non
577 5634 922 5702 intelligerent
964 5647 1165 5695 verum,
1211 5629 1353 5699 quod
1405 5628 1671 5693 haberent,
1725 5627 1812 5682 sed

221 5703 439 5774 falsum,
459 5705 600 5776 quod
625 5705 888 5776 volebant.

292 5776 406 5846 (66)
468 5772 642 5834 'Corb.
724 5774 918 5843 codex,
985 5773 1056 5830 ad
1139 5773 1404 5830 Christum
1488 5772 1812 5847 promissum

1912 616 2281 673 ministerium
2351 635 2534 686 suum,
2588 634 2698 691 quo
2765 619 3042 688 apostolus
3098 624 3340 690 gentium
3396 627 3497 687 est,

1913 705 2273 775 honoriﬁcat;
2324 707 2369 763 si
2409 713 2630 780 propter
2679 707 2934 763 affectum
2984 707 3198 779 generis
3249 709 3333 764 sui
3375 710 3501 766 data

1913 813 2075 867 opera
2117 796 2279 852 etiam
2330 796 2546 852 Iudaeos
2591 794 2838 869 acquirat
2880 797 2948 852 ad
2986 797 3170 852 ﬁdem.
3215 798 3500 854 Honoriﬁ-

1912 884 2122 941 centior
2161 885 2308 940 enim
2357 885 2468 952 ﬁet,
2500 885 2546 940 si
2593 893 2646 939 et
2683 885 2829 954 illos,
2861 885 2928 940 ad
2975 901 3112 958 quos
3154 903 3263 943 non
3305 888 3502 945 missus

1912 981 2014 1040 est,
2061 973 2303 1032 lucretur
2344 975 2413 1030 ad
2465 975 2638 1030 vitam
2688 991 2700 1029 :
2754 974 3007 1031 Patribus
3050 974 3196 1031 enim
3247 975 3304 1031 in
3344 976 3503 1036 laude

1913 1063 2156 1119 maxima
2179 1064 2303 1133 erit,
2327 1063 2373 1120 si
2408 1065 2601 1120 fratres
2633 1064 2927 1134 invenerit,
2961 1064 3055 1137 qui
3086 1064 3380 1138 perierant.

1986 1153 2168 1225 (Vers.
2196 1153 2307 1224 15.)
2352 1177 2370 1199 ι
2401 1154 2458 1210 Si
2488 1154 2634 1210 enim
2665 1153 2886 1209 amissio
2907 1170 3097 1210 eorum
3124 1153 3502 1211 reconciliatio

1913 1249 1994 1297 est
2037 1242 2253 1311 mundi,
2287 1260 2407 1316 quae
2451 1252 2535 1300 est
2581 1245 2902 1316 assumptio,
2947 1244 3055 1300 nisi
3102 1245 3219 1300 vita
3246 1261 3315 1300 ex
3345 1260 3504 1300 mor-

1914 1335 2024 1390 tuis
2044 1335 2071 1390 ?
2120 1361 2136 1382 ι
2200 1335 2314 1392 Hoc
2351 1335 2510 1403 dicit,
2541 1335 2671 1408 quia
2697 1335 2742 1390 si
2775 1351 2885 1391 non
2915 1335 3264 1392 credentibus
3298 1335 3504 1392 ludatis

1915 1433 2099 1496 gentes
2161 1425 2530 1482 reconciliata
2605 1433 2735 1482 sunt
2788 1428 2923 1492 Deo,
2977 1427 3043 1482 ad
3101 1428 3501 1483 incrementum

1916 1514 2109 1570 mundi
2159 1514 2305 1571 circa
2335 1515 2498 1570 ﬁdem
2530 1514 2769 1583 Christi;
2811 1532 2930 1587 quas
2967 1515 3072 1571 erit
3110 1516 3167 1570 in
3198 1515 3300 1572 hac
3328 1523 3500 1588 parte,

1914 1609 1968 1657 et
2010 1613 2214 1674 quanta
2253 1603 2540 1676 plenitudo
2583 1604 2797 1672 salutis,
2846 1603 2892 1660 si
2937 1611 3286 1659 assumantur
3328 1602 3502 1659 Judaei

1915 1691 1982 1746 ad
2029 1691 2190 1746 ﬁdem
2250 1692 2485 1760 Christi,
2542 1692 2650 1749 nisi
2703 1701 2762 1749 ut
2814 1709 2884 1749 ex
2934 1693 3164 1749 mortuis
3195 1691 3505 1749 viviﬁcetur

1915 1781 2154 1837 mundus
2199 1783 2255 1837 in
2311 1782 2673 1839 hominibus?
2717 1783 2859 1851 Quia
2913 1799 3040 1854 ergo
3078 1783 3352 1855 profectus
3401 1788 3501 1848 est,

1833 1893 1878 1953 Β
1915 1870 2150 1928 dandam
2195 1871 2331 1928 dicit
2376 1888 2617 1944 operam,
2651 1879 2712 1928 ut
2750 1871 3015 1940 credant;
3048 1871 3307 1944 quoniam
3336 1869 3506 1926 caeci-

1913 1960 2040 2017 tatis
2084 1961 2303 2016 obtusio
2350 1969 2594 2034 tempore
2639 1961 2978 2033 compensati
3009 1960 3199 2016 delicti
3236 1959 3503 2026 aufertur,

1912 2059 1974 2107 ut
2012 2053 2315 2108 voluntatis
2336 2069 2445 2108 suae
2477 2053 2746 2124 recipiant
2781 2053 3015 2108 liberum
3047 2052 3362 2108 arbitrium.

1987 2141 2166 2211 (Vers.
2222 2141 2334 2212 16.)
2401 2167 2418 2188 ε
2464 2142 2620 2208 Quod
2673 2142 2718 2198 si
2769 2141 3030 2198 delibatio
3075 2149 3261 2198 sancta
3310 2148 3410 2208 est,
3452 2149 3506 2197 et

1913 2247 2108 2286 massa.
2142 2256 2159 2278 ι
2203 2230 2553 2287 Manifestum
2583 2239 2685 2300 est,
2717 2231 2845 2305 quia
2873 2231 3020 2305 quod
3050 2231 3213 2287 unius
3241 2229 3506 2286 substan-

1913 2320 2002 2376 tiae
2042 2329 2142 2389 est,
2174 2339 2347 2378 unum
2377 2330 2458 2377 est
2491 2340 2502 2379 :
2531 2339 2596 2380 ac
2635 2338 2731 2396 per
2760 2322 2865 2379 hoc
2893 2339 3005 2398 non
3039 2329 3214 2395 potest
3243 2321 3506 2378 delibatio

1913 2419 2099 2467 sancta
2127 2427 2264 2479 esse,
2297 2419 2351 2468 et
2395 2429 2572 2468 massa
2599 2411 2922 2478 immunda;
2964 2411 3228 2468 delibatio
3257 2410 3404 2466 enim
3439 2410 3506 2468 de

1915 2516 2091 2557 massa
2123 2509 2204 2558 est
2235 2503 2375 2574 (67).
2404 2501 2639 2576 Ideoque
2659 2501 2900 2559 ostendit
2929 2518 3039 2557 non
3070 2517 3224 2574 posse
3251 2499 3506 2574 indignos

1913 2589 2023 2646 dici
2058 2591 2126 2648 ad
2174 2591 2336 2647 ﬁdem
2384 2592 2504 2660 hos,
2537 2609 2773 2665 quorum
2816 2591 2928 2663 jam
2959 2600 3138 2663 patres
3168 2591 3349 2663 adepti
3379 2599 3508 2646 sunt

1913 2678 2077 2734 ﬁdem
2104 2699 2118 2747 ;
2154 2681 2281 2753 quia
2321 2680 2367 2736 si
2397 2697 2521 2753 pars
2551 2681 2863 2737 Judmorum
2905 2680 3158 2748 credidit,
3190 2697 3288 2736 cur
3315 2697 3426 2735 non
3453 2685 3507 2736 et

1913 2770 2021 2825 alia
2054 2788 2178 2843 pars
2210 2789 2365 2844 posse
2401 2772 2620 2828 credere
2648 2773 2902 2828 dicatur?

1988 2861 2169 2930 (Vers.
2232 2861 2345 2925 17.)
2417 2885 2436 2908 ε
2491 2862 2562 2918 Et
2615 2861 2659 2916 si
2709 2861 2868 2916 radix
2919 2867 3126 2929 sancta,
3170 2867 3222 2915 et
3271 2859 3427 2916 rami.
3474 2885 3492 2906 ι

1916 2950 2227 3006 Immutatis
2268 2950 2472 3018 verbis,
2504 2950 2690 3006 eadem
2741 2950 2957 3022 repetit,
2990 2957 3051 3005 ut
3097 2964 3316 3005 sensum
3346 2965 3508 3004 com-

1915 3041 2136 3097 mendet
2166 3040 2382 3096 duobus
2411 3039 2697 3112 exemplis.
2745 3065 2762 3086 ε
2789 3039 2946 3107 Quod
2976 3039 3019 3095 si
3049 3038 3216 3112 aliqui
3249 3055 3317 3094 ex
3344 3038 3511 3094 ramis

1918 3130 2079 3187 fracti
2127 3136 2278 3197 sunt,
2325 3149 2351 3180 »
2407 3128 2463 3184 id
2505 3136 2610 3197 est,
2641 3129 2684 3184 si
2717 3128 2887 3201 aliqui
2922 3143 3032 3184 non
3060 3127 3411 3184 crediderunt
3439 3143 3510 3182 ex

1922 3221 2022 3288 eis,
2056 3219 2229 3275 excisi
2274 3235 2305 3272 a
2348 3217 2732 3289 promissione.
2797 3243 2814 3264 ι
2853 3217 2934 3272 Tu
2973 3224 3154 3272 autem
3198 3233 3323 3274 cum
3369 3232 3513 3271 esses

1923 3311 2174 3376 oleaster,
2225 3308 2463 3363 insertus
2499 3325 2556 3363 es
2604 3308 2660 3363 in
2717 3308 2863 3374 illos,
2915 3315 2969 3362 et
3011 3308 3193 3362 socius
3242 3307 3416 3362 factus
3454 3323 3511 3363 es

1879 3408 1892 3414 ‘
1923 3396 2128 3452 radicis
2157 3404 2218 3451 ut
2257 3395 2606 3468 pinguedinis
2636 3394 2818 3450 oliva}.
2846 3419 2864 3442 ι
2916 3396 3031 3450 Hoc
3059 3394 3354 3466 significat,
3384 3395 3514 3468 quia

1922 3502 2032 3540 non
2073 3484 2427 3540 credentibus
2470 3484 2660 3540 multis
2708 3482 2930 3550 Judaais,
2964 3492 3149 3554 gentes
3179 3483 3354 3538 insitae
3385 3492 3513 3540 sunt

1923 3591 2018 3647 per
2065 3573 2227 3629 ﬁdem
2278 3573 2334 3628 in
2379 3589 2529 3644 spem
2580 3571 2994 3645 promissionis;
3045 3581 3106 3628 ut
3151 3571 3327 3627 dolori
3375 3579 3514 3628 esset

1922 3663 2124 3719 Iudaeis
2180 3681 2191 3718 :
2242 3662 2335 3718 sed
2383 3679 2492 3717 non
2535 3660 2698 3732 juxta
2745 3661 2916 3733 legem
2963 3661 3333 3732 agriculturae,
3385 3660 3514 3734 quia

1924 3752 2128 3807 bonum
2161 3751 2438 3807 surculum
2475 3749 2725 3805 inserunt
2764 3749 2819 3804 in
2851 3765 2962 3805 non
2994 3749 3191 3806 bonam
3224 3749 3510 3816 arborem;

1923 3841 1981 3897 hi
2025 3842 2173 3897 enim
2221 3858 2345 3896 cum
2394 3849 2574 3896 essent
2615 3840 2671 3894 in
2723 3839 2904 3896 radice
2945 3839 3108 3907 mala,
3154 3839 3344 3894 inserti
3388 3846 3515 3896 sunt

1924 3932 1981 3986 in
2027 3931 2228 3987 bonam
2262 3931 2533 3986 arborem.
2567 3929 2694 3985 Ideo
2724 3931 3016 3984 oleastrum
3049 3929 3184 3985 dicit
3224 3929 3512 3997 insertum,

1921 4030 1983 4078 ut
2032 4022 2272 4078 fructum
2321 4021 2576 4077 surculus
2641 4019 2840 4076 radicis
2896 4018 3104 4085 ati‘erat,
3161 4019 3342 4075 socius
3398 4018 3515 4090 ejus

1921 4112 2166 4167 effectus.

1996 4199 2178 4270 (Vers.
2232 4199 2344 4270 18.)
2413 4222 2430 4244 ι
2486 4198 2610 4254 Noli
2657 4197 2879 4272 gloriari
2937 4197 3200 4254 adversus
3246 4214 3447 4266 ramos,
3482 4222 3500 4245 ι

1923 4288 2030 4345 hoc
2085 4297 2186 4358 est,
2243 4289 2357 4345 noli
2416 4289 2647 4360 gaudere
2705 4288 2763 4344 in
2811 4287 3195 4344 incredulitate
3244 4288 3506 4355 illorum;

1922 4379 2179 4451 displicet
2225 4377 2371 4434 enim
2417 4380 2553 4446 Deo,
2584 4378 2632 4434 si
2679 4377 2802 4450 quis
2830 4379 3068 4434 exsultet
3095 4378 3155 4433 in
3191 4377 3348 4433 malis
3373 4377 3518 4433 alte-

1922 4470 2056 4538 rius,
2088 4471 2229 4525 sicut
2255 4469 2389 4526 dicit
2421 4469 2676 4525 Salomon
2711 4470 2898 4540 (Prov.
2929 4485 3087 4536 xxiv,
3123 4468 3350 4538 i7).Nec
3368 4465 3513 4522 enim

1925 4575 2086 4616 causa
2132 4560 2375 4634 gentium
2407 4558 2605 4632 ahjecti
2636 4569 2784 4626 sunt,
2815 4567 2876 4615 ut
2904 4559 3206 4632 gaudeant;
3257 4557 3350 4612 sed
3388 4555 3516 4629 quia

1926 4667 2036 4705 non
2060 4651 2434 4719 crediderunt,
2465 4650 2807 4707 occasionem
2838 4649 3126 4715 dederunt,
3154 4654 3214 4702 ut
3241 4645 3516 4718 praedica-

1926 4749 2078 4797 retur
2097 4739 2367 4811 gentibus.

2011 4851 2028 4875 ι
2065 4828 2224 4896 Quod
2268 4828 2313 4884 si
2369 4836 2430 4884 tu
2480 4827 2748 4900 gloriaris.
2783 4841 2896 4881 non
2937 4832 2998 4880 tu
3037 4821 3275 4879 radicem
3306 4831 3510 4896 portas,

1926 4917 2019 4974 sed
2049 4917 2210 4974 radix
2241 4925 2310 4974 te.
2345 4943 2363 4965 ι
2406 4916 2466 4973 Id
2499 4926 2599 4983 est,
2629 4915 2675 4972 si
2708 4922 2758 4969 te
2783 4912 3047 4970 extuleris
3075 4927 3238 4984 super
3267 4911 3413 4981 illos,
3456 4912 3511 4969 in

1926 5025 2159 5082 quorum
2191 5007 2430 5062 insertus
2473 5021 2529 5060 es
2569 5003 2832 5072 radicem,
2859 5003 3089 5060 insultes
3119 5001 3324 5074 generi,
3357 5000 3504 5075 quod

1925 5105 2001 5166 te,
2034 5104 2095 5152 ut
2121 5114 2190 5153 ex
2221 5095 2363 5152 malo
2393 5095 2570 5151 bonus
2595 5109 2757 5161 esses,
2789 5093 3028 5168 suscepit
3063 5111 3076 5150 ;
3111 5108 3212 5151 nec
3239 5090 3432 5159 stabis,
3465 5088 3511 5145 si

1927 5187 2065 5244 illud
2094 5204 2190 5261 per
2212 5185 2357 5260 quod
2381 5193 2512 5255 stas,
2533 5183 2792 5242 destruis.

1923 5410 2358 5485 Abfﬂhw-Qtw
2386 5410 2452 5485 δί’
2483 5417 2591 5485 δίᾳ·
2686 5479 2702 5485 -
3057 5481 3067 5485 -
3124 5474 3134 5485 -

1996 5481 2112 5554 (67)
2173 5476 2446 5540 Βὲιὶὸαιὶό
2481 5481 2616 5554 enim
2660 5479 2728 5554 de
2773 5494 2948 5554 massa
2996 5481 3088 5543 est,
3121 5476 3177 5530 in
3226 5491 3354 5531 mss.
3388 5476 3516 5547 ple-

1923 5547 2107 5627 risque
2155 5555 2418 5627 omissum
2475 5552 2602 5608 fuit.
2648 5547 2911 5623 Sequenti
2965 5554 3146 5627 autem
3200 5563 3360 5627 versu
3419 5563 3516 5618 pro

1921 5619 2149 5706 quorum
2168 5626 2287 5696 jam
2310 5633 2514 5699 patres,
2555 5641 2682 5680 mss.
2717 5619 2826 5678 non
2860 5619 3019 5693 pauci
3053 5619 3261 5692 legunt,
3291 5635 3517 5689 quorum

1911 5714 2031 5769 Jam
2054 5716 2235 5772 pares.
