3980 6394
464 408 568 466 159

1474 405 1572 459 ΑΒ
1613 403 1848 462 OPEBA
1889 403 1944 461 S.
1988 403 2322 462 AMBROSII
2360 404 2745 464 APPENDIX.

3667 413 3769 471 160

526 533 707 605 (Vers.
744 529 860 602 19.)
908 554 928 577 ι
957 527 1110 586 Dicis
1138 529 1362 603 itaque:
1411 527 1593 586 Fracti
1622 537 1752 586 sunt
1786 531 1948 600 rami,
1991 540 2053 588 ut
2089 535 2133 592 A
2167 548 2418 588 severum
2480 534 2655 588 Deum
2715 532 2774 588 in
2831 549 2924 591 eos
2979 533 3167 604 fuisse,
3213 543 3275 592 ut
3321 534 3379 593 in
3435 547 3762 612 perpetuum

451 639 552 696 ego
581 622 812 678 inserar.
829 644 847 668 ι
883 620 969 677 Ex
986 634 1219 693 persona
1241 619 1464 692 gentilis
1479 619 1752 676 credentis
1773 620 2053 694 loquitur;

451 711 579 786 quia
626 709 1021 767 exsultandum
1077 717 1233 782 putat
1277 710 1334 765 in
1379 727 1510 766 casu
1547 710 1859 766 Iudaeorum
1901 711 2058 768 difﬁ-

451 801 725 870 dentium,
776 801 967 857 dicens
1001 817 1012 855 :
1046 801 1274 857 Illorum
1325 800 1640 871 reprobatio
1694 801 1873 857 locum
1926 800 2058 856 fecit

453 891 772 964 gentilibus.
805 890 910 948 Sed
939 906 1051 946 non
1081 898 1212 947 sunt
1241 890 1518 962 reprobati
1560 906 1592 945 a
1618 891 1752 959 Deo,
1782 898 1844 946 ut
1873 900 2059 962 gentes

452 983 728 1040 intrarent
760 1003 771 1040 :
806 984 900 1040 sed
929 1000 984 1040 se
1014 985 1162 1058 ipsos
1191 982 1454 1054 reprohos
1486 982 1755 1050 fecerunt,
1787 998 2060 1054 spernen-

452 1080 538 1131 tes
586 1074 793 1132 donum
866 1074 1007 1140 Dei;
1072 1073 1218 1130 unde
1274 1081 1328 1128 et
1388 1072 1731 1129 occasionem
1790 1071 2059 1128 dederunt

456 1164 711 1236 gentibus
759 1165 826 1221 ad
872 1166 1126 1221 salutem.
1170 1164 1348 1232 Quam
1397 1162 1781 1218 extollentiam
1833 1162 2058 1234 reprimi

455 1255 597 1322 vult,
629 1262 692 1310 ut
731 1254 902 1328 magis
937 1252 1102 1310 saluti
1137 1251 1568 1324 congaudeatur,
1601 1268 1711 1308 non
1742 1250 2058 1324 aegritudini

453 1345 789 1413 insultetur;
841 1344 1001 1401 facile
1039 1344 1187 1402 enim
1237 1342 1512 1416 decipitur
1557 1341 1698 1414 (68),
1730 1343 1824 1416 qui
1864 1342 2059 1415 gaudet

455 1433 655 1492 alienis
685 1434 865 1491 malis.

526 1543 708 1616 (Vers.
764 1544 880 1616 20.)
929 1567 948 1592 ε
979 1544 1148 1612 Bene,
1193 1563 1213 1592 ›
1272 1541 1330 1599 id
1377 1550 1480 1609 est,
1532 1546 1678 1596 recte
1723 1538 1885 1607 dicis,
1931 1537 2061 1611 quia

451 1634 641 1692 fractis
688 1635 856 1692 ramis
901 1635 1141 1692 insertus
1191 1649 1249 1690 es
1299 1651 1312 1690 :
1375 1655 1393 1680 ε
1435 1630 1528 1688 sed
1577 1629 1636 1685 in
1675 1628 2058 1686 incredulitate

449 1723 612 1782 fracti
668 1732 836 1793 sunt;
878 1748 898 1774 ι
960 1723 1068 1780 hoc
1126 1731 1207 1779 est
1262 1738 1372 1778 non
1420 1729 1644 1794 propter
1704 1728 1778 1788 te,
1837 1717 1931 1774 sed
1960 1733 2059 1773 suo

448 1815 646 1883 vitio;l
683 1815 815 1890 quia
882 1813 995 1872 illis
1059 1813 1461 1881 difﬁdentibus,
1525 1810 1594 1867 ad
1649 1809 2059 1867 aemulationem

2167 624 2352 680 cazcati
2385 631 2563 679 essent
2594 631 2876 696 apostata.

2241 721 2421 791 (Vers.
2454 721 2570 793 23.)
2617 745 2634 768 ε
2663 721 2767 778 Sed
2815 730 2869 779 et
2918 722 2999 780 illi
3050 723 3094 779 si
3128 739 3237 780 non
3269 727 3675 797 permanserint
3710 728 3768 786 in

2167 810 2572 878 incredulitate,
2622 811 2972 881 inserantur;
3032 821 3226 886 potens
3281 821 3362 870 est
3415 815 3562 872 enim
3620 819 3769 876 Deus

2167 903 2368 958 iterum
2417 903 2655 959 inserere
2691 903 2838 960 illos.
2868 930 2886 953 ι
2930 904 3184 962 Ostendit
3219 904 3496 976 justitiam
3524 908 3624 966 Dei
3657 927 3768 967 non

2167 994 2225 1049 in
2255 993 2543 1050 severitate
2574 1011 2792 1051 manere
2821 995 2968 1052 circa
3014 994 3160 1064 illos,
3193 1012 3330 1068 quos
3371 1000 3671 1056 excaecavit
3701 1001 3770 1058 ad

2168 1092 2416 1155 tempus;
2475 1084 2607 1157 quia
2663 1099 2774 1140 non
2826 1083 2906 1141 sic
2960 1084 3087 1142 illos
3141 1085 3351 1143 excidit
3382 1088 3521 1160 (70),
3553 1097 3615 1146 ut
3645 1107 3761 1148 non

2167 1173 2338 1246 possit
2382 1173 2508 1229 illos
2558 1173 2760 1229 iterum
2810 1173 3069 1242 inserere,
3119 1175 3166 1230 si
3218 1184 3634 1248 convertantur,
3672 1181 3771 1254 qui

2168 1281 2264 1336 per
2302 1264 2622 1336 prophetam
2653 1263 2799 1321 dixit
2827 1283 2838 1320 :
2887 1290 2904 1313 ι
2934 1267 3289 1323 Revertentes
3316 1267 3386 1325 ad
3416 1285 3502 1324 me
3541 1273 3772 1343 replau—

2168 1354 2295 1411 tabo
2329 1355 2543 1427 (Jerem.
2576 1371 2733 1423 XXIV,
2767 1355 2823 1427 6)
2851 1373 2864 1423 ;
2897 1379 2915 1401 ι
2961 1364 3022 1412 ut
3059 1355 3164 1412 hoc
3205 1356 3440 1413 scientes
3469 1357 3770 1418 Christiani

2170 1444 2399 1517 gentiles
2443 1460 2554 1499 non
2595 1444 2864 1501 insultent
2910 1444 3133 1514 Iudaeis,
3164 1447 3301 1502 certi
3344 1449 3609 1505 reservari
3657 1449 3771 1508 illis

2169 1535 2322 1610 quasi
2355 1535 2523 1608 lapsis
2553 1535 2990 1594 misericordiam
3019 1537 3139 1594 Dei.

2238 1633 2426 1705 (Vers.
2478 1632 2594 1706 24.)
2658 1659 2676 1681 ι
2721 1635 2860 1692 Nam
2909 1635 2955 1692 si
2987 1644 3048 1692 tu
3086 1652 3154 1692 ex
3193 1637 3431 1694 naturali
3467 1637 3686 1696 excisus
3715 1655 3772 1696 es

2169 1725 2423 1793 oleastro,
2471 1731 2524 1780 et
2569 1732 2762 1782 contra
2802 1735 3052 1783 naturam
3095 1727 3333 1786 insertus
3371 1747 3428 1788 es
3465 1731 3524 1788 in
3563 1730 3768 1790 bonum

2169 1815 2374 1870 olivam
2411 1834 2422 1872 :
2456 1823 2661 1890 quanto
2712 1817 2882 1889 magis
2912 1816 2992 1886 bi,
3024 1817 3118 1892 qui
3149 1822 3450 1878 secundum
3492 1832 3772 1894 naturam,

448 1904 674 1961 illorum
726 1913 790 1962 tu
845 1913 1074 1963 vocatus
1125 1922 1184 1962 es
1233 1904 1304 1960 ad
1360 1903 1615 1958 salutem.
1675 1899 1803 1956 Ideo
1860 1899 2060 1987 gratias
2089 1905 2135 1965 B
2168 1903 2480 1961 inserentur
2523 1921 2635 1960 suae
2680 1906 2878 1962 olivas!
2930 1931 2948 1955 ι
2999 1907 3214 1964 Olivam
3247 1909 3409 1967 ﬁdem
3442 1927 3538 1984 per
3591 1929 3758 1987 quam

448 1993 614 2050 debes
660 2010 815 2066 agere
861 1994 1009 2050 dono
1057 1993 1157 2050 Dei
1207 2009 1302 2064 per
1343 1989 1653 2055 Christum,
1688 2003 1800 2043 non
1833 1987 1945 2042 illis
1976 1986 2054 2040 in-

449 2083 654 2139 sultare
717 2100 728 2138 :
791 2081 887 2139 sed
943 2089 997 2138 et
1050 2087 1254 2152 petere,
1314 2079 1360 2136 si
1412 2078 1619 2134 malum
1678 2075 1902 2132 illorum
1952 2074 2056 2130 tibi

449 2174 688 2232 contulit
734 2173 804 2230 ad
846 2173 1118 2241 salutem;
1171 2181 1234 2228 ut
1273 2179 1326 2227 et
1374 2170 1478 2243 ipsi
1527 2166 1752 2224 redeant
1790 2166 1858 2224 ad
1893 2166 2056 2239 origi-

457 2281 604 2322 nem.
639 2265 794 2323 Tunc
823 2263 1066 2338 placebis
1095 2265 1232 2331 Deo,
1264 2261 1359 2333 qui
1389 2259 1472 2316 tui
1496 2260 1755 2316 misertus
1785 2267 1864 2314 est
1889 2276 1902 2325 ;
1933 2255 2056 2312 ideo

457 2355 605 2411 enim
635 2363 689 2413 te
717 2354 1032 2420 advocavit,
1062 2360 1123 2409 ut
1154 2368 1248 2425 per
1274 2361 1426 2409 tuam
1456 2348 1866 2407 aemulationem
1898 2347 2054 2403 redu-

451 2453 599 2502 ceret
627 2452 681 2502 et
707 2444 836 2501 illos
863 2443 932 2500 ad
964 2442 1220 2517 gratiam.

531 2540 626 2598 92
678 2535 811 2592 «Tu
865 2541 1047 2590 autem
1105 2531 1214 2588 ﬁde
1271 2541 1402 2588 stas.
1458 2551 1476 2579 ›
1547 2527 1687 2597 Quia
1733 2525 1910 2584 Judaei
1957 2541 2056 2599 per

451 2633 816 2692 difﬁdentiam
857 2631 994 2704 lapsi
1045 2639 1197 2698 sunt,
1241 2629 1344 2686 hos
1389 2628 1496 2684 ﬁde
1542 2626 1680 2682 dicit
1709 2633 1886 2691 stare;
1927 2623 2058 2697 quia

453 2741 577 2782 cum
627 2724 780 2796 prius
825 2719 1070 2794 perﬁdiae
1117 2735 1279 2776 causa
1314 2717 1581 2790 jacerent,
1611 2713 1882 2772 credendo
1913 2721 2056 2770 stare

451 2819 754 2886 coeperunt.
817 2835 835 2861 ι
862 2811 987 2869 Noli
1017 2811 1192 2866 altum
1233 2823 1439 2881 sapere,
1472 2806 1568 2863 sed
1615 2806 1769 2862 time.
1803 2831 1821 2854 ι
1862 2804 1923 2860 Id
1952 2812 2050 2872 est,

452 2904 567 2961 noli
596 2901 863 2976 superbus
891 2916 1028 2969 esse,
1062 2899 1158 2957 sed
1189 2915 1341 2960 cave.
1375 2913 1442 2954 ne
1471 2904 1525 2952 et
1555 2903 1612 2952 tu
1648 2893 1909 2951 offendas.

526 3011 708 3081 (Vers.
759 3008 876 3079 21.)
945 3031 963 3055 ‹
1009 3005 1066 3062 Si
1107 3004 1256 3060 enim
1303 3006 1449 3060 Deus
1496 3001 1842 3056 naturalibus
1887 2999 2055 3056 ramis

452 3115 564 3154 non
611 3096 854 3169 pepercit
876 3096 913 3161 ;“
942 3109 1011 3149 ne
1061 3093 1201 3149 forte
1249 3108 1349 3148 nec
1393 3090 1496 3146 tibi
1540 3099 1744 3162 parcat.
1775 3114 1794 3136 ι
1848 3088 2054 3145 Verum

460 3196 564 3254 est,
598 3187 728 3260 quia
777 3186 822 3242 si
878 3185 1023 3253 illos,
1069 3184 1162 3258 qui
1218 3180 1579 3255 praerogativa
1634 3181 1854 3236 Patrum
1902 3179 2054 3252 digni

2167 1991 2443 2049 Abraham
2486 1993 2822 2066 justiﬁcatus
2863 2005 2964 2064 est,
3015 1996 3351 2070 accipiamus
3401 2017 3414 2055 :
3468 2001 3770 2060 oleastrum

2168 2097 2316 2150 vero,
2350 2083 2480 2154 quia
2506 2085 2734 2153 agrestis
2772 2092 2826 2140 et
2855 2085 3198 2143 infructuosa
3228 2095 3424 2145 natura
3455 2098 3556 2157 est,
3590 2088 3773 2162 perﬁ-

2166 2169 2314 2225 diam
2352 2169 2718 2242 signiﬁcatam
2769 2173 2885 2244 (71)
2947 2191 2960 2230 :
3010 2189 3072 2230 ac
3127 2190 3224 2247 per
3279 2174 3386 2232 hoc
3450 2177 3496 2234 si
3551 2179 3612 2246 ii,
3674 2178 3771 2253 qui

2166 2275 2380 2332 semper
2436 2259 2655 2316 inimici
2713 2261 2811 2318 Dei
2869 2262 3115 2331 fuerunt,
3174 2265 3428 2323 conversi
3487 2266 3545 2322 in
3598 2268 3768 2328 ﬁdem

2166 2348 2402 2405 Abrahae
2451 2349 2643 2407 inserti
2687 2359 2835 2422 sunt,
2878 2369 2949 2409 ex
2998 2353 3156 2426 cujus
3202 2355 3412 2427 origine
3453 2373 3564 2414 non
3595 2369 3765 2431 sunt;

2166 2447 2373 2512 quanto
2415 2441 2588 2511 magis
2637 2441 2835 2512 Judaei,
2867 2443 2910 2499 si
2955 2450 3078 2516 post
3115 2443 3478 2502 dilﬁdentiam
3510 2448 3763 2520 credant,

2164 2539 2404 2604 paternae
2447 2531 2711 2589 reddendi
2763 2542 2891 2589 sunt
2933 2542 3165 2603 naturae,
3210 2533 3402 2591 inserti
3447 2535 3648 2593 iterum
3701 2535 3760 2595 in

2124 2668 2126 2670 .
2166 2637 2319 2677 suam
2347 2621 2767 2694 promissionem
2788 2623 2800 2678 l

2239 2721 2421 2794 (Vers.
2473 2719 2562 2788 25,
2613 2720 2727 2792 26.)
2783 2744 2800 2766 ι
2828 2720 2967 2776 Nolo
3004 2717 3152 2775 enim
3192 2718 3444 2790 ignorare
3491 2735 3612 2788 vos,
3644 2717 3770 2775 fra-

2164 2820 2292 2880 tres,
2342 2810 2667 2885 mysterium
2701 2810 2838 2878 hoc;
2889 2818 2950 2867 ut
2994 2826 3105 2866 non
3145 2809 3266 2866 sitis
3311 2809 3415 2884 ipsi
3463 2809 3624 2866 vobis
3671 2826 3768 2867 sa-

2165 2903 2412 2974 pientes;
2469 2901 2597 2974 quia
2649 2900 2872 2958 obtusio
2931 2899 3181 2974 quaedam
3245 2915 3316 2955 ex
3378 2906 3532 2972 parte
3597 2899 3767 2956 Israel

2165 2991 2307 3047 facta
2362 2997 2463 3058 est,
2521 2989 2697 3046 donec
2752 2989 3039 3063 plenitudo
3093 2988 3341 3062 gentium
3396 2987 3630 3046 intraret
3672 2995 3772 3045 :et

2165 3081 2244 3139 sic
2281 3082 2462 3139 omnis
2490 3082 2655 3137 Israel
2685 3082 2870 3138 salvus
2909 3081 3083 3137 ﬁeret.
3117 3105 3134 3127 ι
3180 3080 3300 3136 Νοιι
3330 3085 3413 3136 est
3441 3079 3762 3148 obscurum,

2165 3173 2295 3244 quia
2341 3170 2408 3227 ad
2455 3180 2671 3242 tempus
2710 3171 2975 3228 caecitatis
3015 3169 3234 3226 obtusio
3275 3169 3400 3225 data
3440 3178 3524 3226 est
3561 3168 3769 3225 Iudaeis

455 3258 786 3348 erant-(69),
820 3273 1020 3348 quibus
1055 3271 1218 3328 etiam
1252 3271 1395 3327 facta
1436 3269 1787 3342 repromissio
1817 3276 1898 3324 est
1939 3270 2053 3325 Deo
2087 3272 2135 3335 C
2170 3263 2287 3335 (72)
2323 3263 2410 3331 iis,
2442 3261 2538 3334 qui
2586 3261 2717 3317 dum
2767 3260 2952 3316 aemuli
2992 3260 3149 3333 Legis
3177 3268 3327 3328 sunt,
3360 3275 3470 3316 non
3502 3258 3768 3316 viderunt

458 3366 515 3422 in
567 3367 711 3423 ﬁlios
758 3363 1028 3436 adoptari,
1063 3360 1466 3419 incredulitatis
1508 3376 1670 3417 causa
1717 3358 2054 3425 excaecavit;

460 3455 593 3530 quid
623 3454 710 3512 his
739 3454 785 3512 si
811 3451 1210 3520 dubitaverint,
1237 3458 1333 3507 aut
1363 3450 1408 3507 si
1441 3467 1496 3507 se
1525 3449 1848 3517 extulerint,
1872 3447 2054 3516 faciet,

453 3545 546 3621 qui
586 3545 743 3602 nulla
791 3540 1270 3602 commendatione
1313 3540 1597 3598 sublimati
1647 3548 1817 3598 sunt:
1856 3539 2057 3613 quippe

452 3653 576 3692 cum
611 3634 824 3690 nullius
853 3632 1139 3704 dignitatis
1169 3640 1369 3699 essent,
1405 3631 1656 3686 honorati
1687 3629 1866 3686 sunt?

525 3744 709 3815 (Vers.
755 3741 871 3812 22.)
917 3765 936 3788 ι
965 3740 1108 3797 Vide
1137 3757 1264 3814 ergo
1294 3741 1596 3798 bonitatem
1627 3747 1680 3796 et
1708 3748 2055 3796 severitatem

451 3835 548 3892 Dei
589 3853 600 3890 :
635 3833 693 3889 in
740 3849 833 3890 eos
880 3832 1102 3906 quidem
1151 3834 1244 3906 qui
1285 3831 1621 3899 ceciderunt,
1653 3830 2002 3888 severitatem
2041 3847 2052 3885 :

454 3923 511 3979 in
534 3931 587 3979 te
614 3930 818 3990 autem,
843 3922 1145 3979 bonitatem
1175 3940 1189 3991 ;
1217 3923 1264 3978 si
1296 3921 1659 3995 permanseris
1687 3922 1743 3976 in
1773 3920 2054 3976 bonitate:

453 4013 700 4087 alioquin
753 4022 807 4069 et
843 4021 904 4070 tu
947 4013 1237 4087 excideris.
1269 4039 1288 4062 ι
1334 4014 1546 4070 Bonum
1593 4015 1766 4070 Deum
1799 4011 2060 4085 gentibus

453 4121 568 4163 esse
612 4113 875 4174 testatur;
920 4105 1049 4179 quia
1093 4086 1222 4163 cum
1268 4104 1418 4161 idola
1465 4112 1843 4177 sequerentur,
1903 4102 2059 4175 digni

451 4196 643 4270 utique
698 4196 910 4264 mortis,
958 4195 1227 4267 patientia
1276 4213 1376 4253 sua
1421 4195 1760 4268 exspectavit
1815 4193 1965 4261 illos,
2004 4199 2059 4248 et

450 4301 553 4342 nec
607 4284 790 4342 adhuc
841 4286 1184 4358 requirentes
1225 4302 1303 4353 se,
1353 4286 1504 4341 ultro
1548 4284 1775 4342 vocavit
1808 4283 1954 4340 illos.
2004 4291 2058 4339 et

449 4385 669 4450 peccata
719 4375 800 4434 eis
863 4376 1096 4435 remisit.
1153 4375 1358 4433 Iudaeis
1413 4385 1598 4432 autem
1657 4391 1879 4432 severus
1934 4381 2052 4442 est;

449 4467 750 4525 excaecavit
791 4466 942 4524 enim
991 4481 1107 4533 eos,
1142 4466 1272 4539 quia
1317 4465 1524 4522 donum
1574 4465 1672 4522 Dei
1710 4471 2054 4536 spreverunt.

448 4558 560 4613 Hos
599 4564 785 4613 tamen
842 4573 991 4614 nunc
1041 4555 1322 4629 signiﬁcat
1379 4555 1640 4623 Judaos,
1691 4555 1785 4628 qui
1837 4563 2057 4626 propter

448 4647 894 4704 malevolentiam
953 4662 1106 4703 suam
1168 4646 1224 4702 in
1277 4654 1598 4719 perpetuum
1645 4645 1832 4703 caecati
1885 4651 2047 4720 sunt;
2081 4644 2129 4703 D

447 4737 594 4794 unde
648 4744 702 4794 et
753 4736 1018 4794 cecidisse
1087 4752 1180 4792 eos
1235 4735 1374 4794 dicit
1432 4754 1444 4792 :
1503 4736 1631 4792 illos
1683 4742 1867 4792 autem
1918 4750 2056 4808 quos

452 4843 618 4898 supra
660 4827 1012 4895 memoravit,
1043 4825 1359 4895 offendisse,
1391 4841 1500 4882 non
1527 4833 1711 4882 tamen
1753 4823 2050 4891 cecidisse;

451 4917 585 4990 quia
632 4917 701 4974 ad
751 4925 973 4992 tempus
1001 4925 1233 4976 caecatos
1257 4917 1387 4976 illos
1416 4916 1695 4987 ostendit;
1725 4934 1790 4976 ac
1827 4933 1923 4991 per
1950 4915 2057 4973 hoc

550 5147 643 5222 08)
677 5146 846 5222 Corb.
889 5147 1086 5222 codex,
1117 5149 1378 5222 decipitur
1404 5153 1498 5222 qui
1544 5151 1770 5207 insultat
1797 5149 2049 5222 peccanti.

551 5221 643 5300 69)
676 5221 758 5300 Ita
789 5236 920 5275 mss.
957 5220 1116 5300 longe
1157 5220 1427 5300 plurimi;
1455 5223 1587 5280 edit.
1623 5239 1774 5300 vero,
1801 5220 2055 5300 dignitosi

446 5299 620 5361 erant,
652 5292 721 5350 ad
757 5307 892 5364 quas
922 5292 1088 5346 etiam
1135 5292 1403 5349 accedunt
1455 5295 1709 5351 nonnulli
1770 5309 1927 5358 mss.,
1957 5292 2052 5347 ubi

448 5364 650 5436 legitur
690 5363 840 5436 digni
892 5363 1028 5418 tonsi
1065 5371 1239 5436 erant.
1291 5367 1501 5422 Rursus
1543 5373 1748 5436 autern,
1780 5365 1873 5419 ubi
1919 5366 2054 5435 lege-

446 5434 610 5491 batur
653 5436 712 5491 in
756 5434 890 5492 edit.
925 5434 1185 5492 omnibus
1224 5445 1280 5494 et
1306 5454 1439 5494 mss.
1475 5435 1827 5506 quibusdam,
1857 5434 2056 5506 Dedin

445 5507 590 5580 ﬁlios
641 5507 904 5580 adoptati.
942 5516 1036 5564 aut
1082 5521 1142 5580 ut
1192 5507 1247 5565 in
1301 5505 1590 5580 nonnullis
1637 5508 1802 5580 paulo
1832 5505 2051 5575 melius,

444 5579 760 5652 adaptatis;
787 5579 994 5652 optime
1019 5579 1218 5652 reliqui
1243 5579 1394 5647 cod.,
1425 5579 1693 5651 adoptari.

519 5650 638 5724 (70)
683 5651 960 5724 Nonnulli
1005 5650 1159 5720 cod.,
1183 5654 1256 5708 ad
1307 5650 1542 5724 tempus,
1557 5668 1647 5706 nec
1673 5651 1882 5724 quidam
1911 5651 2056 5724 circa

443 5721 564 5805 eos,
586 5721 711 5806 qui.
746 5721 938 5806 nolunt
976 5724 1216 5806 credere,
1273 5722 1320 5778 si
1351 5721 1588 5792 credant,
1645 5721 1772 5795 quia
1823 5739 1933 5778 non
1981 5723 2054 5778 sic

444 5793 645 5853 excidit
672 5793 908 5861 Iudaeos,
939 5800 1043 5847 etc.

2167 3354 2375 3411 donum
2433 3352 2647 3408 venisse
2692 3355 3021 3425 promissum
3072 3369 3104 3407 a
3147 3353 3277 3419 Deo,
3310 3351 3456 3424 quod
3489 3350 3767 3424 praedica-

2167 3445 2329 3500 batur
2377 3460 2409 3498 a
2451 3441 2690 3502 Christo.
2729 3442 2856 3498 Zelo
2899 3444 3045 3498 enim
3082 3441 3340 3498 excaecati
3371 3449 3522 3508 sunt,
3554 3449 3765 3513 putan-

2169 3541 2249 3588 tes
2311 3534 2483 3604 legem
2561 3533 2830 3588 factorum
2912 3547 3194 3603 nunquam
3261 3529 3457 3585 debere
3513 3544 3764 3598 cessare;

2169 3625 2314 3681 unde
2344 3625 2630 3681 sabbatum
2661 3623 3000 3681 zelabantur.
3031 3625 3150 3692 Qua
3182 3622 3484 3679 oﬁ‘ensione
3515 3638 3585 3678 ex
3611 3631 3766 3694 parte

2169 3716 2349 3772 obtusi
2390 3723 2541 3782 sunt,
2584 3722 2645 3770 ut
2688 3732 2787 3788 pro
2827 3713 3209 3771 incredulitate
3238 3730 3336 3769 sua
3363 3711 3764 3781 cruciarentur,

2168 3803 2419 3859 videntes
2470 3811 2656 3875 gentes
2705 3803 2950 3876 proﬁteri
2998 3820 3124 3860 cum
3183 3801 3383 3875 gaudio
3439 3811 3766 3859 consecutos

2167 3909 2224 3948 se
2267 3892 2744 3964 repromissionem
2793 3892 3029 3948 Abrahae
3063 3911 3075 3949 :
3111 3892 3269 3966 copia
3314 3899 3495 3948 tamen
3527 3890 3767 3949 admissa

2169 3983 2433 4055 gentium.
2468 3983 2868 4055 abstergeretur
2895 3984 3072 4057 caligo
3105 3981 3173 4038 ab
3221 3982 3395 4040 oculis
3433 3983 3633 4038 mentis
3662 3998 3764 4039 eo-

2169 4091 2314 4142 rum,
2355 4081 2415 4129 ut
2453 4073 2661 4144 possint
2699 4071 2955 4139 credere;
2996 4081 3056 4128 ut
3085 4071 3343 4144 spiritum
3374 4071 3766 4144 compunctio—

2167 4168 2254 4224 nis
2305 4167 2605 4240 prohibens
2647 4184 2677 4223 a
2732 4166 2992 4224 cordibus
3034 4182 3247 4235 eorum,
3278 4164 3375 4238 qui
3423 4165 3502 4221 eis
3541 4171 3762 4238 praestat

2167 4258 2491 4326 caecitatem,
2515 4257 2705 4316 reddat
2730 4259 2810 4316 eis
2840 4256 3131 4315 arbitrium
3163 4255 3399 4312 liberum
3421 4255 3757 4322 voluntatis;

2166 4351 2299 4423 quia
2363 4367 2473 4408 non
2543 4351 2611 4407 de
2694 4350 3086 4408 malevolentia
3160 4356 3278 4406 erat
3367 4348 3759 4415 incredulitas,

2165 4442 2261 4498 sed
2326 4441 2394 4499 de
2447 4458 2650 4512 errore,
2716 4441 3161 4508 emendarentur,
3227 4445 3290 4496 ut
3351 4446 3540 4512 postea
3587 4440 3758 4496 salva-

2164 4539 2374 4590 rentur.

2249 4667 2268 4689 ε
2319 4641 2475 4700 Sicut
2514 4642 2783 4714 scriptum
2813 4648 2915 4697 est.
2945 4664 2964 4689 ι
3009 4639 3080 4696 Ut
3107 4637 3364 4712 probaret
3397 4637 3609 4695 donum
3645 4637 3758 4697 illis

2164 4742 2499 4789 reservatum
2551 4747 2582 4786 a
2624 4734 2759 4800 Deo,
2810 4729 3126 4802 exemplum
3174 4728 3326 4785 Isaia
3375 4727 3654 4801 prophetae
3698 4729 3755 4784 in

2164 4823 2425 4894 subjectis
2474 4822 2636 4894 ponit
2680 4837 2692 4877 :
2742 4828 2805 4876 ut
2855 4819 2958 4876 bac
3007 4820 3179 4891 gratia
3221 4837 3328 4894 qua
3375 4819 3592 4877 liberati
3629 4824 3757 4876 sunt

2163 4913 2338 4970 Judaei
2396 4910 2700 4980 credentes,
2745 4917 2799 4967 et
2858 4925 2960 4965 nos
3014 4908 3236 4968 liberari
3285 4926 3445 4983 posse
3493 4908 3751 4974 doceret;

2239 5149 2355 5220 (71)
2410 5148 2589 5220 Eras,
2627 5153 2682 5220 et
2725 5163 2839 5220 seq.
2903 5144 3035 5220 edit.
3062 5187 3076 5212 ,
3126 5143 3340 5200 olivam.
3390 5143 3550 5201 Rom.
3591 5145 3756 5220 etcum

2162 5215 2409 5294 ﬁdcm.'...
2481 5215 2818 5294 accipi-inus;—
2869 5219 3093 5273 oleaster
3173 5233 3410 5294 uero..."
3476 5215 3755 5288 perﬁdiam

2163 5287 2459 5362 signiﬁcat;
2490 5287 2713 5347 Am'erb.
2745 5297 2926 5362 autem
2955 5296 3009 5345 et
3029 5287 3490 5362 mssalectionem’
3514 5287 3752 5362 nostram

2164 5357 2530 5430 constituunt,
2573 5361 2679 5419 nisi
2729 5361 2874 5435 quod
2929 5359 3183 5435 nonnulli
3226 5358 3452 5435 habent,
3488 5366 3536 5415 et
3564 5357 3753 5428 infru-

2162 5443 2372 5492 ctuosus
2418 5443 2618 5491 natura
2657 5430 2761 5501 est;
2781 5432 3038 5488 nonnulli
3077 5437 3125 5486 et
3161 5430 3507 5500 infructuosa
3547 5437 3753 5487 natura:

2162 5515 2267 5571 est;
2314 5515 2366 5562 et
2420 5507 2686 5564 continuo
2738 5511 2860 5576 post
2915 5503 3140 5560 Amerb.
3197 5519 3324 5559 cum
3373 5504 3561 5576 paucis
3597 5517 3749 5566 mss.,

2155 5581 2443 5652 perﬁdiam
2473 5578 2752 5652 signiﬁcat.

2235 5635 2352 5723 ('72)
2385 5650 2477 5723 Sic
2504 5635 2754 5716 limere,
2785 5648 2938 5704 Eras.
2971 5664 3034 5706 ac
3062 5651 3246 5723 plures
3274 5665 3431 5723 mss.,
3462 5647 3594 5723 Gill.
3623 5658 3753 5723 vero

2161 5717 2392 5850 ettgdilt.
2423 5722 2600 5802 .Rom.
2654 5737 2781 5778 cum
2829 5736 2957 5776 mss.
3001 5717 3350 5794 quibusdam,
3380 5718 3583 5777 obtusio
3609 5717 3751 5789 facta

2161 5812 2210 5850 es
2293 5811 2325 5847 ιι
2360 5810 2478 5848 »(ειε.

2161 5800 2234 5850 est
2257 5800 2478 5850 Judwis.
