3980 6376
235 371 332 434 164

1337 385 1699 452 COMMENT.
1743 396 1815 455 1N
1852 388 2074 456 EPIST.
2116 401 2214 458 AD
2251 391 2422 462 RoM‘.

3434 420 3538 484 462

222 500 352 572 quia
410 518 522 560 non
587 516 704 565 erat
774 509 1078 582 exinanita,
1152 512 1249 571 sed
1300 532 1514 591 semper
1557 518 1823 582 abundat.
1855 538 1906 598 Α
1942 523 2212 597 jactarent
2257 530 2581 589 insultantes
2629 534 2854 604 Iudaeis,
2902 537 2999 610 qui
3039 556 3150 598 non
3190 545 3537 606 crediderant

222 589 372 646 Dicit
400 608 560 665 ergo:

296 678 479 750 (Vers.
523 684 639 759 27.)
709 713 727 736 ι
773 689 972 748 Veniet
1029 708 1099 749 ex
1153 692 1308 765 Sion,
1354 697 1450 770 qui
1492 699 1712 772 eripiat,
1767 711 1821 759 et

220 778 433 830 avertat
479 776 812 848 impietatem
859 782 927 838 ab
981 782 1192 842 Iacob:
1244 795 1299 843 et
1342 787 1448 846 hoc
1492 791 1606 847 illis
1659 809 1690 848 a
1736 810 1821 861 me

219 864 634 936 testamentum,
680 884 804 925 cum
849 870 1130 931 abstulero
1177 886 1398 948 peccata
1443 895 1632 937 eorum
1684 882 1818 954 (Isa.

220 963 339 1018 ιιι,
390 952 518 1042 28).
549 979 568 1002 ι
629 957 885 1033 Exempli
933 961 1100 1035 hujus
1159 967 1299 1022 ratio
1353 984 1566 1041 semper
1614 952 1818 1042 manet,

219 1041 469 1112 quandiu
529 1053 676 1115 sunt,
736 1050 830 1121 qui
887 1052 1130 1111 credant.
1189 1056 1293 1114 Hic
1347 1059 1494 1115 enim
1553 1061 1820 1119 Dominus

219 1127 396 1198 Iesus,
440 1134 534 1205 qui
569 1134 636 1191 de
679 1139 833 1196 ccelis
870 1151 1137 1200 venturus
1169 1148 1470 1219 promissus
1515 1158 1596 1206 est
1643 1151 1708 1207 ad
1742 1153 1821 1208 li-

219 1214 557 1278 berationem
591 1223 818 1284 humani
867 1233 1100 1303 generis,
1154 1214 1268 1307 ipse
1313 1237 1559 1310 quotidie
1589 1242 1821 1300 remittit

217 1317 440 1380 peccata
477 1317 758 1373 conversis
787 1318 858 1375 ad
886 1338 964 1390 se,
1009 1339 1112 1379 nec
1140 1325 1322 1382 statim
1374 1344 1484 1384 non
1538 1330 1820 1390 credentes

221 1397 572 1492 condemnat,
617 1405 711 1464 sed
743 1419 1042 1483 exspectat,
1065 1414 1242 1472 sciens
1275 1432 1431 1490 posse
1460 1419 1722 1492 prolicere
1751 1423 1818 1479 ad

218 1485 558 1556 agnitionem
590 1493 711 1551 Dei.

280 1574 471 1673 .(Yers.
502 1579 619 1654 28.)
663 1607 681 1629 ι
711 1582 1024 1646 Secundum
1067 1591 1430 1667 Evangelium
1461 1597 1680 1670 quidem
1713 1598 1815 1655 ini.

214 1665 347 1721 mici
395 1679 620 1742 propter
666 1690 783 1732 vos.
826 1702 845 1727 ι
909 1678 1084 1738 Causa
1129 1665 1536 1744 incredulitatis
1566 1692 1660 1751 93
1698 1688 1820 1746 ini-

212 1760 346 1818 mici
375 1774 506 1822 sunt
539 1768 851 1844 Evangelii,
889 1785 952 1834 ut
994 1794 1149 1836 error
1191 1789 1246 1838 et
1285 1782 1550 1841 delictum
1589 1786 1813 1844 illorum

216 1851 486 1966 gentibus.
521 1860 760 1931 aperiret
805 1863 948 1920 viam
997 1876 1124 1925 ante
1179 1877 1396 1944 tempus
1450 1874 1694 1932 intrandi
1745 1877 1883 1966 adB

211 1939 402 2011 fidem,
443 1946 588 2004 sicut
630 1967 794 2024 supra
842 1958 1182 2028 memoravi;
1240 1962 1394 2034 prius
1423 1966 1570 2022 enim
1609 1967 1812 2041 ubique

209 2033 474 2092 omnibus
512 2037 716 2096 Judaeis
765 2044 1173 2114 praedicandum
1222 2033 1358 2122 erat,
1410 2062 1544 2114 tunc
1588 2033 1808 2116 demum

212 2131 266 2178 et
294 2125 552 2222 gentibus
582 2133 865 2202 oportebat
913 2138 1060 2194 credi
1093 2141 1320 2198 verbum
1361 2145 1480 2201 Dei.
1533 2148 1638 2204 Sed
1683 2149 1812 2222 quia

208 2227 321 2268 non
349 2215 728 2305 crediderunt,
758 2223 1002 2282 ablatum
1047 2228 1115 2284 ab
1150 2231 1228 2287 eis
1257 2248 1484 2305 regnum
1515 2215 1716 2293 datum.
1731 2248 1812 2296 est

209 2304 486 2376 gentibus.
541 2309 730 2384 Itaque
756 2329 869 2371 non
918 2317 1296 2379 insultandum
1329 2304 1438 2381 his
1487 2338 1809 2402 praemonet,

211 2407 449 2466 quorum
482 2397 746 2459 delictum
778 2405 985 2477 profuit
1014 2410 1300 2482 gentibus;
1335 2415 1413 2472 ibi
1443 2397 1591 2472 enim
1623 2397 1810 2476 insul;

209 2485 441 2580 tandum
471 2500 570 2559 est,
616 2493 774 2566 cujus
805 2507 1089 2568 peccatum
1133 2504 1640 2580 obfuitaliquibus.
1689 2513 1810 2568 Non

209 2577 361 2666 enim
394 2578 452 2634 in
482 2581 712 2653 perfidia
740 2585 964 2645 illorum
1003 2594 1386 2662 gratulandum
1417 2577 1521 2666 est,
1573 2599 1670 2656 sed
1699 2601 1810 2657 do-

209 2665 465 2738 landum,
509 2670 555 2726 si
603 2673 822 2732 tardant
850 2681 1138 2750 comerti;
1180 2691 1242 2739 ut
1271 2665 1548 2758 quomodo
1589 2698 1810 2760 peccato

211 2757 439 2816 illorum
461 2763 718 2834 gravissae
747 2775 876 2824 sunt
905 2777 1112 2842 gentes,
1143 2775 1271 2847 quia
1292 2757 1516 2835 salvatae
1545 2757 1700 2848 sunt;
1731 2782 1811 2840 sic

212 2851 580 2908 conversione
611 2869 800 2911 eorum
835 2858 1108 2930 laetentur,
1160 2863 1404 2935 ipsorum
1451 2868 1599 2924 enim
1644 2886 1810 2928 occa-

213 2935 372 2994 sione
398 2939 497 2995 Dei
528 2942 756 3012 gratiam
788 2944 956 3000 citius
984 2963 1360 3022 perceperunt.

295 3049 316 3074 ι
357 3027 674 3086 Secundum
728 3033 1054 3093 electionem
1110 3049 1289 3098 autem
1349 3043 1537 3103 dilecti
1591 3056 1812 3121 propter

207 3113 418 3172 Patres.
450 3143 468 3164 -
526 3118 791 3186 Quamvis
829 3126 1070 3196 graviter
1100 3133 1448 3202 peccaverint
1491 3113 1665 3192 Judaei
1693 3113 1809 3193 -re-

206 3207 490 3280 probando
521 3208 726 3268 donum
777 3214 894 3285 Dei,
942 3225 997 3273 et
1029 3216 1181 3292 digni
1210 3220 1322 3278 sint
1369 3235 1581 3294 morte;
1631 3235 1811 3284 tamen

205 3297 336 3369 quia
391 3296 494 3353 ﬁlii
550 3309 679 3357 sunt
728 3302 1024 3376 bonorum,
1075 3325 1309 3382 quorum
1357 3318 1718 3388 praerogativa
1754 3327 1809 3374 et

204 3389 405 3444 merito
461 3389 700 3461 plurima
742 3408 775 3447 a
826 3395 941 3451 Deo
985 3395 1252 3455 beneficia
1305 3414 1683 3476 perceperunt,
1727 3425 1806 3463 re-

205 3479 372 3551 gressi
427 3480 497 3537 ad
553 3480 719 3538 fidem
770 3485 1143 3558 suscipientur
1205 3507 1332 3548 cum
1396 3495 1621 3563 laetitia;
1679 3498 1808 3571 quia

201 3565 430 3626 dilectio
495 3569 556 3627 in
621 3571 711 3629 his
767 3575 870 3631 Dei
931 3579 1305 3640 exsuscitatur
1369 3587 1636 3646 memoria
1693 3565 1806 3646 i’a-

202 3664 375 3718 trum.

277 3751 460 3824 (Vers.
490 3754 605 3829 29.)
647 3780 666 3804 ι
696 3755 827 3814 Sine
867 3757 1193 3831 poenitentia
1237 3764 1386 3822 enim
1413 3777 1543 3824 sunt
1577 3767 1720 3826 dona
1751 3779 1805 3827 et

202 3848 424 3903 vocatio
453 3848 573 3905 Dei.
603 3873 623 3898 ι
661 3850 867 3908 Verum
894 3860 996 3922 est,
1026 3853 1154 3927 quia
1184 3857 1357 3929 gratia
1383 3859 1483 3916 Dei
1512 3860 1568 3917 in
1601 3862 1804 3936 baptis-

203 3944 348 3993 mate
378 3953 489 3995 non
516 3940 714 4013 quaerit
743 3941 1032 4014 gemitum,
1081 3953 1176 4002 aut
1203 3949 1506 4020 planctum,
1541 3961 1637 4008 aut
1665 3971 1801 4026 opus

204 4025 456 4099 aliquod;
505 4029 616 4087 nisi
658 4031 840 4089 solum
869 4050 938 4091 ex
966 4034 1130 4092 corde
1157 4038 1576 4110 professionem.
1617 4025 1804 4118 Neque

204 4115 352 4173 enim
424 4118 554 4192 quia
617 4122 858 4193 graviter
919 4123 1264 4199 deliquerant
1319 4147 1432 4187 non
1486 4115 1804 4205 recipiendo

205 4205 534 4277 promissum
576 4209 699 4280 Dei,
745 4219 801 4268 et
848 4213 978 4285 quia
1023 4230 1144 4288 quae
1189 4219 1430 4291 graviter
1485 4232 1801 4296 peccantur,

205 4308 314 4352 non
345 4295 455 4354 nisi
495 4296 629 4356 ﬂetu
657 4307 713 4356 et
756 4301 967 4374 gemitu
1015 4303 1083 4360 ad
1113 4309 1331 4366 veniam
1371 4312 1684 4384 pertinent;
1735 4295 1803 4372 ne

207 4381 326 4441 ideo
356 4385 486 4443 illos
534 4404 646 4445 non
689 4406 846 4462 posse
893 4391 1008 4464 jam
1067 4396 1311 4469 accipere
1367 4381 1802 4461 misericordiam

206 4482 479 4546 putarent,
523 4479 653 4552 quia
680 4478 865 4537 dolere
896 4483 1022 4540 illos
1065 4501 1177 4542 non
1210 4486 1511 4560 videbant;
1561 4493 1804 4549 ostendit

208 4561 308 4621 hoc
335 4566 482 4625 inter
506 4569 810 4642 primordia
835 4571 964 4629 ﬁdei
994 4590 1105 4631 non
1136 4577 1342 4650 requiri
1366 4597 1381 4646 ;
1414 4579 1622 4638 donum
1651 4583 1797 4640 enim

207 4651 304 4710 Dei
330 4658 498 4729 gratis
523 4658 695 4716 donat
725 4671 944 4732 peccata
973 4664 1030 4720 in
1058 4664 1357 4737 baptismo.

277 4744 456 4817 (Vers.
503 4747 596 4818 30,
644 4748 760 4823 3i.)
829 4776 847 4799 ι
880 4752 1035 4810 Sicut
1081 4755 1229 4811 enim
1272 4767 1325 4814 et
1359 4773 1456 4815 vos
1503 4759 1800 4834 aliquando

209 4841 312 4892 nan
371 4836 686 4896 credidistis
736 4841 869 4911 Deo,
922 4859 1070 4901 nunc
1123 4855 1306 4902 autem
1365 4848 1798 4907 misericordiam

210 4929 481 4983 consecuti
520 4927 651 4985 estis
679 4938 900 5003 propter
943 4933 1166 4991 illorum
1207 4934 1606 5009 difﬁdentiam;
1641 4941 1720 4997 ita
1745 4949 1799 4998 et

211 5009 297 5070 isti
338 5033 488 5075 nunc
532 5034 642 5074 non
687 5020 1041 5078 crediderunt
1090 5022 1148 5078 in
1194 5033 1376 5082 vestra
1424 5028 1795 5101 miseratione,

213 5109 272 5158 nt
297 5113 350 5164 et
378 5108 482 5180 ipsi
512 5108 946 5168 misericordiam
981 5126 1408 5188 consequantur.
1447 5143 1465 5165 ι
1525 5121 1798 5177 lncredu-

214 5190 411 5256 litatem
452 5201 700 5274 gentium
743 5211 1028 5273 memorat,
1071 5214 1133 5262 ut
1175 5205 1294 5279 ipso
1340 5207 1538 5266 rubore
1585 5227 1697 5267 non
1743 5227 1799 5268 se

282 5420 392 5498 (73)
432 5428 591 5503 Rom.
641 5428 800 5500 edit.,
846 5437 906 5488 ut
949 5431 1157 5503 perfusi
1201 5431 1481 5490 rubore....
1532 5435 1621 5490 sed
1664 5437 1799 5492 oble-

215 5500 402 5553 cta-rent
453 5501 592 5568 illos,
656 5509 720 5576 ut
771 5500 1106 5576 agnoscerent
1156 5505 1478 5576 promissum
1534 5507 1651 5563 Dei.
1709 5509 1798 5563 Se-

217 5578 459 5647 quentem
489 5587 622 5647 vero
655 5574 832 5630 locum
860 5575 984 5632 cod.
1017 5574 1181 5634 Corb.
1211 5577 1287 5632 ita
1311 5578 1622 5636 contrahit:
1660 5581 1797 5647 Quia

216 5639 479 5724 miri-1.003,
510 5645 705 5716 inquit,
748 5653 915 5718 gentes
942 5647 1154 5719 fuistis;
1186 5667 1326 5705 nunc
1362 5657 1536 5706 autem
1580 5639 1799 5708 mis-eri-

216 5713 460 5784 cardiam,
491 5713 595 5773 etc:
690 5713 698 5716 ⁷
748 5713 768 5718 ⁷
942 5713 952 5719 ’
1134 5713 1143 5716 ⁷

283 5783 392 5858 (74)
434 5787 535 5846 Ms.
587 5788 778 5859 Corb.,
839 5797 900 5846 ut
945 5808 1045 5864 per
1096 5770 1370 5854 indictum.
1429 5797 1549 5856 Non
1608 5797 1801 5856 multis

1929 614 2024 670 sed
2078 616 2414 675 oblectarent
2466 621 2591 677 illos
2654 639 2945 695 agnoscere
3022 632 3358 699 promissum
3410 639 3532 695 Dei.

1932 703 2049 775 (73)
2083 704 2221 772 Quia
2262 709 2410 764 enim
2460 726 2578 778 vos,
2626 712 2829 785 inquit,
2886 724 3098 787 gentes,
3142 735 3264 776 cum
3311 723 3398 780 his
3427 728 3534 782 elo-

1930 793 2059 863 quia
2105 795 2205 851 Dei
2261 797 2468 854 credita
2513 799 2647 869 sint,
2699 811 3072 876 repugnantes
3125 807 3342 879 fuistis;
3387 827 3535 870 nunc

1929 890 2110 939 autem
2146 885 2580 946 misericordiam
2612 893 2923 964 accepistis,
2963 911 3073 951 non
3103 905 3286 955 vestro
3313 902 3534 973 merito,

1928 972 2022 1028 sed
2063 974 2130 1030 ad
2160 974 2360 1032 horum
2399 980 2794 1052 opprobrium;
2844 999 3010 1056 quare
3050 1001 3162 1042 non
3225 990 3397 1061 magis
3441 972 3533 1049 isti

1926 1065 2180 1120 conversi
2208 1067 2483 1139 accipiant
2517 1070 2976 1142 misericordiam,
3020 1076 3112 1148 qui
3144 1077 3301 1148 prius
3330 1095 3388 1134 ιη
3419 1080 3534 1153 lege

1925 1153 2026 1208 Dei
2085 1159 2395 1214 conversati
2447 1167 2614 1230 sunt,
2673 1169 2728 1218 et
2782 1163 2986 1236 quibus
3041 1166 3184 1222 facta
3240 1170 3533 1240 promissio

1927 1251 2008 1299 est
2030 1244 2058 1300 ‘P

2001 1333 2183 1405 (Vers.
2217 1334 2333 1409 32.)
2395 1363 2414 1386 ε
2444 1337 2732 1397 Conclusit
2761 1341 2907 1398 enim
2950 1344 3098 1401 Deus
3128 1346 3318 1402 omnia
3347 1347 3404 1404 in
3434 1345 3531 1405 in-

1927 1421 2271 1494 credulitate,
2315 1436 2376 1484 ut
2403 1429 2654 1485 omnium
2692 1431 3036 1488 misereatur.
3069 1458 3086 1480 ι
3131 1433 3334 1492 Gentes
3364 1453 3531 1510 porro

1925 1510 1994 1566 ab
2023 1513 2263 1588 antiquis
2308 1519 2650 1590 temporibus
2695 1520 2751 1576 in
2797 1521 3078 1594 impietate
3125 1532 3179 1581 et
3220 1525 3533 1598 ignorantia

1926 1602 2306 1673 versabantur,
2347 1613 2562 1678 utpote
2594 1609 2713 1666 sine
2757 1612 2910 1668 Deo:
2955 1621 3176 1685 propter
3207 1615 3353 1688 quod
3403 1633 3528 1674 ma-

1925 1689 2179 1747 nifestata
2209 1693 2300 1749 lex
2328 1695 2386 1750 in
2430 1696 2630 1753 litteris
2686 1707 2788 1768 est,
2839 1716 2945 1773 qua
2990 1714 3209 1774 possent
3261 1705 3527 1762 infrenari

1924 1780 2250 1852 praecipites.
2299 1783 2369 1840 Et
2396 1786 2656 1856 quoniam
2708 1791 2953 1846 versutia
2995 1792 3272 1851 adversari
3322 1812 3564 1877 eumn--

1924 1868 2026 1924 lari
2081 1880 2304 1942 peccata
2354 1887 2662 1948 cmperunt,
2721 1885 2783 1934 ut
2837 1896 2933 1951 per
2992 1881 3347 1939 interdictum
3407 1884 3524 1958 (74)

1924 1961 2098 2032 magis
2152 1979 2276 2021 reus
2320 1964 2487 2023 homo
2535 1969 2996 2039 constitueretur;
3050 1974 3199 2028 Deus
3236 1974 3527 2031 clementia

1919 2052 2189 2112 bonitatis
2216 2073 2329 2112 suae
2360 2075 2471 2114 sem
2483 2076 2578 2132 per
2605 2061 2822 2118 homini
2856 2079 3176 2136 procurans,
3206 2075 3268 2122 ut
3296 2073 3350 2122 et
3379 2069 3524 2140 quod

1921 2140 2040 2197 sine
2085 2143 2200 2215 lege
2251 2154 2534 2217 peccatum
2566 2160 2702 2220 erat,
2751 2159 2806 2207 et
2852 2151 2912 2208 in
2943 2152 3059 2226 lege
3107 2164 3289 2226 posset
3318 2155 3522 2225 deleri;

1930 2229 2037 2290 hoc
2083 2233 2329 2293 decrevit
2382 2248 2444 2296 ut
2495 2240 2667 2297 solam
2713 2241 2879 2298 fidem
2920 2252 3168 2316 poneret,
3221 2261 3316 2319 per
3357 2263 3523 2320 quam

1921 2324 2172 2380 omnium
2223 2337 2443 2398 peccata
2488 2331 2887 2389 abolerentur:
2939 2342 3000 2391 ut
3043 2335 3171 2408 quia
3200 2337 3354 2392 nulla
3395 2349 3517 2408 spes

1921 2427 2016 2483 per
2046 2415 2218 2487 legem
2250 2418 2508 2474 omnibus
2538 2419 2862 2478 hominibus
2890 2431 3029 2492 erat,
3067 2425 3165 2481 Dei
3196 2426 3519 2482 misericor—

1921 2501 2011 2558 dia
2045 2507 2409 2564 salvarentur.
2459 2510 2575 2566 Hoc
2621 2521 2701 2567 est
2749 2514 2934 2570 omnia
2976 2515 3308 2573 conclusisse
3352 2518 3409 2573 in
3441 2516 3524 2573 in-

1921 2594 2267 2664 credulitate,
2319 2608 2380 2654 ut
2427 2607 2558 2654 tunc
2610 2600 2888 2659 decretum
2941 2603 3147 2661 donum
3187 2621 3218 2660 a
3272 2609 3385 2664 Deo
3433 2623 3522 2662 ve-

1921 2681 2088 2750 niret,
2146 2686 2367 2756 quando
2433 2703 2624 2745 omnes
2673 2690 2982 2748 difﬁdentia
3046 2693 3389 2763 laborarent;
3459 2707 3521 2754 ut

1922 2773 2099 2843 gratia
2155 2775 2401 2831 muneris
2453 2785 2592 2833 esset
2646 2779 2973 2849 gratissima.
3019 2781 3208 2854 Itaque
3247 2798 3410 2839 nemo
3463 2801 3519 2841 se

1914 2860 2118 2934 jactet;
2180 2863 2443 2921 miserum
2476 2875 2556 2924 est
2584 2867 2732 2924 enim
2769 2869 3068 2942 superbum
3104 2887 3221 2929 esse
3250 2887 3398 2942 eum,
3429 2875 3518 2930 cui

1923 2951 2170 3025 ignotum
2201 2962 2302 3011 est.

1995 3043 2176 3115 (Vers.
2209 3044 2326 3116 33.)
2371 3069 2390 3092 ι
2421 3044 2464 3102 Ο
2495 3046 2730 3104 altitudo
2773 3047 3100 3105 divitiarum
3151 3047 3436 3122 sapientius
3465 3054 3519 3108 et

1919 3132 2162 3190 scientiae
2191 3135 2290 3190 Dei
2317 3135 2328 3190 l
2363 3135 2535 3203 Quam
2569 3136 2954 3194 inscrutabilia
2979 3146 3109 3194 sunt
3132 3137 3348 3210 judicia
3373 3139 3514 3212 ejus,

1919 3232 1972 3280 et
2024 3224 2436 3298 investigabiles
2482 3227 2588 3284 vias
2645 3228 2850 3300 ipsius!
2895 3253 2912 3276 ι
2973 3229 3268 3284 Excelsum
3310 3237 3366 3287 et
3411 3231 3512 3286 im-

1917 3330 2169 3370 mensum
2201 3317 2372 3372 Deum
2403 3317 2462 3372 in
2490 3316 2706 3373 divitiis
2733 3318 3015 3390 sapientiae
3043 3328 3099 3375 et
3125 3319 3368 3376 scientiae
3399 3337 3509 3378 sua:

1913 3419 2038 3460 cum
2075 3405 2234 3461 omni
2280 3404 2440 3460 laude
2492 3407 2786 3477 gratiarum
2839 3406 3073 3462 actionis
3115 3415 3382 3476 testatur;
3434 3417 3516 3466 est

1914 3492 2060 3547 enim
2088 3493 2384 3548 consilium
2414 3502 2468 3550 et
2490 3493 2768 3564 judicium
2800 3492 3508 3568 ejusincomprehensibile.

1911 3583 2046 3640 Nam
2078 3582 2255 3639 sciens
2305 3583 2374 3639 ab
2417 3583 2581 3640 initio
2628 3586 3070 3642 conversationes
3115 3569 3172 3644 et
3209 3604 3372 3660 opera
3401 3587 3512 3646 ho-

1913 3674 2125 3730 minum
2152 3693 2165 3743 ;
2223 3676 2351 3748 quia
2381 3692 2556 3749 neque
2584 3678 2698 3733 sola
2725 3678 3012 3735 severitate
3051 3678 3280 3751 justitiaa
3311 3681 3511 3738 salvari

1913 3766 2086 3837 possit
2141 3765 2432 3823 hominum
2489 3784 2678 3841 genus,
2738 3785 2913 3842 neque
2961 3770 3079 3825 sola
3133 3770 3513 3829 misericordia

1913 3856 1980 3912 ad
2026 3858 2335 3930 profectum
2389 3859 2711 3915 meritorum
2753 3860 2872 3932 (75)
2916 3859 3223 3932 pervenire,
3268 3878 3512 3936 unoquo-

1912 3962 2016 4019 que
2079 3954 2322 4018 tempore
2375 3946 2620 4003 decrevit
2674 3946 2809 4020 quid
2867 3956 3007 4004 esset
3061 3949 3508 4022 praedicandum;

1914 4045 2041 4093 ante
2069 4045 2256 4094 tamen
2290 4037 2616 4109 permittens
2641 4053 3092 4112 unumquemque
3119 4055 3219 4096 suo
3261 4039 3507 4113 judicio;

1912 4125 2045 4200 quia
2105 4133 2306 4183 natura
2355 4127 2472 4200 ipsa
2525 4125 2684 4196 duce,
2745 4127 3096 4200 cognoscitur
3145 4127 3384 4202 justitia.
3442 4131 3514 4189 Et

1911 4217 2043 4290 quia
2069 4217 2369 4274 auctoritas
2408 4218 2677 4274 naturalis
2717 4215 2950 4290 justitiaa
2999 4218 3353 4294 obtorpuerat
3381 4238 3510 4279 con-

1911 4306 2200 4363 suetudine
2245 4307 2622 4382 delinquendi,
2671 4307 2798 4366 data
2823 4317 2905 4367 est
2933 4310 3064 4379 lex;
3115 4318 3178 4367 ut
3205 4310 3508 4369 humanum

1912 4413 2081 4469 genus
2141 4407 2350 4455 terrore
2408 4400 2770 4458 manifestatae
2827 4401 2962 4474 legis
3014 4401 3342 4459 frenaretur.
3404 4402 3510 4459 Sed

1912 4485 2042 4558 quia
2094 4502 2204 4542 non
2263 4503 2320 4542 se
2374 4487 2716 4558 cohibentes,
2773 4489 2853 4546 rei
2904 4490 3234 4547 tenebantur
3287 4508 3318 4548 a
3371 4491 3506 4564 lege,

1910 4577 2205 4650 praedicata
2251 4578 2629 4636 misericordia
2657 4588 2760 4649 est,
2819 4595 2939 4653 quae
2984 4579 3054 4636 ad
3093 4595 3150 4636 se
3192 4579 3508 4652 confugien-

1908 4674 1990 4724 tes
2019 4668 2276 4739 salvaret,
2325 4670 2628 4727 refutantes
2671 4679 2851 4728 autem
2893 4677 3121 4728 caacaret
3149 4669 3220 4725 ad
3267 4677 3503 4743 tempus,

1910 4759 1977 4817 ad
2032 4761 2454 4834 promissionem
2528 4777 2717 4818 eorum
2775 4768 2959 4834 gentes
3034 4758 3312 4830 invitans,
3387 4775 3509 4834 quae

1910 4851 2063 4923 prius
2087 4850 2363 4923 justitiam
2411 4852 2512 4908 Dei
2553 4869 2651 4923 per
2677 4853 2903 4922 Moysen
2934 4849 3115 4906 datam
3147 4851 3299 4924 sequi
3332 4853 3508 4909 nolu—

1909 4948 2105 5010 erunt;
2168 4948 2229 4996 ut
2274 4940 2471 4996 horum
2525 4938 2689 4994 saluti
2733 4937 2864 4994 dum
2923 4938 3198 5010 invident,
3251 4947 3348 5005 94
3389 4941 3508 5016 ipso

1906 5039 2023 5096 zelo
2086 5039 2154 5095 ad
2212 5039 2411 5096 radicis
2465 5039 2766 5096 Salvatoris
2817 5039 3085 5114 originem
3145 5058 3202 5097 se
3249 5042 3506 5098 reforma-

1907 5139 2030 5186 rent
2059 5131 2337 5201 promissae
2371 5129 2428 5186 in
2460 5128 2594 5203 lege.
2643 5129 2772 5187 Haec
2801 5138 2883 5188 est
2923 5132 3150 5188 altitudo
3193 5132 3508 5190 divitiarum

1907 5222 2180 5294 sapientia:
2223 5229 2272 5280 et
2315 5224 2539 5283 scientia
2594 5224 2714 5292 Dei,
2767 5225 2863 5299 qui
2913 5231 3024 5282 tam
3084 5224 3301 5282 Iudaeos
3341 5239 3504 5299 quam

1908 5444 2090 5493 autem
2121 5435 2423 5509 interjectis
2465 5436 2545 5494 sic
2572 5439 2773 5510 legitur
2801 5439 2860 5494 in
2890 5440 3049 5496 Rom.
3091 5437 3252 5506 edit.,
3303 5439 3506 5495 homini

1907 5511 2128 5564 salutem
2166 5526 2484 5581 procurans,
2518 5509 2744 5565 decrevit
2771 5512 2996 5580 utquod
3035 5509 3147 5564 siue
3185 5511 3290 5580 tege
3312 5526 3506 5581 pecca-

1911 5587 2017 5635 tum
2045 5587 2190 5676 erat
2242 5589 2290 5637 et
2317 5583 2427 5637 sine
2469 5584 2572 5655 lege
2610 5589 2785 5655 posset
2825 5582 3008 5651 deteri,
3055 5587 3102 5637 et
3140 5583 3310 5638 solam
3352 5583 3507 5654 ﬁdem
3550 5660 3562 5676 ‘

1901 5654 2102 5726 posuit,
2135 5660 2239 5726 etc.

1950 5726 2097 5853 1(75)
2139 5725 2301 5786 Corb.
2350 5742 2415 5786 ac
2460 5727 2674 5784 Thuan.
2718 5725 2912 5796 codex,
2957 5725 3030 5784 ad
3069 5723 3357 5800 perfectum
3400 5741 3499 5778 me-

1950 5815 2090 5853 Htm.

1907 5815 2090 5854 ηιωη.
