3976 6370
525 385 626 450 163

1527 389 1622 446 AD
1663 389 1893 447 OPERA
1930 385 1985 446 s.
2027 375 2361 447 AMBROSII
2398 378 2778 447 APPENDIX.
3727 383 3820 448 tot

520 528 705 594 gentes
761 516 1065 576 multifaria
1131 515 1480 590 providentia
1543 516 1840 590 acquisivit
1887 517 1956 574 ad
2012 523 2113 584 vl-
2141 520 2190 580 Α
2219 518 2316 573 Dei
2345 517 2472 573 illos
2497 517 2822 574 adhortatur
2853 518 2969 591 (78)
3019 534 3115 592 per
3149 535 3315 593 quam
3355 518 3600 576 salvatur
3631 518 3821 575 huma-

521 619 778 771 taTilers.
815 697 904 765 34,
945 697 1061 769 35.)
1131 722 1150 746 ε
1188 697 1322 765 Quis
1377 695 1524 752 enim
1583 697 1841 768 cognovit
1897 713 2116 752 sensum

519 788 795 846 Domini?
831 795 924 843 aut
955 787 1078 860 quis
1105 786 1456 844 consiliarius
1512 785 1595 840 illi
1645 786 1802 842 fuit?
1859 796 1952 842 aut
1995 787 2118 858 quis

519 876 672 949 prior
715 876 868 931 dedit
898 876 1000 942 illi,
1042 882 1097 929 et
1139 875 1479 930 retribuetur
1507 874 1556 930 ei
1603 875 1740 946 (Isa.
1773 893 1866 943 xc,
1908 875 2046 947 I3)?
2084 900 2100 922 -

519 965 635 1022 Hoc
691 968 746 1020 in
805 965 945 1021 Isaia
1001 966 1264 1037 scriptum
1323 965 1578 1022 habetur.
1634 966 1986 1022 Manifestum
2036 975 2118 1024 est

518 1059 695 1113 solum
741 1059 914 1112 Deum
956 1072 1070 1112 esse
1116 1055 1211 1128 qui
1260 1057 1478 1113 noverit
1527 1057 1713 1112 omnia
1763 1057 2014 1125 consilia,
2063 1064 2116 1112 et

519 1145 668 1202 hunc
707 1162 878 1201 unum
929 1161 1046 1201 esse
1079 1145 1171 1218 qui
1213 1144 1424 1200 nullius
1475 1153 1665 1217 egeat;
1717 1146 1846 1217 quia
1887 1146 1952 1201 ab
1998 1145 2116 1216 ipso

519 1243 647 1291 sunt
676 1236 890 1302 omnia;
950 1251 1013 1291 ac
1065 1250 1161 1306 per
1213 1232 1319 1290 hoc
1377 1233 1676 1290 consilium
1721 1233 1838 1305 ejus
1885 1249 1917 1288 a
1961 1235 2114 1289 nullo

520 1341 622 1382 nec
674 1323 1185 1396 comprehenditur,
1235 1339 1335 1379 nec
1383 1323 1642 1388 metitur;
1704 1324 1834 1395 quia
1878 1321 1933 1377 in
1967 1324 2117 1378 infe-

520 1415 666 1470 riora
719 1413 1018 1486 superioris
1069 1413 1186 1485 (76)
1247 1429 1466 1468 sensum
1519 1412 1659 1468 scire
1707 1429 1817 1468 non
1866 1421 2112 1485 possunt.

519 1503 767 1575 Denique
809 1502 1011 1558 Iudaeis
1051 1501 1404 1558 credentibus
1453 1501 1796 1573 impossibile
1826 1502 2118 1557 videbatur

521 1593 814 1651 consilium
865 1608 979 1648 esse
1031 1599 1084 1648 et
1141 1591 1482 1646 voluntatem
1540 1590 1638 1645 Dei
1687 1589 1754 1644 ad
1786 1589 2115 1662 redemptio~

521 1697 647 1737 nem
691 1681 934 1753 gentium
970 1698 982 1736 :
1029 1679 1200 1736 simili
1230 1679 1394 1735 modo
1423 1688 1476 1735 et
1519 1679 1774 1751 gentibus
1802 1679 2034 1735 arduum
2064 1686 2117 1735 et

519 1770 866 1828 incredulum
898 1768 1190 1825 videbatur
1217 1768 1453 1836 Iudaeos,
1484 1769 1578 1842 qui
1600 1785 1711 1824 non
1743 1768 2114 1838 crediderunt,

519 1877 674 1934 posse
700 1859 973 1928 converti,
1018 1867 1112 1916 aut
1141 1858 1427 1916 credentes
1467 1859 1692 1932 suscipi,
1739 1868 1804 1916 'ut
1843 1860 2116 1915 salvaren-

518 1959 628 2007 tur.
661 1951 808 2005 Inter
850 1957 1046 2006 caetera
1088 1949 1192 2005 hoc
1237 1957 1320 2004 est
1365 1949 1662 2005 consilium
1703 1950 1823 2018 Dei,
1859 1950 2005 2023 quod
2038 1952 2117 2006 la-

520 2040 651 2108 tuit,
683 2055 783 2094 nec
812 2039 993 2111 potuit
1023 2037 1438 2109 comprehendi.

597 2129 780 2200 (Vers.
813 2128 928 2200 36.)
996 2153 1013 2175 ε
1044 2127 1318 2194 Quoniam
1366 2144 1436 2183 ex
1485 2127 1625 2200 ipso,
1682 2136 1736 2185 et
1780 2146 1876 2202 per
1918 2130 2121 2214 ipsum,

523 2227 579 2276 et
607 2219 666 2274 in
713 2217 831 2289 ipso
875 2225 1006 2273 sunt
1042 2218 1265 2284 omnia;
1310 2218 1413 2290 ipsi
1447 2219 1638 2290 gloria.
1674 2244 1692 2267 ι
1749 2221 1866 2288 Qua
1913 2221 2124 2276 ratione

521 2323 716 2364 sensus
771 2315 826 2362 et
868 2306 1162 2362 consilium
1222 2309 1319 2362 Dei
1379 2308 1699 2379 investigari
1755 2325 1865 2363 non
1922 2316 2121 2381 potest,

521 2395 824 2453 declaravit
857 2413 868 2452 :
933 2419 951 2442 ι
987 2396 1074 2450 Ex
1105 2396 1222 2468 ipso
1253 2396 1424 2465 enim,
1472 2397 1677 2470 inquit,
1709 2405 1764 2453 et
1793 2414 1889 2470 per
1919 2398 2120 2469 ipsum,

521 2493 575 2541 et
613 2485 670 2541 in
715 2487 833 2558 ipso
879 2493 1008 2542 sunt
1061 2485 1280 2552 omnia;
1343 2485 1447 2558 ipsi
1495 2485 1687 2559 gloria.
1735 2512 1754 2534 ι
1815 2487 1930 2543 Hoc
1974 2487 2122 2542 dicto

521 2575 735 2647 aperuit
789 2591 1030 2643 sensum,
1093 2573 1184 2648 qui
1235 2577 1484 2631 occultus
1533 2585 1650 2632 erat
1699 2575 1941 2643 mundo;
1995 2576 2124 2650 quia

524 2665 672 2722 enim
733 2666 983 2722 omnium
1039 2674 1254 2723 creator
1307 2675 1387 2721 est
1439 2667 1584 2722 Deus
1643 2665 1799 2738 (fecit
1853 2667 2000 2722 enim
2061 2684 2123 2724 ea

523 2771 644 2827 quae
692 2771 802 2810 non
856 2763 1032 2824 erant,
1064 2763 1126 2811 ut
1154 2758 1380 2826 essent),
1432 2755 1556 2811 ideo
1587 2771 1655 2811 ex
1688 2756 1806 2828 ipso
1849 2766 1976 2814 sunt
2008 2774 2120 2813 om-

525 2846 636 2900 nia.
690 2846 762 2900 Et
806 2847 1066 2918 quoniam
1104 2846 1172 2902 ab
1224 2846 1344 2918 ipso
1391 2856 1540 2914 sunt,
1585 2863 1680 2918 per
1722 2847 1926 2902 Filium
1979 2846 2117 2919 ejus,

523 2933 618 3004 qui
651 2932 895 3003 ejusdem
936 2936 1128 3006 utique
1179 2935 1500 2988 substantiae
1532 2942 1633 3002 est,
1671 2952 1784 2990 esse
1812 2945 2118 3005 coeperunt,

523 3020 680 3092 cujus
710 3037 849 3090 opus
876 3022 1052 3076 Patris
1077 3029 1160 3076 est
1191 3037 1349 3091 opus.
1399 3022 1541 3088 Quia
1569 3038 1696 3094 ergo
1724 3023 1837 3094 ipse
1867 3031 2124 3094 operatur

524 3123 620 3181 per
661 3109 889 3176 Filium,
948 3124 1045 3179 per
1084 3107 1264 3180 ipsum
1315 3116 1446 3163 sunt
1495 3111 1702 3165 omnia.
1762 3111 1831 3166 Et
1862 3111 2121 3182 quoniam

525 3214 647 3270 quae
680 3206 810 3254 sunt
847 3213 917 3253 ex
947 3199 1084 3264 Deo,
1135 3214 1231 3270 per
1258 3199 1434 3253 Deum
1483 3208 1630 3267 sunt,
1682 3207 1804 3272 post
1846 3207 2034 3254 renata
2065 3199 2121 3254 in

521 3289 732 3360 Spiritu
778 3297 967 3346 sancto
1014 3297 1170 3358 sunt,
1219 3291 1276 3344 in
1329 3290 1449 3362 ipso
1496 3299 1625 3346 sunt
1655 3291 1864 3360 omnia,
1914 3291 2042 3364 quia
2071 3301 2123 3348 et

521 3381 762 3453 Spiritus
791 3390 1011 3436 sanctus
1040 3379 1107 3436 de
1135 3381 1248 3436 Deo
1283 3388 1364 3436 est
1393 3380 1583 3448 Patre;
1618 3379 1762 3436 unde
1792 3389 1846 3436 et
1871 3381 1974 3437 scit
2003 3398 2121 3454 quas

522 3470 581 3526 in
609 3471 723 3526 Deo
769 3479 920 3526 sunt.
974 3470 1089 3542 Ego
1134 3477 1188 3526 et
1233 3469 1291 3525 in
1337 3469 1547 3542 Spiritu
1593 3477 1781 3526 sancto
1819 3471 1978 3526 Pater
2005 3481 2116 3541 est;

519 3562 649 3635 quia
675 3561 824 3634 quod
854 3572 921 3617 de
951 3562 1109 3617 Patre
1159 3569 1242 3617 est
1270 3563 1406 3631 Deo,
1451 3578 1564 3618 non
1595 3569 1772 3634 potest
1801 3562 1950 3618 aliud
1982 3579 2118 3633 esse,

519 3667 683 3723 quam
715 3658 796 3706 est
830 3651 978 3704 Deus
1006 3650 1184 3706 Pater.

590 3739 671 3796 Ac
700 3753 797 3810 per
847 3737 952 3796 hoc
1012 3761 1030 3784 ι
1077 3738 1180 3811 ipsi
1225 3739 1421 3810 gloria,
1473 3741 1602 3813 quia
1645 3757 1714 3797 ex
1752 3741 1892 3814 ipso,
1942 3752 1996 3799 et
2027 3761 2122 3816 per

522 3829 727 3902 ipsum,
759 3836 813 3884 et
841 3827 900 3883 in
934 3827 1052 3900 ipso
1083 3835 1214 3884 sunt
1242 3831 1447 3886 omnia.
1482 3855 1500 3877 ι
1537 3831 1722 3905 Itaque
1743 3848 1863 3904 quae
1883 3849 1952 3889 ex
1981 3833 2117 3906 ipso,

521 3925 575 3973 et
603 3933 698 3989 per
726 3917 929 3988 ipsum,
971 3925 1024 3974 et
1055 3917 1113 3972 in
1145 3917 1265 3991 ipso
1311 3928 1372 3975 ut
1399 3929 1601 3989 essent,
1655 3922 1771 3992 (77)
1803 3937 1918 3978 esse
1948 3939 2121 3995 coepe-

522 4015 673 4076 runt,
707 4023 928 4063 sensum
958 4014 1013 4063 et
1045 4008 1342 4065 consilium
1385 4008 1504 4081 ejus
1533 4010 1674 4067 scire
1713 4027 1823 4068 non
1870 4023 2117 4086 possunt.

521 4098 642 4170 Ipse
670 4105 855 4153 autem
905 4097 1008 4154 scit
1036 4099 1247 4168 omnia,
1293 4099 1422 4173 quia
1463 4099 1521 4155 in
1565 4100 1684 4172 ipso
1729 4109 1859 4158 sunt
1899 4114 2117 4162 cuncta.

521 4190 786 4249 Patefecit
814 4197 1139 4266 mysterium
1175 4195 1298 4265 Dei,
1343 4195 1492 4268 quod
1541 4197 1797 4269 superius
1833 4198 1979 4254 dixit
2008 4215 2121 4254 non

521 4280 590 4337 ab
617 4283 697 4339 eis
726 4283 971 4355 ignorari
999 4282 1216 4341 debere.

1115 4440 1344 4500 CAPUT
1385 4441 1509 4500 XII.

595 4573 775 4651 (Vers.
818 4575 955 4650 1-3.)
1017 4603 1034 4626 ι
1083 4577 1323 4636 Obsecro
1363 4579 1548 4652 itaque
1591 4595 1709 4648 vos,
1760 4579 1976 4649 fratres,
2025 4597 2121 4653 per

519 4669 957 4728 misericordiam
1018 4671 1140 4739 Dei,
1201 4678 1262 4727 ut
1309 4669 1613 4728 exhibeatis
1667 4688 1895 4744 corpora
1940 4681 2121 4730 vestra

521 4759 755 4816 hostiam
785 4761 996 4827 vivam,
1043 4769 1310 4830 sanctam,
1361 4761 1474 4816 Deo
1505 4761 1833 4833 placentem,
1877 4762 2119 4818 rationa-

521 4847 635 4904 bile
659 4849 979 4922 obsequium
1011 4860 1279 4908 vestrum.
1323 4852 1396 4907 Et
1423 4852 1597 4908 nolite
1626 4852 1960 4908 conformari
1991 4852 2121 4909 huic

521 4939 724 4995 saculo
759 4959 770 4996 :
803 4942 897 4997 sed
928 4943 1306 5000 reformamini
1339 4943 1397 4999 in
1427 4945 1673 5001 novitate
1702 4961 1892 5000 sensus
1918 4944 2114 5012 vestri;

521 5037 584 5085 ut
628 5029 868 5100 probetis
909 5047 1029 5104 quae
1073 5034 1145 5088 sit
1176 5035 1431 5090 voluntas
1460 5035 1582 5104 Dei,
1619 5035 1766 5108 quod
1796 5036 2023 5104 bonum,
2067 5042 2120 5089 et

521 5119 808 5192 placitum,
865 5129 919 5176 et
966 5122 1268 5193 perfectum
1308 5133 1409 5182 est.
1441 5150 1459 5174 ι
1529 5127 1631 5182 Per
1683 5127 2117 5184 misericordiam

594 5265 712 5350 (76)
753 5265 904 5350 Edit.
931 5285 1144 5353 omnes,
1185 5285 1248 5326 ac
1288 5271 1450 5353 pauci
1494 5290 1648 5353 mss.,
1684 5275 1811 5344 quia
1843 5272 2117 5353 inferiora

519 5342 848 5417 superioris;
890 5342 1169 5417 nonnulli,
1206 5342 1333 5413 quia
1361 5345 1645 5414 inferiores
1673 5342 1985 5417 superioris,
2019 5345 2115 5402 alii

522 5413 698 5466 multo
724 5413 928 5484 plures,
961 5421 1022 5468 ut
1057 5413 1114 5468 in
1145 5413 1430 5472 contextu.

593 5484 710 5555 (77)
749 5485 905 5542 Rom.
935 5486 1096 5554 edit.,
1137 5488 1324 5559 Itaque
1351 5488 1480 5558 quia
1507 5505 1573 5542 ex
1601 5486 1804 5558 ipsa...
1852 5491 2031 5545 omnia
2059 5496 2118 5544 ut

519 5561 706 5619 essent,
736 5563 839 5612 etc.

593 5625 711 5709 (78)
745 5627 1142 5709 Thuan..cod.,
1175 5630 1307 5709 Gill.
1339 5634 1394 5686 et
1425 5627 1558 5686 edit.
1594 5630 1782 5709 Rom:,_
1807 5640 1928 5709 orat
1955 5633 2114 5709 illos;

520 5697 714 5776 ultima
745 5714 878 5776 vero
905 5701 1038 5776 sola,
1075 5697 1198 5774 post
1226 5708 1509 5776 tractatam
1550 5709 1724 5758 autem
1761 5697 1889 5776 legis
1916 5711 1964 5759 et
1993 5704 2117 5775 ﬁdei

517 5770 775 5830 credente:
807 5771 879 5827 ad
917 5770 1126 5838 bonan},
1172 5783 1275 5830 etc.
1326 5772 1476 5831 Edit.
1518 5783 1700 5832 autem
1730 5770 1840 5833 vet'.
1882 5784 1934 5832 et
1980 5770 2112 5833 mss.

2149 4625 2197 4684 D

2228 625 2360 664 num
2392 625 2580 682 genus.
2630 610 2759 664 Post
2802 616 3089 665 tractatum
3123 609 3271 665 enim
3317 609 3452 682 legis
3491 617 3544 666 et
3575 609 3702 666 ﬁdei
3733 627 3818 682 po-

2228 698 2342 770 puli
2389 705 2638 753 naturam
2679 696 2896 754 Iudaici
2936 704 2990 752 et
3037 697 3258 769 gentilis
3300 714 3363 754 ac
3405 697 3603 755 bonam
3653 698 3816 754 vitam

2227 788 2489 860 agendam
2523 788 2802 854 hortatur;
2851 804 2951 860 per
2990 787 3133 844 hanc
3174 788 3320 843 enim
3352 802 3473 860 spes
3516 787 3641 843 ﬁdei
3674 787 3822 844 obti-

2226 886 2408 934 netur.
2452 877 2825 934 Commonitio
2855 886 2935 934 est
2964 895 3092 951 ergo
3123 877 3258 946 hac,
3309 885 3371 934 ut
3417 895 3682 933 memores
3712 879 3818 934 sint

2226 969 2355 1039 quia
2414 965 2850 1022 misericordiam
2902 974 3266 1038 acceperunt;
3317 975 3370 1022 et
3411 966 3645 1037 vigilent
3685 966 3823 1022 circa

2225 1059 2550 1132 obsequium
2597 1061 2737 1134 ejus,
2787 1079 2819 1118 a
2847 1080 2956 1136 quo
2992 1063 3105 1118 illis
3137 1062 3263 1118 data
3291 1071 3393 1130 est,
3445 1079 3540 1135 per
3569 1077 3728 1134 quem
3759 1078 3822 1118 ex

2225 1147 2414 1220 impiis
2468 1152 2636 1222 gratis
2688 1151 2981 1223 justiﬁcati
3036 1161 3186 1220 sunt,
3245 1153 3483 1209 scientes
3535 1151 3679 1208 hanc
3715 1165 3823 1207 esse

2228 1238 2468 1296 hostiam
2529 1243 2734 1312 vivam,
2793 1252 3061 1312 sanctam,
3121 1251 3173 1300 et
3231 1244 3344 1299 Deo
3418 1241 3824 1322 acceptabilem,

2225 1328 2271 1386 si
2314 1347 2542 1404 corpora
2587 1340 2772 1388 nostra
2829 1332 3264 1390 incontaminata
3319 1347 3623 1396 servemus,
3654 1328 3825 1385 dissi-

2226 1420 2385 1477 miles
2450 1439 2482 1478 a
2545 1424 2919 1492 saecularibus,
2987 1424 3083 1497 qui
3141 1423 3520 1496 voluptatibus
3586 1422 3823 1484 student.

2241 1534 2258 1556 ε
2291 1509 2417 1567 Haec
2437 1518 2519 1568 est
2539 1513 2795 1569 voluntas
2824 1514 2945 1582 Dei,
2977 1513 3342 1570 sanctiﬁcatio
3363 1521 3544 1568 vestra
3573 1513 3631 1583 (Ι
3655 1512 3822 1568 Thess

2227 1616 2304 1668 IV,
2336 1600 2416 1671 3).
2449 1626 2466 1647 -
2527 1601 2663 1658 Nam
2703 1620 2931 1674 corpora
2981 1602 3226 1674 subjecta
3270 1602 3506 1675 peccatis
3553 1616 3665 1657 non
3707 1599 3827 1655 viva

2227 1687 2519 1758 habentur,
2553 1690 2648 1746 sed
2679 1700 2935 1761 mortua;
2985 1693 3086 1750 sub
3117 1693 3497 1766 desperatione
3532 1691 3680 1747 enim
3714 1705 3829 1763 pro-

2229 1779 2406 1836 missae
2455 1781 2584 1836 vita:
2635 1790 2784 1838 sunt.
2831 1783 2917 1839 Ad
2959 1783 3064 1840 hoc
3098 1785 3247 1840 enim
3279 1783 3516 1858 peccatis
3546 1782 3696 1838 dono
3737 1780 3825 1837 Dei

2151 1888 2196 1948 Β
2227 1869 2527 1940 abluimur,
2585 1881 2648 1928 ut
2693 1870 2760 1928 de
2808 1881 3003 1929 caetero
3053 1872 3316 1928 mundam
3366 1873 3539 1928 vitam
3586 1877 3826 1942 agentes,

2233 1960 2331 2016 Dei
2364 1977 2603 2018 amorem
2655 1962 2712 2017 in
2742 1979 2843 2020 nos
2890 1979 3270 2036 provocemus,
3318 1978 3430 2017 non
3474 1960 3696 2016 irritum
3745 1959 3829 2014 fa-

2234 2051 2439 2108 cientes
2481 2068 2620 2123 opus
2663 2053 2849 2123 gratia:
2897 2052 3036 2124 ejus.
3088 2053 3224 2109 Nam
3269 2051 3415 2124 apud
3458 2057 3670 2105 veteres
3713 2048 3828 2104 ideo

2234 2141 2418 2198 oblata
2449 2142 2802 2198 occidebatur
2827 2142 3030 2209 hostia,
3059 2152 3121 2199 ut
3147 2143 3401 2199 homines
3431 2141 3640 2216 peccati
3673 2156 3827 2196 causa

2234 2231 2398 2287 morti
2442 2231 2722 2303 subjectos
2765 2233 3121 2305 signiﬁcaret.
3160 2234 3318 2290 Nunc
3357 2241 3539 2289 autem
3584 2230 3714 2305 quia
3743 2247 3830 2303 per

2233 2320 2440 2376 donum
2489 2323 2588 2378 Dei
2633 2322 2910 2395 puriﬁcati
2961 2331 3091 2379 sunt
3148 2322 3426 2391 homines,
3481 2329 3535 2378 et
3582 2339 3614 2378 a
3661 2328 3827 2376 morte

2233 2411 2473 2467 secunda
2522 2411 2762 2481 liberati,
2820 2413 3006 2468 vivam
3066 2412 3302 2469 hostiam
3364 2411 3564 2467 debent
3613 2409 3823 2477 offerre,

2232 2507 2294 2554 ut
2321 2499 2540 2571 signum
2573 2501 2645 2557 sit
2678 2501 2806 2557 vitae
2850 2511 3084 2558 aeternae.
3135 2502 3254 2558 Non
3297 2499 3466 2568 enim,
3507 2499 3653 2555 sicut
3681 2507 3824 2565 tunc,

2233 2609 2463 2664 corpora
2510 2610 2609 2665 pro
2663 2594 2989 2666 corporibus
3041 2594 3422 2661 immolantur,
3480 2608 3629 2648 nunc
3683 2607 3826 2657 vero,

2232 2699 2342 2739 non
2399 2700 2648 2757 corpora,
2707 2685 2801 2740 sed
2862 2685 3000 2741 vitia
3057 2686 3174 2757 (79)
3225 2683 3471 2757 corporis
3518 2681 3828 2755 perimenda

2230 2781 2379 2828 sunt.
2435 2774 2504 2830 Ut
2559 2782 2741 2831 autem
2801 2775 3049 2848 obsequii
3105 2775 3281 2832 nostri
3339 2775 3588 2830 effectum
3632 2772 3824 2828 habere

2230 2864 2526 2934 possimus,
2583 2873 2798 2920 servata
2831 2864 3070 2936 justitia,
3120 2866 3384 2938 pudorem
3425 2862 3822 2926 custodiamus;

2241 2955 2385 3010 nihil
2419 2957 2565 3012 enim
2614 2958 2832 3030 proﬁcit
2872 2958 3068 3031 pudor,
3121 2975 3221 3015 nec
3265 2956 3612 3014 rationabilis
3657 2961 3824 3028 potest

2231 3043 2430 3113 videri,
2488 3047 2733 3117 neglecta
2773 3046 3010 3118 justitia.
3065 3048 3180 3103 Hoc
3207 3047 3310 3102 erit
3338 3047 3680 3104 conformem
3713 3041 3822 3098 ﬁeri

2234 3133 2630 3205 spiritualium,
2662 3145 2985 3191 renovatum
3018 3135 3076 3190 in
3105 3135 3302 3206 spiritu
3331 3153 3392 3191 ac
3419 3135 3527 3190 ﬁde
3555 3134 3663 3190 hoc
3691 3131 3821 3189 scire

2153 3257 2197 3317 Ο
2233 3223 2380 3297 quod
2421 3224 2632 3296 placeat
2677 3227 2811 3295 Deo,
2858 3241 2959 3281 nec
3004 3223 3156 3280 aliud
3200 3225 3408 3280 bonum
3439 3232 3492 3280 et
3523 3224 3819 3296 perfectum

2233 3328 2348 3369 esse
2356 3356 2367 3368 .

2318 3429 2335 3452 ι
2373 3404 2510 3460 Dico
2550 3404 2699 3461 enim
2744 3422 2840 3478 per
2897 3407 3148 3479 gratiam,
3195 3423 3316 3480 quae
3364 3405 3491 3461 data
3544 3412 3627 3462 est
3668 3401 3822 3468 mihi,

2231 3495 2488 3552 omnibus
2513 3495 2606 3570 qui
2636 3506 2765 3554 sunt
2796 3497 2940 3553 inter
2968 3515 3088 3569 vos,
3137 3514 3246 3554 non
3283 3499 3406 3571 plus
3449 3511 3636 3568 sapere
3670 3509 3823 3568 quam

2231 3593 2444 3657 oportet
2508 3602 2728 3658 sapere,
2792 3587 2886 3643 sed
2951 3604 3138 3660 sapere
3197 3587 3267 3643 ad
3323 3586 3676 3643 sobrietatem
3700 3629 3717 3654 ,
3776 3589 3824 3637 et

2229 3673 2531 3746 unicuique
2563 3675 2707 3730 sicut
2735 3674 2930 3730 divisit
2957 3677 3104 3732 Deus
3135 3691 3448 3732 mensuram
3481 3673 3632 3730 ﬁdei.
3667 3699 3684 3722 ι
3737 3676 3824 3734 95

2230 3771 2432 3841 Aperte
2481 3770 2725 3826 ostendit
2760 3770 2867 3827 hoc
2918 3770 3114 3827 debere
3161 3788 3263 3828 nos
3307 3787 3514 3844 sapere,
3565 3769 3711 3844 quod
3743 3769 3824 3842 ju-

2230 3858 2395 3915 stitiaa
2425 3860 2690 3915 terminos
2719 3875 2831 3916 non
2869 3859 3200 3932 egrediatur,
3246 3869 3306 3929 ut
3347 3875 3458 3916 non
3506 3859 3670 3916 nobis
3699 3858 3824 3915 solis

2231 3948 2367 4004 utile
2415 3950 2508 4019 sit,
2561 3949 2656 4006 sed
2703 3959 2758 4006 et
2805 3950 2946 4006 nulli
2991 3950 3155 4006 obsit.
3213 3951 3340 4006 Haec
3381 3957 3464 4006 est
3510 3949 3659 4005 enim
3706 3965 3821 4021 pru-

2229 4037 2438 4108 dentia,
2496 4039 2752 4112 prodesse
2805 4039 2979 4112 magis
3035 4039 3335 4113 aliquibus,
3395 4056 3558 4113 quam
3616 4039 3820 4106 obesse,

2229 4137 2285 4188 et
2329 4137 2650 4187 contentum
2699 4147 2814 4187 esse
2857 4129 3054 4186 debere
3099 4139 3268 4196 sorte,
3318 4147 3426 4203 qua
3475 4145 3699 4186 mensus
3748 4137 3822 4184 est

2167 4284 2173 4290 ,
2227 4227 2394 4293 Deus,
2439 4233 2494 4281 et
2522 4225 2720 4280 merito
2749 4223 2877 4280 ﬁdei
2913 4224 3027 4296 (80)
3079 4223 3540 4297 uniuscujusque;
3591 4239 3695 4280 nec
3723 4221 3819 4278 sibi

2229 4315 2550 4384 defendere,
2575 4315 2722 4388 quod
2752 4331 2863 4371 non
2894 4315 2999 4370 sibi
3031 4331 3350 4372 concessum
3381 4313 3558 4380 videt;
3591 4312 3698 4370 hoc
3727 4319 3818 4378 est,

2229 4421 2340 4462 non
2372 4405 2498 4478 plus
2540 4421 2748 4478 sapere,
2798 4405 2927 4478 quia
2958 4405 3056 4460 uni
3085 4412 3263 4461 totum
3307 4402 3535 4460 concedi
3583 4418 3695 4459 non
3731 4417 3818 4472 po-

2228 4503 2354 4552 test.
2404 4497 2517 4553 Nec
2563 4497 2710 4552 enim
2757 4495 2803 4551 si
2835 4495 2958 4569 quis
2997 4495 3154 4551 bona;
3197 4495 3326 4551 vitae
3368 4503 3469 4562 est,
3522 4509 3593 4549 ex
3630 4509 3692 4548 eo
3721 4489 3818 4547 sibi

2230 4587 2396 4643 etiam
2441 4585 2704 4644 doctrinae
2751 4585 3098 4658 prudentiam
3145 4582 3306 4640 debet
3349 4581 3676 4650 defendere;
3734 4588 3819 4636 aut

2231 4677 2359 4750 quia
2391 4678 2641 4750 peritiam
2690 4677 2854 4732 habet
2898 4676 3052 4747 legis,
3093 4675 3382 4730 levitarum
3431 4671 3536 4728 sibi
3568 4670 3819 4744 obsequia

2230 4767 2516 4824 vindicare
2546 4766 2783 4822 debebit.
2832 4766 3093 4821 Hortatur
3123 4781 3269 4836 ergo,
3307 4771 3361 4818 et
3389 4762 3548 4818 docet
3588 4777 3684 4834 per
3711 4776 3816 4833 gra-

2228 4856 2364 4912 tiam
2411 4855 2520 4912 sibi
2569 4855 2774 4911 datam.
2837 4855 2964 4910 Haec
3022 4854 3194 4927 gratia
3249 4852 3444 4926 peritia
3501 4850 3818 4922 intelligitur

2229 4944 2536 5001 Dominicaz
2566 4942 2897 5015 disciplinae,
2931 4958 3027 5015 per
3054 4959 3218 5015 quam
3249 4941 3554 4997 humilitati
3588 4947 3642 4994 et
3665 4937 3815 5011 justi-

2231 5034 2321 5090 tiae
2353 5032 2684 5089 studendum
2715 5031 2903 5088 tradit.

2304 5123 2487 5197 (Vers.
2518 5121 2572 5193 4,
2603 5122 2685 5196 5.)
2734 5147 2751 5172 ‹
2781 5121 2935 5180 Sicut
2975 5121 3124 5179 enim
3162 5121 3221 5177 in
3255 5137 3366 5178 uno
3395 5135 3621 5193 corpore
3652 5116 3815 5174 multa

2227 5271 2332 5329 hoc
2361 5271 2478 5328 solo
2520 5270 2726 5328 distant
2769 5268 2916 5344 quod
2953 5285 3050 5341 pro
3090 5273 3343 5324 naturam
3373 5262 3626 5334 Amerb.,
3664 5265 3810 5319 Eras.

2225 5353 2279 5401 et
2310 5344 2531 5417 quidam
2563 5362 2692 5401 mss.
2717 5345 2914 5417 legunt
2941 5349 3162 5396 natura.

2301 5402 2415 5488 (79)
2458 5418 2616 5474 Rom.
2668 5402 2826 5483 editi,
2866 5430 2970 5484 pro
3016 5411 3326 5485 corporibus
3356 5410 3702 5476 immolanda,
3734 5402 3814 5460 sed

2223 5489 2378 5553 vitia,
2407 5497 2511 5545 etc.
2681 5556 2691 5558 _
3756 5549 3765 5558 ,

2299 5549 2415 5632 (80)
2459 5556 2764 5632 νθῐηθὰἰῑ.
2815 5565 2868 5613 et
2910 5575 3039 5632 mss.
3089 5573 3288 5632 magno
3337 5571 3589 5632 numero,
3636 5549 3812 5632 merito

2223 5640 2270 5688 et
2298 5625 2476 5705 fidei;
2507 5630 2703 5705 melius
2745 5632 2902 5687 Rom.
2946 5630 3104 5700 edit.,
3140 5625 3329 5686 m'erita
3363 5629 3524 5701 ﬁdei;
3567 5625 3652 5684 vel
3689 5634 3810 5679 mss.

2225 5701 2502 5772 nonnulli,
2536 5710 2598 5759 ut
2623 5701 2681 5758 in
2711 5709 2887 5760 textu.
