3976 6438
223 425 324 488 163

1325 419 1687 488 COMMENT.
1729 421 1800 488 IN
1837 417 2055 488 EPIST.
2099 417 2194 487 AD
2231 415 2397 488 ROM.

3415 422 3516 493 466

222 558 466 614 membra
493 557 782 628 habemus,
810 557 995 615 omnia
1024 565 1205 615 autem
1234 559 1480 616 membra
1499 577 1609 616 non
1627 561 1815 616 eadem
1846 563 1896 621 A
1926 567 1986 615 ut
2016 561 2200 632 praesit
2227 559 2507 623 fratribus,
2529 559 2778 631 suscipit,
2803 558 2965 631 juxta
2994 560 3156 617 ﬁdem
3187 580 3339 620 suam
3369 564 3516 621 acci-

221 646 424 704 habent
479 648 692 713 ofﬁcia;
756 651 832 707 ita
874 650 1034 705 multi
1078 665 1250 706 unum
1290 668 1485 722 corpus
1527 668 1716 706 sumus
1760 650 1816 705 in

223 734 469 803 Christo,
527 738 733 810 singuli
791 747 969 796 autem
1017 740 1154 796 alter
1205 739 1430 796 alterius
1469 740 1730 795 membra.
1786 766 1804 788 ι

221 823 495 899 Exemplo
524 826 766 899 corporis
793 826 953 884 docet
980 845 1090 884 non
1122 845 1276 901 posse
1307 844 1405 883 nos
1435 827 1680 898 singulos
1706 844 1817 883 om-

221 915 336 985 nia,
365 919 495 991 quia
525 935 716 975 sumus
745 919 983 976 invicem
1017 920 1281 989 membra,
1321 928 1384 976 ut
1421 921 1559 974 alter
1596 918 1820 976 alterius

225 1004 346 1077 (81)
379 1023 488 1063 non
520 1017 670 1081 egeat
701 1027 713 1064 :
746 1024 808 1064 ac
838 1025 932 1081 per
975 1008 1080 1066 hoc
1128 1026 1315 1065 curam
1364 1009 1534 1064 nostri
1581 1008 1818 1065 invicem

224 1109 327 1152 nos
355 1113 508 1169 agere
535 1097 750 1166 debere,
798 1115 899 1155 nec
945 1100 1179 1155 alterum
1221 1099 1315 1154 alii
1365 1099 1660 1156 obsistere:
1694 1100 1822 1171 quia

223 1182 465 1240 invicem
495 1186 691 1242 ofﬁciis
721 1188 924 1245 nostris
951 1205 1087 1261 opus
1117 1188 1403 1244 habemus.
1449 1188 1561 1244 Hoc
1588 1188 1695 1243 erit
1723 1187 1820 1243 di-

224 1272 392 1345 ligere
424 1274 726 1346 Christum,
762 1279 808 1334 si
839 1278 1076 1335 invicem
1096 1295 1152 1335 se
1172 1277 1413 1335 membra
1437 1278 1820 1333 exhortentur,

223 1373 287 1420 ut
313 1363 580 1438 impleant
609 1366 858 1438 modum,
899 1385 1008 1442 quo
1033 1385 1230 1442 corpus
1261 1369 1317 1424 in
1344 1367 1562 1425 Christo
1604 1366 1824 1439 perfec-

223 1463 344 1512 tum
375 1457 465 1512 sit.

302 1545 482 1618 (Vers.
507 1547 586 1620 6.)
605 1571 624 1596 ‹
648 1547 923 1605 Habentes
948 1555 1131 1605 autem
1167 1546 1490 1604 donationes
1516 1545 1615 1601 Dei
1646 1545 1823 1601 diver-

223 1651 313 1692 sas
337 1637 640 1694 secundum
679 1640 932 1712 gratiam,
972 1656 1092 1712 quae
1122 1638 1246 1696 data
1291 1645 1371 1694 est
1406 1636 1567 1693 nobis
1615 1635 1753 1707 (82).
1793 1660 1811 1683 ι

222 1726 386 1784 Nunc
422 1735 601 1785 autem
637 1728 754 1802 ipsa
804 1729 983 1786 oﬁicia
1021 1729 1278 1802 deputata
1323 1726 1584 1785 membris
1631 1723 1826 1780 merito

223 1813 356 1871 ﬁdei
385 1827 691 1888 enumerat,
723 1829 783 1876 ut
810 1835 934 1876 cum
966 1818 1169 1874 viderit
1201 1815 1507 1873 membrum
1535 1812 1683 1887 quod
1720 1811 1826 1868 sibi

1929 669 2055 726 pere
2103 651 2447 724 vigilantiam
2499 660 2554 707 et
2605 651 3006 721 auctoritatem,
3064 661 3125 708 ut
3158 655 3407 726 proficiat
3459 657 3517 713 in

1931 761 2039 818 quo
2091 743 2361 800 sollicitus
2390 750 2489 811 est,
2527 741 2732 798 habens
2765 741 2824 798 in
2869 742 2982 798 illis
3023 742 3287 812 fructum,
3319 746 3519 818 quibus

1931 840 2144 907 praaest.

2013 945 2032 970 ‹
2064 922 2166 989 Qui
2201 922 2490 978 miseretur
2519 923 2575 978 in
2606 922 2900 979 hilaritate.
2935 949 2952 971 -
2996 923 3154 980 Hunc
3185 940 3399 997 quoque
3427 940 3522 980 se—

1931 1011 2172 1069 cundum
2204 1029 2421 1068 sensum
2454 1030 2636 1081 snum,
2674 1013 2768 1086 qui
2817 1014 2942 1068 laeto
2978 1012 3165 1068 animo
3204 1013 3523 1070 misericor—

1932 1100 2077 1156 diam
2110 1101 2260 1170 facit,
2304 1119 2413 1157 non
2444 1102 2596 1174 quasi
2625 1102 2831 1158 nolenti
2864 1110 3271 1175 extorqueatur,
3303 1102 3521 1158 fundari

1933 1198 1986 1246 et
2014 1191 2257 1246 roborari
2288 1208 2318 1246 a
2346 1193 2479 1259 Deo,
2511 1200 2572 1247 ut
2600 1191 2658 1247 in
2688 1191 2790 1247 hac
2819 1207 2875 1246 re
2904 1191 3113 1247 nullam
3146 1191 3520 1248 infirmitatem

1933 1279 2192 1352 patiatur,
2223 1281 2400 1337 sciens
2438 1280 2646 1336 dictum
2673 1297 2702 1337 a
2733 1280 3057 1336 Salomone:
3109 1304 3127 1327 ι
3172 1281 3312 1336 Dum
3357 1281 3524 1338 habes

1934 1371 2296 1439 occasionem,
2325 1370 2551 1428 benefac
2588 1373 2774 1445 (Prov.
2801 1390 2884 1436 III,
2906 1372 3046 1442 27).»
3065 1371 3166 1427 Sed
3199 1371 3301 1428 hoc
3322 1372 3524 1428 multi—

1934 1459 2070 1516 farie
2093 1460 2508 1531 intelligendum
2533 1469 2615 1518 est
2646 1481 2658 1529 ;
2694 1461 2984 1532 multiplex
3010 1469 3090 1516 est
3119 1460 3266 1515 enim
3300 1461 3523 1516 miseri—

1935 1548 2122 1606 cordia
2153 1550 2267 1622 (86)
2300 1551 2402 1606 sub
2432 1569 2542 1606 uno
2572 1550 2859 1607 vocabulo.
2901 1551 3038 1606 Nam
3069 1551 3113 1606 si
3153 1567 3314 1622 supra
3342 1549 3521 1606 dixit:

1949 1659 1967 1682 ι
1998 1635 2102 1702 Qui
2133 1638 2362 1710 largitur
2390 1639 2448 1693 in
2477 1629 2866 1711 simplicitate;
2895 1664 2913 1686 ι
2958 1638 3090 1712 quid
3121 1646 3235 1694 erat
3265 1655 3402 1710 opus
3429 1638 3525 1693 ite-

1937 1741 2078 1790 rare,
2101 1725 2209 1780 nisi
2241 1727 2373 1798 quia
2404 1727 2506 1782 sub
2535 1745 2646 1783 uno
2678 1727 3069 1784 misericordiae
3101 1727 3323 1782 nomine
3357 1727 3527 1781 multa

1935 1812 2079 1870 bona
2105 1832 2267 1887 opera
2295 1817 2669 1889 significavit?
2707 1815 3064 1872 Peccantibus
3111 1815 3312 1870 etenim
3361 1815 3528 1886 igno—

221 1902 552 1978 deputatum
582 1909 824 1964 ofﬁcium
859 1917 957 1977 est,
1008 1925 1119 1964 non
1165 1915 1466 1980 perstrepat
1509 1903 1687 1971 alteri,
1735 1898 1823 1958 cui
1858 1931 1904 1991 B
1939 1921 2088 1961 scere
2119 1906 2495 1964 misericordia
2523 1916 2638 1963 est:
2685 1915 2738 1963 et
2775 1907 2832 1962 in
2863 1906 3180 1961 necessitate
3210 1905 3394 1977 aliqua
3421 1920 3529 1976 po-

225 1993 435 2051 viderit
462 1996 617 2052 aliud
648 1997 938 2066 traditum,
969 1997 1064 2053 sed
1092 1995 1432 2070 congaudeat
1463 1995 1604 2067 (83),
1626 2001 1687 2049 ut
1711 2008 1826 2048 cor-

224 2098 330 2156 pus
368 2085 628 2142 Ecclesiae
658 2088 731 2143 sit
760 2087 1082 2159 perfectum.

313 2199 332 2222 ι
361 2175 489 2232 Sive
534 2178 879 2250 prophetiam
931 2176 1233 2233 secundum
1287 2175 1555 2230 rationem
1603 2170 1753 2226 ﬁdei.
1797 2197 1814 2218 ι

225 2265 276 2319 Α
308 2264 596 2337 prophetia
623 2265 842 2336 incipit,
869 2281 990 2338 quae
1021 2264 1197 2336 prima
1236 2262 1486 2334 probatio
1533 2269 1614 2316 est
1651 2258 1830 2314 ratio—

225 2352 469 2411 nabilem
526 2371 642 2412 esse
693 2355 856 2411 ﬁdem
907 2361 1170 2410 nostram.
1230 2351 1477 2424 Denique
1523 2349 1826 2416 credentes,

227 2453 452 2518 accepto
504 2445 713 2518 Spiritu
749 2444 1164 2518 prophetabant.
1213 2443 1340 2499 Hrec
1386 2458 1512 2513 ergo
1542 2441 1703 2497 datur
1731 2455 1828 2511 pro

229 2535 398 2592 modo
442 2537 781 2609 accipientis,
834 2535 938 2594 hoc
967 2545 1068 2604 est,
1113 2543 1380 2609 quantum
1427 2548 1590 2589 causa
1635 2529 1827 2601 exigit,

227 2634 454 2698 propter
481 2643 641 2700 quam
669 2626 850 2682 datur.

306 2716 487 2785 (Vers.
519 2717 597 2790 7.)
644 2742 661 2764 ι
701 2718 828 2774 Sive
865 2716 1234 2773 ministerium
1281 2715 1338 2769 in
1386 2710 1817 2768 ministrando.»

227 2803 319 2860 Ad
349 2806 672 2880 obsequium
707 2807 1068 2863 fraternitatis
1099 2805 1214 2878 (84)
1249 2801 1597 2876 praebendum
1629 2801 1687 2856 in
1716 2807 1829 2854 tan-

226 2903 353 2952 tum
401 2897 652 2954 minister
703 2897 973 2966 ﬁrmatur,
1023 2906 1287 2971 quantum
1325 2893 1500 2951 credit
1541 2892 1736 2948 debere
1775 2907 1832 2947 se

229 2986 461 3060 obsequi
487 3005 501 3054 ;
538 3004 606 3043 ne
631 2989 777 3043 ultra
806 2987 969 3043 ﬁdem
1001 2987 1256 3042 laborans
1290 2984 1346 3039 in
1378 2983 1662 3056 obsequio,
1694 2981 1830 3038 fati-

231 3085 392 3150 getur
419 3077 731 3146 incassum;
774 3077 902 3150 quia
945 3076 1050 3133 hoc
1085 3076 1335 3149 sequitur
1364 3089 1829 3147 unumquemque,

232 3164 383 3240 quod
412 3175 641 3223 conatur
668 3183 735 3222 ex
773 3168 956 3224 corde.

321 3280 340 3301 -
372 3255 499 3312 Sive
523 3257 620 3330 qui
649 3255 806 3314 docet
835 3257 892 3312 in
919 3256 1190 3313 doctrina.
1226 3281 1243 3303 ι
1283 3253 1552 3311 Similiter
1580 3251 1716 3309 dicit
1742 3252 1830 3308 ad-
1865 3292 1908 3353 Ο

226 3344 421 3419 juvari
459 3345 736 3402 doctorem
766 3346 822 3401 in
861 3345 1143 3413 doctrina;
1192 3353 1256 3401 ut
1293 3345 1350 3399 in
1389 3350 1654 3417 quantum
1701 3341 1833 3398 ﬁdes

231 3435 358 3509 ejus
386 3445 469 3492 est
495 3436 562 3492 ad
589 3436 922 3505 docendum,
963 3437 1020 3491 in
1050 3443 1267 3492 tantum
1301 3433 1599 3505 inspiretur
1632 3431 1700 3488 ad
1729 3439 1833 3488 tra-

234 3528 477 3586 dendam
506 3527 856 3600 disciplinam
884 3525 1180 3582 cmlestem.

316 3624 500 3696 (Vers.
533 3625 615 3694 8.)
652 3647 671 3671 ι
701 3622 828 3677 Sive
853 3622 948 3694 qui
977 3620 1301 3675 exhortatur
1330 3619 1387 3674 in
1417 3617 1778 3674 exhortando.
1805 3643 1822 3665 ι

230 3712 314 3770 Et
344 3711 497 3768 hunc
533 3711 726 3767 eodem
759 3709 921 3766 modo
944 3709 1000 3764 in
1029 3725 1094 3766 eo
1123 3709 1263 3781 ipso,
1288 3710 1345 3763 in
1367 3724 1474 3782 quo
1499 3705 1673 3762 tendit
1695 3706 1834 3778 (85),

229 3800 458 3858 auxilio
487 3800 724 3872 Spiritus
754 3797 1066 3872 praeparari,
1108 3804 1171 3853 ut
1199 3796 1394 3853 habeat
1424 3796 1670 3870 gratiam,
1705 3785 1835 3850 dum

229 3896 525 3964 provocat.
558 3889 800 3945 Lacessit
827 3888 974 3945 enim
1009 3887 1202 3943 fratres
1243 3885 1312 3942 ad
1349 3885 1579 3952 bonum,
1620 3893 1712 3941 aut
1742 3885 1838 3940 ἰησ-

229 3977 496 4038 credulos
525 3977 594 4033 ad
621 3977 806 4034 ﬁdem.

327 4101 346 4122 ι
392 4074 497 4144 Qui
528 4075 760 4147 largitur
793 4075 853 4130 in
881 4071 1255 4147 simplicitate.
1303 4098 1322 4122 ι
1380 4072 1522 4129 Huic
1551 4072 1706 4142 dicit,
1743 4073 1839 4146 qui

235 4167 390 4224 bono
419 4164 607 4221 animo
637 4163 834 4221 tribuit
855 4163 1064 4220 auxilia
1093 4178 1306 4236 semper
1333 4161 1699 4234 suppeditare,
1717 4179 1839 4234 pro-

235 4264 470 4316 curante
499 4255 729 4329 Spiritu,
761 4265 822 4313 ut
851 4271 964 4313 non
997 4253 1138 4312 desit
1183 4254 1450 4310 tribuenti
1492 4253 1837 4326 simpliciter,

239 4345 463 4404 dicente
493 4346 817 4402 Salomone:
865 4369 883 4393 ε
934 4345 1040 4412 Qui
1083 4345 1282 4402 tribuit
1331 4344 1678 4418 pauperibus,
1728 4361 1840 4400 non

239 4437 515 4510 indigebit
545 4439 732 4510 (Prov.
756 4453 959 4502 xxvm,
985 4436 1100 4508 27).
1122 4461 1140 4485 ι
1174 4437 1277 4492 Hic
1304 4451 1432 4507 ergo
1473 4435 1668 4490 tribuit
1713 4434 1839 4490 sim-

239 4525 486 4601 pliciter,
517 4528 612 4600 qui
645 4543 757 4583 non
790 4527 848 4582 in
876 4525 1226 4583 simulatione
1257 4524 1362 4581 hoc
1391 4525 1521 4596 agit,
1553 4531 1614 4579 ut
1643 4525 1760 4580 laus
1791 4523 1842 4579 ei

239 4616 313 4676 ab
338 4617 659 4674 hominibus
687 4617 868 4687 detur,
900 4616 994 4674 sed
1023 4625 1084 4674 ut
1109 4631 1142 4672 a
1169 4617 1282 4673 Deo
1312 4629 1412 4688 pro
1437 4613 1543 4671 hoc
1580 4614 1698 4686 ipso
1731 4629 1841 4670 me-

240 4708 416 4765 ritum
445 4717 833 4782 consequatur.

329 4824 350 4848 ·
379 4798 486 4868 Qui
510 4810 707 4874 praeest
735 4800 792 4856 in
825 4797 1218 4857 sollicitudine.
1262 4823 1281 4848 ι
1324 4795 1468 4854 Eum
1515 4794 1610 4870 qui
1657 4810 1843 4854 curam

345 5015 440 5086 81)
475 5015 631 5072 Rom.
663 5013 796 5070 edit.
825 5011 960 5082 sola,
990 5031 1054 5068 ne
1081 5013 1218 5069 alter
1253 5010 1500 5086 alterius,
1532 5018 1636 5086 etc.

345 5084 440 5156 82)
476 5088 599 5142 Mss.
631 5088 842 5160 aliquot
870 5088 993 5142 voci
1035 5087 1185 5141 nobis
1232 5084 1463 5153 addunt,
1511 5084 1844 5153 differentes;

243 5159 343 5216 alii
374 5160 691 5228 differentia.

320 5227 602 5304 (83)"AVet.
649 5229 781 5286 edit.
827 5245 894 5304 ac
929 5228 1092 5304 pauc_i_
1131 5244 1284 5295 mss.,
1338 5227 1424 5281 sed
1469 5227 1847 5304 congerat.___Et

244 5298 498 5375 sequenti
529 5309 685 5357 textu
713 5298 946 5375 Amerbf
959 5311 1023 5375 et
1050 5301 1203 5375 liras.
1226 5316 1352 5355 cum
1382 5298 1503 5353 cod.
1541 5298 1843 5375 nonnullis,

251 5369 539 5430 secundum
567 5374 918 5445 operationem
939 5373 1079 5444 ﬁdei.
1103 5373 1365 5445 Neutrum
1397 5369 1703 5445 commode.

321 5445 442 5518 (84)
477 5442 613 5500 Mss.—
634 5445 864 5518 aliquot,
991 5445 1288 5513 obsequium
1302 5442 1578 5518 Ecclesiae.

320 5511 444 5589 (85)
464 5518 580 5572 Non
591 5511 744 5571 nulli"
755 5511 908 5581 mss.,
927 5517 984 5569 in
1005 5511 1397 5589 quo—ostendit;
1417 5513 1519 5589 alii
1535 5528 1644 5567 non
1664 5511 1847 5582 pauci,

243 5585 434 5716 fintque
463 5605 517 5643 se
546 5590 750 5654 tendit;
775 5589 980 5656 caeteri,
1011 5585 1065 5642 et
1094 5603 1283 5642 omnes
1313 5585 1468 5654 edit.,
1499 5586 1557 5640 in
1593 5600 1694 5654 quo
1729 5590 1850 5637 ten-

284 5679 303 5715 ι
334 5705 346 5716 .

284 5661 346 5717 ξι.

345 5732 443 5804 86)
475 5730 744 5804 Nonnulli
775 5747 931 5800 mss.,
959 5731 1066 5804 sub,
1099 5747 1204 5786 uno
1242 5730 1379 5804 enim
1411 5728 1662 5788 vocabulo
1699 5727 1851 5784 mul-

248 5803 518 5879 tiplex-est
543 5803 908 5874 intelligentia.
937 5803 1163 5864 Minime
1192 5803 1354 5860 male.

1938 1996 2044 2052 sito
2075 1998 2160 2053 vel
2214 2015 2471 2069 oppresso
2510 2014 2668 2070 opem
2713 1998 2854 2052 ferre
2901 1993 3278 2051 misericordia
3325 2000 3437 2058 est;
3476 1999 3530 2047 et

1939 2085 2145 2141 nudum
2179 2086 2400 2154 vestire,
2429 2093 2482 2142 et
2509 2085 2773 2141 esurienti
2805 2099 2999 2156 panem
3020 2084 3288 2155 frangere,
3319 2088 3371 2136 et
3398 2096 3530 2152 par-

1938 2176 2131 2231 vulum
2163 2176 2474 2248 expositum
2515 2175 2793 2247 colligere,
2835 2181 2890 2229 et
2925 2171 3156 2229 cadaver
3202 2171 3434 2244 operire,
3477 2176 3531 2224 et

1938 2265 2045 2320 alia
2100 2266 2312 2338 operari
2373 2266 2488 2338 (87)
2548 2263 2926 2320 misericordia
2980 2271 3080 2318 est.
3141 2260 3267 2317 Ideo
3317 2260 3363 2316 si
3415 2259 3532 2315 hmo

1939 2363 2190 2434 impigre,
2230 2371 2284 2418 et
2321 2363 2438 2419 sine
2461 2362 2633 2427 taedio
2665 2361 2831 2418 fuerit
2865 2369 3140 2434 operatus,
3185 2357 3409 2414 habebit
3438 2353 3532 2412 96

1939 2452 2108 2525 hujus
2146 2454 2324 2526 operis
2354 2461 2406 2510 et
2433 2454 2489 2509 in
2521 2453 2776 2526 praesenti
2807 2459 2862 2507 et
2889 2452 2947 2506 in
2978 2451 3167 2505 futuro
3206 2447 3528 2504 mercedem.

1939 2542 2132 2598 Omnis
2190 2560 2316 2615 ergo
2371 2543 2748 2599 misericordia
2804 2549 2867 2596 et‘
2902 2540 3250 2610 simpliciter,
3307 2545 3360 2594 et
3407 2554 3531 2595 cum

1942 2631 2139 2704 gaudio
2195 2631 2313 2686 ﬁeri
2366 2633 2563 2699 debet;
2609 2640 2672 2687 ut
2707 2630 3034 2703 simplicitas
3059 2627 3316 2685 excludat
3345 2627 3534 2699 hypo—

1941 2720 2148 2789 crisim,
2182 2721 2443 2793 gaudium
2479 2737 2610 2777 vero
2648 2721 2849 2776 fretum
2898 2720 3097 2776 futurae
3145 2717 3262 2790 spei
3305 2724 3536 2772 testatur

1942 2825 2172 2865 examen
2184 2854 2195 2865 .

2016 2899 2198 2972 (Vers.
2245 2899 2328 2972 9.)
2388 2924 2405 2946 ι
2452 2899 2686 2956 Dilectio
2730 2899 2848 2955 sine
2892 2895 3264 2954 simulatione.
3318 2921 3336 2945 ι
3396 2893 3536 2952 Huic

1944 2988 2135 3056 menti,
2167 3005 2287 3061 quae
2319 2987 2423 3044 hoc
2453 2989 2750 3044 meditatur
2781 2987 2920 3060 (88),
2953 2994 3014 3042 ut
3041 2985 3166 3041 ideo
3195 2984 3385 3056 diligat
3414 2985 3535 3039 fra-

1941 3086 2100 3146 trem,
2132 3076 2260 3149 quia
2289 3077 2393 3132 scit
2423 3077 2528 3134 hoc
2555 3079 2767 3149 placere
2805 3076 3014 3132 auctori
3057 3077 3190 3143 Deo,
3234 3082 3296 3130 ut
3337 3089 3447 3129 non
3478 3075 3535 3128 in

1943 3167 2258 3224 adulatione
2287 3167 2571 3241 praesentis
2603 3167 2730 3222 vitae
2759 3165 2864 3221 hoc
2891 3173 3031 3236 agat,
3066 3163 3324 3219 subvenit
3351 3163 3538 3235 Spiri-

1941 3264 2049 3325 tus,
2097 3264 2158 3312 ut
2197 3257 2326 3329 quia
2370 3257 2475 3312 hoc
2523 3257 2723 3312 devota
2778 3263 2958 3310 mente
3015 3253 3228 3326 quaerit,
3261 3251 3537 3324 obsequiis

1941 3346 2113 3418 possit
2139 3346 2388 3418 implere.
2432 3344 2684 3401 Audiunt
2727 3343 2873 3399 enim
2917 3342 3127 3398 dictum
3177 3358 3208 3397 a
3251 3341 3532 3396 Domino:

1957 3459 1975 3482 ε
2003 3435 2338 3506 Praeceptum
2369 3451 2575 3491 novum
2606 3433 2677 3489 do
2707 3431 2885 3501 vobis,
2917 3437 2978 3486 ut
3010 3430 3252 3503 diligatis
3289 3429 3529 3486 invicem

1943 3524 2123 3597 (Joan.
2154 3539 2277 3591 xm,
2308 3523 2421 3594 3's).
2458 3549 2476 3572 ι

2019 3613 2200 3686 (Vers.
2251 3613 2485 3686 10,14.)
2542 3637 2560 3660 ‹
2609 3611 2868 3669 Odientes
2921 3611 3148 3678 malum,
3201 3607 3538 3666 adhaerentes

1943 3703 2108 3772 bono,
2142 3703 2502 3760 fraternitatis
2529 3718 2712 3760 amore
2747 3701 2985 3758 invicem
3035 3699 3279 3773 benigni,
3330 3699 3538 3755 honore

1948 3801 2144 3849 mutuo
2186 3793 2601 3866 praevenientes.
2637 3818 2654 3841 ι
2715 3792 2833 3848 Non
2883 3805 3140 3861 magnum
3171 3789 3308 3844 dicit
3335 3788 3540 3844 evitare

1948 3884 2174 3968 malum,
2204 3884 2310 3940 nisi
2344 3882 2688 3940 adhaereatur
2707 3882 2883 3947 bono;
2920 3879 3060 3936 illud
3087 3880 3235 3934 enim
3256 3879 3322 3935 de
3345 3878 3540 3933 timore

1947 3977 2031 4046 ﬁt,
2065 3976 2211 4033 istud
2242 3976 2307 4032 de
2332 3992 2516 4032 amore
2541 3993 2552 4030 :
2584 3990 2687 4030 nec
2714 3972 3014 4044 benignum
3045 3987 3180 4039 esse,
3208 3985 3309 4026 nec
3338 3969 3544 4024 frater-

1948 4065 2137 4123 uitatis
2165 4082 2405 4122 amorem
2439 4065 2556 4138 (89)
2588 4072 2772 4119 tenere
2812 4061 3038 4131 dicitur,
3085 4060 3132 4116 si
3178 4075 3291 4116 non
3337 4058 3544 4114 mutuis

1947 4171 2004 4212 se
2032 4154 2309 4229 obsequiis
2337 4153 2724 4227 praevenerint.

2034 4242 2462 4300 «Sollicitudine
2510 4258 2622 4298 non
2667 4239 2829 4314 pigri.
2863 4265 2880 4287 ι
2930 4239 3046 4296 Hoc
3091 4245 3174 4294 est
3221 4236 3369 4311 quod
3409 4236 3545 4292 dicit

1949 4333 2214 4407 propheta
2242 4331 2503 4389 Jeremias
2531 4333 2746 4401 (Jerem.
2782 4346 2976 4398 xnvnr,
3029 4328 3141 4400 10),
3189 4327 3317 4400 quia
3365 4326 3545 4381 male-

1949 4423 2128 4480 dictus
2175 4423 2269 4496 qui
2318 4422 2449 4478 facit
2498 4437 2662 4494 opera
2707 4419 2931 4476 Domini
2984 4417 3339 4488 negligenter.
3387 4413 3546 4485 Piger

1949 4513 2096 4570 enim
2145 4512 2203 4568 in
2246 4511 2664 4569 conversatione
2707 4509 2900 4565 divina
2947 4509 3066 4564 sine
3105 4521 3200 4578 spe
3246 4511 3363 4571 est;
3420 4502 3544 4557 ideo

1952 4603 2184 4677 subjecit
2209 4622 2220 4660 :

2037 4723 2056 4746 ι
2085 4696 2294 4770 Spiritu
2323 4696 2611 4752 ferventes.
2642 4719 2660 4743 ›
2701 4693 2816 4749 Hoc
2843 4698 2943 4758 est,
2977 4697 3037 4746 ut
3065 4689 3122 4743 in
3155 4683 3420 4741 exercitio
3445 4681 3544 4738 di—

1953 4789 2070 4846 vini
2119 4787 2298 4862 operis
2347 4794 2442 4844 aut
2496 4785 2630 4858 legis
2658 4799 2769 4840 non
2796 4782 2868 4838 sit
2908 4777 3140 4851 tepidus,
3171 4775 3315 4832 sicut
3341 4773 3546 4830 dicitur

2027 5003 2142 5078 (87)
2173 5005 2331 5061 Rom.
2374 4999 2530 5068 edit.,
2576 5004 2625 5055 et
2670 4996 2802 5054 talia
2843 4991 3078 5067 operari.
3121 4992 3279 5049 Haud
3326 4991 3549 5049 incom-

1954 5079 2133 5133 mode.

2027 5148 2144 5218 (88)
2177 5147 2301 5202 Vet.
2331 5144 2462 5200 edit.
2491 5138 3031 5218 et_mss._nonnulli,-
3057 5139 3193 5194 Huic
3217 5137 3425 5200 merito,
3447 5136 3550 5218 qui

1952 5207 2277 5274 meditatur:
2310 5219 2466 5272 Rom.
2497 5214 2630 5270 edit.
2665 5213 2796 5268 hinc
2832 5211 3062 5266 abstulit
3104 5225 3290 5265 vocem
3321 5207 3544 5262 merito:

1955 5308 2056 5346 nos
2092 5307 2218 5344 vero
2251 5290 2433 5344 locum
2459 5303 2529 5342 ex
2557 5285 2809 5358 pluribus
2854 5282 3370 5356 probatioribusque
3419 5277 3546 5334 cod.

1955 5361 2315 5418 restituimus.

2031 5435 2146 5506 (89)
2182 5434 2261 5488 lta
2292 5434 2468 5506 locum
2501 5428 2795 5506 emendant
2822 5426 2945 5506 cod.
2972 5427 3142 5506 Prat,
3171 5421 3348 5487 Gem.,
3379 5419 3548 5477 Mich.

1957 5513 2012 5561 et
2039 5497 2183 5560 'Vall.
2217 5520 2341 5560 cum
2373 5503 2526 5575 prius
2556 5501 2846 5575 haberetur
2883 5500 2938 5553 in
2978 5497 3127 5575 edit._
3158 5510 3220 5549 ac
3264 5508 3439 5575 mss.,.
3461 5507 3552 5572 nec

1959 5577 2235 5648 benignum
2263 5562 2749 5648 esse'fratemitatis
2781 5574 3050 5635 honorem,
3080 5567 3127 5621 si
3153 5562 3463 5648 non;AGil_l_.
3493 5563 3551 5617 in

1958 5634 2131 5721 marg.
2164 5656 2217 5704 et
2247 5634 2402 5721 Rom:
2435 5647 2568 5721 edit.
2602 5646 2660 5700 in
2704 5659 2855 5716 corp.
2909 5634 3040 5698 cum
3067 5652 3181 5694 uno
3232 5643 3326 5694 aut
3381 5634 3552 5690 altero

1961 5720 2112 5791 mss.,
2138 5720 2495 5792 fraternitatis
2522 5731 2774 5774 amorem.
