  <div class='ocr_page' id='page_1' title='image "/cluster/home/n/w/nwhite01/storage/ocr_20150623/17/umn.31951002477311b/091.png"; bbox 0 0 3976 6386; ppageno 0'>
   <div class='ocr_carea' id='block_1_1' title="bbox 498 374 599 437">
    <p class='ocr_par' dir='ltr' id='par_1_1' title="bbox 498 374 599 437">
     <span class='ocr_line' id='line_1_1' title="bbox 498 374 599 437; baseline 0.01 -1"><span class='ocrx_word' id='word_1_1' title='bbox 498 374 599 437; x_wconf 82' lang='grc'><strong>167</strong></span> 
     </span>
    </p>
   </div>
   <div class='ocr_carea' id='block_1_2' title="bbox 1505 363 2768 432">
    <p class='ocr_par' dir='ltr' id='par_1_2' title="bbox 1505 363 2768 432">
     <span class='ocr_line' id='line_1_2' title="bbox 1505 363 2768 432; baseline -0.002 -2"><span class='ocrx_word' id='word_1_2' title='bbox 1505 369 1601 431; x_wconf 94' lang='lat' dir='ltr'><strong>AD</strong></span> <span class='ocrx_word' id='word_1_3' title='bbox 1640 365 1876 432; x_wconf 81' lang='lat' dir='ltr'><strong>OPERA</strong></span> <span class='ocrx_word' id='word_1_4' title='bbox 1915 374 1971 431; x_wconf 93' lang='lat' dir='ltr'><strong>S.</strong></span> <span class='ocrx_word' id='word_1_5' title='bbox 2014 363 2349 430; x_wconf 75' lang='lat' dir='ltr'><strong>AMBROSII</strong></span> <span class='ocrx_word' id='word_1_6' title='bbox 2386 363 2768 428; x_wconf 80' lang='lat' dir='ltr'><strong>APPENDIX.</strong></span> 
     </span>
    </p>
   </div>
   <div class='ocr_carea' id='block_1_3' title="bbox 3709 368 3815 429">
    <p class='ocr_par' dir='ltr' id='par_1_3' title="bbox 3709 368 3815 429">
     <span class='ocr_line' id='line_1_3' title="bbox 3709 368 3815 429; baseline 0.009 -1"><span class='ocrx_word' id='word_1_7' title='bbox 3709 368 3815 429; x_wconf 75' lang='grc'><strong>168</strong></span> 
     </span>
    </p>
   </div>
   <div class='ocr_carea' id='block_1_4' title="bbox 389 478 3813 576">
    <p class='ocr_par' dir='ltr' id='par_1_4' title="bbox 389 478 3813 576">
     <span class='ocr_line' id='line_1_4' title="bbox 389 478 3813 576; baseline -0.002 -14"><span class='ocrx_word' id='word_1_8' title='bbox 389 478 392 481; x_wconf 21' lang='grc' dir='ltr'><strong>Ι</strong></span> <span class='ocrx_word' id='word_1_9' title='bbox 498 507 553 562; x_wconf 86' lang='lat' dir='ltr'><strong>in</strong></span> <span class='ocrx_word' id='word_1_10' title='bbox 583 502 914 576; x_wconf 83' lang='lat' dir='ltr'><strong>Apocalypsi</strong></span> <span class='ocrx_word' id='word_1_11' title='bbox 940 501 1202 559; x_wconf 83' lang='lat' dir='ltr'><strong>Joannis:</strong></span> <span class='ocrx_word' id='word_1_12' title='bbox 1250 526 1268 549; x_wconf 84' lang='grc' dir='ltr'><strong>ι</strong></span> <span class='ocrx_word' id='word_1_13' title='bbox 1299 501 1571 569; x_wconf 84' lang='lat' dir='ltr'><strong>Quoniam</strong></span> <span class='ocrx_word' id='word_1_14' title='bbox 1605 499 1823 574; x_wconf 90' lang='lat' dir='ltr'><strong>tepidus</strong></span> <span class='ocrx_word' id='word_1_15' title='bbox 1865 517 1941 569; x_wconf 93' lang='lat' dir='ltr'><strong>es,</strong></span> <span class='ocrx_word' id='word_1_16' title='bbox 1990 499 2088 554; x_wconf 91' lang='lat' dir='ltr'><strong>in-</strong></span> <span class='ocrx_word' id='word_1_17' title='bbox 2118 501 2167 560; x_wconf 84' lang='grc' dir='ltr'>Α</span> <span class='ocrx_word' id='word_1_18' title='bbox 2195 496 2413 553; x_wconf 77' lang='lat' dir='ltr'><strong>incitati</strong></span> <span class='ocrx_word' id='word_1_19' title='bbox 2459 496 2613 568; x_wconf 89' lang='lat' dir='ltr'><strong>prius</strong></span> <span class='ocrx_word' id='word_1_20' title='bbox 2643 495 2805 552; x_wconf 83' lang='lat' dir='ltr'><strong>facile</strong></span> <span class='ocrx_word' id='word_1_21' title='bbox 2852 493 3181 551; x_wconf 80' lang='lat' dir='ltr'><strong>maledicere</strong></span> <span class='ocrx_word' id='word_1_22' title='bbox 3210 493 3426 563; x_wconf 91' lang='lat' dir='ltr'><strong>velint;</strong></span> <span class='ocrx_word' id='word_1_23' title='bbox 3470 495 3567 553; x_wconf 87' lang='lat' dir='ltr'><strong>sed</strong></span> <span class='ocrx_word' id='word_1_24' title='bbox 3597 506 3661 554; x_wconf 92' lang='lat' dir='ltr'><strong>ut</strong></span> <span class='ocrx_word' id='word_1_25' title='bbox 3682 514 3813 556; x_wconf 81' lang='lat' dir='ltr'><strong>ma-</strong></span> 
     </span>
    </p>
   </div>
   <div class='ocr_carea' id='block_1_5' title="bbox 493 592 2089 667">
    <p class='ocr_par' dir='ltr' id='par_1_5' title="bbox 493 592 2089 667">
     <span class='ocr_line' id='line_1_5' title="bbox 493 592 2089 667; baseline -0.001 -19"><span class='ocrx_word' id='word_1_26' title='bbox 493 592 634 667; x_wconf 89' lang='lat' dir='ltr'><strong>quit,</strong></span> <span class='ocrx_word' id='word_1_27' title='bbox 666 609 917 650; x_wconf 88' lang='lat' dir='ltr'><strong>evomam</strong></span> <span class='ocrx_word' id='word_1_28' title='bbox 946 600 998 649; x_wconf 90' lang='lat' dir='ltr'><strong>te</strong></span> <span class='ocrx_word' id='word_1_29' title='bbox 1028 610 1098 650; x_wconf 82' lang='lat' dir='ltr'><strong>ex</strong></span> <span class='ocrx_word' id='word_1_30' title='bbox 1128 609 1220 648; x_wconf 91' lang='lat' dir='ltr'><strong>ore</strong></span> <span class='ocrx_word' id='word_1_31' title='bbox 1249 608 1372 648; x_wconf 88' lang='lat' dir='ltr'><strong>meo</strong></span> <span class='ocrx_word' id='word_1_32' title='bbox 1405 592 1591 663; x_wconf 81' lang='lat' dir='ltr'><strong>(Apoc.</strong></span> <span class='ocrx_word' id='word_1_33' title='bbox 1624 608 1711 657; x_wconf 81' lang='grc' dir='ltr'><strong>ιιι,</strong></span> <span class='ocrx_word' id='word_1_34' title='bbox 1746 592 1834 663; x_wconf 88' lang='grc'><strong>16)</strong></span> <span class='ocrx_word' id='word_1_35' title='bbox 1857 610 1870 660; x_wconf 89' lang='grc'><strong>;</strong></span> <span class='ocrx_word' id='word_1_36' title='bbox 1896 618 1914 641; x_wconf 75' lang='grc' dir='ltr'><strong>ι</strong></span> <span class='ocrx_word' id='word_1_37' title='bbox 1957 607 2089 664; x_wconf 87' lang='lat' dir='ltr'><strong>quo-</strong></span> 
     </span>
    </p>
   </div>
   <div class='ocr_carea' id='block_1_6' title="bbox 490 679 2089 754">
    <p class='ocr_par' dir='ltr' id='par_1_6' title="bbox 490 679 2089 754">
     <span class='ocr_line' id='line_1_6' title="bbox 490 679 2089 754; baseline -0.002 -17"><span class='ocrx_word' id='word_1_38' title='bbox 490 682 705 740; x_wconf 89' lang='lat' dir='ltr'><strong>tidiana</strong></span> <span class='ocrx_word' id='word_1_39' title='bbox 733 683 881 738; x_wconf 89' lang='lat' dir='ltr'><strong>enim</strong></span> <span class='ocrx_word' id='word_1_40' title='bbox 922 682 1207 739; x_wconf 75' lang='lat' dir='ltr'><strong>meditatio</strong></span> <span class='ocrx_word' id='word_1_41' title='bbox 1239 683 1391 739; x_wconf 90' lang='lat' dir='ltr'><strong>tollit</strong></span> <span class='ocrx_word' id='word_1_42' title='bbox 1419 697 1691 754; x_wconf 88' lang='lat' dir='ltr'><strong>soporem,</strong></span> <span class='ocrx_word' id='word_1_43' title='bbox 1723 689 1776 736; x_wconf 91' lang='lat' dir='ltr'><strong>et</strong></span> <span class='ocrx_word' id='word_1_44' title='bbox 1809 680 1887 739; x_wconf 88' lang='lat' dir='ltr'><strong>cit</strong></span> <span class='ocrx_word' id='word_1_45' title='bbox 1937 679 2089 751; x_wconf 88' lang='lat' dir='ltr'><strong>vigi-</strong></span> 
     </span>
    </p>
   </div>
   <div class='ocr_carea' id='block_1_7' title="bbox 493 771 2090 847">
    <p class='ocr_par' dir='ltr' id='par_1_7' title="bbox 493 771 2090 847">
     <span class='ocr_line' id='line_1_7' title="bbox 493 771 2090 847; baseline -0.003 -17"><span class='ocrx_word' id='word_1_46' title='bbox 493 773 718 830; x_wconf 88' lang='lat' dir='ltr'><strong>lantem.</strong></span> <span class='ocrx_word' id='word_1_47' title='bbox 751 775 927 847; x_wconf 85' lang='lat' dir='ltr'><strong>Opera</strong></span> <span class='ocrx_word' id='word_1_48' title='bbox 956 790 1086 828; x_wconf 89' lang='lat' dir='ltr'><strong>vero</strong></span> <span class='ocrx_word' id='word_1_49' title='bbox 1118 773 1340 829; x_wconf 89' lang='lat' dir='ltr'><strong>Domini</strong></span> <span class='ocrx_word' id='word_1_50' title='bbox 1381 782 1528 842; x_wconf 88' lang='lat' dir='ltr'><strong>sunt,</strong></span> <span class='ocrx_word' id='word_1_51' title='bbox 1571 791 1690 846; x_wconf 73' lang='lat' dir='ltr'><strong>quae</strong></span> <span class='ocrx_word' id='word_1_52' title='bbox 1723 772 1946 830; x_wconf 77' lang='lat' dir='ltr'><strong>mandat</strong></span> <span class='ocrx_word' id='word_1_53' title='bbox 1971 771 2090 828; x_wconf 88' lang='lat' dir='ltr'><strong>ﬁeri</strong></span> 
     </span>
    </p>
   </div>
   <div class='ocr_carea' id='block_1_8' title="bbox 493 861 1694 938">
    <p class='ocr_par' dir='ltr' id='par_1_8' title="bbox 493 861 1694 938">
     <span class='ocr_line' id='line_1_8' title="bbox 493 861 1694 938; baseline -0.002 -18"><span class='ocrx_word' id='word_1_54' title='bbox 493 879 594 938; x_wconf 88' lang='lat' dir='ltr'><strong>pro</strong></span> <span class='ocrx_word' id='word_1_55' title='bbox 625 864 864 920; x_wconf 87' lang='lat' dir='ltr'><strong>utilitate</strong></span> <span class='ocrx_word' id='word_1_56' title='bbox 896 861 1175 928; x_wconf 72' lang='lat' dir='ltr'><strong>Ecclesiae,</strong></span> <span class='ocrx_word' id='word_1_57' title='bbox 1213 862 1266 918; x_wconf 92' lang='lat' dir='ltr'><strong>id</strong></span> <span class='ocrx_word' id='word_1_58' title='bbox 1305 872 1406 930; x_wconf 91' lang='lat' dir='ltr'><strong>est,</strong></span> <span class='ocrx_word' id='word_1_59' title='bbox 1441 863 1694 918; x_wconf 87' lang='lat' dir='ltr'><strong>fratrum.</strong></span> 
     </span>
    </p>
   </div>
   <div class='ocr_carea' id='block_1_9' title="bbox 577 951 2093 1024">
    <p class='ocr_par' dir='ltr' id='par_1_9' title="bbox 577 951 2093 1024">
     <span class='ocr_line' id='line_1_9' title="bbox 577 951 2093 1024; baseline -0.001 -15"><span class='ocrx_word' id='word_1_60' title='bbox 577 979 596 1000; x_wconf 78' lang='grc' dir='ltr'><strong>ι</strong></span> <span class='ocrx_word' id='word_1_61' title='bbox 627 951 880 1024; x_wconf 90' lang='lat' dir='ltr'><strong>Tempori</strong></span> <span class='ocrx_word' id='word_1_62' title='bbox 909 954 1233 1009; x_wconf 84' lang='lat' dir='ltr'><strong>servientes.</strong></span> <span class='ocrx_word' id='word_1_63' title='bbox 1276 979 1294 1002; x_wconf 74' lang='grc' dir='ltr'><strong>ι</strong></span> <span class='ocrx_word' id='word_1_64' title='bbox 1347 955 1408 1008; x_wconf 90' lang='lat' dir='ltr'><strong>ln</strong></span> <span class='ocrx_word' id='word_1_65' title='bbox 1442 953 1630 1009; x_wconf 66' lang='lat' dir='ltr'><strong>Graeco</strong></span> <span class='ocrx_word' id='word_1_66' title='bbox 1659 951 1864 1010; x_wconf 88' lang='lat' dir='ltr'><strong>dicitur</strong></span> <span class='ocrx_word' id='word_1_67' title='bbox 1894 951 2093 1009; x_wconf 90' lang='lat' dir='ltr'><strong>habere</strong></span> 
     </span>
    </p>
   </div>
   <div class='ocr_carea' id='block_1_10' title="bbox 490 1043 2095 1118">
    <p class='ocr_par' dir='ltr' id='par_1_10' title="bbox 490 1043 2095 1118">
     <span class='ocr_line' id='line_1_10' title="bbox 490 1043 2095 1118; baseline -0.001 -16"><span class='ocrx_word' id='word_1_68' title='bbox 490 1045 606 1104; x_wconf 84' lang='lat' dir='ltr'><strong>sic:</strong></span> <span class='ocrx_word' id='word_1_69' title='bbox 655 1071 671 1092; x_wconf 79' lang='grc' dir='ltr'><strong>ε</strong></span> <span class='ocrx_word' id='word_1_70' title='bbox 703 1047 816 1102; x_wconf 93' lang='lat' dir='ltr'><strong>Deo</strong></span> <span class='ocrx_word' id='word_1_71' title='bbox 846 1045 1174 1113; x_wconf 81' lang='lat' dir='ltr'><strong>servientes;</strong></span> <span class='ocrx_word' id='word_1_72' title='bbox 1208 1071 1225 1094; x_wconf 80' lang='grc' dir='ltr'><strong>ι</strong></span> <span class='ocrx_word' id='word_1_73' title='bbox 1267 1043 1416 1118; x_wconf 90' lang='lat' dir='ltr'><strong>quod</strong></span> <span class='ocrx_word' id='word_1_74' title='bbox 1448 1061 1548 1101; x_wconf 87' lang='lat' dir='ltr'><strong>nec</strong></span> <span class='ocrx_word' id='word_1_75' title='bbox 1580 1045 1700 1101; x_wconf 92' lang='lat' dir='ltr'><strong>loco</strong></span> <span class='ocrx_word' id='word_1_76' title='bbox 1731 1043 1832 1116; x_wconf 88' lang='lat' dir='ltr'><strong>ipsi</strong></span> <span class='ocrx_word' id='word_1_77' title='bbox 1865 1060 2095 1116; x_wconf 91' lang='lat' dir='ltr'><strong>compe-</strong></span> 
     </span>
    </p>
   </div>
   <div class='ocr_carea' id='block_1_11' title="bbox 492 1133 2094 1208">
    <p class='ocr_par' dir='ltr' id='par_1_11' title="bbox 492 1133 2094 1208">
     <span class='ocr_line' id='line_1_11' title="bbox 492 1133 2094 1208; baseline -0.002 -16"><span class='ocrx_word' id='word_1_78' title='bbox 492 1133 580 1192; x_wconf 85' lang='lat' dir='ltr'><strong>tit.</strong></span> <span class='ocrx_word' id='word_1_79' title='bbox 635 1133 776 1202; x_wconf 84' lang='lat' dir='ltr'><strong>Quid</strong></span> <span class='ocrx_word' id='word_1_80' title='bbox 825 1135 970 1190; x_wconf 92' lang='lat' dir='ltr'><strong>enim</strong></span> <span class='ocrx_word' id='word_1_81' title='bbox 1020 1152 1157 1208; x_wconf 91' lang='lat' dir='ltr'><strong>opus</strong></span> <span class='ocrx_word' id='word_1_82' title='bbox 1202 1143 1318 1191; x_wconf 88' lang='lat' dir='ltr'><strong>erat</strong></span> <span class='ocrx_word' id='word_1_83' title='bbox 1369 1151 1641 1192; x_wconf 90' lang='lat' dir='ltr'><strong>summam</strong></span> <span class='ocrx_word' id='word_1_84' title='bbox 1700 1133 1842 1190; x_wconf 88' lang='lat' dir='ltr'><strong>hanc</strong></span> <span class='ocrx_word' id='word_1_85' title='bbox 1895 1150 2094 1206; x_wconf 91' lang='lat' dir='ltr'><strong>ponere</strong></span> 
     </span>
    </p>
   </div>
   <div class='ocr_carea' id='block_1_12' title="bbox 491 1225 2094 1300">
    <p class='ocr_par' dir='ltr' id='par_1_12' title="bbox 491 1225 2094 1300">
     <span class='ocr_line' id='line_1_12' title="bbox 491 1225 2094 1300; baseline -0.002 -17"><span class='ocrx_word' id='word_1_86' title='bbox 491 1226 662 1283; x_wconf 87' lang='lat' dir='ltr'><strong>totius</strong></span> <span class='ocrx_word' id='word_1_87' title='bbox 686 1226 1018 1294; x_wconf 82' lang='lat' dir='ltr'><strong>devotionis,</strong></span> <span class='ocrx_word' id='word_1_88' title='bbox 1050 1243 1175 1284; x_wconf 91' lang='lat' dir='ltr'><strong>cum</strong></span> <span class='ocrx_word' id='word_1_89' title='bbox 1209 1227 1428 1300; x_wconf 87' lang='lat' dir='ltr'><strong>quando</strong></span> <span class='ocrx_word' id='word_1_90' title='bbox 1448 1226 1663 1299; x_wconf 88' lang='lat' dir='ltr'><strong>singula</strong></span> <span class='ocrx_word' id='word_1_91' title='bbox 1681 1225 1945 1294; x_wconf 90' lang='lat' dir='ltr'><strong>membra,</strong></span> <span class='ocrx_word' id='word_1_92' title='bbox 1975 1242 2094 1298; x_wconf 59' lang='lat' dir='ltr'><strong>quae</strong></span> 
     </span>
    </p>
   </div>
   <div class='ocr_carea' id='block_1_13' title="bbox 493 1315 2094 1390">
    <p class='ocr_par' dir='ltr' id='par_1_13' title="bbox 493 1315 2094 1390">
     <span class='ocr_line' id='line_1_13' title="bbox 493 1315 2094 1390; baseline -0.001 -17"><span class='ocrx_word' id='word_1_93' title='bbox 493 1315 560 1373; x_wconf 91' lang='lat' dir='ltr'><strong>ad</strong></span> <span class='ocrx_word' id='word_1_94' title='bbox 588 1315 849 1390; x_wconf 88' lang='lat' dir='ltr'><strong>obsequia</strong></span> <span class='ocrx_word' id='word_1_95' title='bbox 879 1325 933 1374; x_wconf 87' lang='lat' dir='ltr'><strong>et</strong></span> <span class='ocrx_word' id='word_1_96' title='bbox 961 1316 1188 1374; x_wconf 90' lang='lat' dir='ltr'><strong>servitia</strong></span> <span class='ocrx_word' id='word_1_97' title='bbox 1214 1315 1311 1373; x_wconf 88' lang='lat' dir='ltr'><strong>Dei</strong></span> <span class='ocrx_word' id='word_1_98' title='bbox 1343 1315 1646 1390; x_wconf 86' lang='lat' dir='ltr'><strong>pertinent,</strong></span> <span class='ocrx_word' id='word_1_99' title='bbox 1680 1325 1946 1372; x_wconf 90' lang='lat' dir='ltr'><strong>memoret</strong></span> <span class='ocrx_word' id='word_1_100' title='bbox 1968 1317 1995 1373; x_wconf 77' lang='lat'><strong>?</strong></span> <span class='ocrx_word' id='word_1_101' title='bbox 2035 1317 2094 1372; x_wconf 92' lang='lat' dir='ltr'><strong>In</strong></span> 
     </span>
    </p>
   </div>
   <div class='ocr_carea' id='block_1_14' title="bbox 495 1404 2096 1480">
    <p class='ocr_par' dir='ltr' id='par_1_14' title="bbox 495 1404 2096 1480">
     <span class='ocr_line' id='line_1_14' title="bbox 495 1404 2096 1480; baseline 0 -18"><span class='ocrx_word' id='word_1_102' title='bbox 495 1407 756 1463; x_wconf 89' lang='lat' dir='ltr'><strong>omnibus</strong></span> <span class='ocrx_word' id='word_1_103' title='bbox 794 1407 942 1461; x_wconf 90' lang='lat' dir='ltr'><strong>enim</strong></span> <span class='ocrx_word' id='word_1_104' title='bbox 975 1406 1042 1462; x_wconf 91' lang='lat' dir='ltr'><strong>iis</strong></span> <span class='ocrx_word' id='word_1_105' title='bbox 1071 1423 1192 1480; x_wconf 65' lang='lat' dir='ltr'><strong>quas</strong></span> <span class='ocrx_word' id='word_1_106' title='bbox 1235 1415 1540 1476; x_wconf 86' lang='lat' dir='ltr'><strong>enumerat,</strong></span> <span class='ocrx_word' id='word_1_107' title='bbox 1592 1405 1812 1479; x_wconf 89' lang='lat' dir='ltr'><strong>plenum</strong></span> <span class='ocrx_word' id='word_1_108' title='bbox 1860 1404 2096 1462; x_wconf 91' lang='lat' dir='ltr'><strong>Domino</strong></span> 
     </span>
    </p>
   </div>
   <div class='ocr_carea' id='block_1_15' title="bbox 494 1494 2093 1569">
    <p class='ocr_par' dir='ltr' id='par_1_15' title="bbox 494 1494 2093 1569">
     <span class='ocr_line' id='line_1_15' title="bbox 494 1494 2093 1569; baseline -0.001 -18"><span class='ocrx_word' id='word_1_109' title='bbox 494 1494 782 1552; x_wconf 85' lang='lat' dir='ltr'><strong>servitium</strong></span> <span class='ocrx_word' id='word_1_110' title='bbox 813 1494 1128 1551; x_wconf 85' lang='lat' dir='ltr'><strong>exhibetur.</strong></span> <span class='ocrx_word' id='word_1_111' title='bbox 1173 1495 1306 1552; x_wconf 85' lang='lat' dir='ltr'><strong>Nam</strong></span> <span class='ocrx_word' id='word_1_112' title='bbox 1340 1495 1550 1553; x_wconf 88' lang='lat' dir='ltr'><strong>servire</strong></span> <span class='ocrx_word' id='word_1_113' title='bbox 1579 1495 1811 1568; x_wconf 89' lang='lat' dir='ltr'><strong>tempori</strong></span> <span class='ocrx_word' id='word_1_114' title='bbox 1839 1494 1972 1569; x_wconf 89' lang='lat' dir='ltr'><strong>quid</strong></span> <span class='ocrx_word' id='word_1_115' title='bbox 2003 1494 2093 1562; x_wconf 91' lang='lat' dir='ltr'><strong>sit,</strong></span> 
     </span>
    </p>
   </div>
   <div class='ocr_carea' id='block_1_16' title="bbox 496 1585 2098 1660">
    <p class='ocr_par' dir='ltr' id='par_1_16' title="bbox 496 1585 2098 1660">
     <span class='ocr_line' id='line_1_16' title="bbox 496 1585 2098 1660; baseline -0.001 -18"><span class='ocrx_word' id='word_1_116' title='bbox 496 1585 630 1642; x_wconf 88' lang='lat' dir='ltr'><strong>alibi</strong></span> <span class='ocrx_word' id='word_1_117' title='bbox 659 1585 848 1656; x_wconf 88' lang='lat' dir='ltr'><strong>solvit,</strong></span> <span class='ocrx_word' id='word_1_118' title='bbox 881 1603 1006 1644; x_wconf 90' lang='lat' dir='ltr'><strong>cum</strong></span> <span class='ocrx_word' id='word_1_119' title='bbox 1032 1586 1200 1644; x_wconf 91' lang='lat' dir='ltr'><strong>dicit:</strong></span> <span class='ocrx_word' id='word_1_120' title='bbox 1250 1611 1268 1636; x_wconf 74' lang='grc' dir='ltr'><strong>ι</strong></span> <span class='ocrx_word' id='word_1_121' title='bbox 1306 1587 1656 1645; x_wconf 83' lang='lat' dir='ltr'><strong>Redimentes</strong></span> <span class='ocrx_word' id='word_1_122' title='bbox 1685 1597 1917 1659; x_wconf 89' lang='lat' dir='ltr'><strong>tempus,</strong></span> <span class='ocrx_word' id='word_1_123' title='bbox 1949 1602 2098 1660; x_wconf 92' lang='lat' dir='ltr'><strong>quo-</strong></span> 
     </span>
    </p>
   </div>
   <div class='ocr_carea' id='block_1_17' title="bbox 496 1675 2096 1750">
    <p class='ocr_par' dir='ltr' id='par_1_17' title="bbox 496 1675 2096 1750">
     <span class='ocr_line' id='line_1_17' title="bbox 496 1675 2096 1750; baseline 0.001 -19"><span class='ocrx_word' id='word_1_124' title='bbox 496 1675 648 1732; x_wconf 88' lang='lat' dir='ltr'><strong>niam</strong></span> <span class='ocrx_word' id='word_1_125' title='bbox 701 1675 818 1733; x_wconf 90' lang='lat' dir='ltr'><strong>dies</strong></span> <span class='ocrx_word' id='word_1_126' title='bbox 873 1675 1004 1732; x_wconf 89' lang='lat' dir='ltr'><strong>mali</strong></span> <span class='ocrx_word' id='word_1_127' title='bbox 1048 1685 1222 1744; x_wconf 90' lang='lat' dir='ltr'><strong>sunt;</strong></span> <span class='ocrx_word' id='word_1_128' title='bbox 1281 1687 1344 1733; x_wconf 92' lang='lat' dir='ltr'><strong>ut</strong></span> <span class='ocrx_word' id='word_1_129' title='bbox 1398 1677 1584 1734; x_wconf 90' lang='lat' dir='ltr'><strong>sciatis</strong></span> <span class='ocrx_word' id='word_1_130' title='bbox 1634 1676 2096 1750; x_wconf 84' lang='lat' dir='ltr'><strong>quemadmodum</strong></span> 
     </span>
    </p>
   </div>
   <div class='ocr_carea' id='block_1_18' title="bbox 495 1763 2094 1839">
    <p class='ocr_par' dir='ltr' id='par_1_18' title="bbox 495 1763 2094 1839">
     <span class='ocr_line' id='line_1_18' title="bbox 495 1763 2094 1839; baseline 0.001 -19"><span class='ocrx_word' id='word_1_131' title='bbox 495 1763 796 1838; x_wconf 87' lang='lat' dir='ltr'><strong>unicuique</strong></span> <span class='ocrx_word' id='word_1_132' title='bbox 825 1765 1198 1838; x_wconf 90' lang='lat' dir='ltr'><strong>respondeatis</strong></span> <span class='ocrx_word' id='word_1_133' title='bbox 1229 1768 1456 1838; x_wconf 77' lang='lat' dir='ltr'><strong>(Ephes.</strong></span> <span class='ocrx_word' id='word_1_134' title='bbox 1491 1783 1545 1836; x_wconf 91' lang='lat' dir='ltr'><strong>v,</strong></span> <span class='ocrx_word' id='word_1_135' title='bbox 1583 1767 1694 1839; x_wconf 84' lang='grc'><strong>16).</strong></span> <span class='ocrx_word' id='word_1_136' title='bbox 1745 1792 1763 1814; x_wconf 76' lang='grc' dir='ltr'><strong>ι</strong></span> <span class='ocrx_word' id='word_1_137' title='bbox 1822 1765 2094 1835; x_wconf 86' lang='lat' dir='ltr'><strong>Quoniam</strong></span> 
     </span>
    </p>
   </div>
   <div class='ocr_carea' id='block_1_19' title="bbox 496 1855 1692 1929">
    <p class='ocr_par' dir='ltr' id='par_1_19' title="bbox 496 1855 1692 1929">
     <span class='ocr_line' id='line_1_19' title="bbox 496 1855 1692 1929; baseline -0.001 -17"><span class='ocrx_word' id='word_1_138' title='bbox 496 1863 680 1912; x_wconf 87' lang='lat' dir='ltr'><strong>autem</strong></span> <span class='ocrx_word' id='word_1_139' title='bbox 708 1855 960 1913; x_wconf 85' lang='lat' dir='ltr'><strong>dixerat:</strong></span> <span class='ocrx_word' id='word_1_140' title='bbox 1011 1882 1029 1904; x_wconf 78' lang='grc' dir='ltr'><strong>ι</strong></span> <span class='ocrx_word' id='word_1_141' title='bbox 1067 1856 1279 1929; x_wconf 89' lang='lat' dir='ltr'><strong>Spiritu</strong></span> <span class='ocrx_word' id='word_1_142' title='bbox 1319 1857 1625 1925; x_wconf 86' lang='lat' dir='ltr'><strong>ferventes;</strong></span> <span class='ocrx_word' id='word_1_143' title='bbox 1673 1883 1692 1906; x_wconf 75' lang='grc' dir='ltr'><strong>ι</strong></span> 
     </span>
    </p>
   </div>
   <div class='ocr_carea' id='block_1_20' title="bbox 493 1945 2097 2020">
    <p class='ocr_par' dir='ltr' id='par_1_20' title="bbox 493 1945 2097 2020">
     <span class='ocr_line' id='line_1_20' title="bbox 493 1945 2097 2020; baseline -0.001 -18"><span class='ocrx_word' id='word_1_144' title='bbox 493 1945 822 2017; x_wconf 84' lang='lat' dir='ltr'><strong>acciperent,</strong></span> <span class='ocrx_word' id='word_1_145' title='bbox 850 1954 911 2002; x_wconf 91' lang='lat' dir='ltr'><strong>ut</strong></span> <span class='ocrx_word' id='word_1_146' title='bbox 939 1947 1138 2020; x_wconf 91' lang='lat' dir='ltr'><strong>passim</strong></span> <span class='ocrx_word' id='word_1_147' title='bbox 1171 1955 1224 2003; x_wconf 91' lang='lat' dir='ltr'><strong>et</strong></span> <span class='ocrx_word' id='word_1_148' title='bbox 1252 1947 1567 2020; x_wconf 86' lang='lat' dir='ltr'><strong>importune</strong></span> <span class='ocrx_word' id='word_1_149' title='bbox 1607 1947 1773 2004; x_wconf 88' lang='lat' dir='ltr'><strong>verba</strong></span> <span class='ocrx_word' id='word_1_150' title='bbox 1812 1946 2097 2020; x_wconf 85' lang='lat' dir='ltr'><strong>religionis</strong></span> 
     </span>
    </p>
   </div>
   <div class='ocr_carea' id='block_1_21' title="bbox 494 2035 2097 2110">
    <p class='ocr_par' dir='ltr' id='par_1_21' title="bbox 494 2035 2097 2110">
     <span class='ocr_line' id='line_1_21' title="bbox 494 2035 2097 2110; baseline -0.001 -17"><span class='ocrx_word' id='word_1_151' title='bbox 494 2035 805 2108; x_wconf 76' lang='lat' dir='ltr'><strong>ingererent</strong></span> <span class='ocrx_word' id='word_1_152' title='bbox 835 2044 1077 2110; x_wconf 89' lang='lat' dir='ltr'><strong>tempore</strong></span> <span class='ocrx_word' id='word_1_153' title='bbox 1104 2037 1355 2106; x_wconf 89' lang='lat' dir='ltr'><strong>inimico,</strong></span> <span class='ocrx_word' id='word_1_154' title='bbox 1392 2054 1489 2110; x_wconf 87' lang='lat' dir='ltr'><strong>per</strong></span> <span class='ocrx_word' id='word_1_155' title='bbox 1511 2037 1659 2110; x_wconf 91' lang='lat' dir='ltr'><strong>quod</strong></span> <span class='ocrx_word' id='word_1_156' title='bbox 1689 2037 1827 2094; x_wconf 88' lang='lat' dir='ltr'><strong>forte</strong></span> <span class='ocrx_word' id='word_1_157' title='bbox 1858 2037 2097 2093; x_wconf 90' lang='lat' dir='ltr'><strong>scanda-</strong></span> 
     </span>
    </p>
   </div>
   <div class='ocr_carea' id='block_1_22' title="bbox 497 2127 2098 2200">
    <p class='ocr_par' dir='ltr' id='par_1_22' title="bbox 497 2127 2098 2200">
     <span class='ocr_line' id='line_1_22' title="bbox 497 2127 2098 2200; baseline -0.001 -15"><span class='ocrx_word' id='word_1_158' title='bbox 497 2128 612 2185; x_wconf 91' lang='lat' dir='ltr'><strong>lum</strong></span> <span class='ocrx_word' id='word_1_159' title='bbox 642 2129 965 2196; x_wconf 84' lang='lat' dir='ltr'><strong>excitarent,</strong></span> <span class='ocrx_word' id='word_1_160' title='bbox 997 2129 1181 2184; x_wconf 90' lang='lat' dir='ltr'><strong>statim</strong></span> <span class='ocrx_word' id='word_1_161' title='bbox 1209 2127 1445 2200; x_wconf 89' lang='lat' dir='ltr'><strong>subjecit</strong></span> <span class='ocrx_word' id='word_1_162' title='bbox 1475 2145 1486 2184; x_wconf 91' lang='lat'><strong>:</strong></span> <span class='ocrx_word' id='word_1_163' title='bbox 1531 2152 1549 2174; x_wconf 75' lang='grc' dir='ltr'><strong>ι</strong></span> <span class='ocrx_word' id='word_1_164' title='bbox 1572 2127 1829 2200; x_wconf 89' lang='lat' dir='ltr'><strong>Tempori</strong></span> <span class='ocrx_word' id='word_1_165' title='bbox 1857 2127 2098 2183; x_wconf 77' lang='lat' dir='ltr'><strong>servien-</strong></span> 
     </span>
    </p>
   </div>
   <div class='ocr_carea' id='block_1_23' title="bbox 498 2215 2100 2288">
    <p class='ocr_par' dir='ltr' id='par_1_23' title="bbox 498 2215 2100 2288">
     <span class='ocr_line' id='line_1_23' title="bbox 498 2215 2100 2288; baseline 0 -16"><span class='ocrx_word' id='word_1_166' title='bbox 498 2223 600 2285; x_wconf 89' lang='lat' dir='ltr'><strong>tes,</strong></span> <span class='ocrx_word' id='word_1_167' title='bbox 631 2243 648 2265; x_wconf 79' lang='grc'><strong>»</strong></span> <span class='ocrx_word' id='word_1_168' title='bbox 695 2226 754 2273; x_wconf 90' lang='grc' dir='ltr'><strong>ιιι</strong></span> <span class='ocrx_word' id='word_1_169' title='bbox 794 2217 1036 2274; x_wconf 88' lang='lat' dir='ltr'><strong>modeste</strong></span> <span class='ocrx_word' id='word_1_170' title='bbox 1066 2227 1120 2274; x_wconf 91' lang='lat' dir='ltr'><strong>et</strong></span> <span class='ocrx_word' id='word_1_171' title='bbox 1147 2235 1271 2276; x_wconf 90' lang='lat' dir='ltr'><strong>cum</strong></span> <span class='ocrx_word' id='word_1_172' title='bbox 1305 2218 1588 2274; x_wconf 88' lang='lat' dir='ltr'><strong>honestate</strong></span> <span class='ocrx_word' id='word_1_173' title='bbox 1617 2216 1760 2288; x_wconf 92' lang='lat' dir='ltr'><strong>aptis</strong></span> <span class='ocrx_word' id='word_1_174' title='bbox 1791 2224 1841 2272; x_wconf 90' lang='lat' dir='ltr'><strong>et</strong></span> <span class='ocrx_word' id='word_1_175' title='bbox 1872 2215 2010 2273; x_wconf 89' lang='lat' dir='ltr'><strong>locis</strong></span> <span class='ocrx_word' id='word_1_176' title='bbox 2047 2223 2100 2272; x_wconf 88' lang='lat' dir='ltr'><strong>et</strong></span> 
     </span>
    </p>
   </div>
   <div class='ocr_carea' id='block_1_24' title="bbox 494 2305 2098 2381">
    <p class='ocr_par' dir='ltr' id='par_1_24' title="bbox 494 2305 2098 2381">
     <span class='ocr_line' id='line_1_24' title="bbox 494 2305 2098 2381; baseline -0.001 -19"><span class='ocrx_word' id='word_1_177' title='bbox 494 2308 762 2381; x_wconf 89' lang='lat' dir='ltr'><strong>personis,</strong></span> <span class='ocrx_word' id='word_1_178' title='bbox 799 2315 849 2363; x_wconf 91' lang='lat' dir='ltr'><strong>et</strong></span> <span class='ocrx_word' id='word_1_179' title='bbox 878 2315 1004 2380; x_wconf 90' lang='lat' dir='ltr'><strong>apto</strong></span> <span class='ocrx_word' id='word_1_180' title='bbox 1032 2317 1276 2381; x_wconf 89' lang='lat' dir='ltr'><strong>tempore</strong></span> <span class='ocrx_word' id='word_1_181' title='bbox 1306 2307 1590 2379; x_wconf 85' lang='lat' dir='ltr'><strong>religionis</strong></span> <span class='ocrx_word' id='word_1_182' title='bbox 1620 2305 1784 2363; x_wconf 88' lang='lat' dir='ltr'><strong>ﬁdem</strong></span> <span class='ocrx_word' id='word_1_183' title='bbox 1809 2306 2098 2378; x_wconf 89' lang='lat' dir='ltr'><strong>loqueren-</strong></span> 
     </span>
    </p>
   </div>
   <div class='ocr_carea' id='block_1_25' title="bbox 496 2395 2101 2471">
    <p class='ocr_par' dir='ltr' id='par_1_25' title="bbox 496 2395 2101 2471">
     <span class='ocr_line' id='line_1_25' title="bbox 496 2395 2101 2471; baseline -0.002 -17"><span class='ocrx_word' id='word_1_184' title='bbox 496 2407 605 2454; x_wconf 92' lang='lat' dir='ltr'><strong>tur.</strong></span> <span class='ocrx_word' id='word_1_185' title='bbox 647 2398 788 2455; x_wconf 90' lang='lat' dir='ltr'><strong>Sunt</strong></span> <span class='ocrx_word' id='word_1_186' title='bbox 814 2397 961 2453; x_wconf 88' lang='lat' dir='ltr'><strong>enim</strong></span> <span class='ocrx_word' id='word_1_187' title='bbox 993 2397 1219 2471; x_wconf 88' lang='lat' dir='ltr'><strong>quidam</strong></span> <span class='ocrx_word' id='word_1_188' title='bbox 1250 2397 1416 2453; x_wconf 90' lang='lat' dir='ltr'><strong>etiam</strong></span> <span class='ocrx_word' id='word_1_189' title='bbox 1459 2396 1516 2452; x_wconf 92' lang='lat' dir='ltr'><strong>in</strong></span> <span class='ocrx_word' id='word_1_190' title='bbox 1561 2395 1666 2454; x_wconf 91' lang='lat' dir='ltr'><strong>hoc</strong></span> <span class='ocrx_word' id='word_1_191' title='bbox 1705 2404 1948 2467; x_wconf 87' lang='lat' dir='ltr'><strong>tempore</strong></span> <span class='ocrx_word' id='word_1_192' title='bbox 1993 2412 2101 2468; x_wconf 93' lang='lat' dir='ltr'><strong>quo</strong></span> 
     </span>
    </p>
   </div>
   <div class='ocr_carea' id='block_1_26' title="bbox 496 2487 2102 2565">
    <p class='ocr_par' dir='ltr' id='par_1_26' title="bbox 496 2487 2102 2565">
     <span class='ocr_line' id='line_1_26' title="bbox 496 2487 2102 2565; baseline -0.001 -20"><span class='ocrx_word' id='word_1_193' title='bbox 496 2505 603 2564; x_wconf 81' lang='lat' dir='ltr'><strong>pax</strong></span> <span class='ocrx_word' id='word_1_194' title='bbox 631 2499 733 2558; x_wconf 89' lang='lat' dir='ltr'><strong>est,</strong></span> <span class='ocrx_word' id='word_1_195' title='bbox 765 2491 858 2565; x_wconf 89' lang='lat' dir='ltr'><strong>qui</strong></span> <span class='ocrx_word' id='word_1_196' title='bbox 894 2490 975 2547; x_wconf 89' lang='lat' dir='ltr'><strong>sic</strong></span> <span class='ocrx_word' id='word_1_197' title='bbox 1006 2489 1334 2562; x_wconf 89' lang='lat' dir='ltr'><strong>perhorrent</strong></span> <span class='ocrx_word' id='word_1_198' title='bbox 1361 2489 1527 2546; x_wconf 84' lang='lat' dir='ltr'><strong>verba</strong></span> <span class='ocrx_word' id='word_1_199' title='bbox 1554 2488 1678 2555; x_wconf 89' lang='lat' dir='ltr'><strong>Dei,</strong></span> <span class='ocrx_word' id='word_1_200' title='bbox 1717 2495 1778 2544; x_wconf 92' lang='lat' dir='ltr'><strong>ut</strong></span> <span class='ocrx_word' id='word_1_201' title='bbox 1817 2487 2102 2543; x_wconf 90' lang='lat' dir='ltr'><strong>audientes</strong></span> 
     </span>
    </p>
   </div>
   <div class='ocr_carea' id='block_1_27' title="bbox 495 2577 2102 2654">
    <p class='ocr_par' dir='ltr' id='par_1_27' title="bbox 495 2577 2102 2654">
     <span class='ocr_line' id='line_1_27' title="bbox 495 2577 2102 2654; baseline -0.002 -18"><span class='ocrx_word' id='word_1_202' title='bbox 495 2596 622 2636; x_wconf 92' lang='lat' dir='ltr'><strong>cum</strong></span> <span class='ocrx_word' id='word_1_203' title='bbox 657 2597 853 2654; x_wconf 85' lang='lat' dir='ltr'><strong>magna</strong></span> <span class='ocrx_word' id='word_1_204' title='bbox 882 2581 961 2636; x_wconf 89' lang='lat' dir='ltr'><strong>ira</strong></span> <span class='ocrx_word' id='word_1_205' title='bbox 1001 2577 1390 2652; x_wconf 87' lang='lat' dir='ltr'><strong>blasphement</strong></span> <span class='ocrx_word' id='word_1_206' title='bbox 1424 2579 1569 2634; x_wconf 88' lang='lat' dir='ltr'><strong>viam</strong></span> <span class='ocrx_word' id='word_1_207' title='bbox 1602 2578 1828 2636; x_wconf 88' lang='lat' dir='ltr'><strong>Christi.</strong></span> <span class='ocrx_word' id='word_1_208' title='bbox 1881 2579 2016 2634; x_wconf 90' lang='lat' dir='ltr'><strong>Nam</strong></span> <span class='ocrx_word' id='word_1_209' title='bbox 2048 2584 2102 2632; x_wconf 90' lang='lat' dir='ltr'><strong>et</strong></span> 
     </span>
    </p>
   </div>
   <div class='ocr_carea' id='block_1_28' title="bbox 495 2668 2097 2743">
    <p class='ocr_par' dir='ltr' id='par_1_28' title="bbox 495 2668 2097 2743">
     <span class='ocr_line' id='line_1_28' title="bbox 495 2668 2097 2743; baseline -0.003 -16"><span class='ocrx_word' id='word_1_210' title='bbox 495 2671 611 2743; x_wconf 88' lang='lat' dir='ltr'><strong>ipse</strong></span> <span class='ocrx_word' id='word_1_211' title='bbox 658 2671 891 2728; x_wconf 87' lang='lat' dir='ltr'><strong>servivit</strong></span> <span class='ocrx_word' id='word_1_212' title='bbox 932 2670 1190 2742; x_wconf 90' lang='lat' dir='ltr'><strong>tempori,</strong></span> <span class='ocrx_word' id='word_1_213' title='bbox 1239 2668 1459 2742; x_wconf 88' lang='lat' dir='ltr'><strong>quando</strong></span> <span class='ocrx_word' id='word_1_214' title='bbox 1507 2668 1654 2743; x_wconf 93' lang='lat' dir='ltr'><strong>quod</strong></span> <span class='ocrx_word' id='word_1_215' title='bbox 1703 2669 1883 2725; x_wconf 91' lang='lat' dir='ltr'><strong>noluit</strong></span> <span class='ocrx_word' id='word_1_216' title='bbox 1938 2668 2097 2735; x_wconf 88' lang='lat' dir='ltr'><strong>fecit;</strong></span> 
     </span>
    </p>
   </div>
   <div class='ocr_carea' id='block_1_29' title="bbox 499 2761 2098 2835">
    <p class='ocr_par' dir='ltr' id='par_1_29' title="bbox 499 2761 2098 2835">
     <span class='ocr_line' id='line_1_29' title="bbox 499 2761 2098 2835; baseline -0.001 -18"><span class='ocrx_word' id='word_1_217' title='bbox 499 2761 708 2818; x_wconf 88' lang='lat' dir='ltr'><strong>invitus</strong></span> <span class='ocrx_word' id='word_1_218' title='bbox 737 2762 884 2818; x_wconf 90' lang='lat' dir='ltr'><strong>enim</strong></span> <span class='ocrx_word' id='word_1_219' title='bbox 914 2761 1265 2820; x_wconf 89' lang='lat' dir='ltr'><strong>circumcidit</strong></span> <span class='ocrx_word' id='word_1_220' title='bbox 1293 2761 1665 2832; x_wconf 88' lang='lat' dir='ltr'><strong>Timotheum,</strong></span> <span class='ocrx_word' id='word_1_221' title='bbox 1693 2770 1746 2818; x_wconf 89' lang='lat' dir='ltr'><strong>et</strong></span> <span class='ocrx_word' id='word_1_222' title='bbox 1776 2778 1896 2818; x_wconf 89' lang='lat' dir='ltr'><strong>raso</strong></span> <span class='ocrx_word' id='word_1_223' title='bbox 1917 2761 2098 2835; x_wconf 89' lang='lat' dir='ltr'><strong>capite</strong></span> 
     </span>
    </p>
   </div>
   <div class='ocr_carea' id='block_1_30' title="bbox 496 2852 2100 2926">
    <p class='ocr_par' dir='ltr' id='par_1_30' title="bbox 496 2852 2100 2926">
     <span class='ocr_line' id='line_1_30' title="bbox 496 2852 2100 2926; baseline 0 -19"><span class='ocrx_word' id='word_1_224' title='bbox 496 2852 817 2922; x_wconf 89' lang='lat' dir='ltr'><strong>puriﬁcatus</strong></span> <span class='ocrx_word' id='word_1_225' title='bbox 847 2853 1149 2911; x_wconf 90' lang='lat' dir='ltr'><strong>secundum</strong></span> <span class='ocrx_word' id='word_1_226' title='bbox 1198 2855 1372 2926; x_wconf 82' lang='lat' dir='ltr'><strong>legem</strong></span> <span class='ocrx_word' id='word_1_227' title='bbox 1402 2854 1650 2914; x_wconf 88' lang='lat' dir='ltr'><strong>ascendit</strong></span> <span class='ocrx_word' id='word_1_228' title='bbox 1697 2853 1987 2926; x_wconf 90' lang='lat' dir='ltr'><strong>templum,</strong></span> <span class='ocrx_word' id='word_1_229' title='bbox 2037 2858 2100 2907; x_wconf 90' lang='lat' dir='ltr'><strong>ut</strong></span> 
     </span>
    </p>
   </div>
   <div class='ocr_carea' id='block_1_31' title="bbox 498 2943 1372 3016">
    <p class='ocr_par' dir='ltr' id='par_1_31' title="bbox 498 2943 1372 3016">
     <span class='ocr_line' id='line_1_31' title="bbox 498 2943 1372 3016; baseline 0 -17"><span class='ocrx_word' id='word_1_230' title='bbox 498 2943 810 2999; x_wconf 73' lang='lat' dir='ltr'><strong>Iudaeorum</strong></span> <span class='ocrx_word' id='word_1_231' title='bbox 843 2944 1050 3016; x_wconf 89' lang='lat' dir='ltr'><strong>sopiret</strong></span> <span class='ocrx_word' id='word_1_232' title='bbox 1081 2945 1372 3000; x_wconf 87' lang='lat' dir='ltr'><strong>insaniam.</strong></span> 
     </span>
    </p>
   </div>
   <div class='ocr_carea' id='block_1_32' title="bbox 572 3032 2097 3106">
    <p class='ocr_par' dir='ltr' id='par_1_32' title="bbox 572 3032 2097 3106">
     <span class='ocr_line' id='line_1_32' title="bbox 572 3032 2097 3106; baseline 0 -18"><span class='ocrx_word' id='word_1_233' title='bbox 572 3034 755 3105; x_wconf 74' lang='lat' dir='ltr'><strong>(Vera.</strong></span> <span class='ocrx_word' id='word_1_234' title='bbox 795 3033 908 3103; x_wconf 78' lang='grc'><strong>12.)</strong></span> <span class='ocrx_word' id='word_1_235' title='bbox 955 3057 973 3079; x_wconf 76' lang='grc' dir='ltr'><strong>ι</strong></span> <span class='ocrx_word' id='word_1_236' title='bbox 1004 3033 1106 3105; x_wconf 92' lang='lat' dir='ltr'><strong>Spe</strong></span> <span class='ocrx_word' id='word_1_237' title='bbox 1133 3033 1448 3104; x_wconf 77' lang='lat' dir='ltr'><strong>gaudentes.</strong></span> <span class='ocrx_word' id='word_1_238' title='bbox 1503 3060 1522 3083; x_wconf 77' lang='grc' dir='ltr'><strong>ι</strong></span> <span class='ocrx_word' id='word_1_239' title='bbox 1582 3033 1877 3106; x_wconf 87' lang='lat' dir='ltr'><strong>Postquam</strong></span> <span class='ocrx_word' id='word_1_240' title='bbox 1912 3032 2097 3088; x_wconf 87' lang='lat' dir='ltr'><strong>dixit:</strong></span> 
     </span>
    </p>
   </div>
   <div class='ocr_carea' id='block_1_33' title="bbox 512 3122 2088 3195">
    <p class='ocr_par' dir='ltr' id='par_1_33' title="bbox 512 3122 2088 3195">
     <span class='ocr_line' id='line_1_33' title="bbox 512 3122 2088 3195; baseline -0.001 -16"><span class='ocrx_word' id='word_1_241' title='bbox 512 3146 531 3170; x_wconf 78' lang='grc' dir='ltr'><strong>ι</strong></span> <span class='ocrx_word' id='word_1_242' title='bbox 561 3122 815 3195; x_wconf 89' lang='lat' dir='ltr'><strong>Tempori</strong></span> <span class='ocrx_word' id='word_1_243' title='bbox 850 3122 1176 3191; x_wconf 87' lang='lat' dir='ltr'><strong>servientes,</strong></span> <span class='ocrx_word' id='word_1_244' title='bbox 1199 3149 1217 3172; x_wconf 76' lang='grc' dir='ltr'><strong>ι</strong></span> <span class='ocrx_word' id='word_1_245' title='bbox 1257 3122 1488 3195; x_wconf 88' lang='lat' dir='ltr'><strong>adjecit:</strong></span> <span class='ocrx_word' id='word_1_246' title='bbox 1528 3147 1545 3169; x_wconf 75' lang='grc' dir='ltr'><strong>ι</strong></span> <span class='ocrx_word' id='word_1_247' title='bbox 1577 3123 1680 3195; x_wconf 91' lang='lat' dir='ltr'><strong>Spe</strong></span> <span class='ocrx_word' id='word_1_248' title='bbox 1711 3122 2038 3194; x_wconf 83' lang='lat' dir='ltr'><strong>gaudentes;</strong></span> <span class='ocrx_word' id='word_1_249' title='bbox 2071 3147 2088 3170; x_wconf 78' lang='grc' dir='ltr'><strong>ι</strong></span> 
     </span>
    </p>
   </div>
   <div class='ocr_carea' id='block_1_34' title="bbox 499 3211 2175 3292">
    <p class='ocr_par' dir='ltr' id='par_1_34' title="bbox 499 3211 2175 3292">
     <span class='ocr_line' id='line_1_34' title="bbox 499 3211 2175 3292; baseline -0.004 -21"><span class='ocrx_word' id='word_1_250' title='bbox 499 3222 560 3271; x_wconf 81' lang='grc' dir='ltr'><strong>ιιι</strong></span> <span class='ocrx_word' id='word_1_251' title='bbox 587 3213 634 3270; x_wconf 87' lang='lat' dir='ltr'><strong>si</strong></span> <span class='ocrx_word' id='word_1_252' title='bbox 665 3213 805 3270; x_wconf 88' lang='lat' dir='ltr'><strong>forte</strong></span> <span class='ocrx_word' id='word_1_253' title='bbox 847 3221 1068 3287; x_wconf 86' lang='lat' dir='ltr'><strong>propter</strong></span> <span class='ocrx_word' id='word_1_254' title='bbox 1112 3213 1461 3287; x_wconf 88' lang='lat' dir='ltr'><strong>iniquitatem</strong></span> <span class='ocrx_word' id='word_1_255' title='bbox 1508 3213 1772 3284; x_wconf 89' lang='lat' dir='ltr'><strong>temporis</strong></span> <span class='ocrx_word' id='word_1_256' title='bbox 1800 3227 1912 3267; x_wconf 92' lang='lat' dir='ltr'><strong>non</strong></span> <span class='ocrx_word' id='word_1_257' title='bbox 1943 3211 2103 3267; x_wconf 91' lang='lat' dir='ltr'><strong>liceat</strong></span> <span class='ocrx_word' id='word_1_258' title='bbox 2131 3231 2175 3292; x_wconf 70' lang='grc' dir='ltr'>ο</span> 
     </span>
    </p>
   </div>
   <div class='ocr_carea' id='block_1_35' title="bbox 497 3302 2095 3377">
    <p class='ocr_par' dir='ltr' id='par_1_35' title="bbox 497 3302 2095 3377">
     <span class='ocr_line' id='line_1_35' title="bbox 497 3302 2095 3377; baseline 0 -17"><span class='ocrx_word' id='word_1_259' title='bbox 497 3302 564 3360; x_wconf 91' lang='lat' dir='ltr'><strong>de</strong></span> <span class='ocrx_word' id='word_1_260' title='bbox 584 3302 692 3360; x_wconf 88' lang='lat' dir='ltr'><strong>ﬁde</strong></span> <span class='ocrx_word' id='word_1_261' title='bbox 716 3303 935 3376; x_wconf 89' lang='lat' dir='ltr'><strong>publice</strong></span> <span class='ocrx_word' id='word_1_262' title='bbox 956 3303 1128 3377; x_wconf 92' lang='lat' dir='ltr'><strong>loqui,</strong></span> <span class='ocrx_word' id='word_1_263' title='bbox 1163 3302 1253 3360; x_wconf 90' lang='lat' dir='ltr'><strong>sed</strong></span> <span class='ocrx_word' id='word_1_264' title='bbox 1286 3319 1400 3359; x_wconf 90' lang='lat' dir='ltr'><strong>esse</strong></span> <span class='ocrx_word' id='word_1_265' title='bbox 1433 3302 1490 3359; x_wconf 92' lang='lat' dir='ltr'><strong>in</strong></span> <span class='ocrx_word' id='word_1_266' title='bbox 1521 3311 1693 3374; x_wconf 89' lang='lat' dir='ltr'><strong>metu,</strong></span> <span class='ocrx_word' id='word_1_267' title='bbox 1723 3319 1816 3376; x_wconf 89' lang='lat' dir='ltr'><strong>spe</strong></span> <span class='ocrx_word' id='word_1_268' title='bbox 1845 3302 2095 3376; x_wconf 81' lang='lat' dir='ltr'><strong>gaudeat;</strong></span> 
     </span>
    </p>
   </div>
   <div class='ocr_carea' id='block_1_36' title="bbox 497 3393 1497 3467">
    <p class='ocr_par' dir='ltr' id='par_1_36' title="bbox 497 3393 1497 3467">
     <span class='ocr_line' id='line_1_36' title="bbox 497 3393 1497 3467; baseline 0.002 -17"><span class='ocrx_word' id='word_1_269' title='bbox 497 3394 626 3467; x_wconf 90' lang='lat' dir='ltr'><strong>quia</strong></span> <span class='ocrx_word' id='word_1_270' title='bbox 652 3394 767 3451; x_wconf 72' lang='lat' dir='ltr'><strong>haec</strong></span> <span class='ocrx_word' id='word_1_271' title='bbox 795 3394 1025 3451; x_wconf 89' lang='lat' dir='ltr'><strong>tristitia</strong></span> <span class='ocrx_word' id='word_1_272' title='bbox 1054 3394 1198 3467; x_wconf 89' lang='lat' dir='ltr'><strong>parit</strong></span> <span class='ocrx_word' id='word_1_273' title='bbox 1227 3393 1497 3452; x_wconf 71' lang='lat' dir='ltr'><strong>laetitiam.</strong></span> 
     </span>
    </p>
   </div>
   <div class='ocr_carea' id='block_1_37' title="bbox 578 3483 2100 3556">
    <p class='ocr_par' dir='ltr' id='par_1_37' title="bbox 578 3483 2100 3556">
     <span class='ocr_line' id='line_1_37' title="bbox 578 3483 2100 3556; baseline -0.002 -16"><span class='ocrx_word' id='word_1_274' title='bbox 578 3509 596 3531; x_wconf 82' lang='grc' dir='ltr'><strong>ι</strong></span> <span class='ocrx_word' id='word_1_275' title='bbox 627 3485 690 3540; x_wconf 91' lang='lat' dir='ltr'><strong>In</strong></span> <span class='ocrx_word' id='word_1_276' title='bbox 724 3483 1081 3541; x_wconf 87' lang='lat' dir='ltr'><strong>tribulatione</strong></span> <span class='ocrx_word' id='word_1_277' title='bbox 1132 3485 1424 3556; x_wconf 85' lang='lat' dir='ltr'><strong>patientes.</strong></span> <span class='ocrx_word' id='word_1_278' title='bbox 1470 3509 1487 3532; x_wconf 79' lang='grc' dir='ltr'><strong>ι</strong></span> <span class='ocrx_word' id='word_1_279' title='bbox 1539 3483 1655 3541; x_wconf 89' lang='lat' dir='ltr'><strong>Hoc</strong></span> <span class='ocrx_word' id='word_1_280' title='bbox 1697 3489 1779 3538; x_wconf 89' lang='lat' dir='ltr'><strong>est</strong></span> <span class='ocrx_word' id='word_1_281' title='bbox 1823 3499 1917 3556; x_wconf 86' lang='lat' dir='ltr'><strong>spe</strong></span> <span class='ocrx_word' id='word_1_282' title='bbox 1955 3497 2100 3554; x_wconf 86' lang='lat' dir='ltr'><strong>gau-</strong></span> 
     </span>
    </p>
   </div>
   <div class='ocr_carea' id='block_1_38' title="bbox 495 3573 2096 3648">
    <p class='ocr_par' dir='ltr' id='par_1_38' title="bbox 495 3573 2096 3648">
     <span class='ocr_line' id='line_1_38' title="bbox 495 3573 2096 3648; baseline -0.001 -17"><span class='ocrx_word' id='word_1_283' title='bbox 495 3573 644 3644; x_wconf 90' lang='lat' dir='ltr'><strong>dere,</strong></span> <span class='ocrx_word' id='word_1_284' title='bbox 677 3575 733 3631; x_wconf 89' lang='lat' dir='ltr'><strong>in</strong></span> <span class='ocrx_word' id='word_1_285' title='bbox 763 3575 1119 3632; x_wconf 88' lang='lat' dir='ltr'><strong>tribulatione</strong></span> <span class='ocrx_word' id='word_1_286' title='bbox 1143 3576 1436 3648; x_wconf 90' lang='lat' dir='ltr'><strong>patientem</strong></span> <span class='ocrx_word' id='word_1_287' title='bbox 1459 3593 1574 3632; x_wconf 91' lang='lat' dir='ltr'><strong>esse</strong></span> <span class='ocrx_word' id='word_1_288' title='bbox 1598 3595 1612 3644; x_wconf 93' lang='lat'><strong>;</strong></span> <span class='ocrx_word' id='word_1_289' title='bbox 1645 3575 1712 3631; x_wconf 92' lang='lat' dir='ltr'><strong>de</strong></span> <span class='ocrx_word' id='word_1_290' title='bbox 1728 3573 1926 3648; x_wconf 89' lang='lat' dir='ltr'><strong>gaudio</strong></span> <span class='ocrx_word' id='word_1_291' title='bbox 1949 3573 2096 3630; x_wconf 92' lang='lat' dir='ltr'><strong>enim</strong></span> 
     </span>
    </p>
   </div>
   <div class='ocr_carea' id='block_1_39' title="bbox 496 3663 2094 3738">
    <p class='ocr_par' dir='ltr' id='par_1_39' title="bbox 496 3663 2094 3738">
     <span class='ocr_line' id='line_1_39' title="bbox 496 3663 2094 3738; baseline -0.001 -17"><span class='ocrx_word' id='word_1_292' title='bbox 496 3665 613 3737; x_wconf 89' lang='lat' dir='ltr'><strong>spei</strong></span> <span class='ocrx_word' id='word_1_293' title='bbox 641 3665 840 3720; x_wconf 89' lang='lat' dir='ltr'><strong>tolerat</strong></span> <span class='ocrx_word' id='word_1_294' title='bbox 875 3664 1311 3733; x_wconf 88' lang='lat' dir='ltr'><strong>tribulationem,</strong></span> <span class='ocrx_word' id='word_1_295' title='bbox 1341 3665 1519 3723; x_wconf 86' lang='lat' dir='ltr'><strong>sciens</strong></span> <span class='ocrx_word' id='word_1_296' title='bbox 1539 3665 1716 3722; x_wconf 90' lang='lat' dir='ltr'><strong>multo</strong></span> <span class='ocrx_word' id='word_1_297' title='bbox 1737 3663 1945 3738; x_wconf 85' lang='lat' dir='ltr'><strong>majora</strong></span> <span class='ocrx_word' id='word_1_298' title='bbox 1958 3680 2094 3733; x_wconf 89' lang='lat' dir='ltr'><strong>esse,</strong></span> 
     </span>
    </p>
   </div>
   <div class='ocr_carea' id='block_1_40' title="bbox 501 3751 1335 3826">
    <p class='ocr_par' dir='ltr' id='par_1_40' title="bbox 501 3751 1335 3826">
     <span class='ocr_line' id='line_1_40' title="bbox 501 3751 1335 3826; baseline 0.002 -18"><span class='ocrx_word' id='word_1_299' title='bbox 501 3769 621 3826; x_wconf 65' lang='lat' dir='ltr'><strong>quae</strong></span> <span class='ocrx_word' id='word_1_300' title='bbox 651 3768 752 3825; x_wconf 89' lang='lat' dir='ltr'><strong>pro</strong></span> <span class='ocrx_word' id='word_1_301' title='bbox 781 3751 867 3808; x_wconf 89' lang='lat' dir='ltr'><strong>his</strong></span> <span class='ocrx_word' id='word_1_302' title='bbox 897 3753 1167 3826; x_wconf 89' lang='lat' dir='ltr'><strong>promissa</strong></span> <span class='ocrx_word' id='word_1_303' title='bbox 1187 3761 1335 3810; x_wconf 91' lang='lat' dir='ltr'><strong>sunt.</strong></span> 
     </span>
    </p>
   </div>
   <div class='ocr_carea' id='block_1_41' title="bbox 580 3841 2076 3902">
    <p class='ocr_par' dir='ltr' id='par_1_41' title="bbox 580 3841 2076 3902">
     <span class='ocr_line' id='line_1_41' title="bbox 580 3841 2076 3902; baseline 0 -2"><span class='ocrx_word' id='word_1_304' title='bbox 580 3867 599 3890; x_wconf 79' lang='grc' dir='ltr'><strong>ι</strong></span> <span class='ocrx_word' id='word_1_305' title='bbox 627 3842 876 3900; x_wconf 89' lang='lat' dir='ltr'><strong>Orationi</strong></span> <span class='ocrx_word' id='word_1_306' title='bbox 905 3841 1192 3900; x_wconf 89' lang='lat' dir='ltr'><strong>instantes.</strong></span> <span class='ocrx_word' id='word_1_307' title='bbox 1209 3868 1226 3893; x_wconf 79' lang='grc' dir='ltr'><strong>ι</strong></span> <span class='ocrx_word' id='word_1_308' title='bbox 1260 3842 1576 3900; x_wconf 88' lang='lat' dir='ltr'><strong>Necessaria</strong></span> <span class='ocrx_word' id='word_1_309' title='bbox 1603 3851 1685 3900; x_wconf 91' lang='lat' dir='ltr'><strong>est</strong></span> <span class='ocrx_word' id='word_1_310' title='bbox 1712 3842 1875 3901; x_wconf 91' lang='lat' dir='ltr'><strong>valde</strong></span> <span class='ocrx_word' id='word_1_311' title='bbox 1895 3843 2076 3902; x_wconf 87' lang='lat' dir='ltr'><strong>oratio</strong></span> 
     </span>
    </p>
   </div>
   <div class='ocr_carea' id='block_1_42' title="bbox 495 3934 2099 4010">
    <p class='ocr_par' dir='ltr' id='par_1_42' title="bbox 495 3934 2099 4010">
     <span class='ocr_line' id='line_1_42' title="bbox 495 3934 2099 4010; baseline 0.001 -19"><span class='ocrx_word' id='word_1_312' title='bbox 495 3934 626 4008; x_wconf 87' lang='lat' dir='ltr'><strong>quia</strong></span> <span class='ocrx_word' id='word_1_313' title='bbox 655 3943 717 3992; x_wconf 90' lang='lat' dir='ltr'><strong>ut</strong></span> <span class='ocrx_word' id='word_1_314' title='bbox 753 3935 1040 3993; x_wconf 87' lang='lat' dir='ltr'><strong>tribulatio</strong></span> <span class='ocrx_word' id='word_1_315' title='bbox 1064 3934 1239 4009; x_wconf 85' lang='lat' dir='ltr'><strong>possit</strong></span> <span class='ocrx_word' id='word_1_316' title='bbox 1269 3935 1509 4006; x_wconf 88' lang='lat' dir='ltr'><strong>tolerari,</strong></span> <span class='ocrx_word' id='word_1_317' title='bbox 1541 3935 1798 4010; x_wconf 90' lang='lat' dir='ltr'><strong>precibus</strong></span> <span class='ocrx_word' id='word_1_318' title='bbox 1827 3935 2099 3992; x_wconf 84' lang='lat' dir='ltr'><strong>insisten-</strong></span> 
     </span>
    </p>
   </div>
   <div class='ocr_carea' id='block_1_43' title="bbox 495 4023 763 4083">
    <p class='ocr_par' dir='ltr' id='par_1_43' title="bbox 495 4023 763 4083">
     <span class='ocr_line' id='line_1_43' title="bbox 495 4023 763 4083; baseline 0.004 -1"><span class='ocrx_word' id='word_1_319' title='bbox 495 4023 626 4082; x_wconf 88' lang='lat' dir='ltr'><strong>dum</strong></span> <span class='ocrx_word' id='word_1_320' title='bbox 660 4032 763 4083; x_wconf 89' lang='lat' dir='ltr'><strong>est.</strong></span> 
     </span>
    </p>
   </div>
   <div class='ocr_carea' id='block_1_44' title="bbox 568 4115 2100 4188">
    <p class='ocr_par' dir='ltr' id='par_1_44' title="bbox 568 4115 2100 4188">
     <span class='ocr_line' id='line_1_44' title="bbox 568 4115 2100 4188; baseline 0 -14"><span class='ocrx_word' id='word_1_321' title='bbox 568 4115 752 4188; x_wconf 82' lang='lat' dir='ltr'><strong>(Vers.</strong></span> <span class='ocrx_word' id='word_1_322' title='bbox 786 4116 898 4188; x_wconf 91' lang='grc'>13.)</span> <span class='ocrx_word' id='word_1_323' title='bbox 941 4140 959 4164; x_wconf 77' lang='grc' dir='ltr'><strong>ι</strong></span> <span class='ocrx_word' id='word_1_324' title='bbox 997 4116 1278 4174; x_wconf 86' lang='lat' dir='ltr'><strong>Memoriis</strong></span> <span class='ocrx_word' id='word_1_325' title='bbox 1307 4127 1622 4176; x_wconf 89' lang='lat' dir='ltr'><strong>sanctorum</strong></span> <span class='ocrx_word' id='word_1_326' title='bbox 1670 4117 2100 4176; x_wconf 85' lang='lat' dir='ltr'><strong>communican-</strong></span> 
     </span>
    </p>
   </div>
   <div class='ocr_carea' id='block_1_45' title="bbox 494 4205 2096 4282">
    <p class='ocr_par' dir='ltr' id='par_1_45' title="bbox 494 4205 2096 4282">
     <span class='ocr_line' id='line_1_45' title="bbox 494 4205 2096 4282; baseline 0.004 -20"><span class='ocrx_word' id='word_1_327' title='bbox 494 4213 592 4262; x_wconf 90' lang='lat' dir='ltr'><strong>tes.</strong></span> <span class='ocrx_word' id='word_1_328' title='bbox 628 4231 647 4256; x_wconf 79' lang='grc' dir='ltr'><strong>ι</strong></span> <span class='ocrx_word' id='word_1_329' title='bbox 685 4205 1039 4264; x_wconf 86' lang='lat' dir='ltr'><strong>Manifestum</strong></span> <span class='ocrx_word' id='word_1_330' title='bbox 1065 4215 1148 4264; x_wconf 90' lang='lat' dir='ltr'><strong>est</strong></span> <span class='ocrx_word' id='word_1_331' title='bbox 1177 4209 1307 4281; x_wconf 90' lang='lat' dir='ltr'><strong>quia</strong></span> <span class='ocrx_word' id='word_1_332' title='bbox 1337 4209 1433 4282; x_wconf 90' lang='lat' dir='ltr'><strong>qui</strong></span> <span class='ocrx_word' id='word_1_333' title='bbox 1463 4226 1649 4282; x_wconf 88' lang='lat' dir='ltr'><strong>preces</strong></span> <span class='ocrx_word' id='word_1_334' title='bbox 1676 4226 1802 4266; x_wconf 89' lang='lat' dir='ltr'><strong>suas</strong></span> <span class='ocrx_word' id='word_1_335' title='bbox 1838 4208 2096 4268; x_wconf 84' lang='lat' dir='ltr'><strong>exaudiri</strong></span> 
     </span>
    </p>
   </div>
   <div class='ocr_carea' id='block_1_46' title="bbox 495 4295 2093 4368">
    <p class='ocr_par' dir='ltr' id='par_1_46' title="bbox 495 4295 2093 4368">
     <span class='ocr_line' id='line_1_46' title="bbox 495 4295 2093 4368; baseline 0.001 -14"><span class='ocrx_word' id='word_1_336' title='bbox 495 4295 637 4368; x_wconf 88' lang='lat' dir='ltr'><strong>vult,</strong></span> <span class='ocrx_word' id='word_1_337' title='bbox 665 4297 899 4354; x_wconf 66' lang='lat' dir='ltr'><strong>aemulus</strong></span> <span class='ocrx_word' id='word_1_338' title='bbox 929 4296 1092 4354; x_wconf 92' lang='lat' dir='ltr'><strong>debet</strong></span> <span class='ocrx_word' id='word_1_339' title='bbox 1119 4315 1236 4356; x_wconf 88' lang='lat' dir='ltr'><strong>esse</strong></span> <span class='ocrx_word' id='word_1_340' title='bbox 1265 4300 1392 4356; x_wconf 68' lang='lat' dir='ltr'><strong>vitae</strong></span> <span class='ocrx_word' id='word_1_341' title='bbox 1422 4307 1734 4357; x_wconf 80' lang='lat' dir='ltr'><strong>sanctorum</strong></span> <span class='ocrx_word' id='word_1_342' title='bbox 1760 4319 1774 4368; x_wconf 95' lang='lat'><strong>;</strong></span> <span class='ocrx_word' id='word_1_343' title='bbox 1813 4317 1940 4358; x_wconf 92' lang='lat' dir='ltr'><strong>cum</strong></span> <span class='ocrx_word' id='word_1_344' title='bbox 1972 4299 2093 4356; x_wconf 86' lang='lat' dir='ltr'><strong>imi-</strong></span> 
     </span>
    </p>
   </div>
   <div class='ocr_carea' id='block_1_47' title="bbox 494 4387 2090 4457">
    <p class='ocr_par' dir='ltr' id='par_1_47' title="bbox 494 4387 2090 4457">
     <span class='ocr_line' id='line_1_47' title="bbox 494 4387 2090 4457; baseline 0.003 -12"><span class='ocrx_word' id='word_1_345' title='bbox 494 4395 645 4445; x_wconf 87' lang='lat' dir='ltr'><strong>tatur</strong></span> <span class='ocrx_word' id='word_1_346' title='bbox 673 4387 842 4457; x_wconf 90' lang='lat' dir='ltr'><strong>enim,</strong></span> <span class='ocrx_word' id='word_1_347' title='bbox 865 4388 1274 4457; x_wconf 89' lang='lat' dir='ltr'><strong>communicat;</strong></span> <span class='ocrx_word' id='word_1_348' title='bbox 1306 4397 1367 4445; x_wconf 91' lang='lat' dir='ltr'><strong>ut</strong></span> <span class='ocrx_word' id='word_1_349' title='bbox 1397 4389 1504 4448; x_wconf 90' lang='lat' dir='ltr'><strong>hoc</strong></span> <span class='ocrx_word' id='word_1_350' title='bbox 1539 4390 1587 4447; x_wconf 91' lang='lat' dir='ltr'><strong>si</strong></span> <span class='ocrx_word' id='word_1_351' title='bbox 1628 4406 1927 4448; x_wconf 90' lang='lat' dir='ltr'><strong>memorem</strong></span> <span class='ocrx_word' id='word_1_352' title='bbox 1974 4409 2090 4450; x_wconf 87' lang='lat' dir='ltr'><strong>esse</strong></span> 
     </span>
    </p>
   </div>
   <div class='ocr_carea' id='block_1_48' title="bbox 493 4478 2097 4550">
    <p class='ocr_par' dir='ltr' id='par_1_48' title="bbox 493 4478 2097 4550">
     <span class='ocr_line' id='line_1_48' title="bbox 493 4478 2097 4550; baseline 0.001 -13"><span class='ocrx_word' id='word_1_353' title='bbox 493 4488 549 4537; x_wconf 92' lang='lat' dir='ltr'><strong>et</strong></span> <span class='ocrx_word' id='word_1_354' title='bbox 577 4478 1134 4550; x_wconf 87' lang='lat' dir='ltr'><strong>communicatorem,</strong></span> <span class='ocrx_word' id='word_1_355' title='bbox 1178 4478 1388 4536; x_wconf 88' lang='lat' dir='ltr'><strong>imitari</strong></span> <span class='ocrx_word' id='word_1_356' title='bbox 1435 4489 1588 4537; x_wconf 90' lang='lat' dir='ltr'><strong>actus</strong></span> <span class='ocrx_word' id='word_1_357' title='bbox 1635 4480 1858 4539; x_wconf 88' lang='lat' dir='ltr'><strong>illorum</strong></span> <span class='ocrx_word' id='word_1_358' title='bbox 1896 4499 1908 4537; x_wconf 93' lang='lat'><strong>:</strong></span> <span class='ocrx_word' id='word_1_359' title='bbox 1971 4492 2024 4540; x_wconf 92' lang='lat' dir='ltr'><strong>et</strong></span> <span class='ocrx_word' id='word_1_360' title='bbox 2051 4483 2097 4538; x_wconf 92' lang='lat' dir='ltr'><strong>si</strong></span> 
     </span>
    </p>
   </div>
   <div class='ocr_carea' id='block_1_49' title="bbox 2201 583 3814 658">
    <p class='ocr_par' dir='ltr' id='par_1_49' title="bbox 2201 583 3814 658">
     <span class='ocr_line' id='line_1_49' title="bbox 2201 583 3814 658; baseline 0.002 -16"><span class='ocrx_word' id='word_1_361' title='bbox 2201 587 2306 658; x_wconf 88' lang='lat' dir='ltr'><strong>gis,</strong></span> <span class='ocrx_word' id='word_1_362' title='bbox 2337 586 2485 643; x_wconf 89' lang='lat' dir='ltr'><strong>victa</strong></span> <span class='ocrx_word' id='word_1_363' title='bbox 2516 585 2823 652; x_wconf 89' lang='lat' dir='ltr'><strong>iracundia,</strong></span> <span class='ocrx_word' id='word_1_364' title='bbox 2872 583 3228 654; x_wconf 90' lang='lat' dir='ltr'><strong>benedicant,</strong></span> <span class='ocrx_word' id='word_1_365' title='bbox 3259 592 3313 641; x_wconf 90' lang='lat' dir='ltr'><strong>et</strong></span> <span class='ocrx_word' id='word_1_366' title='bbox 3343 586 3496 642; x_wconf 88' lang='lat' dir='ltr'><strong>laudi</strong></span> <span class='ocrx_word' id='word_1_367' title='bbox 3528 587 3601 643; x_wconf 85' lang='lat' dir='ltr'><strong>sit</strong></span> <span class='ocrx_word' id='word_1_368' title='bbox 3628 587 3814 647; x_wconf 84' lang='lat' dir='ltr'><strong>disci-</strong></span> 
     </span>
    </p>
   </div>
   <div class='ocr_carea' id='block_1_50' title="bbox 2205 673 2852 747">
    <p class='ocr_par' dir='ltr' id='par_1_50' title="bbox 2205 673 2852 747">
     <span class='ocr_line' id='line_1_50' title="bbox 2205 673 2852 747; baseline 0 -17"><span class='ocrx_word' id='word_1_369' title='bbox 2205 675 2359 747; x_wconf 88' lang='lat' dir='ltr'><strong>plina</strong></span> <span class='ocrx_word' id='word_1_370' title='bbox 2387 676 2682 732; x_wconf 90' lang='lat' dir='ltr'><strong>Dominica</strong></span> <span class='ocrx_word' id='word_1_371' title='bbox 2713 673 2852 746; x_wconf 88' lang='lat'><strong>(90).</strong></span> 
     </span>
    </p>
   </div>
   <div class='ocr_carea' id='block_1_51' title="bbox 2283 763 3813 838">
    <p class='ocr_par' dir='ltr' id='par_1_51' title="bbox 2283 763 3813 838">
     <span class='ocr_line' id='line_1_51' title="bbox 2283 763 3813 838; baseline 0 -12"><span class='ocrx_word' id='word_1_372' title='bbox 2283 771 2378 828; x_wconf 88' lang='lat'><strong>97</strong></span> <span class='ocrx_word' id='word_1_373' title='bbox 2409 766 2591 836; x_wconf 88' lang='lat' dir='ltr'><strong>(Vers.</strong></span> <span class='ocrx_word' id='word_1_374' title='bbox 2625 765 2736 836; x_wconf 83' lang='grc'><strong>15.)</strong></span> <span class='ocrx_word' id='word_1_375' title='bbox 2787 789 2805 812; x_wconf 78' lang='grc' dir='ltr'><strong>ι</strong></span> <span class='ocrx_word' id='word_1_376' title='bbox 2834 763 3083 821; x_wconf 86' lang='lat' dir='ltr'><strong>Gaudere</strong></span> <span class='ocrx_word' id='word_1_377' title='bbox 3109 781 3234 822; x_wconf 91' lang='lat' dir='ltr'><strong>cum</strong></span> <span class='ocrx_word' id='word_1_378' title='bbox 3258 765 3648 838; x_wconf 77' lang='lat' dir='ltr'><strong>gaudentibus,</strong></span> <span class='ocrx_word' id='word_1_379' title='bbox 3678 767 3813 826; x_wconf 76' lang='lat' dir='ltr'><strong>ﬂere</strong></span> 
     </span>
    </p>
   </div>
   <div class='ocr_carea' id='block_1_52' title="bbox 2202 862 3808 934">
    <p class='ocr_par' dir='ltr' id='par_1_52' title="bbox 2202 862 3808 934">
     <span class='ocr_line' id='line_1_52' title="bbox 2202 862 3808 934; baseline 0.001 -14"><span class='ocrx_word' id='word_1_380' title='bbox 2202 879 2328 920; x_wconf 92' lang='lat' dir='ltr'><strong>cum</strong></span> <span class='ocrx_word' id='word_1_381' title='bbox 2363 863 2645 920; x_wconf 83' lang='lat' dir='ltr'><strong>flentibus.</strong></span> <span class='ocrx_word' id='word_1_382' title='bbox 2679 887 2696 910; x_wconf 79' lang='grc' dir='ltr'><strong>ι</strong></span> <span class='ocrx_word' id='word_1_383' title='bbox 2765 862 2882 918; x_wconf 84' lang='lat' dir='ltr'><strong>Hoc</strong></span> <span class='ocrx_word' id='word_1_384' title='bbox 2928 870 3028 930; x_wconf 88' lang='lat' dir='ltr'><strong>est,</strong></span> <span class='ocrx_word' id='word_1_385' title='bbox 3094 862 3240 934; x_wconf 90' lang='lat' dir='ltr'><strong>quod</strong></span> <span class='ocrx_word' id='word_1_386' title='bbox 3294 863 3405 920; x_wconf 88' lang='lat' dir='ltr'><strong>alio</strong></span> <span class='ocrx_word' id='word_1_387' title='bbox 3461 865 3583 921; x_wconf 92' lang='lat' dir='ltr'><strong>loco</strong></span> <span class='ocrx_word' id='word_1_388' title='bbox 3613 864 3760 922; x_wconf 84' lang='lat' dir='ltr'><strong>dicit</strong></span> <span class='ocrx_word' id='word_1_389' title='bbox 3797 885 3808 921; x_wconf 91' lang='lat'><strong>:</strong></span> 
     </span>
    </p>
   </div>
   <div class='ocr_carea' id='block_1_53' title="bbox 2217 953 3815 1026">
    <p class='ocr_par' dir='ltr' id='par_1_53' title="bbox 2217 953 3815 1026">
     <span class='ocr_line' id='line_1_53' title="bbox 2217 953 3815 1026; baseline 0.001 -17"><span class='ocrx_word' id='word_1_390' title='bbox 2217 978 2235 1002; x_wconf 74' lang='grc' dir='ltr'><strong>ε</strong></span> <span class='ocrx_word' id='word_1_391' title='bbox 2265 954 2321 1009; x_wconf 91' lang='lat' dir='ltr'><strong>Si</strong></span> <span class='ocrx_word' id='word_1_392' title='bbox 2353 953 2486 1026; x_wconf 91' lang='lat' dir='ltr'><strong>quid</strong></span> <span class='ocrx_word' id='word_1_393' title='bbox 2519 954 2725 1026; x_wconf 89' lang='lat' dir='ltr'><strong>patitur</strong></span> <span class='ocrx_word' id='word_1_394' title='bbox 2777 969 2947 1009; x_wconf 90' lang='lat' dir='ltr'><strong>unum</strong></span> <span class='ocrx_word' id='word_1_395' title='bbox 2997 953 3330 1022; x_wconf 87' lang='lat' dir='ltr'><strong>membrum,</strong></span> <span class='ocrx_word' id='word_1_396' title='bbox 3389 954 3815 1026; x_wconf 86' lang='lat' dir='ltr'><strong>compatiuntur</strong></span> 
     </span>
    </p>
   </div>
   <div class='ocr_carea' id='block_1_54' title="bbox 2203 1041 3811 1115">
    <p class='ocr_par' dir='ltr' id='par_1_54' title="bbox 2203 1041 3811 1115">
     <span class='ocr_line' id='line_1_54' title="bbox 2203 1041 3811 1115; baseline 0.002 -18"><span class='ocrx_word' id='word_1_397' title='bbox 2203 1041 2389 1097; x_wconf 87' lang='lat' dir='ltr'><strong>omnia</strong></span> <span class='ocrx_word' id='word_1_398' title='bbox 2437 1041 2716 1108; x_wconf 89' lang='lat' dir='ltr'><strong>membra;</strong></span> <span class='ocrx_word' id='word_1_399' title='bbox 2767 1049 2821 1098; x_wconf 92' lang='lat' dir='ltr'><strong>et</strong></span> <span class='ocrx_word' id='word_1_400' title='bbox 2866 1041 2913 1097; x_wconf 90' lang='lat' dir='ltr'><strong>si</strong></span> <span class='ocrx_word' id='word_1_401' title='bbox 2975 1041 3193 1100; x_wconf 73' lang='lat' dir='ltr'><strong>lzetatur</strong></span> <span class='ocrx_word' id='word_1_402' title='bbox 3231 1058 3403 1100; x_wconf 88' lang='lat' dir='ltr'><strong>unum</strong></span> <span class='ocrx_word' id='word_1_403' title='bbox 3471 1044 3811 1115; x_wconf 87' lang='lat' dir='ltr'><strong>membrum,</strong></span> 
     </span>
    </p>
   </div>
   <div class='ocr_carea' id='block_1_55' title="bbox 2203 1129 3812 1204">
    <p class='ocr_par' dir='ltr' id='par_1_55' title="bbox 2203 1129 3812 1204">
     <span class='ocr_line' id='line_1_55' title="bbox 2203 1129 3812 1204; baseline 0.002 -17"><span class='ocrx_word' id='word_1_404' title='bbox 2203 1130 2553 1203; x_wconf 78' lang='lat' dir='ltr'><strong>congaudent</strong></span> <span class='ocrx_word' id='word_1_405' title='bbox 2583 1131 2767 1186; x_wconf 89' lang='lat' dir='ltr'><strong>omnia</strong></span> <span class='ocrx_word' id='word_1_406' title='bbox 2808 1129 3052 1187; x_wconf 91' lang='lat' dir='ltr'><strong>membra</strong></span> <span class='ocrx_word' id='word_1_407' title='bbox 3084 1133 3141 1204; x_wconf 94' lang='grc' dir='ltr'><strong>(Ι</strong></span> <span class='ocrx_word' id='word_1_408' title='bbox 3171 1132 3296 1189; x_wconf 88' lang='lat' dir='ltr'><strong>Cor.</strong></span> <span class='ocrx_word' id='word_1_409' title='bbox 3330 1149 3431 1198; x_wconf 80' lang='lat' dir='ltr'><strong>xu,</strong></span> <span class='ocrx_word' id='word_1_410' title='bbox 3462 1131 3578 1202; x_wconf 78' lang='lat'><strong>26).</strong></span> <span class='ocrx_word' id='word_1_411' title='bbox 3611 1158 3628 1180; x_wconf 81' lang='grc' dir='ltr'><strong>ι</strong></span> <span class='ocrx_word' id='word_1_412' title='bbox 3667 1133 3812 1191; x_wconf 88' lang='lat' dir='ltr'><strong>Cum</strong></span> 
     </span>
    </p>
   </div>
   <div class='ocr_carea' id='block_1_56' title="bbox 2204 1221 3810 1298">
    <p class='ocr_par' dir='ltr' id='par_1_56' title="bbox 2204 1221 3810 1298">
     <span class='ocr_line' id='line_1_56' title="bbox 2204 1221 3810 1298; baseline 0.002 -22"><span class='ocrx_word' id='word_1_413' title='bbox 2204 1223 2352 1277; x_wconf 89' lang='lat' dir='ltr'><strong>enim</strong></span> <span class='ocrx_word' id='word_1_414' title='bbox 2384 1223 2508 1295; x_wconf 91' lang='lat' dir='ltr'><strong>quis</strong></span> <span class='ocrx_word' id='word_1_415' title='bbox 2534 1221 2683 1278; x_wconf 87' lang='lat' dir='ltr'><strong>ﬁdeli</strong></span> <span class='ocrx_word' id='word_1_416' title='bbox 2735 1222 2932 1278; x_wconf 89' lang='lat' dir='ltr'><strong>solatio</strong></span> <span class='ocrx_word' id='word_1_417' title='bbox 2987 1230 3070 1278; x_wconf 86' lang='lat' dir='ltr'><strong>est</strong></span> <span class='ocrx_word' id='word_1_418' title='bbox 3123 1223 3181 1279; x_wconf 92' lang='lat' dir='ltr'><strong>in</strong></span> <span class='ocrx_word' id='word_1_419' title='bbox 3239 1223 3584 1292; x_wconf 86' lang='lat' dir='ltr'><strong>necessitate,</strong></span> <span class='ocrx_word' id='word_1_420' title='bbox 3637 1225 3810 1298; x_wconf 86' lang='lat' dir='ltr'><strong>erigit</strong></span> 
     </span>
    </p>
   </div>
   <div class='ocr_carea' id='block_1_57' title="bbox 2205 1311 3808 1384">
    <p class='ocr_par' dir='ltr' id='par_1_57' title="bbox 2205 1311 3808 1384">
     <span class='ocr_line' id='line_1_57' title="bbox 2205 1311 3808 1384; baseline 0.002 -18"><span class='ocrx_word' id='word_1_421' title='bbox 2205 1311 2453 1367; x_wconf 91' lang='lat' dir='ltr'><strong>animum</strong></span> <span class='ocrx_word' id='word_1_422' title='bbox 2494 1311 2634 1384; x_wconf 91' lang='lat' dir='ltr'><strong>ejus,</strong></span> <span class='ocrx_word' id='word_1_423' title='bbox 2657 1319 2709 1369; x_wconf 89' lang='lat' dir='ltr'><strong>et</strong></span> <span class='ocrx_word' id='word_1_424' title='bbox 2735 1311 2879 1384; x_wconf 89' lang='lat' dir='ltr'><strong>apud</strong></span> <span class='ocrx_word' id='word_1_425' title='bbox 2908 1313 3083 1368; x_wconf 92' lang='lat' dir='ltr'><strong>Deum</strong></span> <span class='ocrx_word' id='word_1_426' title='bbox 3107 1312 3214 1369; x_wconf 91' lang='lat' dir='ltr'><strong>sibi</strong></span> <span class='ocrx_word' id='word_1_427' title='bbox 3242 1314 3478 1370; x_wconf 88' lang='lat' dir='ltr'><strong>collocat</strong></span> <span class='ocrx_word' id='word_1_428' title='bbox 3508 1314 3808 1379; x_wconf 89' lang='lat' dir='ltr'><strong>meritum;</strong></span> 
     </span>
    </p>
   </div>
   <div class='ocr_carea' id='block_1_58' title="bbox 2205 1401 3813 1475">
    <p class='ocr_par' dir='ltr' id='par_1_58' title="bbox 2205 1401 3813 1475">
     <span class='ocr_line' id='line_1_58' title="bbox 2205 1401 3813 1475; baseline 0.002 -18"><span class='ocrx_word' id='word_1_429' title='bbox 2205 1401 2337 1475; x_wconf 91' lang='lat' dir='ltr'><strong>quia</strong></span> <span class='ocrx_word' id='word_1_430' title='bbox 2369 1401 2674 1458; x_wconf 88' lang='lat' dir='ltr'><strong>membrum</strong></span> <span class='ocrx_word' id='word_1_431' title='bbox 2709 1401 2892 1474; x_wconf 85' lang='lat' dir='ltr'><strong>diligit</strong></span> <span class='ocrx_word' id='word_1_432' title='bbox 2922 1403 3168 1474; x_wconf 89' lang='lat' dir='ltr'><strong>corporis</strong></span> <span class='ocrx_word' id='word_1_433' title='bbox 3209 1403 3413 1461; x_wconf 86' lang='lat' dir='ltr'><strong>Christi</strong></span> <span class='ocrx_word' id='word_1_434' title='bbox 3449 1422 3460 1460; x_wconf 90' lang='lat'><strong>:</strong></span> <span class='ocrx_word' id='word_1_435' title='bbox 3513 1411 3565 1460; x_wconf 92' lang='lat' dir='ltr'><strong>et</strong></span> <span class='ocrx_word' id='word_1_436' title='bbox 3594 1402 3639 1460; x_wconf 89' lang='lat' dir='ltr'><strong>si</strong></span> <span class='ocrx_word' id='word_1_437' title='bbox 3679 1420 3813 1462; x_wconf 89' lang='lat' dir='ltr'><strong>cum</strong></span> 
     </span>
    </p>
   </div>
   <div class='ocr_carea' id='block_1_59' title="bbox 2206 1491 3814 1567">
    <p class='ocr_par' dir='ltr' id='par_1_59' title="bbox 2206 1491 3814 1567">
     <span class='ocr_line' id='line_1_59' title="bbox 2206 1491 3814 1567; baseline 0.001 -19"><span class='ocrx_word' id='word_1_438' title='bbox 2206 1491 2420 1549; x_wconf 87' lang='lat' dir='ltr'><strong>inﬁdeli</strong></span> <span class='ocrx_word' id='word_1_439' title='bbox 2451 1491 2763 1559; x_wconf 90' lang='lat' dir='ltr'><strong>condoleat,</strong></span> <span class='ocrx_word' id='word_1_440' title='bbox 2813 1501 3076 1564; x_wconf 84' lang='lat' dir='ltr'><strong>provocat</strong></span> <span class='ocrx_word' id='word_1_441' title='bbox 3106 1492 3278 1566; x_wconf 86' lang='lat' dir='ltr'><strong>magis</strong></span> <span class='ocrx_word' id='word_1_442' title='bbox 3322 1493 3483 1550; x_wconf 90' lang='lat' dir='ltr'><strong>illum</strong></span> <span class='ocrx_word' id='word_1_443' title='bbox 3514 1492 3583 1549; x_wconf 91' lang='lat' dir='ltr'><strong>ad</strong></span> <span class='ocrx_word' id='word_1_444' title='bbox 3614 1493 3814 1567; x_wconf 86' lang='lat' dir='ltr'><strong>profe—</strong></span> 
     </span>
    </p>
   </div>
   <div class='ocr_carea' id='block_1_60' title="bbox 2207 1579 3203 1652">
    <p class='ocr_par' dir='ltr' id='par_1_60' title="bbox 2207 1579 3203 1652">
     <span class='ocr_line' id='line_1_60' title="bbox 2207 1579 3203 1652; baseline -0.001 -15"><span class='ocrx_word' id='word_1_445' title='bbox 2207 1587 2357 1638; x_wconf 90' lang='lat' dir='ltr'><strong>ctum</strong></span> <span class='ocrx_word' id='word_1_446' title='bbox 2390 1580 2507 1652; x_wconf 81' lang='lat' dir='ltr'><strong>(9i)</strong></span> <span class='ocrx_word' id='word_1_447' title='bbox 2541 1579 2848 1652; x_wconf 71' lang='lat' dir='ltr'><strong>disciplinae</strong></span> <span class='ocrx_word' id='word_1_448' title='bbox 2877 1580 3203 1637; x_wconf 63' lang='lat' dir='ltr'><strong>Dominicis.</strong></span> 
     </span>
    </p>
   </div>
   <div class='ocr_carea' id='block_1_61' title="bbox 2281 1668 3807 1742">
    <p class='ocr_par' dir='ltr' id='par_1_61' title="bbox 2281 1668 3807 1742">
     <span class='ocr_line' id='line_1_61' title="bbox 2281 1668 3807 1742; baseline 0.005 -17"><span class='ocrx_word' id='word_1_449' title='bbox 2281 1669 2464 1742; x_wconf 86' lang='lat' dir='ltr'><strong>(Vers.</strong></span> <span class='ocrx_word' id='word_1_450' title='bbox 2498 1668 2611 1741; x_wconf 89' lang='grc'><strong>16.)</strong></span> <span class='ocrx_word' id='word_1_451' title='bbox 2649 1695 2667 1717; x_wconf 81' lang='grc' dir='ltr'><strong>ι</strong></span> <span class='ocrx_word' id='word_1_452' title='bbox 2697 1669 2942 1742; x_wconf 90' lang='lat' dir='ltr'><strong>Idipsum</strong></span> <span class='ocrx_word' id='word_1_453' title='bbox 2989 1670 3227 1726; x_wconf 92' lang='lat' dir='ltr'><strong>invicem</strong></span> <span class='ocrx_word' id='word_1_454' title='bbox 3258 1672 3577 1729; x_wconf 89' lang='lat' dir='ltr'><strong>sentientes.</strong></span> <span class='ocrx_word' id='word_1_455' title='bbox 3623 1698 3640 1720; x_wconf 78' lang='grc' dir='ltr'><strong>ι</strong></span> <span class='ocrx_word' id='word_1_456' title='bbox 3686 1673 3807 1732; x_wconf 86' lang='lat' dir='ltr'><strong>Hoc</strong></span> 
     </span>
    </p>
   </div>
   <div class='ocr_carea' id='block_1_62' title="bbox 2207 1759 3810 1834">
    <p class='ocr_par' dir='ltr' id='par_1_62' title="bbox 2207 1759 3810 1834">
     <span class='ocr_line' id='line_1_62' title="bbox 2207 1759 3810 1834; baseline 0.003 -18"><span class='ocrx_word' id='word_1_457' title='bbox 2207 1768 2308 1827; x_wconf 85' lang='lat' dir='ltr'><strong>est,</strong></span> <span class='ocrx_word' id='word_1_458' title='bbox 2339 1759 2487 1834; x_wconf 88' lang='lat' dir='ltr'><strong>quod</strong></span> <span class='ocrx_word' id='word_1_459' title='bbox 2557 1759 2769 1817; x_wconf 90' lang='lat' dir='ltr'><strong>dictum</strong></span> <span class='ocrx_word' id='word_1_460' title='bbox 2817 1769 2922 1830; x_wconf 88' lang='lat' dir='ltr'><strong>est,</strong></span> <span class='ocrx_word' id='word_1_461' title='bbox 2982 1761 3222 1834; x_wconf 88' lang='lat' dir='ltr'><strong>compati</strong></span> <span class='ocrx_word' id='word_1_462' title='bbox 3270 1760 3468 1819; x_wconf 90' lang='lat' dir='ltr'><strong>debere</strong></span> <span class='ocrx_word' id='word_1_463' title='bbox 3517 1763 3573 1818; x_wconf 91' lang='lat' dir='ltr'><strong>in</strong></span> <span class='ocrx_word' id='word_1_464' title='bbox 3614 1762 3810 1821; x_wconf 84' lang='lat' dir='ltr'><strong>fratris</strong></span> 
     </span>
    </p>
   </div>
   <div class='ocr_carea' id='block_1_63' title="bbox 1749 1848 3808 1925">
    <p class='ocr_par' dir='ltr' id='par_1_63' title="bbox 1749 1848 3808 1925">
     <span class='ocr_line' id='line_1_63' title="bbox 1749 1848 3808 1925; baseline -0.001 -16"><span class='ocrx_word' id='word_1_465' title='bbox 1749 1873 1818 1913; x_wconf 87' lang='lat' dir='ltr'><strong>ne</strong></span> <span class='ocrx_word' id='word_1_466' title='bbox 1865 1857 1971 1914; x_wconf 89' lang='lat' dir='ltr'><strong>hoc</strong></span> <span class='ocrx_word' id='word_1_467' title='bbox 2016 1855 2097 1912; x_wconf 85' lang='lat' dir='ltr'><strong>sic</strong></span> <span class='ocrx_word' id='word_1_468' title='bbox 2131 1865 2176 1925; x_wconf 84' lang='grc' dir='ltr'><strong>Β</strong></span> <span class='ocrx_word' id='word_1_469' title='bbox 2208 1848 2586 1918; x_wconf 89' lang='lat' dir='ltr'><strong>tribulatione,</strong></span> <span class='ocrx_word' id='word_1_470' title='bbox 2618 1850 2762 1907; x_wconf 87' lang='lat' dir='ltr'><strong>sicut</strong></span> <span class='ocrx_word' id='word_1_471' title='bbox 2791 1859 2846 1906; x_wconf 91' lang='lat' dir='ltr'><strong>et</strong></span> <span class='ocrx_word' id='word_1_472' title='bbox 2878 1849 2936 1905; x_wconf 91' lang='lat' dir='ltr'><strong>in</strong></span> <span class='ocrx_word' id='word_1_473' title='bbox 2967 1851 3076 1906; x_wconf 90' lang='lat' dir='ltr'><strong>alia</strong></span> <span class='ocrx_word' id='word_1_474' title='bbox 3105 1849 3242 1906; x_wconf 90' lang='lat' dir='ltr'><strong>dicit</strong></span> <span class='ocrx_word' id='word_1_475' title='bbox 3271 1851 3503 1922; x_wconf 90' lang='lat' dir='ltr'><strong>epistola</strong></span> <span class='ocrx_word' id='word_1_476' title='bbox 3536 1868 3548 1906; x_wconf 92' lang='lat'><strong>:</strong></span> <span class='ocrx_word' id='word_1_477' title='bbox 3597 1875 3615 1900; x_wconf 75' lang='grc' dir='ltr'><strong>ι</strong></span> <span class='ocrx_word' id='word_1_478' title='bbox 3643 1851 3808 1909; x_wconf 88' lang='lat' dir='ltr'><strong>Con-</strong></span> 
     </span>
    </p>
   </div>
   <div class='ocr_carea' id='block_1_64' title="bbox 2204 1937 3812 2012">
    <p class='ocr_par' dir='ltr' id='par_1_64' title="bbox 2204 1937 3812 2012">
     <span class='ocr_line' id='line_1_64' title="bbox 2204 1937 3812 2012; baseline 0.002 -19"><span class='ocrx_word' id='word_1_479' title='bbox 2204 1937 2452 1995; x_wconf 89' lang='lat' dir='ltr'><strong>siderans</strong></span> <span class='ocrx_word' id='word_1_480' title='bbox 2481 1948 2534 1996; x_wconf 88' lang='lat' dir='ltr'><strong>te</strong></span> <span class='ocrx_word' id='word_1_481' title='bbox 2583 1940 2785 2012; x_wconf 89' lang='lat' dir='ltr'><strong>ipsum,</strong></span> <span class='ocrx_word' id='word_1_482' title='bbox 2821 1955 2892 1996; x_wconf 92' lang='lat' dir='ltr'><strong>ne</strong></span> <span class='ocrx_word' id='word_1_483' title='bbox 2935 1949 2988 1996; x_wconf 93' lang='lat' dir='ltr'><strong>et</strong></span> <span class='ocrx_word' id='word_1_484' title='bbox 3019 1947 3078 1995; x_wconf 90' lang='lat' dir='ltr'><strong>tu</strong></span> <span class='ocrx_word' id='word_1_485' title='bbox 3127 1940 3350 1997; x_wconf 89' lang='lat' dir='ltr'><strong>teneris.</strong></span> <span class='ocrx_word' id='word_1_486' title='bbox 3386 1942 3542 1997; x_wconf 83' lang='lat' dir='ltr'><strong>Alter</strong></span> <span class='ocrx_word' id='word_1_487' title='bbox 3579 1941 3812 1998; x_wconf 86' lang='lat' dir='ltr'><strong>alterius</strong></span> 
     </span>
    </p>
   </div>
   <div class='ocr_carea' id='block_1_65' title="bbox 2207 2037 3273 2109">
    <p class='ocr_par' dir='ltr' id='par_1_65' title="bbox 2207 2037 3273 2109">
     <span class='ocr_line' id='line_1_65' title="bbox 2207 2037 3273 2109; baseline 0.001 -16"><span class='ocrx_word' id='word_1_488' title='bbox 2207 2053 2374 2093; x_wconf 88' lang='lat' dir='ltr'><strong>onera</strong></span> <span class='ocrx_word' id='word_1_489' title='bbox 2402 2037 2666 2093; x_wconf 89' lang='lat' dir='ltr'><strong>sustinete</strong></span> <span class='ocrx_word' id='word_1_490' title='bbox 2701 2038 2911 2109; x_wconf 86' lang='lat' dir='ltr'><strong>(Galat.</strong></span> <span class='ocrx_word' id='word_1_491' title='bbox 2945 2055 3026 2105; x_wconf 75' lang='lat' dir='ltr'><strong>vx,</strong></span> <span class='ocrx_word' id='word_1_492' title='bbox 3058 2039 3108 2105; x_wconf 87' lang='grc'><strong>1,</strong></span> <span class='ocrx_word' id='word_1_493' title='bbox 3141 2037 3225 2108; x_wconf 78' lang='lat'><strong>2).</strong></span> <span class='ocrx_word' id='word_1_494' title='bbox 3256 2063 3273 2086; x_wconf 85' lang='lat'><strong><em>-</em></strong></span> 
     </span>
    </p>
   </div>
   <div class='ocr_carea' id='block_1_66' title="bbox 2294 2126 3810 2198">
    <p class='ocr_par' dir='ltr' id='par_1_66' title="bbox 2294 2126 3810 2198">
     <span class='ocr_line' id='line_1_66' title="bbox 2294 2126 3810 2198; baseline 0.005 -17"><span class='ocrx_word' id='word_1_495' title='bbox 2294 2151 2312 2174; x_wconf 78' lang='grc' dir='ltr'><strong>ι</strong></span> <span class='ocrx_word' id='word_1_496' title='bbox 2335 2127 2455 2182; x_wconf 87' lang='lat' dir='ltr'><strong>Non</strong></span> <span class='ocrx_word' id='word_1_497' title='bbox 2485 2127 2595 2182; x_wconf 90' lang='lat' dir='ltr'><strong>alta</strong></span> <span class='ocrx_word' id='word_1_498' title='bbox 2623 2126 2912 2197; x_wconf 88' lang='lat' dir='ltr'><strong>sapientes.</strong></span> <span class='ocrx_word' id='word_1_499' title='bbox 2939 2151 2958 2173; x_wconf 77' lang='grc' dir='ltr'><strong>ι</strong></span> <span class='ocrx_word' id='word_1_500' title='bbox 3000 2126 3129 2181; x_wconf 88' lang='lat' dir='ltr'><strong>Alta</strong></span> <span class='ocrx_word' id='word_1_501' title='bbox 3179 2142 3366 2198; x_wconf 90' lang='lat' dir='ltr'><strong>sapere</strong></span> <span class='ocrx_word' id='word_1_502' title='bbox 3393 2128 3652 2198; x_wconf 88' lang='lat' dir='ltr'><strong>superbia</strong></span> <span class='ocrx_word' id='word_1_503' title='bbox 3681 2139 3762 2188; x_wconf 89' lang='lat' dir='ltr'><strong>est</strong></span> <span class='ocrx_word' id='word_1_504' title='bbox 3796 2147 3810 2198; x_wconf 90' lang='lat'><strong>;</strong></span> 
     </span>
    </p>
   </div>
   <div class='ocr_carea' id='block_1_67' title="bbox 2210 2215 3816 2289">
    <p class='ocr_par' dir='ltr' id='par_1_67' title="bbox 2210 2215 3816 2289">
     <span class='ocr_line' id='line_1_67' title="bbox 2210 2215 3816 2289; baseline 0.003 -18"><span class='ocrx_word' id='word_1_505' title='bbox 2210 2233 2336 2272; x_wconf 90' lang='lat' dir='ltr'><strong>nam</strong></span> <span class='ocrx_word' id='word_1_506' title='bbox 2365 2223 2418 2270; x_wconf 92' lang='lat' dir='ltr'><strong>et</strong></span> <span class='ocrx_word' id='word_1_507' title='bbox 2456 2215 2711 2272; x_wconf 87' lang='lat' dir='ltr'><strong>diabolus</strong></span> <span class='ocrx_word' id='word_1_508' title='bbox 2762 2233 2888 2272; x_wconf 90' lang='lat' dir='ltr'><strong>cum</strong></span> <span class='ocrx_word' id='word_1_509' title='bbox 2945 2215 3056 2271; x_wconf 92' lang='lat' dir='ltr'><strong>alta</strong></span> <span class='ocrx_word' id='word_1_510' title='bbox 3102 2215 3305 2287; x_wconf 87' lang='lat' dir='ltr'><strong>sapuit,</strong></span> <span class='ocrx_word' id='word_1_511' title='bbox 3336 2219 3692 2289; x_wconf 87' lang='lat' dir='ltr'><strong>apostatavit.</strong></span> <span class='ocrx_word' id='word_1_512' title='bbox 3735 2219 3816 2276; x_wconf 88' lang='lat' dir='ltr'><strong>Ne</strong></span> 
     </span>
    </p>
   </div>
   <div class='ocr_carea' id='block_1_68' title="bbox 2209 2314 3815 2388">
    <p class='ocr_par' dir='ltr' id='par_1_68' title="bbox 2209 2314 3815 2388">
     <span class='ocr_line' id='line_1_68' title="bbox 2209 2314 3815 2388; baseline 0.002 -16"><span class='ocrx_word' id='word_1_513' title='bbox 2209 2315 2376 2372; x_wconf 92' lang='lat' dir='ltr'><strong>elatio</strong></span> <span class='ocrx_word' id='word_1_514' title='bbox 2407 2315 2480 2372; x_wconf 91' lang='lat' dir='ltr'><strong>sit</strong></span> <span class='ocrx_word' id='word_1_515' title='bbox 2506 2315 2563 2370; x_wconf 88' lang='lat' dir='ltr'><strong>in</strong></span> <span class='ocrx_word' id='word_1_516' title='bbox 2603 2314 2810 2384; x_wconf 91' lang='lat' dir='ltr'><strong>animo,</strong></span> <span class='ocrx_word' id='word_1_517' title='bbox 2843 2323 2899 2372; x_wconf 93' lang='lat' dir='ltr'><strong>et</strong></span> <span class='ocrx_word' id='word_1_518' title='bbox 2941 2329 3276 2388; x_wconf 75' lang='lat' dir='ltr'><strong>praesumens</strong></span> <span class='ocrx_word' id='word_1_519' title='bbox 3304 2314 3445 2371; x_wconf 87' lang='lat' dir='ltr'><strong>forte</strong></span> <span class='ocrx_word' id='word_1_520' title='bbox 3479 2314 3546 2371; x_wconf 91' lang='lat' dir='ltr'><strong>de</strong></span> <span class='ocrx_word' id='word_1_521' title='bbox 3577 2318 3815 2375; x_wconf 89' lang='lat' dir='ltr'><strong>incolu-</strong></span> 
     </span>
    </p>
   </div>
   <div class='ocr_carea' id='block_1_69' title="bbox 2212 2404 3814 2475">
    <p class='ocr_par' dir='ltr' id='par_1_69' title="bbox 2212 2404 3814 2475">
     <span class='ocr_line' id='line_1_69' title="bbox 2212 2404 3814 2475; baseline 0.003 -15"><span class='ocrx_word' id='word_1_522' title='bbox 2212 2405 2402 2462; x_wconf 88' lang='lat' dir='ltr'><strong>mitate</strong></span> <span class='ocrx_word' id='word_1_523' title='bbox 2431 2415 2584 2462; x_wconf 87' lang='lat' dir='ltr'><strong>actus</strong></span> <span class='ocrx_word' id='word_1_524' title='bbox 2615 2405 2723 2475; x_wconf 90' lang='lat' dir='ltr'><strong>sui,</strong></span> <span class='ocrx_word' id='word_1_525' title='bbox 2754 2422 2864 2461; x_wconf 91' lang='lat' dir='ltr'><strong>non</strong></span> <span class='ocrx_word' id='word_1_526' title='bbox 2895 2405 3183 2462; x_wconf 86' lang='lat' dir='ltr'><strong>condoleat</strong></span> <span class='ocrx_word' id='word_1_527' title='bbox 3223 2404 3377 2460; x_wconf 86' lang='lat' dir='ltr'><strong>fratri</strong></span> <span class='ocrx_word' id='word_1_528' title='bbox 3424 2421 3545 2474; x_wconf 92' lang='lat' dir='ltr'><strong>suo,</strong></span> <span class='ocrx_word' id='word_1_529' title='bbox 3585 2407 3680 2464; x_wconf 89' lang='lat' dir='ltr'><strong>sed</strong></span> <span class='ocrx_word' id='word_1_530' title='bbox 3712 2423 3814 2464; x_wconf 81' lang='lat' dir='ltr'><strong>ex-</strong></span> 
     </span>
    </p>
   </div>
   <div class='ocr_carea' id='block_1_70' title="bbox 2210 2492 3809 2571">
    <p class='ocr_par' dir='ltr' id='par_1_70' title="bbox 2210 2492 3809 2571">
     <span class='ocr_line' id='line_1_70' title="bbox 2210 2492 3809 2571; baseline 0.003 -21"><span class='ocrx_word' id='word_1_531' title='bbox 2210 2495 2432 2567; x_wconf 86' lang='lat' dir='ltr'><strong>probret</strong></span> <span class='ocrx_word' id='word_1_532' title='bbox 2483 2496 2639 2569; x_wconf 89' lang='lat' dir='ltr'><strong>quasi</strong></span> <span class='ocrx_word' id='word_1_533' title='bbox 2696 2495 2987 2568; x_wconf 88' lang='lat' dir='ltr'><strong>peccatori,</strong></span> <span class='ocrx_word' id='word_1_534' title='bbox 3057 2494 3174 2550; x_wconf 67' lang='lat' dir='ltr'><strong>haec</strong></span> <span class='ocrx_word' id='word_1_535' title='bbox 3226 2492 3484 2566; x_wconf 88' lang='lat' dir='ltr'><strong>superbia</strong></span> <span class='ocrx_word' id='word_1_536' title='bbox 3538 2505 3640 2565; x_wconf 92' lang='lat' dir='ltr'><strong>est,</strong></span> <span class='ocrx_word' id='word_1_537' title='bbox 3682 2515 3809 2571; x_wconf 72' lang='lat' dir='ltr'><strong>quae</strong></span> 
     </span>
    </p>
   </div>
   <div class='ocr_carea' id='block_1_71' title="bbox 2211 2583 3804 2658">
    <p class='ocr_par' dir='ltr' id='par_1_71' title="bbox 2211 2583 3804 2658">
     <span class='ocr_line' id='line_1_71' title="bbox 2211 2583 3804 2658; baseline 0.001 -16"><span class='ocrx_word' id='word_1_538' title='bbox 2211 2603 2336 2643; x_wconf 91' lang='lat' dir='ltr'><strong>cum</strong></span> <span class='ocrx_word' id='word_1_539' title='bbox 2369 2603 2424 2642; x_wconf 90' lang='lat' dir='ltr'><strong>se</strong></span> <span class='ocrx_word' id='word_1_540' title='bbox 2455 2585 2746 2658; x_wconf 71' lang='lat' dir='ltr'><strong>praeponit,</strong></span> <span class='ocrx_word' id='word_1_541' title='bbox 2779 2584 3030 2641; x_wconf 83' lang='lat' dir='ltr'><strong>offendit.</strong></span> <span class='ocrx_word' id='word_1_542' title='bbox 3064 2583 3220 2652; x_wconf 92' lang='lat' dir='ltr'><strong>Quod</strong></span> <span class='ocrx_word' id='word_1_543' title='bbox 3253 2593 3306 2639; x_wconf 92' lang='lat' dir='ltr'><strong>et</strong></span> <span class='ocrx_word' id='word_1_544' title='bbox 3335 2584 3606 2640; x_wconf 90' lang='lat' dir='ltr'><strong>Dominus</strong></span> <span class='ocrx_word' id='word_1_545' title='bbox 3634 2585 3804 2643; x_wconf 85' lang='lat' dir='ltr'><strong>deno-</strong></span> 
     </span>
    </p>
   </div>
   <div class='ocr_carea' id='block_1_72' title="bbox 2210 2671 3807 2746">
    <p class='ocr_par' dir='ltr' id='par_1_72' title="bbox 2210 2671 3807 2746">
     <span class='ocr_line' id='line_1_72' title="bbox 2210 2671 3807 2746; baseline 0.001 -15"><span class='ocrx_word' id='word_1_546' title='bbox 2210 2683 2308 2742; x_wconf 90' lang='lat' dir='ltr'><strong>tat,</strong></span> <span class='ocrx_word' id='word_1_547' title='bbox 2341 2675 2532 2731; x_wconf 90' lang='lat' dir='ltr'><strong>dicens</strong></span> <span class='ocrx_word' id='word_1_548' title='bbox 2565 2693 2577 2730; x_wconf 93' lang='lat'><strong>:</strong></span> <span class='ocrx_word' id='word_1_549' title='bbox 2626 2701 2642 2722; x_wconf 76' lang='grc' dir='ltr'><strong>ε</strong></span> <span class='ocrx_word' id='word_1_550' title='bbox 2674 2673 2827 2746; x_wconf 88' lang='lat' dir='ltr'><strong>Ejice</strong></span> <span class='ocrx_word' id='word_1_551' title='bbox 2865 2673 3075 2732; x_wconf 90' lang='lat' dir='ltr'><strong>trabem</strong></span> <span class='ocrx_word' id='word_1_552' title='bbox 3125 2673 3277 2744; x_wconf 90' lang='lat' dir='ltr'><strong>prius</strong></span> <span class='ocrx_word' id='word_1_553' title='bbox 3308 2671 3376 2728; x_wconf 91' lang='lat' dir='ltr'><strong>de</strong></span> <span class='ocrx_word' id='word_1_554' title='bbox 3407 2673 3569 2728; x_wconf 91' lang='lat' dir='ltr'><strong>oculo</strong></span> <span class='ocrx_word' id='word_1_555' title='bbox 3596 2683 3717 2743; x_wconf 90' lang='lat' dir='ltr'><strong>tuo,</strong></span> <span class='ocrx_word' id='word_1_556' title='bbox 3749 2685 3807 2732; x_wconf 90' lang='lat' dir='ltr'><strong>et</strong></span> 
     </span>
    </p>
   </div>
   <div class='ocr_carea' id='block_1_73' title="bbox 2211 2761 3812 2837">
    <p class='ocr_par' dir='ltr' id='par_1_73' title="bbox 2211 2761 3812 2837">
     <span class='ocr_line' id='line_1_73' title="bbox 2211 2761 3812 2837; baseline -0.002 -14"><span class='ocrx_word' id='word_1_557' title='bbox 2211 2774 2344 2823; x_wconf 92' lang='lat' dir='ltr'><strong>tunc</strong></span> <span class='ocrx_word' id='word_1_558' title='bbox 2373 2764 2589 2822; x_wconf 88' lang='lat' dir='ltr'><strong>videbis</strong></span> <span class='ocrx_word' id='word_1_559' title='bbox 2620 2764 2816 2837; x_wconf 91' lang='lat' dir='ltr'><strong>ejicere</strong></span> <span class='ocrx_word' id='word_1_560' title='bbox 2871 2763 3136 2820; x_wconf 85' lang='lat' dir='ltr'><strong>festucam</strong></span> <span class='ocrx_word' id='word_1_561' title='bbox 3194 2761 3261 2818; x_wconf 92' lang='lat' dir='ltr'><strong>de</strong></span> <span class='ocrx_word' id='word_1_562' title='bbox 3291 2762 3454 2817; x_wconf 90' lang='lat' dir='ltr'><strong>oculo</strong></span> <span class='ocrx_word' id='word_1_563' title='bbox 3510 2761 3694 2820; x_wconf 88' lang='lat' dir='ltr'><strong>fratris</strong></span> <span class='ocrx_word' id='word_1_564' title='bbox 3726 2765 3812 2820; x_wconf 88' lang='lat' dir='ltr'><strong>tui</strong></span> 
     </span>
    </p>
   </div>
   <div class='ocr_carea' id='block_1_74' title="bbox 2215 2852 3817 2928">
    <p class='ocr_par' dir='ltr' id='par_1_74' title="bbox 2215 2852 3817 2928">
     <span class='ocr_line' id='line_1_74' title="bbox 2215 2852 3817 2928; baseline -0.001 -16"><span class='ocrx_word' id='word_1_565' title='bbox 2215 2856 2365 2928; x_wconf 85' lang='lat' dir='ltr'><strong>(Luc.</strong></span> <span class='ocrx_word' id='word_1_566' title='bbox 2395 2873 2475 2924; x_wconf 83' lang='lat' dir='ltr'><strong>vi,</strong></span> <span class='ocrx_word' id='word_1_567' title='bbox 2513 2854 2628 2927; x_wconf 78' lang='grc'>42).</span> <span class='ocrx_word' id='word_1_568' title='bbox 2663 2880 2682 2905; x_wconf 77' lang='grc' dir='ltr'><strong>ι</strong></span> <span class='ocrx_word' id='word_1_569' title='bbox 2745 2857 2865 2928; x_wconf 90' lang='lat' dir='ltr'><strong>Ipsa</strong></span> <span class='ocrx_word' id='word_1_570' title='bbox 2893 2854 3042 2910; x_wconf 89' lang='lat' dir='ltr'><strong>enim</strong></span> <span class='ocrx_word' id='word_1_571' title='bbox 3090 2852 3256 2909; x_wconf 91' lang='lat' dir='ltr'><strong>elatio</strong></span> <span class='ocrx_word' id='word_1_572' title='bbox 3304 2859 3587 2925; x_wconf 89' lang='lat' dir='ltr'><strong>peccatum</strong></span> <span class='ocrx_word' id='word_1_573' title='bbox 3617 2861 3719 2921; x_wconf 90' lang='lat' dir='ltr'><strong>est,</strong></span> <span class='ocrx_word' id='word_1_574' title='bbox 3750 2870 3817 2911; x_wconf 85' lang='lat' dir='ltr'><strong>ac</strong></span> 
     </span>
    </p>
   </div>
   <div class='ocr_carea' id='block_1_75' title="bbox 2209 2941 3818 3017">
    <p class='ocr_par' dir='ltr' id='par_1_75' title="bbox 2209 2941 3818 3017">
     <span class='ocr_line' id='line_1_75' title="bbox 2209 2941 3818 3017; baseline -0.003 -15"><span class='ocrx_word' id='word_1_575' title='bbox 2209 2946 2257 3002; x_wconf 90' lang='lat' dir='ltr'><strong>si</strong></span> <span class='ocrx_word' id='word_1_576' title='bbox 2289 2962 2398 3002; x_wconf 90' lang='lat' dir='ltr'><strong>non</strong></span> <span class='ocrx_word' id='word_1_577' title='bbox 2427 2945 2499 3002; x_wconf 91' lang='lat' dir='ltr'><strong>sit</strong></span> <span class='ocrx_word' id='word_1_578' title='bbox 2546 2951 2816 3017; x_wconf 89' lang='lat' dir='ltr'><strong>peccator,</strong></span> <span class='ocrx_word' id='word_1_579' title='bbox 2867 2943 3014 3017; x_wconf 90' lang='lat' dir='ltr'><strong>quod</strong></span> <span class='ocrx_word' id='word_1_580' title='bbox 3063 2941 3404 3014; x_wconf 90' lang='lat' dir='ltr'><strong>impossibile</strong></span> <span class='ocrx_word' id='word_1_581' title='bbox 3431 2949 3533 3009; x_wconf 89' lang='lat' dir='ltr'><strong>est,</strong></span> <span class='ocrx_word' id='word_1_582' title='bbox 3583 2941 3646 2997; x_wconf 88' lang='lat' dir='ltr'><strong>ﬁt</strong></span> <span class='ocrx_word' id='word_1_583' title='bbox 3675 2958 3818 3016; x_wconf 84' lang='lat' dir='ltr'><strong>pec-</strong></span> 
     </span>
    </p>
   </div>
   <div class='ocr_carea' id='block_1_76' title="bbox 2214 3032 3813 3107">
    <p class='ocr_par' dir='ltr' id='par_1_76' title="bbox 2214 3032 3813 3107">
     <span class='ocr_line' id='line_1_76' title="bbox 2214 3032 3813 3107; baseline -0.001 -15"><span class='ocrx_word' id='word_1_584' title='bbox 2214 3044 2384 3103; x_wconf 89' lang='lat' dir='ltr'><strong>cator,</strong></span> <span class='ocrx_word' id='word_1_585' title='bbox 2409 3037 2541 3092; x_wconf 93' lang='lat' dir='ltr'><strong>dum</strong></span> <span class='ocrx_word' id='word_1_586' title='bbox 2575 3035 2840 3107; x_wconf 87' lang='lat' dir='ltr'><strong>superbit.</strong></span> <span class='ocrx_word' id='word_1_587' title='bbox 2877 3034 3125 3105; x_wconf 91' lang='lat' dir='ltr'><strong>Denique</strong></span> <span class='ocrx_word' id='word_1_588' title='bbox 3154 3032 3290 3088; x_wconf 92' lang='lat' dir='ltr'><strong>dicit</strong></span> <span class='ocrx_word' id='word_1_589' title='bbox 3316 3032 3574 3089; x_wconf 90' lang='lat' dir='ltr'><strong>Salomon</strong></span> <span class='ocrx_word' id='word_1_590' title='bbox 3604 3052 3616 3091; x_wconf 93' lang='lat'><strong>:</strong></span> <span class='ocrx_word' id='word_1_591' title='bbox 3660 3058 3680 3081; x_wconf 75' lang='grc' dir='ltr'><strong>ι</strong></span> <span class='ocrx_word' id='word_1_592' title='bbox 3708 3032 3813 3090; x_wconf 83' lang='lat' dir='ltr'><strong>Su-</strong></span> 
     </span>
    </p>
   </div>
   <div class='ocr_carea' id='block_1_77' title="bbox 2214 3121 3358 3196">
    <p class='ocr_par' dir='ltr' id='par_1_77' title="bbox 2214 3121 3358 3196">
     <span class='ocr_line' id='line_1_77' title="bbox 2214 3121 3358 3196; baseline -0.002 -16"><span class='ocrx_word' id='word_1_593' title='bbox 2214 3123 2396 3196; x_wconf 90' lang='lat' dir='ltr'><strong>perbis</strong></span> <span class='ocrx_word' id='word_1_594' title='bbox 2427 3126 2573 3180; x_wconf 90' lang='lat' dir='ltr'><strong>Deus</strong></span> <span class='ocrx_word' id='word_1_595' title='bbox 2612 3124 2818 3179; x_wconf 87' lang='lat' dir='ltr'><strong>resistit</strong></span> <span class='ocrx_word' id='word_1_596' title='bbox 2850 3125 3037 3195; x_wconf 84' lang='lat' dir='ltr'><strong>(Prov.</strong></span> <span class='ocrx_word' id='word_1_597' title='bbox 3071 3139 3155 3190; x_wconf 84' lang='lat' dir='ltr'><strong>Ill,</strong></span> <span class='ocrx_word' id='word_1_598' title='bbox 3193 3121 3308 3193; x_wconf 73' lang='grc'><strong>34).</strong></span> <span class='ocrx_word' id='word_1_599' title='bbox 3341 3147 3358 3170; x_wconf 76' lang='grc' dir='ltr'><strong>ι</strong></span> 
     </span>
    </p>
   </div>
   <div class='ocr_carea' id='block_1_78' title="bbox 2301 3209 3806 3270">
    <p class='ocr_par' dir='ltr' id='par_1_78' title="bbox 2301 3209 3806 3270">
     <span class='ocr_line' id='line_1_78' title="bbox 2301 3209 3806 3270; baseline 0.001 -3"><span class='ocrx_word' id='word_1_600' title='bbox 2301 3237 2318 3260; x_wconf 80' lang='grc' dir='ltr'><strong>ι</strong></span> <span class='ocrx_word' id='word_1_601' title='bbox 2347 3211 2452 3268; x_wconf 92' lang='lat' dir='ltr'><strong>Sed</strong></span> <span class='ocrx_word' id='word_1_602' title='bbox 2485 3209 2796 3268; x_wconf 89' lang='lat' dir='ltr'><strong>humilibus</strong></span> <span class='ocrx_word' id='word_1_603' title='bbox 2817 3211 3241 3268; x_wconf 89' lang='lat' dir='ltr'><strong>consentientes.</strong></span> <span class='ocrx_word' id='word_1_604' title='bbox 3267 3236 3284 3259; x_wconf 78' lang='grc' dir='ltr'><strong>ι</strong></span> <span class='ocrx_word' id='word_1_605' title='bbox 3323 3211 3439 3268; x_wconf 88' lang='lat' dir='ltr'><strong>Hoc</strong></span> <span class='ocrx_word' id='word_1_606' title='bbox 3466 3219 3548 3269; x_wconf 88' lang='lat' dir='ltr'><strong>est</strong></span> <span class='ocrx_word' id='word_1_607' title='bbox 3597 3220 3660 3270; x_wconf 89' lang='lat' dir='ltr'><strong>ut</strong></span> <span class='ocrx_word' id='word_1_608' title='bbox 3690 3210 3806 3269; x_wconf 89' lang='lat' dir='ltr'><strong>de-</strong></span> 
     </span>
    </p>
   </div>
   <div class='ocr_carea' id='block_1_79' title="bbox 2213 3301 3810 3377">
    <p class='ocr_par' dir='ltr' id='par_1_79' title="bbox 2213 3301 3810 3377">
     <span class='ocr_line' id='line_1_79' title="bbox 2213 3301 3810 3377; baseline 0.003 -19"><span class='ocrx_word' id='word_1_609' title='bbox 2213 3301 2390 3376; x_wconf 90' lang='lat' dir='ltr'><strong>posita</strong></span> <span class='ocrx_word' id='word_1_610' title='bbox 2424 3303 2700 3377; x_wconf 90' lang='lat' dir='ltr'><strong>superbia,</strong></span> <span class='ocrx_word' id='word_1_611' title='bbox 2744 3302 2979 3360; x_wconf 91' lang='lat' dir='ltr'><strong>alienam</strong></span> <span class='ocrx_word' id='word_1_612' title='bbox 3033 3319 3251 3359; x_wconf 88' lang='lat' dir='ltr'><strong>causam</strong></span> <span class='ocrx_word' id='word_1_613' title='bbox 3308 3319 3464 3360; x_wconf 88' lang='lat' dir='ltr'><strong>suam</strong></span> <span class='ocrx_word' id='word_1_614' title='bbox 3509 3302 3692 3372; x_wconf 85' lang='lat' dir='ltr'><strong>faciat,</strong></span> <span class='ocrx_word' id='word_1_615' title='bbox 3749 3313 3810 3362; x_wconf 90' lang='lat' dir='ltr'><strong>et</strong></span> 
     </span>
    </p>
   </div>
   <div class='ocr_carea' id='block_1_80' title="bbox 2209 3391 3804 3467">
    <p class='ocr_par' dir='ltr' id='par_1_80' title="bbox 2209 3391 3804 3467">
     <span class='ocr_line' id='line_1_80' title="bbox 2209 3391 3804 3467; baseline 0.001 -17"><span class='ocrx_word' id='word_1_616' title='bbox 2209 3409 2365 3450; x_wconf 89' lang='lat' dir='ltr'><strong>suam</strong></span> <span class='ocrx_word' id='word_1_617' title='bbox 2398 3393 2553 3466; x_wconf 88' lang='lat' dir='ltr'><strong>quasi</strong></span> <span class='ocrx_word' id='word_1_618' title='bbox 2579 3393 2848 3459; x_wconf 89' lang='lat' dir='ltr'><strong>alienam;</strong></span> <span class='ocrx_word' id='word_1_619' title='bbox 2875 3399 2936 3448; x_wconf 91' lang='lat' dir='ltr'><strong>ut</strong></span> <span class='ocrx_word' id='word_1_620' title='bbox 2956 3391 3153 3449; x_wconf 88' lang='lat' dir='ltr'><strong>habeat</strong></span> <span class='ocrx_word' id='word_1_621' title='bbox 3183 3393 3408 3465; x_wconf 89' lang='lat' dir='ltr'><strong>gratiam</strong></span> <span class='ocrx_word' id='word_1_622' title='bbox 3439 3393 3582 3467; x_wconf 88' lang='lat' dir='ltr'><strong>apud</strong></span> <span class='ocrx_word' id='word_1_623' title='bbox 3603 3396 3804 3463; x_wconf 88' lang='lat' dir='ltr'><strong>Deum,</strong></span> 
     </span>
    </p>
   </div>
   <div class='ocr_carea' id='block_1_81' title="bbox 2209 3482 3784 3559">
    <p class='ocr_par' dir='ltr' id='par_1_81' title="bbox 2209 3482 3784 3559">
     <span class='ocr_line' id='line_1_81' title="bbox 2209 3482 3784 3559; baseline 0.001 -19"><span class='ocrx_word' id='word_1_624' title='bbox 2209 3485 2339 3558; x_wconf 89' lang='lat' dir='ltr'><strong>quia</strong></span> <span class='ocrx_word' id='word_1_625' title='bbox 2382 3509 2399 3533; x_wconf 82' lang='grc' dir='ltr'><strong>ι</strong></span> <span class='ocrx_word' id='word_1_626' title='bbox 2421 3484 2516 3559; x_wconf 91' lang='lat' dir='ltr'><strong>qui</strong></span> <span class='ocrx_word' id='word_1_627' title='bbox 2569 3501 2625 3542; x_wconf 90' lang='lat' dir='ltr'><strong>se</strong></span> <span class='ocrx_word' id='word_1_628' title='bbox 2651 3484 3000 3554; x_wconf 83' lang='lat' dir='ltr'><strong>exaltaverit,</strong></span> <span class='ocrx_word' id='word_1_629' title='bbox 3029 3482 3424 3540; x_wconf 88' lang='lat' dir='ltr'><strong>humiliabitur</strong></span> <span class='ocrx_word' id='word_1_630' title='bbox 3459 3485 3610 3558; x_wconf 86' lang='lat' dir='ltr'><strong>(Luc.</strong></span> <span class='ocrx_word' id='word_1_631' title='bbox 3659 3501 3784 3555; x_wconf 75' lang='lat' dir='ltr'><strong>xxv,</strong></span> 
     </span>
    </p>
   </div>
   <div class='ocr_carea' id='block_1_82' title="bbox 2212 3577 2375 3650">
    <p class='ocr_par' dir='ltr' id='par_1_82' title="bbox 2212 3577 2375 3650">
     <span class='ocr_line' id='line_1_82' title="bbox 2212 3577 2375 3650; baseline -0.049 -15"><span class='ocrx_word' id='word_1_632' title='bbox 2212 3577 2375 3650; x_wconf 76' lang='grc'><strong>11)..</strong></span> 
     </span>
    </p>
   </div>
   <div class='ocr_carea' id='block_1_83' title="bbox 2295 3664 3806 3742">
    <p class='ocr_par' dir='ltr' id='par_1_83' title="bbox 2295 3664 3806 3742">
     <span class='ocr_line' id='line_1_83' title="bbox 2295 3664 3806 3742; baseline 0.003 -18"><span class='ocrx_word' id='word_1_633' title='bbox 2295 3691 2314 3716; x_wconf 75' lang='grc' dir='ltr'><strong>ι</strong></span> <span class='ocrx_word' id='word_1_634' title='bbox 2341 3667 2523 3724; x_wconf 88' lang='lat' dir='ltr'><strong>Nolite</strong></span> <span class='ocrx_word' id='word_1_635' title='bbox 2569 3684 2685 3725; x_wconf 90' lang='lat' dir='ltr'><strong>esse</strong></span> <span class='ocrx_word' id='word_1_636' title='bbox 2731 3666 3029 3741; x_wconf 90' lang='lat' dir='ltr'><strong>prudentes</strong></span> <span class='ocrx_word' id='word_1_637' title='bbox 3069 3664 3214 3739; x_wconf 92' lang='lat' dir='ltr'><strong>apud</strong></span> <span class='ocrx_word' id='word_1_638' title='bbox 3253 3667 3614 3740; x_wconf 88' lang='lat' dir='ltr'><strong>vosmetipsos</strong></span> <span class='ocrx_word' id='word_1_639' title='bbox 3665 3669 3806 3742; x_wconf 65' lang='lat' dir='ltr'><strong>(Ira.</strong></span> 
     </span>
    </p>
   </div>
   <div class='ocr_carea' id='block_1_84' title="bbox 2209 3753 3802 3833">
    <p class='ocr_par' dir='ltr' id='par_1_84' title="bbox 2209 3753 3802 3833">
     <span class='ocr_line' id='line_1_84' title="bbox 2209 3753 3802 3833; baseline 0 -17"><span class='ocrx_word' id='word_1_640' title='bbox 2209 3753 2414 3830; x_wconf 73' lang='lat' dir='ltr'><strong>v,&#39;2l).</strong></span> <span class='ocrx_word' id='word_1_641' title='bbox 2441 3781 2460 3805; x_wconf 72' lang='grc' dir='ltr'><strong>ι</strong></span> <span class='ocrx_word' id='word_1_642' title='bbox 2505 3758 2620 3814; x_wconf 86' lang='lat' dir='ltr'><strong>Hoc</strong></span> <span class='ocrx_word' id='word_1_643' title='bbox 2653 3757 2712 3813; x_wconf 92' lang='lat' dir='ltr'><strong>in</strong></span> <span class='ocrx_word' id='word_1_644' title='bbox 2743 3758 2884 3814; x_wconf 83' lang='lat' dir='ltr'><strong>Isaia</strong></span> <span class='ocrx_word' id='word_1_645' title='bbox 2915 3756 3183 3830; x_wconf 89' lang='lat' dir='ltr'><strong>propheta</strong></span> <span class='ocrx_word' id='word_1_646' title='bbox 3223 3757 3490 3830; x_wconf 89' lang='lat' dir='ltr'><strong>scriptum</strong></span> <span class='ocrx_word' id='word_1_647' title='bbox 3517 3766 3617 3827; x_wconf 87' lang='lat' dir='ltr'><strong>est,</strong></span> <span class='ocrx_word' id='word_1_648' title='bbox 3649 3759 3802 3833; x_wconf 88' lang='lat' dir='ltr'><strong>quod</strong></span> 
     </span>
    </p>
   </div>
   <div class='ocr_carea' id='block_1_85' title="bbox 2211 3845 3810 3920">
    <p class='ocr_par' dir='ltr' id='par_1_85' title="bbox 2211 3845 3810 3920">
     <span class='ocr_line' id='line_1_85' title="bbox 2211 3845 3810 3920; baseline 0.002 -18"><span class='ocrx_word' id='word_1_649' title='bbox 2211 3845 2302 3903; x_wconf 90' lang='lat' dir='ltr'><strong>hic</strong></span> <span class='ocrx_word' id='word_1_650' title='bbox 2329 3847 2488 3920; x_wconf 87' lang='lat' dir='ltr'><strong>quasi</strong></span> <span class='ocrx_word' id='word_1_651' title='bbox 2517 3847 2800 3919; x_wconf 87' lang='lat' dir='ltr'><strong>proprium</strong></span> <span class='ocrx_word' id='word_1_652' title='bbox 2832 3846 3021 3919; x_wconf 89' lang='lat' dir='ltr'><strong>ponit;</strong></span> <span class='ocrx_word' id='word_1_653' title='bbox 3054 3854 3117 3903; x_wconf 88' lang='lat' dir='ltr'><strong>ut</strong></span> <span class='ocrx_word' id='word_1_654' title='bbox 3130 3845 3350 3919; x_wconf 87' lang='lat' dir='ltr'><strong>justitia</strong></span> <span class='ocrx_word' id='word_1_655' title='bbox 3377 3848 3688 3906; x_wconf 89' lang='lat' dir='ltr'><strong>communis</strong></span> <span class='ocrx_word' id='word_1_656' title='bbox 3714 3848 3810 3905; x_wconf 87' lang='lat' dir='ltr'><strong>ha-</strong></span> 
     </span>
    </p>
   </div>
   <div class='ocr_carea' id='block_1_86' title="bbox 2209 3933 3804 4009">
    <p class='ocr_par' dir='ltr' id='par_1_86' title="bbox 2209 3933 3804 4009">
     <span class='ocr_line' id='line_1_86' title="bbox 2209 3933 3804 4009; baseline 0.003 -18"><span class='ocrx_word' id='word_1_657' title='bbox 2209 3934 2424 4006; x_wconf 89' lang='lat' dir='ltr'><strong>beatur,</strong></span> <span class='ocrx_word' id='word_1_658' title='bbox 2459 3951 2571 3992; x_wconf 92' lang='lat' dir='ltr'><strong>non</strong></span> <span class='ocrx_word' id='word_1_659' title='bbox 2625 3943 2687 3992; x_wconf 92' lang='lat' dir='ltr'><strong>ut</strong></span> <span class='ocrx_word' id='word_1_660' title='bbox 2713 3933 2820 3992; x_wconf 92' lang='lat' dir='ltr'><strong>sibi</strong></span> <span class='ocrx_word' id='word_1_661' title='bbox 2865 3936 2990 4009; x_wconf 90' lang='lat' dir='ltr'><strong>quis</strong></span> <span class='ocrx_word' id='word_1_662' title='bbox 3013 3934 3196 4008; x_wconf 86' lang='lat' dir='ltr'><strong>justus</strong></span> <span class='ocrx_word' id='word_1_663' title='bbox 3243 3937 3339 4007; x_wconf 87' lang='lat' dir='ltr'><strong>sit,</strong></span> <span class='ocrx_word' id='word_1_664' title='bbox 3387 3937 3600 3996; x_wconf 56' lang='lat' dir='ltr'><strong>caeteris</strong></span> <span class='ocrx_word' id='word_1_665' title='bbox 3621 3946 3804 3995; x_wconf 87' lang='lat' dir='ltr'><strong>autem</strong></span> 
     </span>
    </p>
   </div>
   <div class='ocr_carea' id='block_1_87' title="bbox 2211 4025 2470 4100">
    <p class='ocr_par' dir='ltr' id='par_1_87' title="bbox 2211 4025 2470 4100">
     <span class='ocr_line' id='line_1_87' title="bbox 2211 4025 2470 4100; baseline 0 -16"><span class='ocrx_word' id='word_1_666' title='bbox 2211 4025 2287 4100; x_wconf 93' lang='lat' dir='ltr'><strong>inj</strong></span> <span class='ocrx_word' id='word_1_667' title='bbox 2297 4035 2470 4084; x_wconf 89' lang='lat' dir='ltr'><strong>ustus.</strong></span> 
     </span>
    </p>
   </div>
   <div class='ocr_carea' id='block_1_88' title="bbox 2283 4117 3806 4192">
    <p class='ocr_par' dir='ltr' id='par_1_88' title="bbox 2283 4117 3806 4192">
     <span class='ocr_line' id='line_1_88' title="bbox 2283 4117 3806 4192; baseline 0.002 -17"><span class='ocrx_word' id='word_1_668' title='bbox 2283 4117 2465 4191; x_wconf 82' lang='lat' dir='ltr'><strong>(Vers.</strong></span> <span class='ocrx_word' id='word_1_669' title='bbox 2501 4118 2614 4190; x_wconf 87' lang='grc'><strong>17.)</strong></span> <span class='ocrx_word' id='word_1_670' title='bbox 2659 4141 2678 4166; x_wconf 74' lang='grc' dir='ltr'><strong>ι</strong></span> <span class='ocrx_word' id='word_1_671' title='bbox 2725 4117 2942 4174; x_wconf 88' lang='lat' dir='ltr'><strong>Nemini</strong></span> <span class='ocrx_word' id='word_1_672' title='bbox 2996 4117 3202 4175; x_wconf 91' lang='lat' dir='ltr'><strong>malum</strong></span> <span class='ocrx_word' id='word_1_673' title='bbox 3251 4135 3351 4192; x_wconf 89' lang='lat' dir='ltr'><strong>pro</strong></span> <span class='ocrx_word' id='word_1_674' title='bbox 3404 4119 3550 4176; x_wconf 90' lang='lat' dir='ltr'><strong>malo</strong></span> <span class='ocrx_word' id='word_1_675' title='bbox 3577 4117 3806 4178; x_wconf 88' lang='lat' dir='ltr'><strong>redden-</strong></span> 
     </span>
    </p>
   </div>
   <div class='ocr_carea' id='block_1_89' title="bbox 2207 4215 3804 4288">
    <p class='ocr_par' dir='ltr' id='par_1_89' title="bbox 2207 4215 3804 4288">
     <span class='ocr_line' id='line_1_89' title="bbox 2207 4215 3804 4288; baseline 0 -14"><span class='ocrx_word' id='word_1_676' title='bbox 2207 4225 2309 4274; x_wconf 86' lang='lat' dir='ltr'><strong>tes.</strong></span> <span class='ocrx_word' id='word_1_677' title='bbox 2341 4241 2360 4264; x_wconf 75' lang='grc' dir='ltr'><strong>ι</strong></span> <span class='ocrx_word' id='word_1_678' title='bbox 2403 4216 2518 4272; x_wconf 86' lang='lat' dir='ltr'><strong>Hoc</strong></span> <span class='ocrx_word' id='word_1_679' title='bbox 2537 4223 2640 4285; x_wconf 91' lang='lat' dir='ltr'><strong>est,</strong></span> <span class='ocrx_word' id='word_1_680' title='bbox 2679 4215 2826 4288; x_wconf 88' lang='lat' dir='ltr'><strong>quod</strong></span> <span class='ocrx_word' id='word_1_681' title='bbox 2859 4216 3130 4274; x_wconf 91' lang='lat' dir='ltr'><strong>Dominus</strong></span> <span class='ocrx_word' id='word_1_682' title='bbox 3157 4215 3295 4274; x_wconf 90' lang='lat' dir='ltr'><strong>dicit</strong></span> <span class='ocrx_word' id='word_1_683' title='bbox 3328 4235 3340 4274; x_wconf 96' lang='lat'><strong>:</strong></span> <span class='ocrx_word' id='word_1_684' title='bbox 3404 4241 3423 4266; x_wconf 76' lang='grc' dir='ltr'><strong>ι</strong></span> <span class='ocrx_word' id='word_1_685' title='bbox 3468 4215 3588 4274; x_wconf 90' lang='lat' dir='ltr'><strong>Nisi</strong></span> <span class='ocrx_word' id='word_1_686' title='bbox 3617 4215 3804 4275; x_wconf 91' lang='lat' dir='ltr'><strong>abun-</strong></span> 
     </span>
    </p>
   </div>
   <div class='ocr_carea' id='block_1_90' title="bbox 2210 4303 3802 4380">
    <p class='ocr_par' dir='ltr' id='par_1_90' title="bbox 2210 4303 3802 4380">
     <span class='ocr_line' id='line_1_90' title="bbox 2210 4303 3802 4380; baseline -0.001 -15"><span class='ocrx_word' id='word_1_687' title='bbox 2210 4306 2426 4365; x_wconf 89' lang='lat' dir='ltr'><strong>daverit</strong></span> <span class='ocrx_word' id='word_1_688' title='bbox 2445 4303 2664 4378; x_wconf 88' lang='lat' dir='ltr'><strong>justitia</strong></span> <span class='ocrx_word' id='word_1_689' title='bbox 2695 4313 2876 4363; x_wconf 84' lang='lat' dir='ltr'><strong>vestra</strong></span> <span class='ocrx_word' id='word_1_690' title='bbox 2897 4307 3186 4380; x_wconf 89' lang='lat' dir='ltr'><strong>plusquam</strong></span> <span class='ocrx_word' id='word_1_691' title='bbox 3215 4307 3532 4365; x_wconf 88' lang='lat' dir='ltr'><strong>Scribarum</strong></span> <span class='ocrx_word' id='word_1_692' title='bbox 3565 4314 3620 4364; x_wconf 91' lang='lat' dir='ltr'><strong>et</strong></span> <span class='ocrx_word' id='word_1_693' title='bbox 3646 4305 3802 4364; x_wconf 85' lang='lat' dir='ltr'><strong>Pha-</strong></span> 
     </span>
    </p>
   </div>
   <div class='ocr_carea' id='block_1_91' title="bbox 2211 4396 3800 4471">
    <p class='ocr_par' dir='ltr' id='par_1_91' title="bbox 2211 4396 3800 4471">
     <span class='ocr_line' id='line_1_91' title="bbox 2211 4396 3800 4471; baseline -0.001 -18"><span class='ocrx_word' id='word_1_694' title='bbox 2211 4397 2518 4466; x_wconf 81' lang='lat' dir='ltr'><strong>risaeorum,</strong></span> <span class='ocrx_word' id='word_1_695' title='bbox 2553 4413 2664 4454; x_wconf 90' lang='lat' dir='ltr'><strong>non</strong></span> <span class='ocrx_word' id='word_1_696' title='bbox 2693 4397 2973 4454; x_wconf 88' lang='lat' dir='ltr'><strong>intrabitis</strong></span> <span class='ocrx_word' id='word_1_697' title='bbox 3019 4396 3078 4454; x_wconf 90' lang='lat' dir='ltr'><strong>in</strong></span> <span class='ocrx_word' id='word_1_698' title='bbox 3107 4414 3338 4471; x_wconf 87' lang='lat' dir='ltr'><strong>regnum</strong></span> <span class='ocrx_word' id='word_1_699' title='bbox 3367 4397 3468 4454; x_wconf 91' lang='lat' dir='ltr'><strong>Dei</strong></span> <span class='ocrx_word' id='word_1_700' title='bbox 3499 4397 3714 4470; x_wconf 76' lang='lat' dir='ltr'><strong>(Matth.</strong></span> <span class='ocrx_word' id='word_1_701' title='bbox 3742 4413 3800 4467; x_wconf 83' lang='grc' dir='ltr'><strong>ν,</strong></span> 
     </span>
    </p>
   </div>
   <div class='ocr_carea' id='block_1_92' title="bbox 2209 4486 3801 4560">
    <p class='ocr_par' dir='ltr' id='par_1_92' title="bbox 2209 4486 3801 4560">
     <span class='ocr_line' id='line_1_92' title="bbox 2209 4486 3801 4560; baseline -0.002 -15"><span class='ocrx_word' id='word_1_702' title='bbox 2209 4487 2324 4559; x_wconf 80' lang='lat'><strong>20).</strong></span> <span class='ocrx_word' id='word_1_703' title='bbox 2353 4512 2373 4536; x_wconf 77' lang='grc' dir='ltr'><strong>ι</strong></span> <span class='ocrx_word' id='word_1_704' title='bbox 2417 4487 2732 4545; x_wconf 85' lang='lat' dir='ltr'><strong>Mandatum</strong></span> <span class='ocrx_word' id='word_1_705' title='bbox 2766 4487 2914 4545; x_wconf 90' lang='lat' dir='ltr'><strong>enim</strong></span> <span class='ocrx_word' id='word_1_706' title='bbox 2947 4487 3004 4544; x_wconf 91' lang='lat' dir='ltr'><strong>in</strong></span> <span class='ocrx_word' id='word_1_707' title='bbox 3033 4486 3150 4560; x_wconf 90' lang='lat' dir='ltr'><strong>lege</strong></span> <span class='ocrx_word' id='word_1_708' title='bbox 3179 4495 3330 4545; x_wconf 89' lang='lat' dir='ltr'><strong>erat:</strong></span> <span class='ocrx_word' id='word_1_709' title='bbox 3378 4512 3398 4536; x_wconf 79' lang='grc' dir='ltr'><strong>ι</strong></span> <span class='ocrx_word' id='word_1_710' title='bbox 3426 4487 3634 4560; x_wconf 88' lang='lat' dir='ltr'><strong>Diliges</strong></span> <span class='ocrx_word' id='word_1_711' title='bbox 3663 4503 3801 4560; x_wconf 89' lang='lat' dir='ltr'><strong>pro-</strong></span> 
     </span>
    </p>
   </div>
   <div class='ocr_carea' id='block_1_93' title="bbox 491 4567 3795 4678">
    <p class='ocr_par' dir='ltr' id='par_1_93' title="bbox 491 4567 3795 4678">
     <span class='ocr_line' id='line_1_93' title="bbox 491 4567 3795 4678; baseline 0.002 -50"><span class='ocrx_word' id='word_1_712' title='bbox 491 4569 806 4643; x_wconf 89' lang='lat' dir='ltr'><strong>sumptibus</strong></span> <span class='ocrx_word' id='word_1_713' title='bbox 837 4568 1107 4641; x_wconf 88' lang='lat' dir='ltr'><strong>indigent,</strong></span> <span class='ocrx_word' id='word_1_714' title='bbox 1151 4567 1672 4628; x_wconf 88' lang='lat' dir='ltr'><strong>communicandum</strong></span> <span class='ocrx_word' id='word_1_715' title='bbox 1709 4576 1789 4627; x_wconf 90' lang='lat' dir='ltr'><strong>est</strong></span> <span class='ocrx_word' id='word_1_716' title='bbox 1819 4570 1919 4640; x_wconf 90' lang='lat' dir='ltr'><strong>eis,</strong></span> <span class='ocrx_word' id='word_1_717' title='bbox 1949 4571 2094 4630; x_wconf 89' lang='lat' dir='ltr'><strong>sicut</strong></span> <span class='ocrx_word' id='word_1_718' title='bbox 2122 4619 2170 4678; x_wconf 69' lang='grc' dir='ltr'>Β</span> <span class='ocrx_word' id='word_1_719' title='bbox 2207 4577 2423 4634; x_wconf 87' lang='lat' dir='ltr'><strong>ximum</strong></span> <span class='ocrx_word' id='word_1_720' title='bbox 2447 4587 2696 4648; x_wconf 90' lang='lat' dir='ltr'><strong>tuum,et</strong></span> <span class='ocrx_word' id='word_1_721' title='bbox 2715 4577 2844 4635; x_wconf 92' lang='lat' dir='ltr'><strong>odio</strong></span> <span class='ocrx_word' id='word_1_722' title='bbox 2872 4577 3098 4635; x_wconf 89' lang='lat' dir='ltr'><strong>habebis</strong></span> <span class='ocrx_word' id='word_1_723' title='bbox 3118 4577 3408 4635; x_wconf 89' lang='lat' dir='ltr'><strong>inimicum</strong></span> <span class='ocrx_word' id='word_1_724' title='bbox 3431 4587 3588 4634; x_wconf 89' lang='lat' dir='ltr'><strong>tuum</strong></span> <span class='ocrx_word' id='word_1_725' title='bbox 3606 4577 3795 4648; x_wconf 74' lang='lat' dir='ltr'><strong>(Lavit.</strong></span> 
     </span>
    </p>
   </div>
   <div class='ocr_carea' id='block_1_94' title="bbox 490 4665 2085 4738">
    <p class='ocr_par' dir='ltr' id='par_1_94' title="bbox 490 4665 2085 4738">
     <span class='ocr_line' id='line_1_94' title="bbox 490 4665 2085 4738; baseline -0.001 -15"><span class='ocrx_word' id='word_1_726' title='bbox 490 4665 628 4724; x_wconf 89' lang='lat' dir='ltr'><strong>dicit</strong></span> <span class='ocrx_word' id='word_1_727' title='bbox 655 4665 766 4723; x_wconf 85' lang='lat' dir='ltr'><strong>alio</strong></span> <span class='ocrx_word' id='word_1_728' title='bbox 789 4666 942 4723; x_wconf 89' lang='lat' dir='ltr'><strong>loco:</strong></span> <span class='ocrx_word' id='word_1_729' title='bbox 999 4691 1018 4713; x_wconf 71' lang='grc' dir='ltr'>ε</span> <span class='ocrx_word' id='word_1_730' title='bbox 1046 4667 1123 4723; x_wconf 89' lang='lat' dir='ltr'><strong>De</strong></span> <span class='ocrx_word' id='word_1_731' title='bbox 1167 4665 1414 4722; x_wconf 88' lang='lat' dir='ltr'><strong>collectis</strong></span> <span class='ocrx_word' id='word_1_732' title='bbox 1458 4675 1640 4722; x_wconf 90' lang='lat' dir='ltr'><strong>autem</strong></span> <span class='ocrx_word' id='word_1_733' title='bbox 1677 4681 1799 4738; x_wconf 66' lang='lat' dir='ltr'><strong>quae</strong></span> <span class='ocrx_word' id='word_1_734' title='bbox 1844 4666 1986 4722; x_wconf 87' lang='lat' dir='ltr'><strong>ﬁunt</strong></span> <span class='ocrx_word' id='word_1_735' title='bbox 2029 4666 2085 4722; x_wconf 92' lang='lat' dir='ltr'><strong>in</strong></span> 
     </span>
    </p>
   </div>
   <div class='ocr_carea' id='block_1_95' title="bbox 491 4754 2088 4830">
    <p class='ocr_par' dir='ltr' id='par_1_95' title="bbox 491 4754 2088 4830">
     <span class='ocr_line' id='line_1_95' title="bbox 491 4754 2088 4830; baseline -0.001 -17"><span class='ocrx_word' id='word_1_736' title='bbox 491 4763 711 4814; x_wconf 82' lang='lat' dir='ltr'><strong>sanctos</strong></span> <span class='ocrx_word' id='word_1_737' title='bbox 743 4757 800 4828; x_wconf 92' lang='grc' dir='ltr'><strong>(Ι</strong></span> <span class='ocrx_word' id='word_1_738' title='bbox 830 4756 960 4813; x_wconf 88' lang='lat' dir='ltr'><strong>Cor.</strong></span> <span class='ocrx_word' id='word_1_739' title='bbox 989 4772 1106 4826; x_wconf 77' lang='lat' dir='ltr'><strong>xvr,</strong></span> <span class='ocrx_word' id='word_1_740' title='bbox 1142 4755 1196 4827; x_wconf 88' lang='grc'><strong>1)</strong></span> <span class='ocrx_word' id='word_1_741' title='bbox 1224 4774 1238 4824; x_wconf 91' lang='grc'>;</span> <span class='ocrx_word' id='word_1_742' title='bbox 1272 4780 1290 4803; x_wconf 80' lang='grc' dir='ltr'><strong>ι</strong></span> <span class='ocrx_word' id='word_1_743' title='bbox 1329 4762 1383 4812; x_wconf 93' lang='lat' dir='ltr'><strong>et</strong></span> <span class='ocrx_word' id='word_1_744' title='bbox 1403 4754 1472 4812; x_wconf 91' lang='lat' dir='ltr'><strong>ad</strong></span> <span class='ocrx_word' id='word_1_745' title='bbox 1502 4755 1755 4814; x_wconf 88' lang='lat' dir='ltr'><strong>Galatas:</strong></span> <span class='ocrx_word' id='word_1_746' title='bbox 1804 4782 1822 4804; x_wconf 75' lang='grc' dir='ltr'><strong>ε</strong></span> <span class='ocrx_word' id='word_1_747' title='bbox 1854 4757 1924 4814; x_wconf 92' lang='lat' dir='ltr'><strong>Ut</strong></span> <span class='ocrx_word' id='word_1_748' title='bbox 1944 4773 2088 4830; x_wconf 85' lang='lat' dir='ltr'><strong>pau-</strong></span> 
     </span>
    </p>
   </div>
   <div class='ocr_carea' id='block_1_96' title="bbox 492 4845 1784 4916">
    <p class='ocr_par' dir='ltr' id='par_1_96' title="bbox 492 4845 1784 4916">
     <span class='ocr_line' id='line_1_96' title="bbox 492 4845 1784 4916; baseline 0.002 -16"><span class='ocrx_word' id='word_1_749' title='bbox 492 4859 682 4916; x_wconf 89' lang='lat' dir='ltr'><strong>perum</strong></span> <span class='ocrx_word' id='word_1_750' title='bbox 716 4861 983 4902; x_wconf 88' lang='lat' dir='ltr'><strong>memores</strong></span> <span class='ocrx_word' id='word_1_751' title='bbox 1010 4862 1252 4902; x_wconf 90' lang='lat' dir='ltr'><strong>essemus</strong></span> <span class='ocrx_word' id='word_1_752' title='bbox 1282 4845 1489 4916; x_wconf 85' lang='lat' dir='ltr'><strong>(GaIat.</strong></span> <span class='ocrx_word' id='word_1_753' title='bbox 1524 4862 1583 4913; x_wconf 84' lang='lat' dir='ltr'><strong>Il,</strong></span> <span class='ocrx_word' id='word_1_754' title='bbox 1619 4845 1730 4916; x_wconf 91' lang='grc'><strong>10).</strong></span> <span class='ocrx_word' id='word_1_755' title='bbox 1765 4869 1784 4894; x_wconf 75' lang='grc' dir='ltr'><strong>ι</strong></span> 
     </span>
    </p>
   </div>
   <div class='ocr_carea' id='block_1_97' title="bbox 566 4933 2088 5008">
    <p class='ocr_par' dir='ltr' id='par_1_97' title="bbox 566 4933 2088 5008">
     <span class='ocr_line' id='line_1_97' title="bbox 566 4933 2088 5008; baseline 0.001 -18"><span class='ocrx_word' id='word_1_756' title='bbox 566 4933 750 5004; x_wconf 88' lang='lat' dir='ltr'><strong>(Vers.</strong></span> <span class='ocrx_word' id='word_1_757' title='bbox 786 4934 898 5006; x_wconf 73' lang='grc'><strong>14.)</strong></span> <span class='ocrx_word' id='word_1_758' title='bbox 937 4960 954 4983; x_wconf 76' lang='grc' dir='ltr'><strong>ι</strong></span> <span class='ocrx_word' id='word_1_759' title='bbox 986 4935 1424 5008; x_wconf 87' lang='lat' dir='ltr'><strong>Hospitalitatem</strong></span> <span class='ocrx_word' id='word_1_760' title='bbox 1454 4942 1746 4992; x_wconf 89' lang='lat' dir='ltr'><strong>sectantes.</strong></span> <span class='ocrx_word' id='word_1_761' title='bbox 1771 4959 1788 4982; x_wconf 77' lang='grc' dir='ltr'><strong>ι</strong></span> <span class='ocrx_word' id='word_1_762' title='bbox 1833 4935 2088 4993; x_wconf 86' lang='lat' dir='ltr'><strong>Imitator</strong></span> 
     </span>
    </p>
   </div>
   <div class='ocr_carea' id='block_1_98' title="bbox 492 5024 2087 5096">
    <p class='ocr_par' dir='ltr' id='par_1_98' title="bbox 492 5024 2087 5096">
     <span class='ocr_line' id='line_1_98' title="bbox 492 5024 2087 5096; baseline 0.003 -18"><span class='ocrx_word' id='word_1_763' title='bbox 492 5031 545 5078; x_wconf 90' lang='lat' dir='ltr'><strong>et</strong></span> <span class='ocrx_word' id='word_1_764' title='bbox 567 5030 781 5078; x_wconf 88' lang='lat' dir='ltr'><strong>amator</strong></span> <span class='ocrx_word' id='word_1_765' title='bbox 809 5032 1119 5079; x_wconf 88' lang='lat' dir='ltr'><strong>sanctorum</strong></span> <span class='ocrx_word' id='word_1_766' title='bbox 1153 5024 1581 5096; x_wconf 84' lang='lat' dir='ltr'><strong>hospitalitatem</strong></span> <span class='ocrx_word' id='word_1_767' title='bbox 1625 5033 1864 5082; x_wconf 89' lang='lat' dir='ltr'><strong>sectatur</strong></span> <span class='ocrx_word' id='word_1_768' title='bbox 1890 5042 2087 5083; x_wconf 77' lang='lat' dir='ltr'><strong>exem-</strong></span> 
     </span>
    </p>
   </div>
   <div class='ocr_carea' id='block_1_99' title="bbox 490 5111 1628 5187">
    <p class='ocr_par' dir='ltr' id='par_1_99' title="bbox 490 5111 1628 5187">
     <span class='ocr_line' id='line_1_99' title="bbox 490 5111 1628 5187; baseline 0.002 -17"><span class='ocrx_word' id='word_1_769' title='bbox 490 5113 598 5187; x_wconf 91' lang='lat' dir='ltr'><strong>plis</strong></span> <span class='ocrx_word' id='word_1_770' title='bbox 626 5111 801 5168; x_wconf 90' lang='lat' dir='ltr'><strong>sancti</strong></span> <span class='ocrx_word' id='word_1_771' title='bbox 835 5111 1091 5182; x_wconf 81' lang='lat' dir='ltr'><strong>Abrahae,</strong></span> <span class='ocrx_word' id='word_1_772' title='bbox 1124 5121 1178 5169; x_wconf 92' lang='lat' dir='ltr'><strong>et</strong></span> <span class='ocrx_word' id='word_1_773' title='bbox 1210 5115 1310 5172; x_wconf 90' lang='lat' dir='ltr'><strong>Lot</strong></span> <span class='ocrx_word' id='word_1_774' title='bbox 1338 5115 1443 5171; x_wconf 88' lang='lat' dir='ltr'><strong>viri</strong></span> <span class='ocrx_word' id='word_1_775' title='bbox 1466 5115 1628 5187; x_wconf 88' lang='lat' dir='ltr'><strong>justi.</strong></span> 
     </span>
    </p>
   </div>
   <div class='ocr_carea' id='block_1_100' title="bbox 574 5201 2086 5278">
    <p class='ocr_par' dir='ltr' id='par_1_100' title="bbox 574 5201 2086 5278">
     <span class='ocr_line' id='line_1_100' title="bbox 574 5201 2086 5278; baseline 0.008 -25"><span class='ocrx_word' id='word_1_776' title='bbox 574 5229 596 5253; x_wconf 77' lang='grc' dir='ltr'><strong>ι</strong></span> <span class='ocrx_word' id='word_1_777' title='bbox 624 5201 940 5259; x_wconf 89' lang='lat' dir='ltr'><strong>Benedicite</strong></span> <span class='ocrx_word' id='word_1_778' title='bbox 973 5204 1420 5276; x_wconf 89' lang='lat' dir='ltr'><strong>persequentibus</strong></span> <span class='ocrx_word' id='word_1_779' title='bbox 1477 5223 1597 5272; x_wconf 88' lang='lat' dir='ltr'><strong>vos,</strong></span> <span class='ocrx_word' id='word_1_780' title='bbox 1645 5206 1974 5278; x_wconf 88' lang='lat' dir='ltr'><strong>benedicite,</strong></span> <span class='ocrx_word' id='word_1_781' title='bbox 2033 5216 2086 5265; x_wconf 89' lang='lat' dir='ltr'><strong>et</strong></span> 
     </span>
    </p>
   </div>
   <div class='ocr_carea' id='block_1_101' title="bbox 492 5292 2086 5370">
    <p class='ocr_par' dir='ltr' id='par_1_101' title="bbox 492 5292 2086 5370">
     <span class='ocr_line' id='line_1_101' title="bbox 492 5292 2086 5370; baseline 0.003 -20"><span class='ocrx_word' id='word_1_782' title='bbox 492 5294 666 5352; x_wconf 88' lang='lat' dir='ltr'><strong>nolite</strong></span> <span class='ocrx_word' id='word_1_783' title='bbox 696 5292 1044 5350; x_wconf 85' lang='lat' dir='ltr'><strong>maledicere.</strong></span> <span class='ocrx_word' id='word_1_784' title='bbox 1077 5319 1095 5341; x_wconf 77' lang='grc' dir='ltr'><strong>ι</strong></span> <span class='ocrx_word' id='word_1_785' title='bbox 1139 5293 1209 5350; x_wconf 91' lang='lat' dir='ltr'><strong>Ut</strong></span> <span class='ocrx_word' id='word_1_786' title='bbox 1241 5294 1586 5353; x_wconf 88' lang='lat' dir='ltr'><strong>Christianos</strong></span> <span class='ocrx_word' id='word_1_787' title='bbox 1636 5315 1732 5370; x_wconf 90' lang='lat' dir='ltr'><strong>per</strong></span> <span class='ocrx_word' id='word_1_788' title='bbox 1759 5299 1947 5355; x_wconf 90' lang='lat' dir='ltr'><strong>omnia</strong></span> <span class='ocrx_word' id='word_1_789' title='bbox 1975 5315 2086 5355; x_wconf 89' lang='lat' dir='ltr'><strong>no-</strong></span> 
     </span>
    </p>
   </div>
   <div class='ocr_carea' id='block_1_102' title="bbox 491 5381 2086 5454">
    <p class='ocr_par' dir='ltr' id='par_1_102' title="bbox 491 5381 2086 5454">
     <span class='ocr_line' id='line_1_102' title="bbox 491 5381 2086 5454; baseline 0.004 -16"><span class='ocrx_word' id='word_1_790' title='bbox 491 5395 590 5442; x_wconf 81' lang='lat' dir='ltr'><strong>vos</strong></span> <span class='ocrx_word' id='word_1_791' title='bbox 618 5386 804 5454; x_wconf 90' lang='lat' dir='ltr'><strong>faciat,</strong></span> <span class='ocrx_word' id='word_1_792' title='bbox 834 5383 997 5439; x_wconf 91' lang='lat' dir='ltr'><strong>etiam</strong></span> <span class='ocrx_word' id='word_1_793' title='bbox 1030 5382 1098 5440; x_wconf 89' lang='lat' dir='ltr'><strong>ab</strong></span> <span class='ocrx_word' id='word_1_794' title='bbox 1128 5381 1231 5442; x_wconf 91' lang='lat' dir='ltr'><strong>hac</strong></span> <span class='ocrx_word' id='word_1_795' title='bbox 1271 5385 1396 5442; x_wconf 83' lang='lat' dir='ltr'><strong>illos</strong></span> <span class='ocrx_word' id='word_1_796' title='bbox 1445 5387 1841 5445; x_wconf 87' lang='lat' dir='ltr'><strong>consuetudine</strong></span> <span class='ocrx_word' id='word_1_797' title='bbox 1873 5389 2086 5445; x_wconf 89' lang='lat' dir='ltr'><strong>auferre</strong></span> 
     </span>
    </p>
   </div>
   <div class='ocr_carea' id='block_1_103' title="bbox 493 5475 2086 5549">
    <p class='ocr_par' dir='ltr' id='par_1_103' title="bbox 493 5475 2086 5549">
     <span class='ocr_line' id='line_1_103' title="bbox 493 5475 2086 5549; baseline 0.006 -19"><span class='ocrx_word' id='word_1_798' title='bbox 493 5475 632 5546; x_wconf 90' lang='lat' dir='ltr'><strong>vult,</strong></span> <span class='ocrx_word' id='word_1_799' title='bbox 664 5493 785 5549; x_wconf 75' lang='lat' dir='ltr'><strong>quae</strong></span> <span class='ocrx_word' id='word_1_800' title='bbox 833 5475 1094 5534; x_wconf 91' lang='lat' dir='ltr'><strong>omnibus</strong></span> <span class='ocrx_word' id='word_1_801' title='bbox 1130 5477 1444 5534; x_wconf 89' lang='lat' dir='ltr'><strong>communis</strong></span> <span class='ocrx_word' id='word_1_802' title='bbox 1481 5487 1582 5546; x_wconf 91' lang='lat' dir='ltr'><strong>est,</strong></span> <span class='ocrx_word' id='word_1_803' title='bbox 1622 5495 1691 5535; x_wconf 91' lang='lat' dir='ltr'><strong>ne</strong></span> <span class='ocrx_word' id='word_1_804' title='bbox 1724 5479 1865 5539; x_wconf 90' lang='lat' dir='ltr'><strong>irato</strong></span> <span class='ocrx_word' id='word_1_805' title='bbox 1899 5482 2086 5539; x_wconf 89' lang='lat' dir='ltr'><strong>animo</strong></span> 
     </span>
    </p>
   </div>
   <div class='ocr_carea' id='block_1_104' title="bbox 556 5621 2087 5706">
    <p class='ocr_par' dir='ltr' id='par_1_104' title="bbox 556 5621 2087 5706">
     <span class='ocr_line' id='line_1_104' title="bbox 556 5621 2087 5706; baseline 0.001 -26"><span class='ocrx_word' id='word_1_806' title='bbox 556 5621 683 5706; x_wconf 61' lang='lat'><strong>(90)</strong></span> <span class='ocrx_word' id='word_1_807' title='bbox 716 5621 843 5680; x_wconf 79' lang='lat' dir='ltr'><strong>Mss.</strong></span> <span class='ocrx_word' id='word_1_808' title='bbox 873 5623 1108 5697; x_wconf 88' lang='lat' dir='ltr'><strong>aliquot,</strong></span> <span class='ocrx_word' id='word_1_809' title='bbox 1137 5630 1186 5680; x_wconf 86' lang='lat' dir='ltr'><strong>et</strong></span> <span class='ocrx_word' id='word_1_810' title='bbox 1221 5621 1510 5682; x_wconf 74' lang='lat' dir='ltr'><strong>laudabili:</strong></span> <span class='ocrx_word' id='word_1_811' title='bbox 1553 5622 1624 5680; x_wconf 79' lang='lat' dir='ltr'><strong>sit</strong></span> <span class='ocrx_word' id='word_1_812' title='bbox 1650 5623 1937 5698; x_wconf 75' lang='lat' dir='ltr'><strong>disciplina</strong></span> <span class='ocrx_word' id='word_1_813' title='bbox 1964 5626 2087 5683; x_wconf 79' lang='lat' dir='ltr'><strong>Do-</strong></span> 
     </span>
    </p>
   </div>
   <div class='ocr_carea' id='block_1_105' title="bbox 490 5710 2086 5842">
    <p class='ocr_par' dir='ltr' id='par_1_105' title="bbox 490 5710 2086 5842">
     <span class='ocr_line' id='line_1_105' title="bbox 490 5710 2086 5842; baseline 0.005 -8"><span class='ocrx_word' id='word_1_814' title='bbox 490 5710 875 5840; x_wconf 51' lang='grc' dir='ltr'><strong>ωῑῗὸῗῖᾟοῐη.</strong></span> <span class='ocrx_word' id='word_1_815' title='bbox 921 5765 1055 5825; x_wconf 91' lang='lat' dir='ltr'><strong>edit.</strong></span> <span class='ocrx_word' id='word_1_816' title='bbox 1103 5785 1228 5826; x_wconf 89' lang='lat' dir='ltr'><strong>cum</strong></span> <span class='ocrx_word' id='word_1_817' title='bbox 1259 5765 1450 5842; x_wconf 83' lang='lat' dir='ltr'><strong>paucis</strong></span> <span class='ocrx_word' id='word_1_818' title='bbox 1481 5782 1634 5837; x_wconf 80' lang='lat' dir='ltr'><strong>mss.,</strong></span> <span class='ocrx_word' id='word_1_819' title='bbox 1667 5767 1820 5825; x_wconf 80' lang='lat' dir='ltr'><strong>illum</strong></span> <span class='ocrx_word' id='word_1_820' title='bbox 1848 5768 1919 5824; x_wconf 82' lang='lat' dir='ltr'><strong>ad</strong></span> <span class='ocrx_word' id='word_1_821' title='bbox 1946 5769 2086 5839; x_wconf 69' lang='grc' dir='ltr'><strong>απε-</strong></span> 
     </span>
    </p>
   </div>
   <div class='ocr_carea' id='block_1_106' title="bbox 2201 4665 3797 4742">
    <p class='ocr_par' dir='ltr' id='par_1_106' title="bbox 2201 4665 3797 4742">
     <span class='ocr_line' id='line_1_106' title="bbox 2201 4665 3797 4742; baseline 0 -19"><span class='ocrx_word' id='word_1_822' title='bbox 2201 4685 2320 4736; x_wconf 75' lang='lat' dir='ltr'><strong>xrx,</strong></span> <span class='ocrx_word' id='word_1_823' title='bbox 2355 4668 2467 4741; x_wconf 90' lang='grc'><strong>18).</strong></span> <span class='ocrx_word' id='word_1_824' title='bbox 2495 4694 2512 4716; x_wconf 79' lang='grc' dir='ltr'><strong>ι</strong></span> <span class='ocrx_word' id='word_1_825' title='bbox 2557 4669 2701 4737; x_wconf 72' lang='lat' dir='ltr'><strong>Haec,</strong></span> <span class='ocrx_word' id='word_1_826' title='bbox 2733 4677 3003 4742; x_wconf 90' lang='lat' dir='ltr'><strong>quantum</strong></span> <span class='ocrx_word' id='word_1_827' title='bbox 3040 4667 3276 4736; x_wconf 86' lang='lat' dir='ltr'><strong>videtur,</strong></span> <span class='ocrx_word' id='word_1_828' title='bbox 3304 4667 3527 4739; x_wconf 87' lang='lat' dir='ltr'><strong>justitia</strong></span> <span class='ocrx_word' id='word_1_829' title='bbox 3555 4674 3670 4724; x_wconf 90' lang='lat' dir='ltr'><strong>est:</strong></span> <span class='ocrx_word' id='word_1_830' title='bbox 3701 4665 3797 4724; x_wconf 83' lang='lat' dir='ltr'><strong>sed</strong></span> 
     </span>
    </p>
   </div>
   <div class='ocr_carea' id='block_1_107' title="bbox 2196 4756 3784 4830">
    <p class='ocr_par' dir='ltr' id='par_1_107' title="bbox 2196 4756 3784 4830">
     <span class='ocr_line' id='line_1_107' title="bbox 2196 4756 3784 4830; baseline -0.001 -16"><span class='ocrx_word' id='word_1_831' title='bbox 2196 4764 2258 4814; x_wconf 89' lang='lat' dir='ltr'><strong>ut</strong></span> <span class='ocrx_word' id='word_1_832' title='bbox 2285 4757 2528 4815; x_wconf 90' lang='lat' dir='ltr'><strong>abundet</strong></span> <span class='ocrx_word' id='word_1_833' title='bbox 2579 4757 2798 4830; x_wconf 88' lang='lat' dir='ltr'><strong>justitia</strong></span> <span class='ocrx_word' id='word_1_834' title='bbox 2855 4756 3320 4825; x_wconf 86' lang='lat' dir='ltr'><strong>Christianorum,</strong></span> <span class='ocrx_word' id='word_1_835' title='bbox 3380 4757 3648 4816; x_wconf 87' lang='lat' dir='ltr'><strong>docentur</strong></span> <span class='ocrx_word' id='word_1_836' title='bbox 3674 4772 3784 4812; x_wconf 89' lang='lat' dir='ltr'><strong>non</strong></span> 
     </span>
    </p>
   </div>
   <div class='ocr_carea' id='block_1_108' title="bbox 2196 4845 3787 4919">
    <p class='ocr_par' dir='ltr' id='par_1_108' title="bbox 2196 4845 3787 4919">
     <span class='ocr_line' id='line_1_108' title="bbox 2196 4845 3787 4919; baseline 0 -16"><span class='ocrx_word' id='word_1_837' title='bbox 2196 4845 2421 4904; x_wconf 89' lang='lat' dir='ltr'><strong>reddere</strong></span> <span class='ocrx_word' id='word_1_838' title='bbox 2463 4847 2664 4902; x_wconf 89' lang='lat' dir='ltr'><strong>malum</strong></span> <span class='ocrx_word' id='word_1_839' title='bbox 2695 4863 2793 4919; x_wconf 91' lang='lat' dir='ltr'><strong>pro</strong></span> <span class='ocrx_word' id='word_1_840' title='bbox 2833 4846 3017 4903; x_wconf 87' lang='lat' dir='ltr'><strong>malo:</strong></span> <span class='ocrx_word' id='word_1_841' title='bbox 3070 4854 3130 4902; x_wconf 90' lang='lat' dir='ltr'><strong>ut</strong></span> <span class='ocrx_word' id='word_1_842' title='bbox 3165 4847 3390 4918; x_wconf 88' lang='lat' dir='ltr'><strong>perfecti</strong></span> <span class='ocrx_word' id='word_1_843' title='bbox 3423 4847 3555 4914; x_wconf 91' lang='lat' dir='ltr'><strong>sint,</strong></span> <span class='ocrx_word' id='word_1_844' title='bbox 3610 4853 3662 4901; x_wconf 89' lang='lat' dir='ltr'><strong>et</strong></span> <span class='ocrx_word' id='word_1_845' title='bbox 3688 4862 3787 4918; x_wconf 90' lang='lat' dir='ltr'><strong>pro</strong></span> 
     </span>
    </p>
   </div>
   <div class='ocr_carea' id='block_1_109' title="bbox 2196 4933 3789 5008">
    <p class='ocr_par' dir='ltr' id='par_1_109' title="bbox 2196 4933 3789 5008">
     <span class='ocr_line' id='line_1_109' title="bbox 2196 4933 3789 5008; baseline -0.002 -15"><span class='ocrx_word' id='word_1_846' title='bbox 2196 4935 2302 4994; x_wconf 90' lang='lat' dir='ltr'><strong>hoc</strong></span> <span class='ocrx_word' id='word_1_847' title='bbox 2332 4953 2538 4993; x_wconf 89' lang='lat' dir='ltr'><strong>merces</strong></span> <span class='ocrx_word' id='word_1_848' title='bbox 2568 4935 2680 4991; x_wconf 90' lang='lat' dir='ltr'><strong>illis</strong></span> <span class='ocrx_word' id='word_1_849' title='bbox 2709 4934 2970 4991; x_wconf 91' lang='lat' dir='ltr'><strong>reddatur</strong></span> <span class='ocrx_word' id='word_1_850' title='bbox 2992 4934 3046 4990; x_wconf 94' lang='lat' dir='ltr'><strong>in</strong></span> <span class='ocrx_word' id='word_1_851' title='bbox 3061 4934 3276 5006; x_wconf 90' lang='lat' dir='ltr'><strong>judicio</strong></span> <span class='ocrx_word' id='word_1_852' title='bbox 3306 4936 3426 4993; x_wconf 90' lang='lat' dir='ltr'><strong>Dei.</strong></span> <span class='ocrx_word' id='word_1_853' title='bbox 3459 4933 3789 5008; x_wconf 89' lang='lat' dir='ltr'><strong>Supergredi</strong></span> 
     </span>
    </p>
   </div>
   <div class='ocr_carea' id='block_1_110' title="bbox 2195 5023 3796 5098">
    <p class='ocr_par' dir='ltr' id='par_1_110' title="bbox 2195 5023 3796 5098">
     <span class='ocr_line' id='line_1_110' title="bbox 2195 5023 3796 5098; baseline -0.002 -15"><span class='ocrx_word' id='word_1_854' title='bbox 2195 5027 2342 5084; x_wconf 91' lang='lat' dir='ltr'><strong>enim</strong></span> <span class='ocrx_word' id='word_1_855' title='bbox 2372 5025 2594 5081; x_wconf 89' lang='lat' dir='ltr'><strong>videtur</strong></span> <span class='ocrx_word' id='word_1_856' title='bbox 2624 5025 2796 5096; x_wconf 88' lang='lat' dir='ltr'><strong>ipsam</strong></span> <span class='ocrx_word' id='word_1_857' title='bbox 2847 5023 3144 5097; x_wconf 90' lang='lat' dir='ltr'><strong>justitiam,</strong></span> <span class='ocrx_word' id='word_1_858' title='bbox 3177 5042 3302 5082; x_wconf 91' lang='lat' dir='ltr'><strong>cum</strong></span> <span class='ocrx_word' id='word_1_859' title='bbox 3360 5025 3509 5098; x_wconf 89' lang='lat' dir='ltr'><strong>quod</strong></span> <span class='ocrx_word' id='word_1_860' title='bbox 3559 5024 3702 5093; x_wconf 89' lang='lat' dir='ltr'><strong>licet,</strong></span> <span class='ocrx_word' id='word_1_861' title='bbox 3733 5033 3796 5081; x_wconf 89' lang='lat' dir='ltr'><strong>ut</strong></span> 
     </span>
    </p>
   </div>
   <div class='ocr_carea' id='block_1_111' title="bbox 2194 5114 3792 5187">
    <p class='ocr_par' dir='ltr' id='par_1_111' title="bbox 2194 5114 3792 5187">
     <span class='ocr_line' id='line_1_111' title="bbox 2194 5114 3792 5187; baseline 0.001 -16"><span class='ocrx_word' id='word_1_862' title='bbox 2194 5117 2391 5171; x_wconf 90' lang='lat' dir='ltr'><strong>melior</strong></span> <span class='ocrx_word' id='word_1_863' title='bbox 2456 5115 2548 5184; x_wconf 89' lang='lat' dir='ltr'><strong>sit,</strong></span> <span class='ocrx_word' id='word_1_864' title='bbox 2608 5132 2717 5171; x_wconf 91' lang='lat' dir='ltr'><strong>non</strong></span> <span class='ocrx_word' id='word_1_865' title='bbox 2758 5115 2892 5172; x_wconf 86' lang='lat' dir='ltr'><strong>facit</strong></span> <span class='ocrx_word' id='word_1_866' title='bbox 2946 5116 3183 5172; x_wconf 68' lang='lat' dir='ltr'><strong>cmlestis</strong></span> <span class='ocrx_word' id='word_1_867' title='bbox 3232 5114 3465 5187; x_wconf 65' lang='lat' dir='ltr'><strong>justitia)</strong></span> <span class='ocrx_word' id='word_1_868' title='bbox 3524 5115 3792 5174; x_wconf 89' lang='lat' dir='ltr'><strong>imitator.</strong></span> 
     </span>
    </p>
   </div>
   <div class='ocr_carea' id='block_1_112' title="bbox 2191 5205 3791 5279">
    <p class='ocr_par' dir='ltr' id='par_1_112' title="bbox 2191 5205 3791 5279">
     <span class='ocr_line' id='line_1_112' title="bbox 2191 5205 3791 5279; baseline -0.003 -15"><span class='ocrx_word' id='word_1_869' title='bbox 2191 5205 2382 5264; x_wconf 83' lang='lat' dir='ltr'><strong>Mundi</strong></span> <span class='ocrx_word' id='word_1_870' title='bbox 2415 5223 2542 5279; x_wconf 88' lang='lat' dir='ltr'><strong>ergo</strong></span> <span class='ocrx_word' id='word_1_871' title='bbox 2570 5205 2789 5278; x_wconf 91' lang='lat' dir='ltr'><strong>justitia</strong></span> <span class='ocrx_word' id='word_1_872' title='bbox 2816 5223 2847 5262; x_wconf 90' lang='lat' dir='ltr'><strong>a</strong></span> <span class='ocrx_word' id='word_1_873' title='bbox 2875 5208 2990 5263; x_wconf 87' lang='lat' dir='ltr'><strong>Deo</strong></span> <span class='ocrx_word' id='word_1_874' title='bbox 3027 5205 3110 5262; x_wconf 92' lang='lat' dir='ltr'><strong>illi</strong></span> <span class='ocrx_word' id='word_1_875' title='bbox 3142 5221 3400 5262; x_wconf 90' lang='lat' dir='ltr'><strong>concessa</strong></span> <span class='ocrx_word' id='word_1_876' title='bbox 3444 5205 3791 5262; x_wconf 84' lang='lat' dir='ltr'><strong>innocentem</strong></span> 
     </span>
    </p>
   </div>
   <div class='ocr_carea' id='block_1_113' title="bbox 2195 5293 3790 5370">
    <p class='ocr_par' dir='ltr' id='par_1_113' title="bbox 2195 5293 3790 5370">
     <span class='ocr_line' id='line_1_113' title="bbox 2195 5293 3790 5370; baseline -0.001 -20"><span class='ocrx_word' id='word_1_877' title='bbox 2195 5294 2328 5352; x_wconf 89' lang='lat' dir='ltr'><strong>facit</strong></span> <span class='ocrx_word' id='word_1_878' title='bbox 2359 5295 2476 5368; x_wconf 76' lang='lat'><strong>(92)</strong></span> <span class='ocrx_word' id='word_1_879' title='bbox 2514 5313 2524 5352; x_wconf 94' lang='lat'><strong>:</strong></span> <span class='ocrx_word' id='word_1_880' title='bbox 2556 5295 2792 5352; x_wconf 78' lang='lat' dir='ltr'><strong>caelestis</strong></span> <span class='ocrx_word' id='word_1_881' title='bbox 2849 5302 3030 5354; x_wconf 88' lang='lat' dir='ltr'><strong>autem</strong></span> <span class='ocrx_word' id='word_1_882' title='bbox 3083 5294 3408 5370; x_wconf 88' lang='lat' dir='ltr'><strong>perfectum,</strong></span> <span class='ocrx_word' id='word_1_883' title='bbox 3441 5302 3504 5352; x_wconf 91' lang='lat' dir='ltr'><strong>ut</strong></span> <span class='ocrx_word' id='word_1_884' title='bbox 3535 5293 3790 5351; x_wconf 91' lang='lat' dir='ltr'><strong>meritum</strong></span> 
     </span>
    </p>
   </div>
   <div class='ocr_carea' id='block_1_114' title="bbox 2196 5385 2790 5459">
    <p class='ocr_par' dir='ltr' id='par_1_114' title="bbox 2196 5385 2790 5459">
     <span class='ocr_line' id='line_1_114' title="bbox 2196 5385 2790 5459; baseline 0.003 -17"><span class='ocrx_word' id='word_1_885' title='bbox 2196 5385 2393 5443; x_wconf 90' lang='lat' dir='ltr'><strong>habeat</strong></span> <span class='ocrx_word' id='word_1_886' title='bbox 2423 5387 2566 5459; x_wconf 91' lang='lat' dir='ltr'><strong>apud</strong></span> <span class='ocrx_word' id='word_1_887' title='bbox 2594 5389 2790 5444; x_wconf 91' lang='lat' dir='ltr'><strong>Deum.</strong></span> 
     </span>
    </p>
   </div>
   <div class='ocr_carea' id='block_1_115' title="bbox 2281 5471 3787 5542">
    <p class='ocr_par' dir='ltr' id='par_1_115' title="bbox 2281 5471 3787 5542">
     <span class='ocr_line' id='line_1_115' title="bbox 2281 5471 3787 5542; baseline -0.003 -6"><span class='ocrx_word' id='word_1_888' title='bbox 2281 5503 2299 5526; x_wconf 81' lang='grc' dir='ltr'><strong>ι</strong></span> <span class='ocrx_word' id='word_1_889' title='bbox 2326 5477 2686 5536; x_wconf 88' lang='lat' dir='ltr'><strong>Providentes</strong></span> <span class='ocrx_word' id='word_1_890' title='bbox 2711 5476 2856 5534; x_wconf 92' lang='lat' dir='ltr'><strong>bona</strong></span> <span class='ocrx_word' id='word_1_891' title='bbox 2903 5493 3016 5536; x_wconf 92' lang='lat' dir='ltr'><strong>non</strong></span> <span class='ocrx_word' id='word_1_892' title='bbox 3065 5485 3278 5535; x_wconf 88' lang='lat' dir='ltr'><strong>tantum</strong></span> <span class='ocrx_word' id='word_1_893' title='bbox 3308 5493 3495 5537; x_wconf 81' lang='lat' dir='ltr'><strong>coram</strong></span> <span class='ocrx_word' id='word_1_894' title='bbox 3526 5477 3664 5542; x_wconf 85' lang='lat' dir='ltr'><strong>Deo,</strong></span> <span class='ocrx_word' id='word_1_895' title='bbox 3694 5471 3787 5532; x_wconf 86' lang='lat' dir='ltr'><strong>sed</strong></span> 
     </span>
    </p>
   </div>
   <div class='ocr_carea' id='block_1_116' title="bbox 2193 5623 3321 5694">
    <p class='ocr_par' dir='ltr' id='par_1_116' title="bbox 2193 5623 3321 5694">
     <span class='ocr_line' id='line_1_116' title="bbox 2193 5623 3321 5694; baseline -0.003 -11"><span class='ocrx_word' id='word_1_896' title='bbox 2193 5633 2370 5692; x_wconf 80' lang='lat' dir='ltr'><strong>ctum;</strong></span> <span class='ocrx_word' id='word_1_897' title='bbox 2401 5625 2623 5694; x_wconf 88' lang='lat' dir='ltr'><strong>quidam</strong></span> <span class='ocrx_word' id='word_1_898' title='bbox 2657 5642 2786 5682; x_wconf 91' lang='lat' dir='ltr'><strong>mss.</strong></span> <span class='ocrx_word' id='word_1_899' title='bbox 2819 5625 2891 5681; x_wconf 88' lang='lat' dir='ltr'><strong>ad</strong></span> <span class='ocrx_word' id='word_1_900' title='bbox 2919 5623 3172 5694; x_wconf 73' lang='lat' dir='ltr'><strong>e/Tectum,</strong></span> <span class='ocrx_word' id='word_1_901' title='bbox 3215 5629 3321 5680; x_wconf 87' lang='lat' dir='ltr'><strong>etc.</strong></span> 
     </span>
    </p>
   </div>
   <div class='ocr_carea' id='block_1_117' title="bbox 2267 5693 3788 5771">
    <p class='ocr_par' dir='ltr' id='par_1_117' title="bbox 2267 5693 3788 5771">
     <span class='ocr_line' id='line_1_117' title="bbox 2267 5693 3788 5771; baseline -0.002 -16"><span class='ocrx_word' id='word_1_902' title='bbox 2267 5699 2384 5769; x_wconf 79' lang='lat'><strong>(92)</strong></span> <span class='ocrx_word' id='word_1_903' title='bbox 2419 5693 2580 5757; x_wconf 78' lang='lat' dir='ltr'><strong>Rom.</strong></span> <span class='ocrx_word' id='word_1_904' title='bbox 2613 5696 2747 5755; x_wconf 84' lang='lat' dir='ltr'><strong>edit.</strong></span> <span class='ocrx_word' id='word_1_905' title='bbox 2787 5695 3110 5771; x_wconf 74' lang='lat' dir='ltr'><strong>etquidem</strong></span> <span class='ocrx_word' id='word_1_906' title='bbox 3151 5712 3306 5766; x_wconf 57' lang='lat' dir='ltr'><strong>mam,</strong></span> <span class='ocrx_word' id='word_1_907' title='bbox 3337 5694 3425 5758; x_wconf 74' lang='lat' dir='ltr'><strong>illi</strong></span> <span class='ocrx_word' id='word_1_908' title='bbox 3454 5710 3692 5757; x_wconf 67' lang='lat' dir='ltr'><strong>concessa</strong></span> <span class='ocrx_word' id='word_1_909' title='bbox 3717 5693 3788 5754; x_wconf 85' lang='lat' dir='ltr'><strong>ad</strong></span> 
     </span>
    </p>
   </div>
   <div class='ocr_carea' id='block_1_118' title="bbox 2196 5769 2919 5841">
    <p class='ocr_par' dir='ltr' id='par_1_118' title="bbox 2196 5769 2919 5841">
     <span class='ocr_line' id='line_1_118' title="bbox 2196 5769 2919 5841; baseline 0.004 -14"><span class='ocrx_word' id='word_1_910' title='bbox 2196 5776 2392 5841; x_wconf 78' lang='lat' dir='ltr'><strong>tempus</strong></span> <span class='ocrx_word' id='word_1_911' title='bbox 2424 5771 2739 5830; x_wconf 81' lang='lat' dir='ltr'><strong>innocentem</strong></span> <span class='ocrx_word' id='word_1_912' title='bbox 2767 5769 2919 5841; x_wconf 59' lang='lat' dir='ltr'><strong>facit.</strong></span> 
     </span>
    </p>
   </div>
  </div>
