3976 6398
183 387 279 454 169

1274 392 1634 457 COMMENT.
1677 401 1749 457 IN
1787 396 2005 458 EPIST.
2046 402 2143 458 AD
2183 401 2351 461 ROM.

3367 408 3470 466 170

179 520 334 577 etiam
376 535 559 577 coram
607 519 866 577 omnibus
909 520 1248 579 hominibus.
1279 548 1299 572 ›
1363 523 1657 582 Providere
1685 535 1770 584 est
1797 528 1846 586 Α
1879 532 2116 596 praestat,
2173 524 2221 582 si
2251 525 2502 599 graviora
2549 537 2772 599 peccata
2798 529 3190 602 incompetenti
3219 533 3471 590 vindicta

178 608 316 665 bona
356 607 542 664 futura
577 616 703 664 ante
745 610 933 666 oculos
979 608 1216 678 habere;
1277 621 1339 668 ut
1389 629 1453 669 ea
1484 623 1761 686 gerantur,

180 715 294 773 quas
327 701 559 770 possint,
612 709 893 773 postquam
925 700 1067 757 facta
1109 701 1337 771 fuerint,
1371 704 1427 760 in
1463 704 1766 777 reprehen-

179 797 385 854 sionem
414 813 524 852 non
553 795 758 862 venire,
790 793 882 850 sed
923 795 1092 866 magis
1131 794 1280 850 laudi
1311 812 1447 862 esse,
1481 798 1598 853 sive
1621 799 1764 870 apud

178 887 373 952 Deum,
433 886 549 941 sive
591 883 732 956 apud
779 882 1047 939 homines.
1079 883 1155 939 Ne
1201 885 1324 956 quis
1364 885 1597 942 aestimet
1638 889 1768 960 quia

176 975 289 1031 Deo
317 973 467 1029 licita
498 989 604 1028 non
625 971 938 1044 displicent,
975 971 1184 1028 idcirco
1219 989 1329 1027 non
1352 973 1683 1040 curandum,
1719 976 1766 1031 si

181 1061 335 1118 fratri
359 1060 669 1118 scandalum
695 1060 836 1126 sint;
873 1059 976 1116 hoc
1006 1069 1304 1132 praemonet
1330 1063 1459 1134 quia
1479 1063 1618 1119 illud
1648 1062 1767 1118 ﬁeri

180 1150 359 1218 debet,
389 1149 534 1223 quod
563 1157 616 1205 et
653 1149 764 1205 Deo
795 1165 904 1205 non
933 1149 1238 1222 displiceat,
1273 1160 1326 1206 et
1353 1151 1508 1207 fratri
1528 1152 1767 1208 scanda-

181 1241 294 1295 lum
319 1255 428 1294 non
467 1238 558 1294 sit.
591 1238 709 1295 Etsi
739 1238 900 1296 liceat
932 1239 1105 1307 enim,
1155 1247 1208 1296 et
1248 1239 1474 1296 fratrem
1527 1241 1768 1297 scanda—

182 1327 325 1394 lizet,
354 1328 467 1383 Deo
511 1343 621 1382 non
653 1329 862 1400 placet;
907 1328 1038 1400 quia
1065 1330 1210 1385 Deus
1241 1329 1406 1385 saluti
1435 1329 1768 1386 studendum

182 1423 382 1472 monet.
433 1415 524 1472 Sic
553 1431 680 1488 ergo
733 1415 1094 1488 providentur
1123 1416 1268 1472 bona
1314 1434 1497 1474 coram
1552 1420 1664 1474 Deo
1715 1425 1768 1472 et

180 1501 517 1570 hominibus,
549 1503 595 1559 si
624 1519 687 1558 ea
715 1520 835 1577 quae
862 1504 1029 1562 licent
1055 1505 1137 1562 sic
1163 1514 1413 1578 agantur,
1449 1521 1517 1562 ne
1547 1503 1768 1562 scanda-

183 1594 297 1649 lum
328 1591 552 1650 faciant.

253 1772 434 1844 (Vere.
477 1773 591 1846 18.)
646 1798 664 1821 ε
695 1774 750 1829 Si
794 1774 910 1830 ﬁeri
942 1783 1140 1848 potest,
1195 1775 1341 1850 quod
1370 1792 1438 1832 ex
1485 1775 1643 1832 vobis
1671 1784 1771 1845 est,

180 1878 304 1919 cum
337 1861 596 1919 omnibus
624 1863 946 1920 hominibus
978 1881 1165 1937 pacem
1190 1865 1471 1921 habentes.
1510 1892 1527 1914 ι
1572 1865 1777 1922 Omnes
1804 1869 1852 1929 B

180 1950 299 2006 vult
357 1951 616 2022 paciﬁcos
675 1968 811 2021 esse,
888 1953 984 2025 qui
1040 1953 1290 2009 divinam
1349 1961 1569 2010 servant
1617 1953 1776 2025 justi-

180 2039 311 2096 tiam
347 2041 488 2112 (93).
521 2039 737 2097 Viderit
773 2041 818 2097 si
855 2042 980 2114 quis
1010 2042 1152 2098 hanc
1183 2059 1367 2114 pacem
1399 2044 1688 2115 spreverit,
1719 2051 1781 2100 ut

180 2130 251 2186 sit
287 2129 388 2185 tali
432 2129 554 2184 viro
581 2130 860 2199 inimicus,
893 2149 1018 2187 cum
1047 2141 1141 2188 aut
1193 2132 1515 2204 reprehendi
1544 2134 1684 2189 forte
1713 2133 1780 2189 ab

181 2221 278 2278 illo
330 2222 617 2289 nomvult,
671 2230 765 2277 aut
810 2222 1024 2277 invidet
1079 2222 1242 2278 bonis
1297 2223 1449 2295 ejus;
1510 2224 1658 2296 quod
1711 2223 1780 2280 ad

185 2311 344 2366 illum
369 2317 553 2366 tamen
583 2311 840 2382 pertinet,
872 2327 982 2367 non
1014 2311 1292 2368 discordat
1316 2329 1348 2368 a
1395 2312 1533 2369 bene
1560 2313 1784 2385 agenti-

183 2400 304 2457 bus.
369 2399 473 2455 Hic
517 2407 598 2456 est
651 2401 799 2456 enim
854 2401 1211 2472 impaciﬁcus,
1271 2402 1366 2476 qui
1422 2403 1783 2475 praetermissa

185 2491 474 2547 voluntate
529 2490 682 2563 legis,
753 2507 914 2546 suum
965 2490 1057 2563 jus
1106 2492 1402 2564 sequitur;
1463 2509 1780 2566 quanquam

183 2579 331 2636 dicat
370 2578 582 2636 David:
641 2603 658 2626 ‹
691 2578 826 2636 Cum
877 2580 944 2636 iis
973 2582 1068 2653 qui
1124 2581 1360 2637 oderunt
1390 2597 1599 2654 pacem,
1633 2598 1780 2637 eram

183 2667 447 2741 paciﬁcus
479 2668 650 2740 (Psal.
673 2686 830 2736 cxrx,
859 2670 938 2740 7).
972 2695 990 2716 ι
1032 2669 1136 2725 Sed
1161 2670 1264 2726 hoc
1293 2671 1634 2728 necessitatis
1668 2680 1784 2728 erat

183 2763 410 2828 propter
458 2755 755 2828 potentiam
815 2771 1191 2828 personarum,
1251 2766 1312 2812 ut
1360 2759 1444 2812 vel
1504 2757 1783 2829 obsequiis

183 2843 520 2900 humilitatis
550 2845 826 2914 vincatur,
854 2861 1016 2918 quem
1043 2844 1124 2901 sic
1161 2846 1381 2902 extollit
1407 2846 1686 2917 superbia,
1723 2854 1786 2902 ut

183 2933 444 2990 mandata
475 2934 608 3004 legis
647 2944 886 3005 spernat.
917 2935 1102 2994 Potest
1148 2934 1266 2989 ﬁeri
1304 2944 1364 2990 ut
1393 2944 1447 2990 et
1477 2934 1542 2990 de
1586 2935 1784 2991 timore

183 3022 282 3078 Dei
314 3022 606 3094 paciﬁcum
648 3037 704 3077 se
753 3022 875 3094 quis
917 3023 1152 3094 praebeat
1183 3023 1264 3078 illi
1301 3023 1394 3096 qui
1429 3023 1546 3079 odit
1574 3041 1780 3098 pacem.

185 3109 422 3178 Quando
453 3111 600 3164 enim
634 3109 810 3166 vicem
858 3111 1016 3166 malis
1054 3110 1278 3166 reddere
1309 3127 1419 3166 non
1449 3112 1588 3181 vult,
1622 3112 1784 3184 paci-

184 3199 324 3256 ﬁcus
369 3207 470 3267 est,
502 3198 604 3255 hoc
633 3206 733 3267 est,
773 3197 840 3254 de
870 3198 1015 3255 bono
1048 3201 1268 3256 vincere
1318 3201 1545 3269 malum,
1595 3209 1657 3257 ut
1697 3217 1783 3278 vel
1825 3225 1870 3286 ρ

184 3288 470 3362 obsequiis
515 3289 788 3354 vincatur,
835 3303 995 3361 quem
1053 3289 1308 3345 mandata
1348 3290 1480 3363 legis
1514 3307 1625 3348 non
1655 3293 1793 3349 vin-

183 3385 342 3432 cunt.
377 3376 544 3448 Ergo,
590 3401 607 3421 ι
638 3375 682 3431 si
714 3374 833 3430 ﬁeri
864 3385 1060 3446 potest,
1094 3375 1298 3448 inquit,
1330 3379 1477 3450 quod
1525 3396 1596 3434 ex
1634 3380 1793 3438 vobis

185 3473 308 3533 est;
366 3492 385 3515 ι
432 3475 494 3522 ut
550 3465 687 3522 bene
733 3474 953 3537 agentes
995 3482 1182 3537 pacem
1229 3465 1427 3522 habere
1485 3467 1791 3527 videamur.

183 3555 307 3610 Jam
339 3553 389 3611 si
424 3570 535 3609 non
579 3554 747 3610 fuerit
774 3563 986 3610 amator
1026 3553 1194 3624 pacis,
1225 3561 1287 3608 tu
1334 3561 1538 3610 tamem
1569 3557 1654 3613 vis
1679 3574 1795 3614 esse

183 3643 475 3715 paciﬁcus,
505 3649 774 3714 quantum
805 3641 872 3696 ad
900 3648 952 3696 te
983 3640 1237 3712 pertinet.
1271 3641 1328 3696 Si
1359 3651 1540 3700 autem
1571 3644 1790 3702 irreve-

185 3738 422 3802 rens‘,et
476 3727 829 3800 blasphemus
872 3729 995 3802 quis
1041 3730 1133 3798 sit,
1187 3737 1242 3785 et
1284 3747 1468 3802 pacem
1515 3749 1642 3789 cum
1701 3733 1796 3789 illo

183 3819 398 3875 habere
431 3834 542 3874 non
589 3818 783 3891 possis,
834 3835 946 3875 non
996 3819 1187 3891 utique
1242 3821 1346 3876 tibi
1400 3822 1792 3879 ascribendum

184 3908 334 3975 erit;
394 3908 526 3981 quia
573 3912 669 3970 98
697 3907 932 3964 Joannes
960 3910 1242 3980 apostolus
1270 3909 1420 3980 illos,
1454 3911 1549 3984 qui
1596 3919 1798 3984 negant

186 4003 244 4059 in
292 4019 464 4060 carne
497 4003 778 4061 Christum
836 4005 1073 4074 venisse,
1125 4022 1226 4063 nec
1257 4007 1484 4064 salutari
1541 4008 1797 4080 permisit

192 4094 283 4162 (II
322 4095 485 4150 Joan.
520 4111 620 4164 vn,
661 4095 776 4161 10).
807 4092 918 4150 Nos
944 4111 1072 4166 ergo
1109 4095 1284 4166 parati
1331 4112 1542 4166 sumus,
1587 4097 1634 4153 si
1677 4097 1799 4168 ﬁer,

192 4190 396 4254 potest,
459 4189 520 4238 ut
572 4199 698 4240 cum
744 4183 1003 4238 omnibus
1059 4199 1245 4255 pacem
1277 4182 1610 4242 habeamus:
1673 4186 1800 4243 aliis

193 4278 382 4326 autem
427 4270 863 4343 repugnantibus
912 4269 1006 4327 ﬁet
1041 4271 1407 4343 impossibile,
1436 4290 1548 4329 non
1572 4291 1642 4330 ex
1687 4292 1798 4332 no-

194 4362 308 4431 bis;
342 4362 391 4418 si
429 4363 500 4418 de
527 4362 687 4418 nobis
719 4369 901 4418 tamen
928 4363 1154 4435 querela
1183 4363 1486 4434 deponatur
1523 4364 1664 4437 (94).
1696 4366 1803 4435 Qui

195 4451 346 4508 enim
376 4451 595 4508 nullum
625 4451 794 4521 lmdit,
825 4459 1044 4523 apparet
1064 4468 1177 4508 esse
1199 4452 1478 4524 paciﬁcus.

271 4629 459 4703 (Vere.
543 4628 655 4701 i9.)
747 4653 765 4678 ι
794 4630 914 4686 Non
989 4631 1350 4703 vosmetipsos
1418 4631 1789 4712 defendentes,

200 4719 536 4789 charissimi,
575 4719 669 4776 sed
721 4719 843 4777 date
889 4721 1068 4778 locum
1101 4721 1214 4776 irae.
1247 4747 1264 4768 -
1326 4721 1394 4778 Ut
1419 4725 1570 4795 pacis
1599 4725 1807 4786 foedera

202 4811 413 4866 servari
497 4810 729 4882 possint,
790 4809 857 4866 ab
929 4811 1010 4866 ira
1070 4809 1538 4868 dissimulandum
1596 4827 1802 4886 monet,

204 4899 448 4954 maxime
505 4899 764 4971 quoniam
821 4899 957 4955 solet
1023 4915 1122 4972 por
1187 4902 1322 4955 iram
1373 4902 1606 4973 peccari,
1681 4919 1808 4962 cum

204 4989 428 5061 quando
483 4987 608 5062 quis
660 4988 845 5044 furore
891 4997 1222 5059 commotus,
1255 4991 1378 5062 plus
1407 4990 1602 5063 exigit,
1639 5009 1804 5067 quam

207 5077 452 5147 postulet
506 5092 669 5134 causa
699 5077 923 5136 delicti:
974 5086 1068 5135 aut
1096 5077 1201 5134 sibi
1233 5078 1337 5151 ipsi
1393 5079 1808 5138 incommodum

283 5291 402 5366 (93)
456 5293 538 5350 Ita
578 5292 710 5349 edit.
743 5309 933 5349 omnes
962 5306 1093 5349 cum
1133 5289 1664 5366 mss.quibusdam:
1714 5293 1810 5350 alii

213 5380 342 5437 vero
382 5364 515 5421 mss.
550 5381 660 5420 non
699 5381 868 5437 parvo
900 5380 1150 5432 numero,
1191 5365 1284 5434 qui
1317 5364 1573 5437 divinam
1601 5382 1811 5420 servare

204 5434 473 5504 justitiam
531 5434 789 5492 videmur.
847 5438 906 5493 Si
951 5437 1091 5507 quis,
1141 5443 1226 5491 etc
1267 5454 1280 5502 ;
1331 5435 1578 5507 sequenti
1627 5444 1808 5491 autem

217 5521 402 5580 versu,
447 5523 548 5580 pro
592 5509 859 5564 inimicm.
895 5506 1056 5565 ROm.
1110 5507 1244 5562 edit.
1295 5506 1538 5579 reposuit
1579 5507 1812 5580 ἑωρασί-

285 5596 364 5635 us.

457 5651 660 5708 Omnes
705 5652 840 5709 edit.
882 5667 944 5708 ac
997 5667 1129 5708 mss.
1176 5651 1414 5724 aliquot,
1461 5648 1507 5704 si
1548 5649 1610 5704 de
1662 5649 1811 5724 nobis

221 5721 430 5780 tantum
479 5725 693 5795 querela
721 5741 827 5780 non
855 5724 1150 5796 deponatur
1175 5741 1187 5781 :
1237 5721 1421 5782 obteri
1450 5737 1582 5781 mss.
1614 5721 1812 5780 nobis-

540 5822 779 5884 Ριτιοι..
821 5821 998 5882 XVII.

1876 615 1998 668 vult
2039 613 2298 687 exsequi;
2353 613 2590 671 debilem
2642 615 2789 672 enim
2838 617 3026 686 efﬁcit,
3075 637 3235 693 quem
3291 625 3473 696 potuit

1877 702 2225 758 emendatum
2269 702 2466 758 habere
2513 712 2566 760 et
2615 721 2828 762 sanum.
2863 705 3016 763 Unde
3069 715 3124 764 et
3177 710 3468 770 Salomon:

1893 813 1911 835 ι
1949 792 2094 857 Noli,
2140 793 2234 860 ait,
2263 791 2447 863 justus
2484 809 2600 850 esse
2629 795 2907 863 multum;
2954 805 3035 852 est
3064 797 3235 866 enim,
3271 800 3472 872 inquit,

1879 878 1973 951 qui
2005 878 2146 950 perit
2178 879 2235 934 in
2278 897 2375 935 sua
2415 880 2634 952 justitia
2668 883 2865 954 (Eccle.
2899 901 2996 949 vn,
3051 886 3163 956 i7).
3208 912 3226 934 ι
3271 887 3477 944 Volens

1879 965 2025 1019 enim
2054 964 2287 1037 singulis
2334 969 2572 1039 peccatis
2602 971 2952 1042 respondere,
2989 971 3138 1028 circa
3167 972 3471 1032 vindictam

1879 1061 2110 1108 mortem
2167 1064 2343 1126 potest
2389 1056 2642 1112 invenire
2689 1065 2802 1115 tam
2848 1059 2976 1128 sibi,
3006 1077 3168 1132 quam
3217 1063 3268 1117 ei
3315 1079 3479 1135 quem

1880 1142 2053 1214 plagis
2093 1142 2315 1216 aﬁligit;
2367 1147 2544 1201 solent
2592 1147 2739 1202 enim
2792 1148 2848 1202 in
2900 1165 3086 1220 poenas
3139 1150 3476 1224 delinquere.

1879 1231 2000 1286 Non
2030 1232 2207 1287 solum
2243 1244 2424 1290 autem
2454 1234 2520 1290 de
2570 1235 2832 1306 subjectis
2881 1237 3186 1294 vindictam
3227 1241 3483 1311 prohibet

1880 1329 2301 1392 competentem,
2333 1324 2426 1380 sed
2456 1333 2510 1380 et
2537 1324 2602 1380 de
2636 1326 2858 1397 paribus
2894 1336 2947 1383 et
2978 1329 3207 1400 magnis,
3241 1330 3345 1388 hoc
3375 1342 3479 1402 est,

1882 1407 1949 1463 de
1977 1409 2143 1465 fratre
2173 1411 2311 1467 forte
2342 1413 2399 1468 in
2431 1429 2529 1468 nos
2560 1422 2816 1485 peccante
2868 1433 2979 1471 non
3009 1434 3318 1489 quaramus
3349 1421 3483 1476 vin-

1883 1494 2074 1567 dicari,
2134 1500 2228 1556 sed
2286 1501 2648 1572 remittamus,
2706 1503 2805 1558 Dei
2847 1502 3063 1575 judicio
3121 1517 3482 1576 reservantes,

1883 1600 1970 1653 ne,
2001 1587 2132 1643 dum
2153 1589 2222 1644 ab
2251 1589 2330 1644 ira
2345 1590 2676 1660 detinemur,
2700 1593 2948 1648 inveniat
2969 1594 3150 1651 locum
3180 1597 3466 1666 inimicus,

1884 1675 1942 1729 in
1971 1695 2080 1751 quo
2108 1689 2356 1752 suggerat
2383 1691 2438 1737 et
2466 1681 2711 1751 suadeat,
2751 1683 2900 1756 quod
2921 1695 3112 1742 contra
3142 1704 3241 1744 nos
3270 1699 3371 1746 est.
3437 1733 3440 1736 ι

1969 1824 1987 1846 ι
2015 1799 2292 1871 Scriptum
2374 1809 2456 1856 est
2509 1801 2679 1857 enim.
2716 1828 2734 1851 ι
2831 1804 2901 1859 Ut
2958 1806 3156 1864 fortius
3225 1809 3479 1878 suadeat,

1885 1889 2139 1959 exemplo
2191 1889 2323 1960 legis
2355 1889 2460 1945 hoc
2491 1891 2802 1959 conﬁrmat,
2855 1892 3080 1950 dicens:
3153 1921 3171 1942 ι
3208 1897 3485 1970 Scriptum

1887 1983 1968 2030 est
1997 1976 2168 2043 enim,
2199 2001 2215 2021 ι
2278 1979 2336 2031 in
2367 1978 2681 2034 Proverbiis
2709 1981 2827 2051 (95)
2856 1999 2868 2035 ε
2935 2007 2953 2027 ι
2983 1983 3121 2039 Mihi
3152 1984 3480 2055 vindictam,

1887 2072 1940 2118 et
1968 2079 2068 2134 ego
2082 2064 2558 2132 retribuam,dicit
2586 2069 2860 2122 Dominus
2887 2068 3069 2139 (Deut,
3094 2088 3274 2140 χχχιι,
3304 2074 3424 2144 35).
3460 2101 3476 2121 -

1895 2153 1963 2209 Ut
1989 2156 2036 2207 si
2089 2155 2318 2209 minime
2360 2171 2392 2210 a
2438 2156 2596 2211 nobis
2652 2156 2768 2225 ﬁat,
2820 2160 2966 2230 quod
3014 2159 3194 2231 docet,
3241 2165 3417 2218 Deum
3461 2180 3493 2219 a

1889 2243 2048 2299 nobis
2086 2251 2460 2316 contemptum
2517 2247 2785 2303 ostendat.
2848 2249 3065 2321 Duplici
3125 2267 3252 2323 ergo
3300 2269 3493 2325 genere

1891 2332 2197 2404 proﬁcitur,
2242 2335 2288 2388 si
2317 2337 2429 2390 Deo
2478 2338 2793 2392 remittatur
2824 2338 3091 2408 vindicta,
3123 2341 3254 2413 quia
3282 2349 3336 2396 et
3365 2357 3490 2397 cum

1889 2421 2232 2476 iracundiam
2289 2423 2484 2493 vincit,
2547 2427 2823 2497 perfectus
2879 2428 2962 2497 ﬁt,
3021 2437 3074 2484 et
3130 2429 3230 2485 Dei
3279 2429 3493 2501 judicio

1893 2512 2293 2572 vindicabitur.

1965 2621 2148 2692 (Vers.
2207 2621 2323 2692 20.)
2394 2646 2412 2668 ι
2444 2622 2501 2678 Si
2544 2624 2801 2681 esurierit
2847 2627 3110 2684 inimicus
3163 2636 3312 2699 tuus,
3372 2629 3496 2686 ciba

1891 2710 2090 2765 illum:
2127 2709 2175 2764 si
2231 2709 2370 2778 sitit,
2420 2721 2611 2782 potum
2642 2713 2712 2768 da
2740 2714 2864 2781 illi;
2926 2716 3033 2770 hoc
3083 2717 3232 2772 enim
3264 2718 3491 2787 faciens,

1893 2801 2157 2857 carbones
2207 2798 2353 2870 ignis
2406 2815 2664 2872 congeres
2721 2818 2886 2873 super
2913 2814 3078 2876 caput
3130 2807 3248 2878 ejus
3301 2811 3490 2880 (Prov.

1893 2906 2030 2957 xxv,
2072 2889 2188 2959 21).
2221 2912 2240 2936 ι
2308 2889 2429 2943 Non
2480 2890 2683 2945 nudam
2727 2892 3031 2948 vindictam
3062 2896 3175 2950 Deo
3223 2899 3492 2954 reservari

1892 2979 2089 3034 debere
2115 2977 2375 3044 ostendit,
2425 2977 2520 3032 sed
2551 2986 2604 3032 et
2644 2979 2910 3037 beneﬁcia
2937 2981 3058 3037 dari
3116 2981 3395 3054 inimicis;
3432 2995 3494 3043 ut

1894 3081 2022 3121 vere
2076 3064 2427 3121 ostendamus
2480 3082 2591 3121 non
2647 3068 2858 3124 meritis
2907 3071 3108 3127 nostris
3137 3071 3337 3130 habere
3392 3091 3493 3130 nos

1896 3154 2173 3220 inimicos,
2202 3169 2338 3226 quos
2383 3163 2443 3210 ut
2475 3155 2542 3209 ab
2573 3156 2886 3213 inimicitiis
2922 3158 3178 3215 desinant
3211 3163 3351 3234 (96),
3381 3163 3492 3218 ob-

1899 3244 2104 3317 sequiis
2150 3243 2370 3298 vincere
2416 3243 2669 3301 nitimur.
2701 3247 2808 3313 Qui
2837 3248 2884 3302 si
2919 3249 2979 3303 in
3011 3249 3326 3306 inimicitiis
3353 3267 3489 3323 per-

1900 3332 2222 3388 duraverint
2266 3332 2548 3403 impietate
2578 3334 2777 3390 mentis
2806 3352 2936 3403 suae,
2973 3347 3182 3393 nostra
3230 3340 3492 3412 obsequia

1902 3422 2190 3493 proﬁcient
2228 3421 2340 3475 illis
2383 3420 2451 3475 ad
2482 3437 2734 3492 poenam:
2781 3431 2876 3476 aut
2912 3431 3057 3478 certe
3103 3426 3493 3498 obsequiorum

1903 3519 2219 3566 nostrorum
2273 3511 2561 3565 sedulitate
2615 3513 2954 3582 compuncti,
3007 3515 3179 3570 veluti
3235 3516 3497 3572 carbones

1905 3599 2112 3656 mortui
2162 3597 2516 3655 reviviscent.
2571 3600 2640 3655 Ut
2693 3615 2821 3672 ergo
2852 3615 2953 3657 uos
2998 3603 3057 3656 in
3102 3610 3316 3659 tantum
3364 3621 3496 3676 per-

1905 3689 2077 3745 fectos
2104 3688 2290 3756 faciat,
2323 3695 2384 3742 ut
2432 3704 2543 3743 non
2572 3689 2751 3744 solum
2799 3705 2901 3745 nos
2932 3689 3100 3762 ipsos,
3131 3693 3225 3748 sed
3280 3701 3332 3748 et
3361 3695 3500 3750 alios

1906 3779 2254 3850 acquiramus
2281 3777 2349 3833 ad
2396 3778 2591 3846 vitam,
2646 3777 2891 3834 inimicis
2945 3796 3057 3835 non
3105 3783 3284 3837 solum
3320 3783 3498 3838 vicem

1905 3867 2130 3922 reddere
2159 3867 2411 3938 prohibet
2441 3867 2710 3922 Dominus
2733 3884 2829 3940 per
2854 3869 3205 3925 Salomonem
3231 3889 3244 3937 ;
3275 3887 3495 3942 .verum

1904 3957 2073 4013 etiam
2101 3958 2414 4014 humilitate
2458 3957 2526 4013 ad
2554 3957 2858 4014 amicitiam
2891 3975 3191 4030 provocare
3224 3961 3496 4018 hortatur.

1981 4083 2164 4158 (Vers.
2193 4083 2310 4156 21.)
2346 4108 2363 4131 ι
2391 4083 2517 4140 Noli
2540 4083 2737 4140 vincia
2755 4084 2916 4154 malo,
2951 4085 3045 4142 sed
3072 4085 3234 4144 vince
3263 4087 3322 4143 in
3353 4088 3500 4145 bono

1909 4175 2138 4231 malum.
2169 4198 2187 4222 ι
2231 4175 2358 4230 Haec
2395 4174 2772 4247 interpretatio
2801 4176 3053 4247 Apostoli
3081 4185 3164 4232 est
3209 4177 3500 4235 cohortan-

1910 4265 2002 4334 tis,
2051 4281 2118 4321 ne
2137 4266 2311 4322 vicem
2360 4265 2653 4321 reddamus
2681 4265 2946 4336 inimicis,
2976 4267 3121 4324 sicut
3149 4267 3363 4324 dictum
3395 4279 3495 4326 est.

1911 4356 2147 4413 Multum
2177 4356 2324 4411 enim
2377 4355 2621 4427 proderit
2651 4355 2831 4425 nobis,
2863 4355 2909 4412 si
2945 4358 3170 4412 malitiae
3201 4358 3494 4426 cedamus;

1913 4445 2089 4502 vincit
2132 4445 2279 4501 enim
2328 4447 2558 4515 malum,
2609 4447 2704 4519 qui
2738 4447 2806 4502 ad
2835 4454 3050 4520 tempus
3101 4448 3249 4504 vinci
3283 4446 3503 4514 videtur

1915 4534 1982 4591 ab
2011 4536 2131 4593 illo.
2163 4535 2380 4590 Etenim
2408 4536 2660 4592 Salvator
2686 4536 2765 4593 sic
2792 4535 2932 4592 vicit
2961 4537 3191 4604 malum,
3223 4535 3353 4591 dum
3387 4521 3497 4614 non

1915 4624 2148 4692 restitit;
2182 4631 2371 4680 contra
2399 4641 2455 4680 se
2483 4625 2630 4680 enim
2653 4624 2764 4697 agit
2794 4625 3024 4692 malitia,
3070 4631 3123 4679 et
3150 4623 3281 4678 dum
3313 4615 3502 4677 vinci—

1915 4723 2026 4784 tur,
2062 4715 2280 4773 vinoere
2311 4732 2368 4771 se
2399 4723 2571 4786 putat.
2605 4715 2666 4771 1d
2713 4715 2861 4770 enim
2894 4714 3005 4785 agit
3041 4711 3322 4779 inimicus,
3357 4709 3418 4766 ut
3447 4720 3500 4767 et

1915 4818 2016 4860 nos
2092 4803 2160 4860 de
2222 4805 2504 4876 proposito
2560 4810 2746 4858 nostro
2797 4801 3096 4867 abstrahat,
3154 4799 3498 4855 occasionem

1915 4908 2163 4966 quaerens
2210 4893 2484 4966 quomodo
2531 4906 2834 4963 peccemus.
2869 4887 2994 4944 Ideo
3024 4889 3069 4943 si
3124 4889 3404 4960 provocati
3432 4889 3502 4945 ab

1916 4981 2035 5052 illo,
2080 4985 2254 5038 vicem
2286 4981 2369 5037 illi
2408 4997 2518 5036 non
2564 4979 2878 5048 reddamus,
2922 4979 3199 5036 vincimus
3241 4979 3402 5036 illum
3445 4981 3502 5034 in

1914 5071 2060 5129 bono
2087 5091 2103 5141 ;
2135 5073 2257 5128 ideo
2286 5071 2433 5128 enim
2463 5086 2573 5126 non
2601 5065 2931 5136 resistimus,
2959 5079 3022 5127 ut
3077 5069 3284 5128 bonum
3313 5067 3507 5128 serve-

1915 5305 2041 5361 cum
2096 5287 2343 5361 faciunt.)
2376 5288 2448 5342 At
2494 5287 2744 5361 sequenti
2794 5295 2948 5344 textu
3000 5305 3098 5361 pro
3153 5286 3502 5361 defendentes,

1915 5360 2073 5416 Rom.
2105 5359 2261 5426 edit.,
2310 5359 2438 5416 licet
2464 5357 2588 5415 sine
2625 5359 2742 5414 ullo
2771 5375 2938 5416 sensu
2965 5357 3276 5426 commodo,
3308 5357 3506 5414 maluit

1915 5431 2259 5488 vindicantes.

2013 5503 2107 5572 95)
2159 5504 2316 5559 Rom.
2368 5501 2501 5560 edit.
2548 5500 2888 5570 confoderat,
2936 5502 2994 5556 in
3025 5500 3348 5558 Proverbiis.
3381 5501 3504 5569 Quo

1918 5573 2178 5630 videlicet
2202 5590 2256 5629 in
2283 5575 2707 5632 Deuteronomio
2739 5575 2854 5629 haec
2881 5573 3046 5627 verba
3073 5580 3312 5630 exstant.

1991 5647 2108 5719 (96)
2139 5646 2275 5704 Cod.
2310 5647 2472 5706 Corb.
2498 5653 2554 5704 et
2580 5645 2802 5719 quidam
2834 5643 2951 5711 alii,
2981 5659 3113 5715 quos
3140 5647 3282 5702 utab
3310 5645 3508 5716 iniqui-

1991 5725 2024 5775 κ
2050 5719 2312 5775 desinant.
3430 5745 3434 5750 ·

1921 5724 2024 5776 tate
2050 5719 2312 5776 desinant.
3430 5745 3434 5750 ε
