3976 6374
537 450 639 517 173

534 593 704 652 stum,
735 579 794 638 id
819 587 924 648 est,
965 571 1217 633 innovati
1246 583 1342 643 per
1371 562 1676 630 Christum,
1720 558 1788 615 ab
1838 555 1928 612 his
1969 549 2130 608 malis
2157 551 2210 610 Α

536 695 595 736 se
630 642 925 734 retineant.
955 667 1059 726 Hic
1084 665 1232 722 enim
1249 642 1447 718 induit
1495 653 1800 716 Christum,
1831 646 1925 722 qui
1963 662 2020 702 se
2060 642 2130 700 ab

537 764 695 824 omni
723 776 908 820 errore
932 765 987 815 et
1016 750 1358 828 turpitudine
1387 741 1752 819 separaverit;
1793 753 1862 792 ne
1900 736 1958 792 in
1987 748 2133 791 con-

538 855 694 913 vivio
724 849 1040 924 nuptiarum
1075 846 1194 900 sine
1224 845 1373 896 veste
1401 850 1546 892 nova
1574 828 1912 894 inveniatur,
1945 820 2134 894 turpi-

539 911 731 1018 ttirque
785 911 1029 1011 abiectus
1083 932 1195 1004 (12)
1254 926 1496 986 tenebris
1542 917 1886 991 mancipetur
1916 911 2131 985 (Matth.

539 999 685 1102 xxxi,
711 1030 800 1102 11)
829 999 915 1086 εέἱ
943 999 1264 1099 quominus,
1282 1032 1394 1074 non
1423 1021 1554 1071 sunt
1581 1006 1762 1067 induti
1779 1006 1963 1085 Jesum
1981 999 2135 1059 Chri-

541 1131 689 1183 stum
715 1117 1040 1184 Dominum,
1072 1107 1422 1185 superpujus
1451 1118 1651 1160 novam
1692 1103 1900 1153 vestem
1924 1083 2140 1148 veteres

545 1229 756 1290 pannos
781 1208 1059 1275 induunt;
1103 1201 1289 1260 exutis
1316 1180 1466 1256 enim
1496 1201 1738 1251 veterem
1767 1184 2051 1245 hominem
2083 1180 2141 1236 in

547 1284 794 1362 novitate
823 1298 953 1357 vitae
981 1291 1314 1353 manendum
1347 1295 1429 1346 est
1460 1284 1603 1358 (13).

1137 1498 1364 1560 CAPUT
1394 1493 1546 1552 XIV.

632 1685 816 1760 (Vers.
848 1678 925 1753 1.)
967 1702 987 1727 ι
1042 1673 1348 1756 Inﬁrmum
1389 1671 1573 1722 autem
1631 1657 1691 1715 in
1727 1653 1836 1712 ﬁde
1863 1647 2148 1717 assumite,

557 1796 671 1837 non
700 1778 760 1832 in
797 1768 1196 1844 disceptatione
1233 1751 1653 1834 cogitationum.
1706 1775 1725 1798 ι
1779 1743 2050 1815 Quoniam
2081 1755 2151 1796 ex

789 1829 968 1931 erant:
997 1856 1093 1933 qui
1139 1829 1416 1912 Romanos
1453 1845 1523 1904 ad
1557 1855 1759 1933 nomen
1788 1833 1999 1933 Christi
2031 1829 2148 1933 (if)

1595 431 1692 492 ΑΙ)
1731 431 1966 492 OPEBA
2002 416 2395 484 SAMBBOSII
2433 400 2814 471 APPENDIX.

3750 370 3853 440 176

2327 565 2345 588 ε
2365 540 2510 596 Deus
2545 533 2694 591 enim
2723 531 2883 587 illum
2911 520 3229 594 assumpsit.
3265 544 3283 566 ι
3346 518 3682 586 Assumptus
3711 513 3797 566 est
3823 521 3855 562 a

2242 631 2379 698 Deo,
2403 626 2537 684 dum
2565 622 2636 678 ad
2669 618 2898 694 gratiam
2929 618 3158 670 vocatus
3177 614 3281 663 est.

2315 693 2496 794 (\lers.
2529 714 2611 787 4.)
2657 693 2788 766 {Tu
2808 706 2933 782 quis
2956 721 3036 772 es,
3067 699 3164 775 qui
3203 694 3421 770 judicas
3451 693 3695 749 alienum
3727 704 3857 744 ser—

2242 781 2376 865 vum
2396 806 2425 863 τ
2449 805 2560 863 Suo
2581 781 2807 858 domino
2831 781 2932 852 aut
2956 800 3086 861 stat,
3115 798 3211 846 aut
3238 785 3411 842 cadit.
3432 809 3449 832 -
3494 781 3854 839 Manifestum

2242 903 2325 952 est
2365 907 2585 950 servum
2625 905 2735 945 non
2769 885 2966 942 debere
3016 875 3274 937 conservi
3305 871 3669 929 voluntatem
3701 865 3855 938 judi-

2245 999 2389 1052 care,
2419 981 2510 1039 cui
2539 980 2630 1036 lex
2658 977 2718 1032 in
2749 975 2851 1032 hac
2870 978 3021 1045 parte
3061 965 3266 1024 tradita
3294 978 3407 1020 non
3436 968 3555 1027 est;
3590 972 3717 1013 nam
3749 969 3858 1027 qua

2247 1044 2587 1131 conscientia
2641 1065 2787 1134 edat,
2831 1044 2926 1119 aut
2978 1073 3090 1115 non
3145 1053 3292 1122 edat,
3333 1053 3480 1108 Deus
3528 1044 3702 1118 judex
3751 1049 3855 1110 est,

2250 1160 2411 1233 cujus
2440 1173 2633 1215 servus
2655 1161 2758 1213 est.

2338 1275 2357 1298 ι
2384 1247 2563 1306 Stabit
2590 1254 2812 1310 autem;
2856 1247 3053 1313 potens
3111 1240 3195 1290 est
3233 1229 3381 1288 enim
3435 1228 3582 1284 Deus
3621 1229 3861 1279 statuere
3964 1259 3969 1284 ι

2255 1341 2438 1397 illum.
2469 1362 2488 1385 ι
2583 1331 2782 1400 Stabit,
2849 1325 3054 1400 inquit,
3110 1320 3341 1378 domino
3393 1330 3518 1384 suo,
3575 1316 3861 1385 propterea

2256 1430 2386 1504 quia
2413 1441 2589 1500 neque
2616 1422 2664 1480 si
2696 1421 2842 1488 edat,
2871 1396 2998 1474 reus
3043 1411 3169 1480 erit,
3220 1422 3398 1482 neque
3453 1403 3501 1461 si
3549 1416 3664 1459 non
3707 1396 3857 1464 edat,

2255 1487 2571 1592 culpabilis,
2602 1512 2649 1570 si
2695 1487 2880 1568 tamen
2924 1502 3218 1562 devotione
3247 1498 3356 1556 hoc
3399 1501 3544 1568 agat,
3585 1504 3702 1547 non
3748 1487 3860 1543 evi-

2256 1618 2380 1667 tans
2407 1606 2551 1662 hanc
2577 1603 2732 1659 velut
2772 1594 3128 1657 contrariam.

2333 1697 2516 1771 (Vers.
2548 1694 2632 1765 5.)
2672 1717 2690 1740 ι
2737 1691 2876 1748 Nam
2904 1686 3048 1742 alius
3067 1679 3290 1757 quidem
3313 1674 3525 1750 jndicat
3543 1669 3702 1771 diem‘
3723 1667 3868 1722 inter

2261 1754 2432 1856 diem,
2457 1810 2475 1833 ι
2547 1754 2662 1838 hoc
2715 1786 2818 1848 est,
2863 1773 3032 1832 alicui
3077 1754 3256 1844 placet
3301 1759 3641 1837 interpositis
3670 1754 3866 1813 diebus

2261 1843 2442 1936 edere.
2499 1873 2638 1931 Nam
2686 1843 2816 1926 sunt
2878 1843 3122 1937 quidam,
3180 1856 3277 1931 qui
3322 1858 3516 1928 quarta
3559 1845 3700 1937 feria
3747 1843 3862 1915 (15)

559 1958 986 2027 assumpsemmr
1068 1943 1302 2002 adluis”
1356 1937 1498 2027 1°89:
1536 1933 1682 2027 sicut
1847 1917 2156 2027 rimordio
2186 1932 2232 1993 Β
2499 1917 3254 2018 .nouedendam—statue’runt
3271 1964 3286 2014 ;
3322 1917 3451 2000 sunt
3478 1937 3575 2012 qui
3594 1932 3865 2003 Sabbatis,

561 2015 807 2121 epistolae
838 2015 1170 2103 memoravi;
1204 2032 1329 2088 ideo
1357 2022 1688 2104 quibusdam
1717 2015 2010 2074 videbatur
2037 2027 2158 2083 pro-

564 2105 801 2192 h‘ibitam
829 2143 1050 2188 carnem
1079 2121 1237 2181 edere
1266 2133 1379 2176 non
1409 2114 1639 2172 debere:
1670 2105 1951 2181 aliquibus
1978 2109 2160 2156 autem

565 2225 663 2300 qui
692 2222 810 2280 sine
838 2220 953 2291 lege
981 2213 1264 2275 Christum
1295 2204 1685 2281 sequebantur,
1717 2193 2008 2252 videbatur
2035 2203 2161 2244 con-

676 2314 848 2384 legem
878 2279 1044 2365 licere
1071 2302 1250 2361 edere.
1281 2299 1354 2356 Et
1371 2279 1478 2369 per
1507 2293 1612 2349 hoc
1658 2289 1840 2359 ipsum
1881 2279 2166 2384 discepta-

567 2404 747 2462 tiones
773 2404 930 2456 erant
957 2397 1102 2452 inter
1129 2407 1242 2459 eos,
1273 2366 1408 2462 quas
1437 2379 1757 2455 Apostolus,
1780 2366 2090 2430 concordiae
2114 2372 2168 2420 et

569 2492 735 2550 saluti
763 2487 1009 2553 studens,
1032 2453 1238 2540 divina-
1252 2453 1625 2549 disputatione
1655 2464 1854 2530 aufert,
1875 2453 2169 2515 ostendens

571 2595 749 2655 neque
775 2574 958 2634 edenti
979 2543 1233 2646 prodesse
1263 2543 1407 2639 apud
1437 2564 1633 2626 Deum,
1654 2567 1831 2625 neque
1853 2563 1962 2605 non
1985 2543 2169 2604 edenti

573 2633 782 2730 obesse.
840 2633 1129 2723 Inﬁrinum
1173 2633 1315 2716 esse-
1341 2650 1497 2719 dicit,
1544 2647 1640 2721 qui
1693 2651 1977 2717 propterea
2025 2633 2172 2709 quod

571 2759 751 2819 Judaei
771 2723 1048 2831 prohibiti
1079 2756 1230 2814 sunt,
1259 2745 1420 2802 timet
1450 2740 1628 2797 edere.
1661 2735 1821 2790 Hunc
1874 2743 2001 2800 ergo
2053 2723 2175 2780 vult

576 2847 786 2907 remitti
810 2842 1025 2917 judicio
1051 2855 1172 2906 suo,
1204 2851 1275 2892 ne
1301 2828 1619 2889 scandalum
1646 2837 1857 2896 passus,
1880 2833 1912 2872 a
1936 2812 2172 2872 charita-

521 2973 526 2996 ι
577 2947 655 3008 te,
685 2952 807 3010 quae
835 2931 991 3006 quasi
1036 2936 1208 2984 mater
1263 2931 1346 2981 est
1399 2919 1734 2981 animarum,
1782 2905 1999 2965 recedat
2047 2919 2176 2961 cum

577 2991 780 3082 mentis
827 2991 1263 3094 perturbatione,
1303 3026 1429 3069 cum
1473 2999 1773 3065 Christiani
1834 2993 2050 3070 paciﬁci
2087 2991 2176 3049 de-

576 3115 745 3171 beant
772 3126 888 3166 esse
917 3116 971 3163 et
999 3103 1196 3179 quieti.

654 3167 837 3276 (vers.
872 3197 953 3270 2.)
1000 3167 1210 3276 «Ἀιίξιε
1238 3188 1394 3276 θυίωᾷ
1414 3182 1592 3242 credit
1618 3179 1777 3237 edere
1801 3173 2018 3234 omnia.
2043 3167 2183 3226 nHic

538 3313 544 3316 '
581 3261 785 3351 ﬁducia
824 3261 1082 3345 lectionis
1137 3267 1251 3336 non
1305 3273 1524 3334 dubitat
1574 3267 1760 3327 omnia
1797 3261 2034 3326 edenda,
2059 3274 2182 3332 quas
2205 3293 2257 3358 Ο

579 3383 707 3440 data
735 3388 865 3437 sunt
908 3371 1169 3433 humanis
1223 3367 1436 3425 usibus.
1480 3359 1634 3434 Legit
1687 3355 1835 3414 enim
1878 3351 1936 3406 in
1983 3349 2183 3408 Genesi

581 3434 968 3531 35511150112;
1025 3460 1186 3518 valde
1241 3472 1355 3514 esse
1395 3453 1552 3526 (Gen.
1584 3466 1625 3518 ι,
1656 3447 1774 3518 31),
1816 3458 1936 3516 qua
1968 3434 2184 3531 creavit

825 3524 951 3614 ideo
996 3550 1140 3609 nihil
1186 3524 1570 3620 rejiciendum,
1593 3536 1734 3629 quia
1761 3546 1939 3606 neque
1966 3524 2183 3593 Enocb,

559 3614 680 3726 qui
708 3614 922 3722 primus
952 3645 1065 3698 Deo
1093 3614 1301 3712 placuit
1337 3651 1348 3688 :
1384 3645 1562 3703 neque
1591 3627 1726 3693 Noe,
1759 3622 1855 3696 qui
1883 3619 1941 3675 in
1969 3614 2185 3674 diluvio

587 3703 737 3797 solus
760 3736 946 3809 justus
964 3703 1235 3810 inve-ntus
1261 3731 1344 3780 est
1368 3739 1380 3776 :
1415 3733 1592 3793 neque
1622 3711 1900 3771 Abraham
1931 3708 2026 3763 ille
2052 3703 2185 3760 ami-

587 3845 687 3887 cus
714 3792 836 3895 Dei,
863 3807 967 3878 aut
1006 3820 1175 3885 Isaac,
1219 3821 1315 3870 aut
1359 3792 1525 3868 Iacob
1559 3802 1699 3878 justi
1746 3808 1802 3856 et
1845 3797 1946 3856 Dei
2001 3792 2186 3862 amici,

589 3920 736 3976 inter
762 3883 900 3990 quos
928 3920 983 3969 et
1009 3909 1116 3966 Lot
1139 3883 1270 3975 fuit,
1301 3909 1396 3960 aut
1423 3894 1608 3956 centeri
1631 3889 1771 3966 justi
1798 3888 1868 3946 ab
1892 3885 1982 3943 his
2009 3883 2190 3941 absti—

590 4006 777 4065 nuisse
803 4003 1083 4075 leguntur.

678 4120 696 4142 ι
748 4093 801 4149 Is
853 4105 984 4146 vero
1040 4085 1135 4160 qui
1192 4081 1446 4140 inﬁrmus
1469 4082 1572 4143 est,
1606 4072 1757 4128 olera
1810 4063 2125 4122 manducet.
2160 4082 2178 4105 ι

563 4187 569 4193 ’
595 4178 924 4257 Igiturquia
949 4151 1074 4233 hoc-
1085 4179 1263 4247 putat,
1292 4178 1357 4226 ut
1408 4166 1504 4222 ille
1530 4162 1680 4219 olera
1718 4157 1875 4215 edat:
1908 4151 2033 4208 ideo
2059 4162 2196 4257 suq-

597 4235 760 4257 _,,_-__
809 4235 829 4254 ι
1086 4235 1105 4247 ι
1247 4235 1260 4240 ν

597 4270 840 4337 dendum
868 4281 982 4323 non
1011 4269 1112 4334 est,
1142 4268 1204 4318 ut
1241 4271 1462 4316 carnem
1490 4251 1635 4320 edat,
1686 4263 1754 4304 ne
1782 4261 1908 4303 cum
1937 4235 2197 4311 scrupulo

601 4336 751 4428 edat,
781 4364 837 4414 et
880 4333 1135 4412 videatur
1178 4361 1439 4424 peccare:
1478 4339 1609 4416 quia
1663 4333 2007 4411 prOpositum
2034 4340 2195 4383 suum

603 4466 716 4509 non
745 4443 1004 4505 custodit.

678 4539 862 4613 (Vers.
889 4533 970 4607 3.)
1033 4531 1268 4601 «Itaque
1319 4523 1414 4599 qui
1457 4521 1592 4613 edit,
1639 4532 1752 4574 non
1793 4511 2045 4613 edentem
2089 4518 2200 4560 non

605 4596 864 4703 spernat:
925 4596 978 4679 et
1034 4619 1128 4693 qui
1157 4596 1268 4674 non
1297 4596 1431 4680 edit,
1466 4609 1716 4666 edentem
1759 4617 1871 4659 non
1913 4596 2145 4671 judicet.
2169 4615 2187 4637 ι

2268 2061 2400 2113 sunt
2452 2053 2657 2108 iterum
2709 2046 2805 2120 qui
2839 2059 2871 2099 a
2926 2039 3133 2097 Pascha
3185 2048 3357 2106 usque
3399 2029 3468 2086 ad
3512 2028 3863 2083 Pentecosten

2272 2144 2459 2201 edant.

2357 2255 2376 2278 ι
2397 2227 2556 2286 Alius
2579 2231 2762 2283 autem
2800 2217 3016 2292 judicat
3049 2226 3269 2270 omnem
3291 2206 3458 2263 diem.
3476 2227 3494 2250 ι
3531 2201 3636 2258 Hic
3650 2213 3866 2256 omnem

2275 2321 2422 2378 diem
2443 2317 2682 2391 judicat,
2725 2288 2822 2386 qui
2852 2319 3137 2381 nunquam
3166 2299 3302 2357 edit.
3349 2322 3366 2345 ι
3396 2291 3789 2366 Unusquisque
3815 2288 3868 2343 in

2277 2425 2380 2467 suo
2430 2422 2595 2464 sensu
2650 2383 2914 2467 abundet,
2944 2421 2963 2444 ι
3038 2393 3144 2449 hoc
3191 2395 3292 2456 est,
3343 2383 3730 2456 unusquisque
3776 2391 3871 2434 suo

2277 2497 2516 2558 consilio
2545 2492 2882 2550 remittatur.

2353 2589 2539 2662 (Vers.
2598 2585 2678 2658 6.)
2726 2608 2744 2632 ι
2773 2581 2877 2650 Qui
2935 2577 3079 2651 sapit
3127 2572 3296 2638 diem,
3353 2562 3592 2662 Domino
3647 2558 3814 2631 sapit.
3845 2581 3862 2605 ι

2281 2648 2488 2741 Verum
2538 2648 2670 2744 est,'
2696 2648 2826 2746 quia
2873 2667 2969 2741 qui
2997 2648 3230 2734 semper
3272 2654 3553 2714 abstinens
3605 2658 3712 2718 est,
3761 2648 3877 2703 Deo

2282 2737 2496 2847 placere
2525 2783 2580 2825 se
2611 2737 2784 2839 putat.
2832 2784 2850 2807 ι
2880 2737 2952 2814 Et
2981 2754 3076 2830 qui
3106 2750 3242 2817 edit,
3275 2744 3514 2804 Domino
3537 2739 3672 2797 edit.
3714 2761 3734 2785 ι
3778 2737 3883 2793 Do-

2283 2826 2438 2918 ;nino
2475 2826 2630 2925 edit;
2643 2853 2773 2928 quia
2799 2826 3015 2923 gratias
3045 2843 3156 2916 agit
3188 2833 3454 2896 Creatori.
3501 2856 3519 2880 ι
3543 2831 3616 2885 Et
3644 2826 3739 2900 qui
3771 2839 3886 2880 non

2285 2952 2420 3021 edit,
2453 2915 2692 3006 Domino
2741 2915 2852 2998 ndn
2885 2939 3021 3006 edit,
3055 2915 3108 2990 et
3139 2930 3342 3005 gratias
3386 2923 3499 2996 agit
3525 2923 3659 2978 Deo.
3693 2941 3715 2967 ι
3755 2915 3888 2971 Gra-

2286 3006 2555 3111 tias'agit,
2582 3037 2715 3092 dum
2747 3033 2950 3088 fatetur
2975 3024 3079 3084 Dei
3097 3037 3213 3080 esse
3235 3025 3568 3079 creaturam,
3601 3015 3658 3064 et
3681 3006 3887 3062 bonam

2288 3102 2678 3198 creata-muti)
2706 3140 2720 3190 ;
2768 3119 2863 3177 sed
2892 3133 2949 3175 se
3006 3109 3367 3171 dissimulare
3407 3102 3474 3161 ab
3502 3117 3584 3169 ea,
3615 3111 3732 3153 non
3762 3108 3888 3150 con-

2289 3220 2571 3277 demnare.
3968 3181 3969 3184 “

2363 3310 2547 3385 (Vers.
2580 3306 2660 3378 7.)
2712 3328 2730 3351 ι
2756 3301 2929 3358 Nemo
2979 3295 3130 3353 enim
3176 3295 3430 3348 nostrum
3475 3281 3584 3340 sibi
3643 3281 3810 3353 vivit,
3840 3293 3896 3339 et

2292 3371 2458 3458 nemo
2486 3395 2594 3454 sibi
2624 3371 2878 3450 moritur.
2913 3412 2931 3435 ι
2989 3383 3108 3442 Sibi
3142 3384 3281 3444 102
3320 3374 3535 3431 viveret
3583 3371 3814 3445 aliquis,
3843 3372 3890 3428 si

2292 3517 2405 3559 non
2437 3502 2619 3570 ageret
2646 3491 2748 3550 sub
2782 3490 2898 3561 lege
2925 3504 2936 3542 :
2969 3492 3026 3540 at
3055 3479 3151 3556 qui
3188 3478 3345 3533 freno
3371 3472 3504 3546 legis
3535 3471 3899 3544 gubernatur,

2299 3610 2410 3652 non
2441 3561 2548 3647 sibi
2578 3587 2776 3659 utique
2806 3579 2972 3647 vivit,
3005 3574 3100 3632 sed
3129 3573 3243 3629 Deo
3273 3566 3368 3640 qui
3413 3567 3586 3636 legem
3634 3561 3812 3630 dedit,
3839 3571 3901 3617 ut

2297 3861 2450 3919 bitur
2475 3865 2570 3914 aut
2597 3846 3076 3912 condemnabitur.

2375 3950 2556 4025 (Vers.
2579 3946 2660 4018 8.)
2700 3967 2718 3990 ι
2745 3941 2872 3998 Sive
2891 3937 3044 3995 enim
3064 3931 3349 3998 vivimus,
3376 3924 3616 3984 Domino
3637 3921 3907 3986 vivimus,

2301 4031 2420 4099 sive
2476 4035 2769 4101 morimur,
2815 4027 3057 4089 Domino
3099 4021 3370 4079 morimur
3401 4015 3542 4090 (17).
3575 4037 3594 4062 ι
3630 4009 3785 4069 Idem
3829 4016 3908 4065 est

2302 4147 2513 4191 sensus.
2563 4153 2580 4175 ε
2609 4125 2739 4182 Sive
2767 4137 2895 4194 ergo
2916 4116 3181 4182 vivimus,
3212 4110 3329 4168 sive
3357 4105 3647 4171 morimur,
3680 4099 3907 4158 Domini

2303 4237 2515 4280 sumus.
2547 4243 2565 4265 ι
2612 4216 2827 4274 Verum
2868 4217 2952 4267 est
2978 4221 3169 4265 omnes
3215 4218 3318 4259 nos
3345 4194 3570 4256 Domini
3600 4209 3719 4250 esse
3747 4191 3906 4265 quasi

2308 4410 2755 4472 unumquemque
2787 4409 2883 4465 pro
2910 4387 3109 4445 merito
3138 4399 3241 4441 suo
3270 4376 3521 4439 tractari.

2383 4467 2564 4564 (Vers.
2591 4467 2683 4558 9.)
2723 4509 2741 4532 ι
2769 4484 2832 4539 In
2862 4480 2968 4536 hoc
2996 4477 3145 4534 enim
3161 4470 3418 4532 Christus
3443 4469 3694 4522 mortuus
3721 4467 3828 4529 est,
3859 4467 3909 4516 et

2309 4576 2634 4644 resurrexit,
2660 4583 2722 4631 ut
2741 4582 2794 4629 et
2813 4576 3154 4626 mortuorum
3179 4569 3232 4619 et
3251 4560 3510 4616 vivorum
3536 4552 3900 4611 dominetur.-

607 4653 827 4703 spernat
852 4669 863 4681 ι
925 4653 978 4679 σι
1034 4653 1128 4693 Ὶυι
1157 4653 1268 4674 uuu
1297 4653 1431 4680 νυιυ,
1466 4653 1716 4666 var-vn.-."
1759 4653 1871 4659 ._-__
1913 4653 1958 4671 ,κ

607 4718 750 4788 Quia
793 4709 1099 4771 voluntatis
1145 4715 1228 4764 est
1273 4703 1454 4770 edere,
1496 4704 1591 4756 aut
1637 4711 1748 4752 non
1794 4690 1990 4755 edere;
2024 4701 2086 4742 ac
2114 4697 2210 4755 per
2237 4658 2287 4717 D
2314 4674 2417 4730 Per
2461 4667 2743 4727 Christum
2800 4657 3100 4717 Dominum
3158 4653 3302 4708 facta
3357 4653 3440 4704 est
3491 4654 3766 4712 creatura,
3799 4657 3914 4715 qua

1668 4785 1675 4788 ’
1713 4783 1728 4788 “
1755 4782 1768 4788 “
1963 4777 1974 4788 ⁹
2072 4773 2092 4788 ¹⁵
2155 4778 2198 4788 ’ί
2318 4777 2414 4788 *λ-
2442 4762 2724 4788 “Mt-Mum
2759 4750 2991 4788 aliam-ta
3018 4752 3102 4788 est
3128 4742 3198 4788 ah
3226 4745 3468 4788 ancmre_
3486 4736 3633 4788 facta
3658 4730 3914 4788 captiva;

744 4802 976 4880 quaestio
992 4799 1127 4856 hinc
1153 4795 1274 4852 ﬁeri
1296 4807 1408 4849 non
1434 4788 1614 4880 debet.
1647 4783 1732 4840 Ad
1755 4782 1860 4838 hoc
1888 4777 2035 4880 enim
2067 4773 2212 4828 facta

615 4860 980 4959 suntlomnia,
1011 4895 1074 4945 ut
1101 4879 1378 4942 voluntati
1423 4867 1926 4950 subjaceantrquia
1961 4860 2211 4921 dominio

620 4983 865 5040 humano
892 4975 1140 5051 subjecta
1165 4979 1316 5032 sunt.

701 5179 818 5255 (12)
851 5177 934 5255 Ita
969 5189 1099 5229 mss.
1130 5170 1315 5252 plures
1343 5185 1406 5255 ac
1455 5164 1703 5255 potiores
1724 5178 1734 5216 :
1789 5155 1885 5214 alii
1906 5154 2220 5255 aautemﬂet

626 5221 883 5318 editqlne
905 5249 965 5303 in
992 5221 1226 5318 coningio
1257 5221 1568 5316 nuptian
1596 5225 1616 5300 ;
1663 5234 1823 5313 Rom.
1873 5224 2034 5318 edit?
2061 5221 2222 5318 crete-

628 5291 762 5313 σιιη.
822 5291 881 5305 ,νυ
993 5291 1221 5301 --.------
1369 5291 1454 5296 --κ
1483 5291 1506 5293 ν

628 5295 789 5386 σείωνῖ
813 5319 1147 5393 nuptiarum,
1175 5314 1287 5370 sine
1325 5291 1470 5369 bene
1521 5291 1633 5378 eju's
1682 5305 1939 5366 inventus,
1999 5291 2224 5364 turpiter

630 5398 900 5468 objecta:L
911 5400 1019 5448 etc.

708 5433 1031 5541 ῗῐὲῖῖἱὸῗιῖ.
1081 5460 1239 5528 edit.,
1298 5456 1357 5510 ίη
1408 5449 1637 5506 novitate
1673 5445 1791 5500 vita:
1843 5433 2226 5499 ambulandum

637 5547 730 5595 est.

713 5592 829 5679 at)
860 5605 1064 5679 Eadem
1096 5594 1414 5679 Romam},
1443 5592 1516 5679 ag

862 5650 1412 5752 etalii
1444 5650 1675 5735 aliquot,
1703 5658 1826 5752 ΔᾳΞί
1857 5652 2016 5752 ιςνιὶιξ
2064 5650 2224 5720 feria.

640 5729 938 5823 Et‘ﬁiéci;
955 5729 1302 5823 filuterjectis,
1316 5818 1326 5823 _
1343 5751 1442 5810 pro
1470 5729 1632 5804 asiae
1659 5729 2088 5823 Ιξεςιιικεοειιεη⁸
2125 5737 2231 5775 non

975 5794 1364 5884 "Caiiifiég'n;
1401 5794 1562 5880 usque
1614 5804 1685 5860 ad
1734 5794 2231 5881 Quinquagesimam

1543 5589 1696 5662 ﬁdem
1719 5585 1940 5662 Christi.

2318 4777 2414 4836 per
2442 4762 2727 4833 peccatum
2757 4750 2994 4806 alienata
3018 4752 3102 4801 est
3128 4742 3198 4798 ab
3226 4745 3468 4805 auctore,
3486 4736 3633 4791 facta
3658 4730 3915 4804 captiva:

2321 4819 2486 4925 quam
2513 4847 2660 4902 Deus
2685 4843 2864 4906 Pater,
2897 4851 2966 4892 ne
2993 4849 3130 4906 opus
3157 4829 3276 4902 ejus
3306 4825 3528 4901 periret,
3576 4820 3750 4876 misso
3781 4819 3920 4875 Filio

2322 4909 2423 4998 suo
2452 4937 2520 4994 de
2547 4932 2701 4992 caelis
2729 4927 2800 4985 ad
2828 4934 3020 4994 terras,
3051 4920 3246 4979 docuit
3276 4915 3412 4992 quid
3447 4909 3701 4971 faciendo
3727 4923 3921 4965 manus

2326 5151 2434 5192 non
2462 5128 2802 5187 manducant.

2405 5179 2755 5278 adligantis
2784 5193 2917 5278 edit.
2958 5207 3022 5248 ac
3050 5188 3236 5278 plures
3257 5199 3435 5278 nisls:
3446 5179 3921 5278 fibefgnﬁrfat:

2331 5247 2530 5335 melius
2561 5282 2742 5328 tamen
2793 5247 2890 5323 alii
2908 5247 3200 5335 nonnulli,
3247 5263 3295 5312 et
3575 5255 3838 5335 creatam,
3860 5247 3926 5301 Et

2331 5320 2771 5415 503361133651,
2796 5320 2903 5392 ubi
2932 5342 3045 5390 vet.
3081 5320 3215 5415 edit.
3257 5335 3312 5383 et
3342 5323 3506 5415 multi
3558 5320 3839 5415 mssiased
3880 5334 3929 5415 sf

2333 5387 2598 5408 νυιηιμυυ
2668 5387 2750 5397 νυ-
2809 5387 2902 5392 η-

2333 5387 2726 5479 dissimulatrab
2756 5387 2816 5466 ’ea
2845 5424 2950 5462 non
2987 5403 3334 5479 caudemnure
3353 5416 3374 5464 ;
3415 5397 3572 5478 Bon).
3624 5387 3837 5448 edit....
3868 5387 3926 5442 ob

2333 5512 2393 5552 ea
2420 5469 2758 5547 condemnari
2783 5498 2803 5546 ;
2832 5475 3180 5552 commodius
3208 5471 3305 5528 alii
3322 5477 3383 5526 ut
3413 5470 3470 5552 in
3487 5469 3785 5552 conwatu.

2404 5533 2876 5689 {ii'fiiié’iei’ms
2905 5533 2963 5605 in
3003 5533 3126 5605 cod.
3166 5545 3307 5600 bene
3337 5539 3531 5596 multis
3559 5533 3924 5595 desideratur.

2429 5650 2489 5689 ra
2515 5643 2734 5689 quoque
2759 5623 2853 5679 ubi
2886 5628 2996 5677 vet.
3048 5616 3183 5674 edit.
3215 5632 3280 5672 ac
3310 5629 3449 5689 mss.
3489 5609 3728 5689 aliquot,
3762 5604 3924 5689 Citri—

2337 5604 2491 5693 Inira
2509 5604 2853 5709 adiuitis
2886 5628 2996 5709 vet.
3048 5616 3280 5709 edit.nac
3310 5609 3729 5709 mss...‘aliquot,l
3762 5604 3928 5709 Citri—

2338 5676 3028 5763 iiiiic‘éii‘tiéc'ﬁmtuus
3055 5695 3147 5763 est,
3182 5689 3342 5746 Rom.
3365 5682 3499 5739 edit.
3522 5676 3651 5739 cum
3676 5676 3930 5750 pluribus

2339 5762 2470 5836 mss.
2498 5769 2764 5858 expungit
2787 5774 2851 5828 τὸ
2877 5771 2925 5820 et
2951 5762 3131 5849 υὶωίι..
