3976 6382
143 442 243 501 177
1239 447 1601 509 COMMENT.
1643 448 1716 507 IN
1751 447 1969 508 EPIST.
2011 451 2109 509 AD
2148 453 2317 511 ROM.

3326 461 3431 520 178

141 586 437 660 piratarum
456 590 739 662 effugeret.
771 592 998 664 Propter
1044 590 1193 664 quod
1218 598 1273 649 et
1300 590 1478 649 occidi
1508 609 1566 649 se
1594 608 1727 665 pas-
1755 574 1809 636 Α
1840 574 1969 674 fini?
1998 591 2113 674 PO“
2163 576 2270 674 δρο
2314 577 2700 674 διξρθηῐίίίοηθ
2746 578 2899 648 facit»
2951 580 3047 637 sed
3076 583 3294 655 “more,
3324 602 3428 646 8110

139 694 229 733 sus
247 686 332 735 est
367 679 437 735 ab
467 679 729 749 inimicis,
772 688 835 737 ut
866 663 1200 737 descendens
1243 681 1312 738 ad
1342 680 1566 752 inferos,
1594 663 1729 756 quia
1834 663 2049 756 «Ῑυάξίξίο
2079 666 2491 756 τθωίιιθηάιιω·

140 765 404 824 innocens
450 776 566 825 erat
615 769 846 837 occisus,
896 786 1051 826 reum
1099 770 1300 828 faceret
1328 780 1633 843 peccatum,
1664 779 1726 828 ut

137 872 275 928 quos
348 856 571 913 tenebat
630 857 775 929 apud
814 858 1041 926 inferos,
1098 859 1392 915 amitteret.
1451 860 1721 927 Quoniam

134 959 263 1016 ergo
295 944 444 1000 vivis
472 945 713 1001 ostendit
751 946 898 1002 tiam
943 947 1157 1014 salutis,
1208 964 1271 1003 ac
1299 964 1355 1004 se
1384 948 1585 1004 obtulit
1623 966 1721 1021 pro

132 1030 234 1099 eis,
266 1040 513 1089 mortuos
534 1050 662 1089 vero
692 1034 947 1092 liberavit
968 1036 1034 1092 de
1064 1036 1303 1105 inferno,
1320 1046 1430 1093 tam
1463 1036 1720 1094 vivorum

132 1137 297 1193 quam
350 1128 691 1178 mortuorum
748 1124 1101 1192 dominatur;
1161 1141 1230 1182 ex
1287 1126 1519 1199 perditis
1569 1126 1717 1183 enim

133 1209 331 1266 iterum
355 1211 678 1269 reformavit
707 1212 814 1270 sibi
844 1214 970 1270 illos
1000 1215 1058 1271 in
1084 1231 1289 1272 servos.

202 1299 385 1369 (Vers.
412 1301 525 1373 10.)
562 1325 584 1350 ι
609 1302 691 1358 Τιι
706 1310 887 1359 autem
911 1304 1046 1377 quid
1056 1303 1278 1376 judicas
1304 1305 1529 1362 fratrem
1557 1312 1716 1361 tuum

134 1388 188 1442 in
215 1403 327 1445 non
359 1389 572 1446 edendo
603 1391 721 1463 (18)
752 1392 780 1447 ἳ
820 1400 916 1449 aut
950 1402 1008 1448 tu
1045 1410 1211 1466 quare
1248 1394 1461 1465 spernis
1490 1395 1715 1450 fratrem

130 1483 285 1534 tuum
316 1478 373 1534 in
399 1479 655 1537 edendo?
685 1481 888 1539 Omnes
914 1481 1062 1539 enim
1090 1483 1359 1541 stabimus
1387 1493 1514 1541 ante
1544 1484 1717 1540 tribu-

129 1569 216 1625 nal
243 1568 471 1628 Christi.
506 1597 525 1619 ι
563 1573 733 1629 Docet
780 1590 893 1630 non
932 1582 1182 1646 oportere
1221 1573 1473 1645 judicare
1516 1574 1574 1630 in
1614 1573 1715 1630 hac

129 1675 204 1727 re,
233 1666 352 1716 tum
383 1661 513 1735 quia
535 1678 646 1719 non
675 1663 992 1720 continetur
1020 1664 1079 1719 in
1122 1664 1260 1737 lege,
1296 1672 1557 1736 praeterea
1584 1681 1713 1721 cum

126 1750 295 1805 Deum
320 1746 567 1820 judicem
597 1759 1000 1824 exspectemus.

195 1837 375 1907 (Vers.
400 1839 512 1911 11.)
553 1863 571 1886 ι
606 1839 881 1912 Scriptum
900 1850 983 1898 est
1031 1843 1182 1898 enim
1215 1861 1225 1899 :
1264 1844 1407 1900 Vivo
1424 1861 1541 1917 ego,
1576 1843 1714 1903 dicit

1912 754 2093 820 (Vers.
2131 755 2244 828 15.)
2288 779 2306 802 ι
2335 758 2472 813 Nam
2514 757 2561 813 si
2594 764 2816 830 propter
2859 775 3038 817 escam
3087 762 3253 821 frater
3295 773 3426 824 tuus

1835 843 2211 912 contristatur,
2237 842 2351 916 jam
2378 862 2491 901 non
2533 846 2836 903 secundum
2865 846 3190 908 cbaritatem
3218 853 3425 911 ambu-

1836 931 1933 985 las.
1966 956 1983 979 ι
2024 933 2086 987 In
2118 932 2225 987 alia
2253 931 2485 1004 epistola
2499 933 2671 991 dicit:
2715 959 2733 982 ε
2754 937 2895 995 Esca
2914 939 3119 1008 ventri,
3147 949 3201 997 et
3229 950 3424 999 venter

1832 1018 1998 1087 escis;
2023 1028 2077 1075 et
2105 1019 2257 1078 hunc
2285 1029 2338 1076 et
2354 1021 2452 1078 has
2472 1024 2616 1080 Deus
2645 1022 2888 1082 destruet
2906 1026 2965 1099 (Ι
2992 1028 3117 1085 Cor.
3150 1047 3231 1096 vr,
3256 1031 3368 1103 19).
3390 1059 3409 1080 ιι

1832 1106 1972 1174 Quia
2000 1124 2110 1166 non
2141 1109 2208 1165 de
2234 1126 2356 1166 esca
2384 1118 2477 1167 aut
2504 1112 2681 1184 placet
2710 1114 2833 1187 quis
2859 1117 2971 1172 Deo
3002 1124 3097 1172 aut
3128 1116 3417 1192 displicet;

1829 1199 1955 1256 ideo
2005 1198 2327 1255 cbaritatem
2380 1200 2692 1256 sectandam
2740 1211 2946 1270 monet,
2992 1220 3098 1278 qua
3143 1223 3243 1263 nos
3271 1210 3420 1267 Deus

1829 1288 2061 1344 liberare
2108 1287 2367 1362 dignatus
2415 1296 2533 1356 est;
2579 1289 2847 1347 sicenim
2877 1291 2995 1348 ait:
3039 1296 3184 1353 Deus
3230 1305 3416 1355 autem

1828 1385 2051 1450 propter
2079 1377 2401 1435 cbaritatem
2424 1378 2652 1435 nimiam
2686 1379 2943 1437 misertus
2976 1390 3058 1438 est
3086 1384 3259 1440 nostri
3292 1386 3411 1458 (23)

1831 1468 2046 1540 (Ephes.
2082 1486 2141 1537 ιι,
2172 1467 2251 1540 4).
2285 1468 2391 1536 Qui
2423 1485 2551 1543 ergo
2599 1469 2766 1545 hujus
2816 1470 3069 1530 beneficii
3100 1492 3311 1534 memor
3332 1488 3416 1536 est

1827 1556 1969 1612 hanc
1999 1557 2223 1625 excolit,
2253 1574 2353 1613 nec
2398 1558 2479 1613 illi
2523 1559 2734 1633 aliquid
2775 1562 3097 1633 anteponit;
3138 1564 3234 1621 sed
3262 1581 3415 1638 prae-

1826 1645 2082 1702 termittit
2112 1647 2373 1712 maxima,
2405 1663 2523 1720 quae
2569 1648 2675 1705 scit
2719 1650 3140 1722 promissionem
3166 1670 3278 1711 non
3307 1671 3413 1729 pa-

1825 1750 1945 1790 rare
1973 1735 2120 1807 apud
2150 1738 2344 1791 Deum.

1910 1848 1929 1870 ‹
1956 1825 2080 1880 Noli
2113 1825 2237 1881 cibo
2266 1834 2361 1882 tuo
2390 1825 2615 1899 perdere
2644 1826 2827 1898 illum,
2876 1846 2975 1903 pro
3019 1848 3128 1906 quo
3157 1832 3413 1893 Christus

125 1925 420 1995 Dominus,
451 1927 582 2001 quia
612 1927 753 1983 mihi
792 1928 1045 1986 ῃεοιειω.
1077 1948 1239 1988 omne
1270 1949 1433 2003 genu,
1461 1940 1515 1989 et
1546 1932 1712 1989 conﬁ.
1740 1934 1787 1996 Β
1823 1922 2073 1971 mortuus
2123 1923 2224 1971 est.
2259 1941 2275 1963 ι·
2340 1917 2615 1984 Quantum
2662 1918 2842 1976 valeat
2891 1921 3038 1978 salus
3087 1922 3293 1993 fratris,
3341 1943 3412 1983 ex

127 2014 328 2071 tebitur
355 2017 541 2074 omnis
583 2019 773 2090 lingua
816 2021 930 2077 Deo
978 2020 1112 2091 (Isa.
1146 2038 1274 2089 xcv,
1307 2022 1422 2095 24).
1452 2048 1470 2070 ι
1514 2022 1629 2080 Hoc
1656 2023 1715 2079 in

126 2103 258 2160 Isaia
296 2106 569 2177 scriptum
604 2115 704 2174 est,
738 2109 867 2180 quia
901 2110 1083 2164 omnis
1128 2109 1318 2182 lingua
1361 2111 1716 2168 conﬁtebitur

123 2194 232 2249 Deo
261 2192 319 2249 in
351 2192 462 2249 ﬁde
491 2194 718 2251 Christi.
742 2198 878 2253 Nam
896 2197 1025 2271 quia
1040 2198 1253 2255 occisus
1271 2199 1571 2255 resurrexit
1594 2200 1711 2272 (I9)

124 2280 346 2338 futurus
370 2280 568 2354 judex,
596 2292 740 2341 recte
769 2286 847 2341 ait
880 2304 892 2341 :
939 2310 957 2333 ‹
988 2285 1134 2343 Vivo
1172 2303 1291 2359 ego,
1348 2287 1486 2344 dicit
1512 2288 1714 2344 Domi-

122 2386 255 2437 nus;
281 2397 300 2419 ι
337 2379 395 2427 et
422 2388 532 2428 non
562 2374 741 2430 solum
788 2374 941 2443 vivo,
967 2376 1065 2432 sed
1096 2385 1150 2432 et
1185 2375 1540 2448 judicaturus
1564 2395 1725 2448 sum,-

120 2468 169 2515 et
198 2460 417 2518 inimici
469 2462 769 2535 stupebunt
817 2464 875 2520 in
920 2481 1005 2521 me
1037 2465 1179 2537 (20),
1210 2472 1263 2521 et
1283 2482 1426 2538 genu
1469 2467 1710 2539 flectant,

130 2558 522 2621 cognoscentes
546 2568 631 2607 me
660 2554 835 2609 Deum
862 2553 929 2610 de
956 2556 1090 2611 Deo.

192 2640 377 2710 (Vers.
407 2641 521 2713 12.)
562 2665 581 2688 ‹
610 2643 798 2715 Itaque
824 2659 969 2700 unus
996 2644 1230 2718 quisque
1259 2655 1508 2702 nostrum
1536 2663 1634 2719 pro
1654 2663 1712 2704 se

132 2726 401 2785 rationem
432 2728 623 2787 reddet
665 2733 799 2787 Deo.
830 2757 847 2780 ι
904 2733 1196 2801 Quoniam,
1246 2734 1451 2807 inquit,
1483 2751 1585 2791 nos
1613 2750 1711 2807 pro

123 2818 277 2875 nobis
298 2818 540 2877 invicem
572 2820 841 2876 reddituri
896 2838 1089 2878 sumus
1134 2823 1421 2893 rationem,
1472 2842 1582 2881 non
1614 2842 1713 2882 nos

126 2906 179 2963 in
221 2907 324 2965 hac
370 2917 542 2981 parte,
590 2927 711 2983 quas
752 2927 919 2983 supra
962 2912 1167 2985 scripta
1220 2921 1323 2983 est,
1381 2915 1711 2971 alterutrum

125 2996 574 3054 condemnemus.

191 3086 375 3155 (Vers.
413 3086 527 3159 13.)
567 3110 585 3133 ε
615 3088 736 3145 Νοιι
773 3104 902 3161 ergo
930 3088 1167 3161 amplius
1196 3088 1438 3146 invicem
1483 3088 1711 3162 judice-

124 3190 259 3241 mus,
285 3201 304 3224 ι
371 3175 427 3231 id
484 3184 585 3243 est,
615 3178 849 3249 scientes
879 3177 1004 3246 hoc,
1032 3194 1304 3235 cessemus
1333 3197 1366 3236 a
1410 3180 1706 3238 discordia.

1824 2011 1999 2060 morte
2046 2003 2253 2062 Christi
2308 2007 2674 2079 cognoscitur.
2729 2013 2869 2070 103
2924 2011 3111 2083 Itaque
3158 2012 3255 2086 qui
3309 2013 3415 2072 scit

1824 2109 2092 2174 quantum
2124 2110 2357 2170 constet,
2390 2102 2716 2159 conﬁrmare
2737 2103 2897 2161 illum
2918 2105 3099 2175 debet,
3128 2122 3240 2163 non
3256 2124 3411 2165 scan-

1823 2188 2080 2258 dalizare,
2116 2197 2177 2246 ut
2205 2206 2275 2246 ex
2318 2207 2375 2246 re
2405 2191 2605 2247 frivola
2645 2192 2810 2249 faciat
2854 2193 2938 2249 illi
2966 2195 3323 2268 scrupulum:
3357 2206 3412 2255 et

1824 2277 2051 2351 incipiat
2096 2278 2345 2335 haesitare
2391 2296 2460 2336 an
2509 2281 2889 2340 manducanda
2922 2299 3050 2340 caro
3078 2284 3169 2352 sit,
3201 2301 3394 2354 necne,

1822 2367 1917 2439 qui
1942 2367 2083 2424 forte
2102 2367 2430 2440 simpliciter
2457 2368 2673 2438 edebat,
2706 2387 2931 2427 securus
2975 2371 3043 2428 de
3070 2373 3411 2430 conscientia

1821 2472 1936 2512 sua.
1992 2458 2065 2513 At
2120 2474 2249 2514 vero
2298 2474 2426 2515 cum
2477 2458 2681 2515 adeunt
2714 2460 3122 2531 controversiae,
3181 2463 3412 2536 incipiet

1819 2546 2231 2617 perturbatione
2261 2549 2317 2604 in
2346 2551 2445 2606 Dei
2475 2558 2781 2609 creaturam
2822 2570 3067 2627 peccare,
3113 2564 3168 2612 et
3214 2555 3322 2611 erit
3351 2556 3409 2613 in

1822 2636 2085 2708 injuriam
2133 2638 2425 2707 Creatoris,
2475 2656 2595 2713 quas
2645 2641 2896 2714 proﬁciet
2935 2644 3003 2700 ad
3041 2643 3407 2717 perditionem

1821 2724 2147 2782 dubitantis.

1893 2815 2076 2888 (Vers.
2126 2816 2239 2889 16.)
2305 2840 2321 2862 ι
2372 2817 2492 2873 Non
2550 2833 2677 2892 ergo
2727 2819 3141 2892 blasphematur
3196 2821 3407 2879 bonum

1820 2912 2090 2961 nostrum.
2131 2929 2148 2951 ι
2211 2905 2327 2961 Hoc
2363 2912 2469 2971 est,
2513 2905 2767 2965 doctrina
2810 2908 3125 2978 Dominica,
3167 2928 3295 2967 cum
3336 2911 3411 2968 sit

1819 2994 1964 3050 bona
2014 3001 2069 3051 et
2116 2995 2392 3063 salutaris,
2447 3012 2560 3052 non
2607 2996 2769 3052 debet
2830 3014 2924 3070 per
2976 3014 3092 3053 rem
3148 2998 3406 3069 frivolam

1817 3086 2185 3160 blasphemari
2213 3106 2227 3154 ;
2256 3086 2670 3160 blasphematur
2715 3096 2920 3158 autem,
2964 3106 3091 3147 cum
3123 3088 3412 3150 dubitatur

1818 3175 1884 3232 de
1928 3176 2026 3232 Dei
2084 3184 2352 3233 creatura.
2416 3178 2602 3234 Potest
2649 3185 2704 3234 et
2756 3178 2837 3236 sic
2898 3178 3137 3252 intelligi
3193 3179 3403 3253 bonum

138 3288 154 3311 ι
182 3264 286 3321 Sed
317 3265 376 3321 in
404 3265 511 3323 hoc
533 3267 783 3339 judicate
812 3268 1005 3340 magis,
1049 3284 1117 3324 ne
1144 3270 1361 3342 ponatis
1390 3271 1709 3329 oﬁendicu-
1740 3286 1783 3347 ο
1814 3272 2064 3322 nostrum
2093 3264 2485 3339 blasphemari,
2523 3267 2653 3340 quia
2680 3268 2776 3340 qui
2824 3266 2969 3324 bona
3015 3284 3181 3340 opera
3210 3268 3401 3335 habet,

123 3354 232 3408 lum
281 3355 465 3424 fratri,
516 3357 603 3413 vel
657 3357 997 3414 scandalum.
1035 3384 1053 3406 ιι
1116 3360 1178 3415 In
1228 3375 1293 3414 eo
1342 3358 1706 3430 judicandum

121 3452 322 3512 monet,
369 3445 515 3517 quod
558 3446 730 3518 prosit
761 3445 902 3517 (21),
922 3446 1071 3518 quod
1101 3454 1278 3517 potest
1297 3454 1352 3502 et
1378 3449 1707 3506 auctoritate

121 3531 249 3605 legis
276 3533 499 3590 defendi
526 3553 537 3591 :
569 3535 712 3590 nulli
750 3542 931 3591 autem
979 3535 1210 3591 fratrum
1253 3551 1474 3592 carnem
1522 3537 1705 3594 edenti

118 3628 208 3675 aut
233 3638 345 3678 non
378 3623 561 3678 edenti
592 3623 684 3678 fiat
705 3622 1047 3679 scandalum.

187 3712 373 3781 (Vers.
426 3711 539 3781 14.)
590 3736 608 3759 ι
643 3713 768 3770 Scio
807 3720 861 3769 et
906 3712 1126 3770 conﬁdo
1174 3714 1232 3771 in
1290 3716 1529 3773 Domino
1577 3718 1708 3790 quia

120 3801 259 3857 nihil
290 3819 588 3859 commune
632 3821 728 3876 per
765 3804 967 3876 ipsum.
1011 3831 1030 3854 ι
1084 3806 1435 3863 Manifestum
1467 3811 1707 3882 estquia

118 3892 416 3951 Salvatoris
443 3893 714 3951 beneﬁcio
739 3896 927 3951 omnia
952 3896 1159 3952 munda
1199 3905 1349 3966 sunt,
1381 3898 1477 3971 qui
1508 3898 1575 3955 de
1603 3899 1705 3956 sub

115 3980 240 4054 jngo
275 3982 435 4054 Legis
475 3999 671 4038 eruens
712 3983 965 4040 homines
999 3992 1053 4040 et
1093 3984 1423 4057 justiﬁcans,
1466 3987 1708 4044 reddidit

118 4078 314 4128 statum
348 4072 596 4144 pristinas
640 4071 944 4140 libertatis;
1005 4081 1066 4129 ut
1106 4074 1260 4146 digni
1308 4076 1420 4131 sint
1463 4077 1544 4133 uti
1591 4085 1707 4133 tota

120 4169 381 4230 creatura,
411 4162 557 4219 sicut
598 4170 653 4219 et
683 4170 892 4219 veteres
921 4166 1117 4222 sancti.
1174 4166 1279 4234 Qui
1310 4176 1492 4223 autem
1521 4168 1707 4226 adhuc

121 4249 215 4305 sub
257 4253 370 4324 lege
421 4260 571 4322 sunt,
627 4269 740 4309 non
789 4254 914 4311 licet
970 4255 1083 4311 illis
1107 4256 1188 4313 uti
1239 4265 1333 4314 aut
1373 4258 1552 4327 edere,
1585 4276 1703 4332 quae

124 4338 365 4407 prohibet
398 4342 536 4409 Lex;
586 4342 716 4415 quia
744 4343 1147 4417 indulgentiam
1182 4345 1365 4403 datam
1413 4358 1699 4421 spernunt.

123 4424 232 4482 Non
260 4429 407 4486 enim
438 4431 740 4487 secundum
765 4440 1017 4488 naturam
1039 4450 1217 4503 suam,
1246 4435 1339 4491 sed
1358 4453 1481 4493 cum
1515 4445 1707 4495 contra

124 4514 350 4575 edictum
380 4510 641 4589 eduntur,
690 4522 980 4579 immunda
1018 4532 1166 4579 sunt.
1196 4526 1444 4599 Denique
1477 4529 1535 4583 in
1566 4529 1704 4601 Lege

1815 3353 1944 3409 siin
1988 3354 2095 3409 alia
2142 3355 2572 3426 reprehendatur
2611 3371 2669 3411 re
2723 3356 2971 3423 minima,
3008 3355 3217 3412 bonum
3268 3357 3411 3415 illud

1815 3457 1977 3497 suum
2020 3443 2267 3511 offuscat,
2298 3451 2353 3498 et
2386 3442 2616 3515 incipiet
2633 3441 2842 3498 bonum
2882 3442 2999 3514 ejus
3025 3443 3397 3515 blasphemari

1816 3544 1912 3604 per
1944 3530 2149 3586 malum
2178 3529 2317 3602 ejus,
2342 3530 2486 3588 sicut
2528 3532 2795 3603 scriptum
2837 3541 2917 3588 est
2956 3532 3015 3587 in
3061 3534 3350 3591 Ezechiele
3388 3553 3401 3591 :

1830 3643 1849 3666 ι
1885 3618 2107 3675 Iustitia
2132 3617 2268 3691 justi
2318 3635 2429 3674 non
2471 3619 2737 3692 proﬁciet,
2782 3619 2827 3675 si
2867 3621 3134 3678 erraverit
3183 3622 3401 3694 (Ezech.

1816 3724 2020 3777 χχχιιι,
2051 3708 2163 3780 12).
2213 3732 2231 3756 ι
2268 3708 2396 3764 Tale
2420 3715 2521 3776 est,
2558 3708 2605 3765 si
2653 3708 2776 3782 quis
2828 3709 3039 3782 aliquid
3086 3710 3216 3767 vitii
3266 3712 3408 3769 forte

1815 3796 2047 3854 decorus
2074 3797 2273 3856 habeat
2302 3799 2419 3871 (24)
2450 3800 2510 3855 in
2540 3799 2739 3869 fronte,
2771 3808 2864 3856 aut
2887 3817 3080 3857 nasum
3128 3802 3405 3870 collisum,

1815 3890 1961 3948 unde
1990 3890 2329 3948 deformetur
2371 3892 2577 3965 species
2624 3893 2761 3965 ejus.
2808 3894 3042 3969 Ideoque
3080 3895 3178 3952 illa
3222 3907 3410 3955 monet

1815 3979 2087 4049 sectanda,
2134 3997 2255 4053 qum
2302 3981 2463 4038 bonis
2493 3982 2719 4057 reliquis
2756 3999 2867 4040 non
2900 3984 3097 4041 tollant
3136 3985 3404 4044 favorem.

1888 4070 2070 4143 (Vers.
2106 4070 2218 4143 17.)
2265 4095 2283 4119 ι
2314 4072 2435 4128 Νοιι
2457 4080 2540 4128 est
2584 4073 2732 4128 enim
2782 4090 3008 4145 regnum
3047 4074 3147 4131 Dei
3193 4092 3315 4133 esca
3352 4085 3408 4133 et

1815 4171 1997 4236 potus.
2038 4186 2057 4210 ι
2124 4160 2475 4219 Manifestum
2530 4169 2611 4218 est
2668 4163 2799 4236 quia
2862 4179 3023 4219 nemo
3075 4180 3172 4237 per
3226 4181 3406 4223 escam

1814 4253 1989 4324 placet
2035 4254 2147 4309 Deo
2199 4261 2294 4308 aut
2343 4252 2616 4325 displicet.
2684 4277 2701 4300 ε
2740 4252 2842 4309 Sed
2881 4252 3119 4325 justitia,
3164 4263 3219 4311 et
3274 4270 3402 4328 pax,

1812 4348 1865 4396 et
1895 4340 2155 4413 gaudium
2188 4342 2243 4397 in
2274 4341 2480 4414 Spiritu
2504 4349 2713 4399 sancto.
2755 4366 2773 4389 ι
2824 4344 2933 4399 Hos
2960 4343 3019 4399 in
3048 4360 3275 4417 regnum
3304 4345 3405 4400 Dei

1812 4430 1950 4489 dicit
1978 4430 2202 4499 intrare,
2235 4432 2329 4504 qui
2354 4430 2629 4502 justitiam
2658 4442 2984 4507 sequuntur,
3015 4433 3109 4490 sed
3139 4434 3403 4491 Christia-

1811 4536 1938 4576 nam
1967 4519 2229 4576 habentes
2257 4535 2464 4593 pacem,
2488 4537 2653 4594 quam
2675 4521 2946 4577 Dominus
2971 4521 3143 4589 dedit,
3174 4520 3361 4578 dicens
3386 4538 3397 4575 :

118 4602 232 4659 ait:
279 4608 500 4665 «Erunt
554 4609 1022 4679 immundavobis,
1071 4620 1175 4669 etc.
1215 4615 1404 4685 (Leuit.
1438 4634 1518 4685 χι,
1555 4617 1635 4689 li).
1670 4645 1688 4667 ι
1729 4637 1778 4696 D
1826 4642 1844 4664 ι
1885 4618 2076 4674 Pacem
2121 4634 2296 4673 meam
2344 4616 2415 4673 do
2457 4618 2635 4686 vobis,
2685 4634 2872 4690 pacem
2933 4618 3188 4689 relinquo
3244 4614 3402 4672 vobis

198 4716 213 4737 ε
243 4696 311 4751 Et
338 4698 498 4770 plane
525 4697 621 4772 qui
648 4699 935 4756 existimat
976 4701 1189 4774 aliquid
1234 4718 1351 4760 esse
1380 4720 1695 4775 commune,

1816 4706 1996 4778 (Joan.
2028 4724 2145 4776 xxv,
2177 4708 2305 4779 27);
2348 4732 2365 4754 ι
2409 4723 2478 4763 ex
2513 4724 2622 4781 qua
2640 4707 2820 4764 oritur
2840 4707 3097 4779 gaudium
3112 4706 3168 4761 in
3190 4706 3401 4778 Spiritu

125 4776 199 4834 illi
226 4799 515 4843 commune
539 4795 640 4844 est.
670 4813 687 4834 -
731 4788 860 4845 Sive
892 4790 989 4863 qui
1019 4806 1089 4845 ex
1116 4791 1306 4848 Iudaeo
1357 4793 1699 4851 christianus
1806 4776 2013 4853 sancto.
2044 4776 2375 4868 Disceptatio
2404 4776 2585 4852 autem
2617 4813 2728 4852 non
2759 4776 2924 4851 habet
2968 4776 3251 4866 gaudium,
3303 4795 3397 4851 sed

124 4877 213 4958 est,
258 4875 371 4931 sive
421 4877 648 4949 gentilis
710 4877 889 4933 ﬁdelis
932 4886 1089 4951 putat
1156 4897 1271 4936 esse
1327 4882 1542 4956 aliquid
1588 4887 1699 4942 tale
1805 4885 1982 4953 iram;
2016 4886 2139 4942 ideo
2168 4903 2277 4944 non
2305 4887 2422 4942 illic
2458 4885 2683 4957 respicit
2719 4884 2957 4956 Spiritus
2990 4891 3230 4953 sanctus,
3270 4885 3400 4958 quia

129 4957 420 5046 vitandum,
453 4964 569 5038 ipse
588 4975 674 5023 est
690 4983 851 5040 quem
883 4984 1047 5040 supra
1065 4967 1349 5027 inﬁrmum
1379 4971 1517 5029 dicit
1544 4972 1693 5046 (22);

1805 4976 2001 5049 gaudet
2029 4978 2087 5033 in
2118 4977 2249 5034 solis
2271 4976 2531 5049 paciﬁcis.
2565 4975 2718 5033 Sicut
2747 4975 2896 5032 enim
2935 4991 3005 5032 ex
3045 4974 3206 5032 nobis
3251 4990 3397 5032 con-

126 5044 408 5110 dubitando
462 5055 609 5110 enim
668 5062 750 5111 est
810 5055 1087 5112 inﬁrmus.
1140 5058 1303 5130 Apud
1358 5059 1523 5117 istum
1582 5044 1697 5118 im-
1804 5044 2074 5134 tristatur,
2101 5065 2181 5122 sic
2210 5044 2488 5137 et—gaudet
2519 5065 2573 5118 in
2610 5062 2790 5120 nobis.

130 5137 377 5198 mundum
452 5149 569 5213 est,
636 5143 784 5215 quod
840 5152 999 5217 putat
1055 5161 1167 5201 non
1222 5146 1498 5206 edendum
1560 5169 1572 5207 :
1642 5158 1698 5209 et

192 5314 497 5399 (IQVoces
528 5321 585 5377 in
609 5338 737 5399 _non
775 5321 986 5392 edendo,
1027 5330 1082 5379 et
1110 5323 1256 5382 infra
1293 5325 1353 5382 in
1392 5328 1607 5399 edendo,
1635 5332 1693 5389 in

130 5382 427 5466 editullohm.
441 5463 451 5466 _
464 5391 729 5466 jugulataa
757 5402 904 5451 sunt.

221 5458 301 5603 19)
330 5458 493 5521 Corh.
516 5458 662 5532 c'od.,
703 5466 843 5523 Nam
868 5466 961 5537 qui
997 5467 1194 5523 occisus
1234 5476 1329 5536 est,
1369 5475 1695 5531 resurrexit.

216 5526 278 5587 20
328 5533 527 5592 Omnes
557 5536 692 5593 edit.
723 5544 779 5594 et
806 5553 936 5595 mss.
984 5538 1212 5603 aliquot,
1242 5547 1290 5596 et
1318 5542 1519 5598 inimici
1546 5544 1694 5603 fate-

330 5621 408 5689 me
429 5625 451 5689 ί
480 5608 760 5689 nonnulli,
790 5593 961 5665 in,
981 5593 1693 5689 {eaaé'r'ifqiiié'iﬁrbﬁ-

135 5672 300 5752 “om,
320 5672 476 5752 pobis
503 5672 928 5752 adstipulantur.

197 5740 302 5817 (21)
322 5747 447 5808 Mss.
481 5740 759 5822 nonnulli,
789 5753 932 5825 quod
950 5754 1153 5826 prodit.

1877 5156 2058 5230 (Vers.
2094 5154 2206 5225 18.)
2279 5178 2298 5202 ι
2334 5153 2440 5222 Qui
2488 5154 2637 5213 enim
2693 5154 2752 5210 in
2800 5154 2907 5214 hoc
2952 5156 3123 5213 servit
3171 5154 3395 5216 Christo

1876 5332 1995 5415 (22)
2020 5332 2171 5390 Edit.
2203 5348 2267 5391 ac
2294 5330 2454 5408 pauci
2472 5348 2628 5401 mss.,
2650 5350 2800 5405 quem
2822 5335 3103 5407 Scriptura
3122 5333 3395 5406 inﬁrmum

1800 5404 1948 5461 dicit.

1876 5476 1993 5551 (23)
2024 5475 2152 5536 Mss.
2208 5476 2437 5551 aliquot,
2480 5483 2708 5551 propter,
2741 5476 3047 5533 cbaritatem
3075 5493 3248 5545 suam,
3279 5494 3397 5549 qua:

328 5533 527 5592 Omnes
557 5536 779 5619 editLet
801 5533 936 5619 mss.
984 5538 1219 5619 aliquot,
1242 5547 1290 5596 et
1310 5533 1519 5619 inimici
1545 5544 1694 5619 fqte-
1802 5533 1992 5603 ᾱὶιὶωὶἱ
2025 5533 2517 5619 ηοέέτηίεθὶιιὶέᾏέι
2539 5533 2727 5607 nostri.

1876 5620 1992 5693 (2t)
2020 5621 2102 5695 I_t_a
2124 5618 2252 5695 mss.
2284 5622 2444 5695 longe
2484 5621 2711 5693 plurimi
2743 5638 2755 5676 :
2786 5618 2906 5695 alii_
2930 5635 3068 5695 vero
3112 5621 3394 5695 nonnulli,

1801 5689 2150 5765 atque'edit”
2184 5693 2243 5750 Si
2268 5689 2625 5767 quis'deccm
2654 5706 2846 5747 novum
2874 5689 3013 5761 forte
3049 5691 3254 5757 habeat,
3285 5699 3392 5749 etc.
