3976 6376
176 387 282 444 181

1284 401 1644 463 COMMENT.
1689 407 1762 466 IN
1798 409 2017 471 EPIST.
2058 417 2157 474 AD
2195 419 2364 480 ΗΟΜ.

3379 435 3482 494 182

248 513 437 628 (Vers.
471 515 553 589 2.)
601 516 721 628 «JEt
748 533 860 628 non
908 520 1320 628 nobismetipsis
1348 529 1630 628 placeret:
1677 511 1786 594 hoc
1817 540 1869 602 A
1887 539 2052 612 juxta
2103 559 2322 602 sensum
2383 546 2590 606 Christi
2633 550 2841 610 fuerint
2893 555 3200 628 exhortati;
3259 569 3321 618 ut
3364 560 3486 619 sine

174 612 280 671 est,
334 621 445 662 non
493 607 641 681 quod
687 608 848 666 nobis
903 611 1076 682 prosit
1120 622 1174 670 et
1216 615 1428 687 placeat
1475 620 1777 695 vindicare,

1887 629 2185 688 cessatione
2238 634 2464 695 laudent
2511 640 2685 696 Deum
2746 641 2955 711 omnia,
3011 660 3132 717 quae
3200 645 3334 706 fecit
3386 667 3484 722 per

170 695 269 751 sed
329 707 383 754 et
408 699 586 808 ‘quod
643 700 847 768 fratri;
880 704 1007 775 quia
1064 703 1305 763 invicem
1360 726 1546 768 curam
1602 715 1780 772 nostri
1887 719 2192 791 Christum,
2224 732 2278 780 et
2306 734 2428 799 post
2471 745 2712 786 errorem
2760 732 2910 806 lapsa
2937 695 3067 805 (3;)
3101 751 3199 808 per
3226 695 3482 797 eumdxem

167 801 339 856 agere
393 789 674 847 debemus.
732 817 751 839 ι
794 793 1178 868 Unusquisque
1220 799 1476 870 proximo
1522 819 1622 859 suo
1651 806 1779 878 pla-

1888 808 2086 867 iterum
2130 813 2334 887 erigere
2379 825 2433 873 et
2477 817 2777 876 reformare
2823 820 3081 895 dignatus
3123 832 3227 894 est,
3274 825 3482 900 duplex

166 891 294 939 ceat
337 884 394 941 in
428 885 573 942 bono
616 887 684 943 ad
733 887 1175 948 aediﬁcationem.
1210 917 1227 939 ι
1284 894 1444 952 Nunc
1490 913 1776 968 personam
1886 884 2388 974 dansbeneﬁcium,
2413 906 2849 966 misericordiam
2865 884 2920 967 et
2939 884 3313 985 cognitionem
3339 884 3479 988 (‘35).

167 987 336 1028 suam
387 974 682 1042 discrevit;
725 976 824 1033 hns
868 979 1014 1034 enim
1064 991 1399 1052 commonet,
1428 992 1490 1040 ut
1519 986 1776 1044 charitati

166 1060 464 1120 studentes
503 1064 769 1138 proximis
799 1068 1048 1140 placeant
1089 1070 1156 1128 ad
1188 1070 1266 1141 id,
1316 1073 1462 1146 quod
1509 1083 1589 1132 est
1617 1076 1773 1134 utile.

169 1147 306 1205 Haec
337 1159 418 1206 est
463 1152 772 1224 aediﬁcatio,
823 1157 966 1214 sicut
995 1159 1126 1215 alibi
1171 1161 1282 1218 ait:
1332 1187 1350 1210 ι
1388 1163 1524 1236 Ego,
1572 1164 1773 1240 inquit,

168 1251 270 1307 per
299 1240 492 1295 omnia
518 1243 776 1301 omnibus
813 1245 1000 1319 placeo
1032 1248 1089 1320 (I
1118 1250 1242 1306 Cor.
1275 1267 1334 1320 x,
1362 1252 1477 1323 33).
1511 1277 1528 1299 ι

245 1327 432 1398 (Vers.
466 1329 542 1402 3.)
598 1357 615 1379 ι
649 1332 785 1390 Nam
833 1343 888 1392 et
934 1335 1187 1395 Christus
1237 1356 1347 1397 non
1399 1342 1506 1398 sibi
1545 1342 1770 1414 placuit,

165 1416 264 1472 sed
297 1417 444 1476 sicut
472 1421 737 1496 scriptum
767 1432 865 1482 est:
898 1428 1280 1486 Detractiones
1317 1432 1772 1504 exprobrantium

166 1511 220 1560 te
264 1507 588 1567 ceciderunt
613 1528 777 1585 super
816 1531 920 1571 me.
951 1541 969 1564 ι
1014 1517 1352 1576 Salvatorem
1384 1538 1497 1578 non
1537 1521 1773 1579 sibime-

165 1592 300 1666 tipsi
353 1596 492 1655 dicit
537 1601 827 1672 placuisse,
873 1604 968 1660 sed
1010 1607 1125 1663 Deo
1181 1608 1364 1676 Patri;
1414 1609 1543 1683 quia
1590 1609 1765 1667 dicit:

179 1707 198 1729 ε
228 1684 356 1742 Νοιι
387 1687 533 1744 enim
565 1687 824 1748 descendi
851 1693 918 1750 de
937 1696 1098 1764 coelo,
1126 1703 1189 1752 ut
1209 1697 1404 1754 faciam
1429 1699 1770 1756 voluntatem

164 1787 374 1843 meam,
409 1775 506 1832 sed
550 1779 895 1836 voluntatem
925 1781 1065 1853 ejus,
1111 1783 1206 1856 qui
1254 1785 1407 1842 misit
1451 1801 1558 1855 me,
1596 1787 1771 1842 Patris

166 1863 356 1932 (Joan.
391 1883 474 1935 γι,
504 1865 619 1938 38).
653 1893 672 1915 -
713 1869 785 1926 Et
823 1871 952 1943 quia
977 1889 1103 1929 cum
1137 1873 1252 1932 haec
1282 1875 1510 1944 diceret,
1541 1886 1770 1934 contra—

159 1949 488 2012 dicentibus
515 1956 720 2014 Iudaeis
749 1960 904 2032 quasi
935 1971 1187 2031 peccator
1213 1964 1505 2033 occiditur,
1533 1967 1770 2024 Psalmo-

1798 1895 1845 1957 B
1880 1898 2233 1957 conﬁrmaret
2295 1901 2689 1972 promissiones
2750 1905 3000 1962 Patrum.
3068 1929 3086 1953 ι

1959 989 2139 1060 (Vers.
2176 992 2252 1064 7.)
2299 1018 2317 1041 α
2365 994 2593 1068 Propter
2630 996 2778 1072 quod
2822 1001 3084 1056 assumite
3129 1001 3481 1072 alterutrum,

1884 1079 2029 1136 sicut
2056 1088 2109 1138 et
2152 1082 2402 1140 Christus
2432 1088 2729 1160 assumpsit
2756 1105 2857 1146 vos
2901 1090 2958 1147 in
2989 1090 3258 1149 honorem
3294 1093 3416 1152 Dei.
3447 1118 3468 1142 ι

1883 1167 1974 1226 Sic
2027 1172 2293 1245 assumpti
2341 1190 2531 1232 sumus
2572 1192 2604 1231 a
2650 1176 2889 1246 Christo,
2949 1177 3083 1236 dum
3132 1180 3483 1240 inﬁrmitates

1883 1265 2097 1316 nostras
2151 1262 2408 1335 accepit,
2466 1273 2520 1322 et
2575 1265 2933 1340 aegritudines
2975 1277 3193 1328 nostras
3237 1272 3482 1344 portavit

1885 1347 2044 1417 (Isa.,
2075 1367 2193 1418 LIII,
2218 1350 2274 1424 4)
2300 1369 2314 1417 ;
2350 1362 2410 1410 ut
2441 1351 2546 1411 hoc
2581 1357 2836 1428 exemplo
2867 1373 2966 1414 nos
2996 1356 3235 1416 invicem
3265 1369 3481 1418 nostras

1881 1437 2230 1500 inﬁrmitates
2256 1460 2350 1516 per
2379 1445 2698 1517 patientiam
2731 1447 3142 1519 conﬁrmamus,
3188 1459 3249 1508 nt
3278 1468 3479 1510 nomen

1881 1529 2110 1588 honoris
2137 1533 2237 1590 Dei
2267 1542 2610 1606 assumptum
2639 1536 2697 1592 in
2728 1554 2829 1594 nos
2868 1554 2980 1595 non
3009 1547 3340 1598 evacuetur:
3374 1541 3479 1600 ﬁlii

1881 1621 2028 1678 enim
2060 1621 2300 1681 dicimur
2320 1626 2420 1680 Dei
2446 1642 2543 1698 per
2575 1627 2808 1699 gratiam
2837 1627 3068 1688 Christi.

1953 1719 2136 1792 (Vers.
2159 1722 2239 1792 8.)
2285 1747 2302 1770 ι
2321 1722 2459 1779 Dico
2485 1723 2632 1780 enim
2656 1723 2940 1783 Christum
2955 1728 3140 1786 Iesum
3157 1729 3475 1787 ministrum

1901 1806 2070 1864 fuisse
2103 1809 2544 1868 circumcisionis
2590 1829 2689 1886 pro
2719 1815 2953 1872 veritate
2985 1816 3112 1884 Dei,
3162 1816 3223 1873 in
3270 1817 3376 1875 hoc
3411 1823 3475 1875 ut

3187 1906 3470 1981 Originem

1883 1988 2231 2044 commendat
2281 1990 2597 2061 Iudaeorum
2642 2010 2657 2060 ;
2718 1993 2776 2048 in
2833 1993 3257 2052 circumcisione
3325 1996 3474 2054 enim

163 2041 416 2155 ἓξὲξ-ξε
461 2060 841 2155 ili-P930111:
881 2049 1223 2155 ἐπεμναδῦ
1284 2053 1418 2155 facil
1468 2055 1771 2155 addDeuln
1882 2041 2358 2151 ﬁliossigniﬁcat
2411 2041 2670 2148 Abrahae:
2708 2083 2913 2155 quibus
2969 2084 3170 2141 missus
3219 2085 3475 2145 Christus

161 2129 413 2200 Patrem,
455 2132 645 2192 dicens
669 2153 695 2190 :.
750 2162 766 2182 ι
798 2139 1178 2198 Detractiones
1223 2142 1675 2214 exprobrantium
1720 2153 1775 2202 te

160 2219 492 2278 ceciderunt
518 2239 683 2295 super
733 2241 820 2281 me
862 2228 1034 2295 (Psal.
1068 2246 1266 2298 vam,
1297 2231 1424 2303 10);
1455 2255 1474 2279 ι
1518 2231 1624 2290 hoc
1650 2241 1768 2290 est:

162 2307 282 2379 Ego
312 2325 445 2365 cum
497 2312 840 2371 voluntatem
887 2323 1041 2373 tuam
1084 2316 1342 2390 facerem,
1391 2319 1653 2378 dixeth
1682 2339 1771 2380 me

164 2412 399 2468 peccare
430 2399 486 2456 in
519 2407 592 2470 te,
619 2402 713 2474 qui
739 2420 852 2460 non
883 2421 970 2462 me
990 2406 1331 2479 recipiendo,
1351 2425 1512 2482 quem
1545 2411 1768 2479 misisti,

163 2488 650 2560 exprobraverunt
695 2501 784 2551 te:
836 2495 966 2569 quia
1006 2497 1181 2554 Iudaei
1227 2515 1354 2555 cum
1384 2511 1671 2572 peccarent
1709 2500 1768 2557 in

163 2577 342 2634 Deum
388 2580 530 2653 (31),
562 2598 673 2638 non
702 2585 1027 2658 recipientes
1064 2603 1227 2659 quem
1259 2589 1411 2645 misit
1462 2589 1766 2658 Christum,

165 2666 400 2740 insuper
456 2677 512 2726 et
573 2671 895 2732 occiderunt
941 2691 1068 2731 eum
1118 2677 1273 2750 quasi
1332 2688 1645 2750 peccantem
1709 2679 1767 2735 in

165 2756 369 2813 Deum.
399 2757 491 2815 Sic
519 2768 740 2832 peccata
775 2763 1121 2835 peccantium
1150 2765 1210 2820 in
1246 2767 1420 2823 Deum
1451 2766 1768 2823 ceciderunt

164 2862 334 2919 super
365 2847 649 2906 Christum
673 2851 958 2916 ;innocens
985 2856 1177 2910 enima
1205 2856 1584 2926 peccatoribus
1607 2855 1767 2914 occi-

164 2934 320 2991 ditur
345 2937 504 3008 quasi
533 2938 905 3012 blasphemus,
938 2943 1080 3000 sicut
1104 2943 1368 3016 scriptum
1399 2952 1480 3002 est
1498 2945 1557 3001 in
1584 2945 1765 3002 Evan-

167 3024 312 3096 gelio
346 3027 544 3098 (Marc.
571 3045 656 3096 ιιι,
677 3030 792 3100 28).

241 3113 430 3185 (Vers.
463 3115 618 3188 4-6.)
664 3141 682 3164 ε
712 3118 1063 3194 Quaecunque
1101 3124 1248 3179 enim
1281 3125 1486 3196 scripta
1515 3131 1663 3194 sunt,
1695 3123 1763 3181 ad

168 3211 420 3259 nostram
469 3206 941 3266 conﬁrmationem
977 3211 1093 3284 (32)
1139 3213 1342 3286 scripta
1387 3221 1536 3283 sunt,
1566 3222 1629 3270 ut
1666 3231 1763 3286 per

163 3295 490 3366 patientiam
540 3310 593 3357 et
639 3301 1080 3361 exhortationem
1130 3305 1557 3378 Scripturarum,
1612 3324 1763 3381 spem

163 3381 487 3444 habeamus.
534 3414 551 3436 ι
621 3391 974 3448 Manifestum
1022 3403 1103 3449 est
1157 3397 1304 3466 quia,
1367 3419 1384 3442 ι
1425 3413 1765 3470 quaecunque

160 3477 371 3548 scripta
400 3489 547 3549 sunt,
570 3481 638 3537 ad
665 3491 910 3538 nostram
941 3484 1292 3556 disciplinam
1321 3487 1527 3558 scripta
1555 3494 1684 3542 sunt
1701 3504 1750 3554 ;›

161 3571 219 3618 ut
252 3582 322 3621 ex
356 3568 474 3639 ipsa
517 3569 900 3627 exhortatione
935 3571 1287 3644 proﬁciamus
1335 3573 1404 3629 od
1434 3591 1608 3646 spem,
1653 3590 1765 3631 non

161 3652 478 3713 difﬁdentes
512 3657 578 3712 de
610 3659 919 3730 promissis,
951 3660 996 3715 si
1028 3660 1212 3717 adhuc
1241 3661 1478 3718 tardent.

245 3776 261 3796 -
323 3755 474 3809 Deus
526 3763 706 3812 autem
763 3757 1038 3829 patientiae
1097 3765 1151 3813 et
1221 3759 1618 3817 consolationis
1673 3759 1766 3816 det

161 3840 322 3896 vobis
353 3859 524 3898 unum
550 3845 788 3902 invicem
832 3853 972 3909 105
1001 3863 1188 3918 sapere
1232 3849 1535 3905 secundum
1579 3849 1764 3905 Iesum

161 3937 449 3996 Christum
477 3959 490 4008 ;
518 3951 579 3998 ut
608 3945 894 4002 unanimes
925 3963 1038 4002 uno
1064 3963 1156 4003 ore
1187 3947 1568 4007 honoriﬁcetis
1587 3952 1762 4007 Deum

163 4035 215 4083 et
255 4030 475 4086 Patrem
521 4032 743 4087 Domini
775 4034 950 4090 nostri
995 4036 1122 4092 Iesu
1151 4035 1378 4094 Christi.
1408 4064 1425 4085 ι
1479 4039 1646 4107 Quasi
1694 4038 1763 4095 ad

163 4118 396 4175 salutem
435 4119 637 4177 missus
667 4122 965 4194 Apostolus
1008 4124 1157 4181 bono
1196 4135 1326 4181 voto
1365 4127 1580 4200 plebem
1624 4145 1763 4201 pro-

166 4208 414 4280 sequitur
451 4253 465 4277 ,
516 4217 711 4280 optans
753 4220 814 4267 ut
850 4214 996 4269 Deus
1038 4214 1131 4272 det
1195 4216 1274 4272 eis
1323 4231 1494 4272 unum
1539 4233 1761 4274 sensum

167 4298 448 4369 sapientiae
502 4299 806 4357 secundum
860 4302 1044 4359 Iesum
1101 4304 1384 4361 Christum
1427 4323 1440 4373 ;
1499 4316 1562 4363 ut
1600 4306 1763 4379 juxta

168 4383 472 4443 doctrinam
520 4387 728 4446 Christi
777 4391 1011 4462 sapiant.
1079 4393 1232 4450 Tunc
1285 4396 1433 4450 enim
1505 4403 1762 4467 poterunt

169 4473 522 4532 dilectionem
594 4495 814 4535 servare
873 4481 1130 4554 exemplo
1178 4482 1403 4538 Domini
1469 4483 1758 4542 dicentis:

183 4589 200 4609 ε
227 4565 397 4638 Majus
425 4565 528 4624 hac
557 4566 854 4625 dilectione
889 4569 1004 4642 (33)
1053 4586 1214 4628 nemo
1261 4571 1446 4641 habet,
1494 4589 1657 4646 quam
1697 4581 1760 4630 ut

170 4653 402 4711 animam
451 4673 604 4712 suam
655 4665 824 4729 ponat
856 4675 955 4732 pro
993 4658 1188 4716 amicis
1228 4669 1282 4716 et
1335 4661 1598 4719 fratribus
1646 4664 1762 4720 suis

174 4743 346 4812 (Joan.
391 4763 492 4811 xv.
539 4747 652 4820 13),
685 4773 704 4795 ι
750 4756 806 4804 et
853 4749 931 4805 ita
972 4765 1084 4805 uno
1121 4767 1235 4818 ore,
1267 4767 1377 4807 una
1419 4752 1763 4812 confessione

175 4831 382 4896 laudare
426 4839 602 4895 Deum
651 4841 868 4896 Patrem
912 4841 971 4896 in
1015 4839 1259 4910 Christo,
1321 4843 1368 4899 si
1408 4844 1649 4902 invicem
1704 4861 1762 4902 se

174 5049 382 5128 humiles
402 5071 425 5119 ;
463 5053 620 5110 Eras.
664 5063 871 5132 autem,
927 5072 990 5114 ac
1024 5071 1149 5132 _seq.
1197 5057 1332 5132 edit.
1391 5075 1518 5116 cum
1568 5059 1759 5132 paucis

177 5127 329 5200 nisa,
375 5143 438 5182 ne
488 5127 767 5200 provocati
819 5127 1127 5184 contendere
1167 5129 1348 5196 velint,
1405 5138 1453 5186 et
1491 5127 1587 5200 ne;
1632 5133 1758 5187 dum

176 5190 382 5266 humiles
407 5190 677 5266 videntur,
708 5207 815 5256 etc.

177 5265 351 5390 D8331)
390 5270 550 5327 Rom.
589 5265 722 5326 edit.
759 5271 896 5339 sola,
945 5270 1076 5342 quia
1106 5271 1282 5329 1ωάιεὶ
1311 5281 1660 5344 peccaverunt
1703 5274 1758 5331 in

391 5413 471 5489 I_ta
508 5420 621 5468 vet.
675 5412 809 5489 edit.
856 5422 912 5489 et
962 5431 1091 5489 mss,
1141 5431 1251 5469 non
1296 5415 1498 5489 pauci;
1553 5416 1755 5489 reliqui

180 5490 318 5599 sero,
337 5485 415 5609 [ad
443 5490 683 5540 nostram
711 5485 1009 5542 doctrinam
1028 5504 1050 5552 ;
1070 5487 1227 5544 Rom.
1248 5485 1405 5555 edit.,
1428 5485 1756 5544 adnostram

213 5564 332 5611 une
356 5571 520 5611 mam.

245 5569 298 5604 ια
337 5569 520 5612 unam.

245 5569 352 5702 (βε)
391 5627 516 5702 Ve_t.
547 5627 680 5684 edit.
713 5645 776 5702 ac
795 5646 924 5687 mss.
953 5630 1233 5700 nonnulli,
1262 5630 1518 5702 majorem
1549 5632 1645 5687 hac
1658 5632 1754 5688 di-

184 5689 409 5836 lgm;
455 5699 616 5759 Rom.
668 5699 827 5773 edit.,
871 5689 1232 5761 dilectionem?
1279 5689 1480 5778 reliqui
1525 5721 1656 5764 mss.
1693 5713 1756 5764 ut

371 5786 428 5831 ιι.

1883 2165 2222 2224 ministravit
2276 2169 2524 2241 patribus
2580 2172 2811 2245 gratiam
2861 2173 3268 2247 repromissam.
3319 2173 3475 2232 Unde

1880 2255 2171 2313 Salvator:
2219 2281 2237 2305 ε
2268 2259 2384 2332 Ego
2412 2260 2560 2316 enim
2607 2277 2753 2330 sum,
2783 2261 2985 2336 inquit,
3019 2263 3078 2320 in
3126 2262 3311 2322 medio
3339 2280 3472 2322 ves-

1879 2351 2027 2400 trum
2076 2346 2228 2417 (Luc.
2274 2365 2418 2418 xxu,
2464 2349 2580 2422 27),
2611 2374 2630 2397 ι
2691 2367 2804 2408 ιιοιι
2850 2357 2912 2408 ιιι
2949 2351 3251 2421 ministrer,
3279 2352 3381 2411 sed
3409 2361 3473 2410 ut

1881 2433 2186 2491 ministrem
2217 2454 2229 2503 ;
2263 2444 2323 2492 ut
2345 2438 2547 2495 veritas
2577 2440 2635 2496 in
2656 2439 3018 2514 promissione
3046 2440 3190 2500 facta
3221 2441 3473 2515 patribus

1877 2524 2222 2598 probaretur.
2316 2527 2678 2586 Circumcisio
2752 2531 2900 2588 enim
2963 2531 3146 2588 carnis
3210 2531 3336 2590 data
3389 2541 3472 2590 est

1875 2615 2112 2673 Abrahae
2167 2617 2226 2671 in
2282 2617 2512 2690 ﬁguram
2568 2617 3007 2677 circumcisionis
3045 2620 3246 2690 cordis,
3299 2636 3466 2695 quam

1876 2711 2062 2776 postea
2089 2705 2356 2778 propheta
2375 2706 2616 2763 futuram
2639 2707 2993 2780 signiﬁcavit,
3016 2708 3237 2766 dicens:
3286 2733 3306 2757 ι
3335 2707 3466 2767 Cir-

1875 2791 2173 2848 cumcidite
2204 2793 2464 2849 duritiam
2515 2794 2698 2851 cordis
2736 2796 2906 2851 vestri
2941 2796 3156 2868 (Jerem.
3191 2813 3271 2865 IV,
3318 2796 3400 2868 4).
3433 2821 3452 2844 ι

1875 2879 2051 2953 Hujus
2079 2880 2262 2938 verbis
2288 2882 2726 2940 circumcisionis
2759 2883 2876 2956 (36)
2908 2884 3188 2957 promissae
3216 2883 3472 2942 minister

1874 2969 2127 3028 Christus
2155 2981 2256 3040 est,
2286 2971 2392 3029 hoc
2429 2980 2529 3041 est,
2562 2972 2908 3045 praedicator.
2940 2973 3154 3032 Dehinc
3181 2974 3467 3047 apostolis,

1871 3067 1933 3116 ut
1961 3061 2302 3118 circumcisis
2351 3078 2514 3119 carne
2539 3062 2918 3120 ministrarent
2947 3061 3130 3120 cordis
3173 3062 3463 3121 circumci-

1871 3149 2102 3218 sionem,
2135 3150 2216 3207 sic
2259 3150 2335 3207 ait
2371 3169 2382 3208 :
2445 3150 2639 3208 «Sicut
2670 3168 2756 3208 me
2808 3151 3010 3209 misisti
3044 3153 3102 3209 in
3132 3151 3282 3210 hunc
3307 3169 3466 3210 mun-

1795 3257 1838 3319 c
1872 3237 2026 3308 dum,
2055 3239 2131 3295 ita
2158 3245 2213 3295 et
2257 3255 2358 3313 ego
2397 3239 2523 3297 misi
2555 3256 2647 3298 eos
2690 3241 2748 3296 in
2796 3241 2948 3297 hunc
2978 3241 3248 3298 mundum
3279 3243 3466 3314 (Joan.

1873 3345 2012 3397 xvn,
2049 3329 2162 3400 18).
2210 3356 2228 3378 ι
2271 3329 2633 3388 Circumcisio
2671 3338 2854 3386 autem
2904 3332 3089 3388 cordis
3118 3341 3218 3402 est,
3250 3333 3469 3390 sublata

1872 3421 2074 3475 erroris
2103 3420 2321 3489 nebula,
2353 3437 2642 3493 agnoscere
2679 3430 2978 3477 creatorem
3003 3422 3177 3477 Deum
3227 3422 3467 3491 Patrem,

1873 3517 1928 3565 et
1937 3508 2142 3566 Filium
2158 3509 2204 3581 ej
2215 3527 2277 3565 us
2289 3509 2593 3577 Christum,
2611 3525 2709 3581 per
2724 3525 2888 3582 quem
2907 3510 3115 3565 creavit
3130 3509 3466 3583 omnia(37),

1873 3605 1935 3653 ut
1965 3597 2167 3655 veritas
2195 3598 2295 3655 Dei
2349 3598 2688 3671 impleretur.
2735 3597 3069 3654 Promiserat
3117 3598 3264 3654 enim
3296 3597 3469 3654 datu-

1874 3703 1996 3742 rum
2026 3703 2083 3744 se
2129 3687 2584 3757 misericordiam,
2635 3695 2688 3744 et
2730 3687 3056 3760 promiserat
3096 3687 3344 3760 patribus
3373 3689 3467 3745 Iu-

1872 3779 2117 3836 daeorum
2141 3797 2155 3847 ;
2181 3795 2308 3834 nam
2344 3777 2558 3834 dixerat
2607 3776 2918 3834 Abraham:
2977 3801 2995 3825 ι
3023 3777 3087 3834 ln
3117 3776 3328 3833 semine
3364 3784 3464 3833 tuo

1871 3869 2268 3927 benedicentur
2290 3885 2480 3926 omnes
2499 3876 2686 3941 gentes
2715 3869 2867 3940 (Gen.
2900 3884 3041 3936 xxn,
3087 3865 3199 3940 18).
3235 3892 3253 3915 ι
3286 3868 3359 3924 Et
3388 3867 3457 3924 ad

1871 3958 2050 4015 David
2079 3958 2261 4015 dixit:
2315 3959 2430 4014 uDe
2469 3957 2653 4014 fructu
2697 3956 2907 4013 ventris
2953 3956 3037 4012 tui
3069 3971 3271 4029 ponam
3301 3971 3466 4029 super

1872 4047 2055 4103 sedem
2085 4057 2236 4104 tuam
2269 4048 2444 4119 (Psal.
2475 4062 2670 4114 cxxxr,
2706 4047 2822 4118 11),
2854 4053 2909 4102 et
2939 4063 2950 4102 :
2999 4070 3018 4094 ι
3047 4046 3272 4104 Orietur
3298 4046 3461 4104 stella

1871 4154 1941 4194 ex
1969 4136 2136 4194 Iacob
2168 4137 2352 4210 (Num.
2381 4153 2539 4205 xxiv,
2575 4136 2688 4208 17.)
2724 4159 2742 4182 ι

1945 4236 2125 4308 (Vers.
2157 4237 2239 4307 9.)
2280 4259 2298 4283 ι
2332 4236 2532 4291 Gentes
2573 4243 2758 4291 autem
2804 4251 2968 4308 super
3021 4234 3463 4293 misericordiam

1871 4326 2141 4385 honorare
2187 4329 2382 4384 Deum.
2417 4351 2436 4375 ›
2494 4326 2635 4394 Quia
2683 4325 2834 4386 enim
2866 4327 2954 4384 his
2985 4327 3139 4383 nulla
3167 4325 3466 4400 promissio

1870 4424 2005 4482 erat,
2036 4417 2191 4490 quasi
2249 4415 2461 4489 indigni
2518 4432 2614 4489 per
2657 4416 2828 4473 solam
2875 4415 3310 4474 misericordiam
3367 4431 3468 4472 as-

1868 4506 2074 4579 sumpti
2120 4513 2250 4562 sunt
2277 4505 2347 4562 ad
2373 4507 2626 4575 salutem,
2672 4515 2735 4564 ut
2781 4521 2878 4579 per
2928 4506 3330 4562 confessionem
3364 4503 3461 4560 ho-

1791 4618 1839 4677 D
1871 4603 2068 4652 norent
2095 4598 2291 4666 Deum,
2318 4597 2450 4669 quia
2477 4596 2750 4653 increduli
2776 4595 3133 4653 inhonorant.

1955 4711 1973 4734 ‹
1993 4686 2146 4744 Sicut
2169 4685 2434 4760 scriptum
2466 4695 2547 4742 est
2581 4705 2593 4744 :
2618 4686 2846 4760 Propter
2873 4685 2980 4741 hoc
3008 4683 3315 4740 conﬁtebor
3349 4681 3454 4738 tibi

1869 4776 1930 4832 in
1959 4776 2232 4849 gentibus,
2258 4784 2312 4833 et
2333 4776 2544 4833 nomini
2566 4784 2662 4833 tuo
2677 4775 2910 4834 cantabo
2929 4774 3102 4846 (Psal.
3123 4789 3264 4841 xvu,
3285 4772 3402 4843 50).
3427 4797 3446 4820 ι

1869 4867 2139 4940 Exemplo
2165 4866 2485 4939 prophetico
2512 4865 2744 4938 probat;
2794 4862 3063 4936 scripturn
3092 4871 3174 4920 est
3203 4862 3354 4919 enim
3374 4861 3458 4918 in-

1941 5061 2056 5134 (34)
2089 5061 2351 5119 Nonnulli
2384 5077 2536 5128 mss.,
2589 5059 2805 5116 laudent
2831 5061 3018 5130 Deum,
3046 5063 3228 5119 omnia
3252 5061 3344 5134 qui
3369 5062 3460 5134 fe-

1865 5134 1935 5188 cit
1949 5152 2050 5206 per
2081 5135 2367 5206 Christum,
2399 5139 2446 5186 et
2467 5138 2587 5204 post
2607 5149 2846 5206 errorem
2879 5135 3074 5206 lapsos,
3101 5143 3208 5192 etc.

1964 5205 2054 5278 35)
2094 5207 2222 5262 Mss.
2281 5203 2512 5278 aliquot,
2543 5203 2960 5278 misericordiam
3007 5211 3055 5260 et
3080 5207 3458 5278 operationem.

1963 5275 2054 5350 36)
2087 5278 2172 5350 Ita
2196 5283 2304 5350 vet.
2362 5275 2495 5332 edit.
2516 5349 2522 5350 ί
2543 5294 2606 5334 ac
2635 5277 2820 5350 plures
2863 5295 3018 5350 mss.,
3051 5295 3080 5350 a
3107 5275 3314 5350 quibus
3344 5293 3455 5350 non

1864 5347 2076 5422 recedit
2088 5348 2222 5422 edit.
2255 5348 2438 5416 Rom.,
2472 5349 2576 5404 nisi
2605 5347 2751 5422 quod
2778 5351 2876 5407 His
2903 5347 3193 5422 substituit
3219 5365 3318 5419 pro
3345 5349 3456 5422 ltu-

1853 5417 1973 5486 jus:
2018 5420 2126 5503 alii
2161 5427 2354 5502 autem
2409 5436 2538 5477 mss.
2591 5417 2912 5494 praeferunt,
2961 5421 3138 5491 Hujus
3188 5417 3310 5491 ergo
3338 5420 3455 5475 cir-

1863 5507 2195 5548 cumctstoms
2203 5535 2214 5546 .

1936 5562 2051 5645 (37)
2084 5563 2319 5631 Quidam
2341 5580 2495 5645 mss._,
2527 5565 2700 5619 cordis
2728 5569 2821 5645 est,
2863 5564 2910 5645 si
2946 5568 3272 5645 amputetur,
3312 5565 3454 5645 uelut

1855 5635 2101 5706 putredo,
2157 5653 2310 5691 error
2338 5636 2580 5692 accedens
2634 5635 2802 5698 cordi,
2833 5640 2910 5704 ut,
2952 5635 3184 5692 revelata
3211 5635 3450 5702 ueritate,

1855 5707 2024 5781 possit
2054 5724 2329 5781 agnoscere
2377 5715 2667 5766 creatorem
2722 5707 2891 5781 Deum
2925 5706 3144 5765 Patrem
3197 5724 3303 5765 esse
3328 5707 3451 5765 Jesu

1864 5778 2065 5836 Christi
2077 5777 2176 5852 per
2203 5797 2354 5853 quem
2388 5781 2586 5836 creavit
2611 5777 2808 5836 omnia.
