3976 6362
511 422 616 482 183

1520 425 1616 483 ΑΙ)
1655 425 1887 482 OPERA
1928 424 1984 480 S.
2027 422 2360 481 AMBROSII
2397 423 2775 481 APPENDIX.

3703 427 3800 484 184

509 545 739 632 psalmo
774 555 990 615 decimo
1044 557 1279 629 septimo
1347 565 1533 631 gentes
1606 557 1978 615 admittendas
2029 557 2098 614 ad
2127 559 2179 618 Α
2210 557 2364 613 omni
2412 557 2610 631 gaudio
2651 565 2705 614 et
2734 572 2864 630 pace
2909 557 2967 613 in
2997 555 3307 624 credendo;
3333 564 3397 613 ut
3424 555 3720 613 abundetis
3748 557 3801 614 in

510 649 740 722 gratiam
792 649 892 704 Dei
924 647 992 703 ad
1044 647 1456 721 percipiendam
1505 647 1910 705 salutem.Vox
1954 645 2102 702 enim

511 735 718 794 Christi
768 745 870 805 est,
919 753 1027 809 qua
1077 737 1328 793 futurum
1367 737 1512 794 dixit
1567 736 1713 810 quod
1746 737 1803 792 in
1852 735 2107 808 gentibus

511 825 830 899 praedicatio
855 825 973 898 ejus
1002 826 1246 882 fructum
1278 826 1535 882 habitura
1559 834 1700 882 esset
1746 823 2106 882 confessionis

512 915 839 972 sacramenti
875 915 992 986 (38)
1017 915 1114 971 Dei
1141 934 1154 983 ;
1190 915 1313 971 ideo
1345 917 1543 987 gratias
1572 932 1640 970 ex
1671 915 1776 972 hoc
1791 915 1901 988 agit
1933 915 2108 970 Filius

514 1003 663 1059 Patri
704 1003 762 1058 in
794 1002 1161 1059 obedientiam
1195 1003 1460 1076 gentium.
1511 1003 1664 1061 Unde
1703 1003 1760 1059 in
1805 1003 2108 1076 Evangelio

513 1092 591 1150 ait
617 1110 628 1148 :
675 1117 693 1140 ε
724 1092 1039 1151 Conﬁtebor
1068 1093 1192 1162 tibi,
1223 1094 1382 1150 Pater
1409 1093 1643 1149 Domine
1672 1093 1797 1150 coeli
1845 1102 1899 1150 et
1927 1101 2105 1161 terrae,

515 1182 644 1255 quia
672 1182 1004 1238 abscondisti
1037 1182 1155 1238 haec
1181 1183 1588 1256 asapientibus,
1637 1189 1692 1238 et
1722 1181 2107 1252 prudentibus,

516 1283 569 1330 et
598 1273 853 1330 revelasti
883 1289 946 1330 ea
968 1274 1248 1347 parvulis;
1302 1275 1563 1348 quoniam
1607 1276 1811 1332 bonum
1843 1275 2108 1348 placitum

518 1362 624 1419 fuit
652 1370 778 1419 ante
810 1371 862 1420 te
920 1363 1134 1435 (Matth.
1184 1381 1264 1432 ιιι,
1295 1363 1411 1436 25).
1442 1390 1460 1412 ι
1502 1364 1786 1422 Confessio
1835 1379 1963 1436 ergo
2007 1363 2114 1419 ista

519 1450 686 1508 unius
723 1451 823 1510 Dei
867 1459 949 1509 est
1004 1453 1061 1509 in
1093 1453 1388 1524 Trinitate,
1445 1470 1515 1510 ex
1545 1470 1652 1528 qua
1679 1453 1852 1527 surgit
1899 1453 2109 1524 laetitia,

517 1552 581 1600 ut
614 1550 736 1616 post
768 1543 884 1599 veri
925 1545 1329 1603 confessionem
1386 1547 1544 1603 laetus
1593 1545 1844 1604 decantet
1887 1544 2110 1601 miseri-

518 1633 763 1690 cordiam
793 1641 847 1689 et
879 1632 1088 1690 donum
1120 1635 1240 1691 Dei.
1634 1627 1646 1641 ’

574 1718 776 1793 ’(νὸιδ.
814 1722 898 1787 10.
955 1725 1068 1794 11.)
1132 1746 1150 1769 ι
1200 1723 1274 1779 Et
1326 1723 1526 1780 iterum
1581 1723 1749 1780 dicit:
1800 1723 2110 1793 Laetamini,

519 1817 724 1884 gentes,
754 1829 880 1868 cum
917 1811 1073 1884 plebe
1101 1811 1239 1885 ejus,
1264 1836 1281 1860 ι
1346 1812 1452 1870 hoc
1502 1814 1560 1870 in
1607 1813 1823 1870 cantico
1852 1816 2114 1870 Deutero~

518 1899 692 1956 nomii
728 1900 846 1972 (39)
882 1901 1063 1972 (Deut.
1094 1919 1273 1972 χχχιι,
1301 1902 1418 1974 43).
1457 1930 1473 1949 ι
1496 1903 1566 1958 Et
1595 1903 1828 1959 iterum:
1851 1903 2111 1972 Laudate,
2151 1919 2197 1979 Β

519 2005 710 2046 omnes
738 1998 946 2061 gentes,
970 1991 1291 2060 Dominum,
1349 1999 1404 2047 et
1444 1993 1787 2063 magniﬁcate
1822 2007 1970 2056 eum,
2002 2010 2116 2048 om-

522 2093 616 2133 nes
641 2077 828 2150 populi
849 2079 1025 2147 (Psal.
1043 2095 1195 2146 cxvr,
1218 2079 1294 2150 1).
1319 2105 1336 2126 ι
1370 2080 1484 2136 Hoc
1505 2081 1561 2135 in
1586 2082 1795 2152 psalmo
1815 2082 2117 2141 centesimo

521 2165 738 2223 decimo
767 2173 924 2222 sexto
967 2167 1100 2224 olim
1149 2167 1456 2225 decrevisse
1499 2170 1673 2225 Deum
1731 2173 1993 2243 ostendit,
2036 2174 2118 2230 in-

529 2255 870 2312 terveniente
911 2256 1294 2316 misericordia
1321 2278 1440 2330 sua,
1478 2261 1780 2318 concordes
1809 2264 1983 2320 facere
2027 2265 2117 2320 Ju-

522 2343 670 2402 daaos
698 2356 751 2402 et
806 2357 1031 2420 gentes;
1083 2356 1147 2406 ut
1198 2351 1428 2424 gratiam
1466 2351 1648 2424 adepti
1713 2353 1941 2424 gentiles
1983 2355 2118 2412 socii

523 2433 839 2493 Iudaeorum
871 2437 1085 2507 ﬁerent,
1119 2439 1213 2512 qui
1253 2449 1307 2496 et
1346 2440 1450 2512 ipsi
1483 2441 1617 2496 olim
1649 2441 1794 2497 dono
1824 2442 1922 2497 Dei
1966 2443 2119 2514 plebs

523 2519 640 2594 ejus
669 2531 824 2580 erant
845 2527 1114 2584 nominati
1150 2529 1288 2600 (40).
1344 2529 1449 2585 Sed
1491 2529 1604 2602 jam
1635 2530 1848 2586 nobiles
1903 2530 2114 2586 Judaei:

525 2612 583 2668 hi
615 2630 744 2671 vero
774 2615 1066 2688 ignobiles,
1097 2634 1190 2690 per
1211 2617 1648 2674 misericordiam
1672 2619 1949 2677 nobilitati
1967 2629 2116 2688 sunt,

522 2711 584 2760 ut
613 2705 778 2761 simul
835 2722 1024 2762 omnes
1082 2706 1193 2763 laeti
1251 2707 1364 2763 sint
1421 2707 1703 2780 agnitione
1753 2709 2024 2778 veritatis,
2065 2716 2121 2765 et

523 2802 872 2859 laudantibus
902 2802 1176 2875 gentibus,
1207 2807 1380 2860 Deum
1413 2805 1762 2876 magniﬁcent
1792 2823 1983 2863 omnes
2012 2823 2121 2880 po-

524 2891 660 2962 puli,
694 2892 985 2949 duodecim
1030 2895 1210 2950 tribus
1242 2910 1415 2949 unum
1446 2896 1646 2963 Deum,
1677 2895 1770 2968 qui
1802 2897 1959 2951 auxit
2006 2913 2120 2952 nu—

525 2995 738 3034 merum
770 2979 945 3050 plebis
981 2985 1120 3042 106
1150 2997 1283 3048 sum,
1314 2980 1589 3052 adjunctis
1628 2983 1901 3053 gentibus.
1944 2985 2123 3040 Deni-

530 3089 635 3144 que
655 3090 778 3130 cum
810 3074 1180 3145 disceptarent
1211 3076 1383 3132 Judaei
1429 3085 1620 3134 contra
1657 3081 1964 3150 apostolum
2014 3081 2123 3136 Pe-

529 3161 677 3218 trum
705 3177 866 3219 causa
897 3161 1159 3233 Cornelii,
1194 3164 1408 3220 reddita
1437 3165 1543 3220 sibi
1576 3166 1808 3234 ratione,
1840 3168 2124 3240 acquieve-

2215 663 2308 718 spe
2354 653 2408 702 et
2461 647 2667 704 virtute
2715 645 2954 719 Spiritus
2983 644 3179 702 sancti.
3212 645 3407 702 Certus
3435 662 3556 702 sum
3598 653 3802 714 autem,

2215 736 2432 806 fratres,
2459 746 2512 792 et
2539 754 2637 809 ego
2669 737 2782 809 ipse
2811 736 2878 792 de
2913 735 3092 803 vobis,
3125 736 3256 808 quia
3283 743 3337 792 et
3364 735 3469 808 ipsi
3499 735 3648 808 pleni
3677 736 3805 792 estis

2213 823 2532 893 dilectione,
2592 825 2785 898 repleti
2828 825 2982 881 omni
3031 825 3302 890 scientia;
3350 823 3424 880 ita
3473 832 3536 881 ut
3588 823 3806 898 possitis

2216 925 2540 981 alterutrum
2573 939 2814 979 monere.
2849 947 2867 970 ι
2913 923 3040 978 Haec
3068 917 3476 976 exhortationis
3505 925 3668 986 sunt;
3716 933 3806 990 per

2216 1013 2433 1069 laudem
2480 1011 2627 1068 enim
2661 1019 2922 1082 provocat
2955 1025 3049 1065 eos
3077 1008 3145 1064 ad
3177 1007 3460 1064 meliorem
3500 1013 3555 1061 et
3585 1005 3807 1062 intelle-

2216 1111 2365 1160 ctum
2420 1111 2474 1158 et
2519 1102 2712 1156 vitam.
2763 1099 2869 1168 Qui
2922 1097 3068 1154 enim
3126 1097 3278 1153 videt
3320 1113 3378 1152 se
3421 1095 3657 1164 laudari,
3689 1093 3807 1150 data

2217 1208 2380 1264 opera
2411 1190 2656 1246 elaborat
2691 1196 2751 1245 ut
2779 1205 2908 1244 vera
2935 1187 3048 1244 sint
3073 1203 3194 1260 quae
3223 1185 3508 1241 dicuntur.
3542 1183 3672 1240 Ideo
3702 1198 3806 1238 non

2219 1282 2366 1338 dixit
2406 1281 2548 1352 (41),
2581 1289 2641 1336 ιιι
2670 1278 2910 1335 invicem
2935 1293 2992 1334 se
3028 1277 3283 1345 doceant,
3315 1275 3412 1332 sed
3441 1274 3805 1337 admoneant;

2221 1372 2326 1434 hoc
2366 1371 2514 1428 enim
2567 1371 2706 1426 solet
2744 1368 2979 1436 moneri,
3029 1367 3177 1441 quod
3228 1383 3358 1423 cum
3414 1365 3642 1432 sciatur,
3705 1361 3810 1418 ali-

2220 1460 2441 1535 quando
2460 1459 2789 1530 subterfugit
2807 1458 3014 1514 animo.
3037 1456 3246 1516 Caetera
3272 1472 3385 1514 non
3407 1462 3536 1513 sunt
3563 1453 3808 1521 obscura,

2220 1560 2284 1609 ut
2310 1550 2594 1624 indigeant
2621 1549 3033 1622 explanatione.

2295 1686 2480 1756 (Vera.
2498 1685 2586 1752 15,
2613 1685 2726 1756 16.)
2761 1709 2779 1732 ε
2800 1683 3082 1740 Audacius
3097 1689 3285 1739 autem
3304 1679 3499 1754 scripsi
3520 1678 3701 1747 vobis,
3715 1678 3810 1734 fra-

2221 1785 2352 1845 tres,
2382 1791 2452 1832 ex
2481 1782 2653 1847 parte,
2676 1781 2938 1847 tanquam
2971 1773 3029 1829 in
3059 1771 3378 1842 memoriam
3407 1787 3506 1826 vos
3527 1768 3812 1835 reducens,

2223 1873 2444 1937 propter
2489 1863 2718 1935 gratiam
2764 1879 2887 1936 qua:
2925 1862 3053 1918 data
3094 1870 3176 1918 est
3225 1861 3366 1918 mihi
3396 1862 3584 1927 aDeo,
3626 1867 3691 1914 ut
3718 1857 3812 1913 sim

2227 1954 2478 2010 minister
2498 1954 2704 2011 Christi
2725 1955 2852 2010 Jesu
2877 1953 2933 2008 in
2965 1953 3245 2025 gentibus,
3275 1950 3624 2009 sanctiﬁcans
3643 1951 3813 2004 Evan-

2227 2042 2428 2113 gelium
2491 2042 2614 2109 Dei,
2673 2049 2734 2097 ut
2782 2042 2878 2097 ﬁat
2933 2042 3142 2097 oblatio
3197 2041 3443 2112 gentium
3491 2045 3715 2111 accepta
3769 2044 3814 2092 et

2226 2129 2565 2186 sanctiﬁcata
2613 2130 2670 2184 in
2707 2129 2916 2200 Spiritu
2945 2138 3152 2185 sancto.
3189 2152 3208 2178 ι
3255 2128 3376 2183 Non
3426 2127 3576 2182 enim
3622 2135 3814 2182 temere

2227 2236 2283 2275 se
2319 2218 2601 2291 scripsisse
2652 2217 2949 2289 signiﬁcat,
2982 2215 3365 2273 auctoritatem
3398 2214 3546 2271 enim
3579 2213 3688 2271 sibi
3718 2213 3812 2270 da-

2229 2314 2340 2364 tam
2371 2323 2469 2379 per
2503 2306 2602 2362 Dei
2648 2306 2876 2378 gratiam
2914 2305 3127 2373 dicens,
3157 2314 3220 2362 ut
3262 2303 3522 2361 omnibus
3575 2303 3816 2376 gentibus

2228 2397 2428 2454 audeat
2469 2396 2730 2464 scribere,
2766 2396 3068 2453 admonens
3112 2405 3165 2454 et
3201 2395 3536 2452 conﬁrmans
3567 2393 3817 2468 proposi-

2230 2495 2347 2543 tum
2383 2502 2573 2542 eorum
2597 2486 2656 2542 in
2687 2485 2908 2542 Christo
2939 2504 2952 2552 ;
2986 2495 3050 2542 ut
3079 2485 3512 2542 sollicitudinem
3549 2502 3705 2541 suam
3744 2501 3818 2539 os.

2229 2576 2416 2634 tendat
2446 2575 2501 2631 in
2540 2573 2849 2630 ministerio
2882 2575 3192 2647 Evangelii,
3227 2576 3381 2648 quasi
3413 2574 3675 2646 magister
3703 2589 3819 2646 gen-

2229 2666 2392 2733 tium,
2443 2675 2498 2723 et
2555 2665 2887 2722 sacriﬁcium
2939 2683 3128 2722 eorum
3179 2665 3352 2738 possit
3397 2671 3681 2737 acceptum
3710 2663 3817 2720 ﬁeri

2229 2756 2682 2814 sanctiﬁcationis
2732 2772 2896 2812 causa
2947 2755 3004 2812 in
3052 2755 3262 2828 Spiritu
3295 2765 3504 2812 sancto.
3548 2753 3819 2828 Quidquid

2231 2848 2378 2904 enim
2405 2847 2514 2904 ﬁde
2542 2848 2773 2919 integra,
2803 2853 2858 2903 et
2881 2855 3063 2904 mente
3084 2845 3268 2903 sobria
3293 2845 3541 2914 offertur,
3571 2862 3605 2902 a
3624 2845 3819 2918 Spiritu

2229 2948 2421 2995 sancto
2442 2937 2785 3010 puriﬁcatur.

2305 3069 2488 3140 (Vera.
2524 3070 2748 3136 17-19.)
2793 3092 2812 3116 ‹
2844 3067 3030 3124 Habeo
3060 3068 3232 3140 igitur
3253 3069 3480 3140 gloriam
3514 3067 3572 3123 in
3614 3066 3820 3126 Christo

2231 3159 2300 3216 ad
2358 3161 2564 3222 Deum;
2616 3175 2724 3214 non
2785 3157 2932 3214 enim
2964 3158 3137 3214 audeo
3181 3157 3393 3232 aliquid
3438 3157 3586 3232 loqui
3623 3174 3821 3224 eorum,

529 3259 659 3307 runt
690 3251 1100 3325 magniﬁcantes
1129 3254 1451 3321 Dominum,
1484 3253 1729 3312 dicentes
1761 3275 1772 3312 :
1824 3281 1841 3304 ι
1870 3256 2122 3313 Forsitan
2156 3278 2200 3339 α
2234 3265 2355 3322 quae
2405 3264 2500 3319 Per
2547 3263 2632 3302 me
2690 3263 2799 3303 non
2847 3247 3017 3304 θΠίοίῐ
3058 3246 3314 3304 Christus
3364 3246 3423 3302 in
3463 3246 3822 3303 Obedienliam

529 3345 675 3400 Deus
702 3352 756 3399 et
787 3343 1042 3416 gentibus
1072 3344 1454 3417 paenitentiam
1478 3345 1680 3402 tribuit
1703 3344 1772 3402 ad
1792 3361 2128 3419 consequen-

527 3431 652 3489 dam
685 3433 854 3488 vitam
885 3433 1033 3504 (Act.
1063 3451 1140 3501 χι,
1177 3434 1288 3504 18).
1333 3459 1351 3483 ι

601 3521 783 3592 (Vers.
819 3521 932 3592 12.)
972 3545 991 3569 ι
1028 3523 1098 3578 Et
1132 3539 1324 3579 rursus
1353 3523 1519 3580 Isaias
1548 3522 1685 3579 dicit
1743 3541 1755 3579 :
1816 3523 1939 3580 Erit
1968 3524 2127 3581 radix

526 3611 705 3677 Jessc;
738 3619 791 3666 et
833 3611 926 3683 qui
967 3611 1142 3681 surgit
1182 3627 1366 3683 regere
1411 3619 1618 3683 gentes,
1674 3612 1732 3668 in
1773 3629 1897 3670 eum
1944 3621 2129 3686 gentes

527 3697 825 3770 sperabunt
875 3699 1008 3767 (Isa.
1062 3715 1142 3766 ιιι,
1187 3699 1298 3769 10).
1341 3724 1359 3745 ι
1431 3702 1498 3756 Ut
1547 3706 1808 3772 majorem
1867 3701 2126 3758 ﬁduciam

529 3784 783 3857 gentibus
812 3785 978 3842 faciat
1004 3794 1057 3842 et
1085 3802 1235 3859 spem
1289 3803 1399 3842 non
1435 3787 1684 3856 dubiam,
1727 3790 1917 3846 multis
1965 3791 2129 3846 testi-

530 3873 734 3929 moniis
763 3874 944 3930 ﬁrmat
971 3875 1251 3932 decretum
1300 3876 1397 3933 Dei
1431 3876 1536 3933 hoc
1581 3877 1771 3946 fuisse,
1829 3888 1891 3935 ut
1939 3897 2130 3938 omnes

531 3971 718 4036 gentes
777 3964 1229 4022 benedicerentur
1282 3966 1341 4022 in
1400 3967 1642 4037 Christo,
1698 3986 1764 4024 ne
1834 3970 2129 4029 insolentia

533 4051 842 4109 inﬁdelium
900 4054 1212 4111 Iudaeorum
1262 4057 1632 4126 contristaret,
1683 4067 1736 4114 et
1775 4058 1970 4116 dubias
2011 4060 2127 4116 red-

533 4141 687 4198 dcret
737 4143 1078 4200 credentium
1129 4145 1341 4201 animas
1395 4149 1660 4218 gentium,
1720 4149 1874 4220 quasi
1926 4151 2130 4207 frustra

531 4231 636 4288 sibi
667 4249 814 4304 spem
849 4235 1192 4305 promittant,
1226 4235 1373 4308 quod
1419 4253 1449 4290 a
1501 4237 1614 4291 Deo
1644 4237 1878 4292 Abrahae
1907 4248 2128 4312 accepto

533 4318 743 4374 feratur
770 4319 904 4376 ﬁdes
935 4319 1274 4389 Iudaeorum,
1309 4331 1371 4378 ut
1401 4322 1514 4394 ipsa
1546 4323 1736 4379 laetitia
1754 4332 1808 4379 et
1837 4334 2128 4384 securitate

530 4417 855 4467 crescerent.
889 4409 1069 4476 Quare
1096 4417 1276 4467 tamen
1309 4410 1563 4468 Christus
1605 4430 1674 4469 ex
1721 4413 1904 4471 radice
1959 4416 2124 4486 Jesse,

529 4505 584 4553 et
610 4513 722 4554 non
753 4513 820 4554 ex
850 4499 1034 4555 radice
1046 4498 1191 4554 Booz
1212 4499 1319 4555 viri
1336 4497 1495 4572 justi,
1518 4510 1611 4556 aut
1631 4518 1699 4558 ex
1716 4503 1900 4560 radice
1926 4505 2078 4563 Obed
2099 4507 2128 4563 ?

528 4587 632 4644 Sed
663 4587 792 4660 quia
821 4587 998 4645 David
1045 4587 1195 4644 ﬁlius
1237 4587 1455 4644 dicatur
1507 4597 1732 4663 propter
1772 4609 2022 4665 regnum,
2065 4604 2128 4653 ut

527 4675 671 4732 sicut
700 4693 769 4732 ex
792 4679 906 4734 Deo
951 4685 1114 4734 natus
1159 4677 1219 4733 in
1248 4694 1428 4750 regem
1460 4687 1562 4745 est,
1593 4681 1671 4736 ita
1724 4689 1776 4737 et
1815 4697 1885 4738 ex
1948 4683 2126 4740 David

529 4783 651 4838 rege
678 4776 860 4824 ortum
894 4767 1118 4824 haberet
1141 4766 1304 4839 juxta
1333 4783 1551 4822 carnem
1578 4785 1590 4834 ;
1627 4768 1750 4824 ideo
1781 4769 1940 4827 radix
1979 4772 2127 4829 Jesse

528 4853 690 4910 arbor
731 4855 930 4924 David,
974 4873 1096 4930 quae
1144 4855 1389 4912 fructum
1439 4854 1568 4912 fecit
1610 4873 1704 4929 per
1758 4875 1995 4928 ramum,
2031 4861 2125 4934 qui

528 4949 610 4996 est
635 4942 804 4997 Maria
832 4944 1020 5017 Virgo,
1055 4962 1175 5019 quae
1207 4945 1396 5016 genuit
1426 4944 1730 5004 Christum.

601 5030 783 5101 (Vera.
836 5032 920 5099 13,
971 5033 1082 5105 14.)
1131 5058 1150 5080 ι
1189 5035 1334 5092 Deus
1386 5044 1567 5092 autem
1611 5036 1728 5108 spei
1769 5037 1975 5110 repleat
2027 5055 2127 5096 vos

531 5227 544 5238 -
601 5193 719 5266 (38)
764 5195 1029 5266 Nonnulli
1087 5211 1243 5263 mss.,
1292 5196 1615 5266 confessione
1669 5201 2004 5258 sacramenti.
2055 5203 2128 5259 At

529 5265 704 5344 infra,
728 5265 824 5344 ubi
856 5283 1048 5344 omnes
1069 5267 1288 5344 edit._e_t
1334 5265 1555 5340 quidam
1585 5288 1743 5342 mss.,
1788 5273 1901 5344 agit
1947 5274 2123 5330 Filius

525 5339 825 5418 o_be_di¢nti_re
851 5339 1124 5418 rgenti-um,
1178 5337 1274 5395 alii
1329 5337 1457 5396 mss.
1518 5344 1693 5399 multo
1728 5337 1962 5418 'plures,
2017 5345 2128 5418 agit

527 5411 720 5480 Filius,
752 5411 930 5478 Patri,
963 5418 1067 5468 etc.

623 5481 714 5552 39)
745 5483 937 5608 Hfoc‘in
969 5483 1172 5540 cantico
1198 5484 1592 5542 Deuteronomii
1638 5502 1670 5540 a
1714 5486 1975 5546 Romanis
2027 5505 2126 5546 re-

625 5568 745 5607 sum
801 5571 902 5608 ιιι.

529 5561 745 5607 vulsum
778 5561 902 5610 fuit.

597 5621 692 5704 (40
742 5624 900 5680 Rom.
931 5625 1089 5704 edit.,
1116 5626 1353 5704 quiacet
1383 5626 1550 5698 ipsi...
1593 5633 1923 5704 eratvocata
1943 5647 1965 5696 ,°
2010 5639 2121 5687 vet.

523 5693 654 5750 edit.
715 5710 867 5776 mss.,
922 5697 1050 5776 quia
1097 5693 1146 5751 et
1183 5699 1368 5776 ipsi...
1398 5693 1546 5753 ὀι-αι
1593 5700 1898 5769 nominata;
1943 5693 2115 5758 'mss.

523 5782 634 5823 non
660 5768 844 5839 pauci,
876 5773 1030 5822 erant
1048 5768 1332 5825 nominati.

2155 4643 2204 4702 D

2239 3337 2482 3410 gentium
2530 3335 2700 3391 verbo
2748 3343 2801 3391 et
2850 3335 3029 3400 factis,
3065 3353 3162 3408 per
3192 3344 3516 3409 potestatem
3549 3336 3823 3407 signorum

2238 3436 2290 3482 et
2320 3424 2696 3499 prodigiorum
2724 3425 2779 3479 in
2803 3424 3009 3480 virtute
3038 3425 3278 3496 Spiritus
3311 3425 3506 3482 sancti.
3528 3450 3546 3472 ι
3589 3426 3823 3482 Gloriam

2239 3515 2439 3571 habere
2463 3531 2520 3570 se
2537 3513 2674 3570 dicit
2695 3514 2836 3586 apud
2856 3515 3028 3570 Deum
3057 3530 3150 3585 per
3176 3513 3458 3571 Christum
3482 3515 3669 3571 Iesum
3695 3513 3822 3586 (42);

2238 3605 2469 3663 credens
2497 3602 2667 3669 enim,
2699 3610 2751 3658 et
2782 3601 3027 3658 serviens
3055 3601 3276 3658 Christo
3306 3602 3432 3658 Jesu
3455 3602 3509 3658 in
3538 3603 3825 3660 conscien-

2237 3695 2314 3750 tia
2340 3710 2496 3766 pura,
2531 3692 2789 3748 meritum
2821 3691 2927 3746 sibi
2957 3691 3087 3747 fecit
3117 3691 3261 3764 apud
3300 3694 3472 3748 Deum
3506 3693 3742 3760 Patrem,
3772 3690 3821 3745 in

2236 3791 2450 3840 tantum
2496 3789 2558 3837 ut
2609 3780 2752 3836 nihil
2791 3781 2975 3836 deesse
3017 3779 3188 3849 dicat,
3233 3782 3384 3855 quod
3411 3799 3520 3838 non
3553 3800 3649 3855 per
3676 3783 3819 3838 illum

2237 3881 2490 3946 operatus
2536 3869 2609 3927 sit
2657 3870 2911 3928 Christus
2957 3870 3026 3926 ad
3072 3871 3519 3928 exhortationem
3567 3871 3821 3945 gentium,

2238 3961 2420 4018 dando
2449 3959 2605 4033 signa
2633 3966 2688 4015 et
2735 3959 2984 4032 prodigia
3012 3961 3335 4031 per'manus
3364 3958 3503 4031 ejus,
3537 3967 3599 4015 ut
3629 3957 3822 4031 praedi-

2237 4051 2509 4106 cationem
2559 4047 2678 4120 ejus
2724 4048 2904 4104 virtus
2949 4049 3378 4105 commendaret.
3413 4049 3554 4104 Hinc
3583 4056 3668 4106 est
3691 4045 3822 4103 unde

2238 4139 2467 4214 gloriam
2517 4155 2573 4196 se
2625 4139 2868 4194 ostendit
2913 4139 3112 4195 habere
3165 4138 3223 4194 in
3253 4139 3475 4197 Christo
3512 4140 3580 4195 ad
3620 4142 3818 4200 Deum;

2237 4229 2480 4286 serviens
2517 4227 2663 4284 enim
2713 4228 2934 4284 Christo
2986 4229 3214 4297 gloriam
3246 4228 3412 4284 habet
3451 4228 3516 4284 ad
3547 4230 3742 4292 Deum,
3771 4227 3818 4280 in

2236 4327 2450 4375 tantum
2484 4327 2546 4373 ut
2577 4317 2822 4389 indigere
2855 4335 2966 4373 non
2997 4317 3195 4373 habeat
3225 4317 3438 4390 aliquid
3469 4317 3676 4373 divinae
3707 4315 3820 4370 vir-

2235 4409 2393 4478 tutis,
2457 4409 2604 4482 quod
2650 4409 2752 4465 sibi
2811 4409 3117 4481 praestitum
3174 4425 3286 4464 non
3341 4409 3413 4465 sit
3464 4425 3495 4464 a
3541 4411 3690 4476 Deo;
3737 4403 3818 4464 sed

2237 4498 2422 4555 omnia
2457 4515 2532 4566 se,
2587 4498 2716 4571 quia
2761 4497 2993 4554 idoneus
3043 4499 3304 4555 inventus
3351 4505 3432 4554 est
3468 4497 3816 4570 dispensator,

2235 4595 2611 4655 consecutum,
2642 4604 2762 4660 quae
2791 4586 2858 4642 ad
2892 4587 3306 4644 conversionem
3351 4587 3593 4660 gentium
3626 4603 3718 4660 per
3745 4583 3819 4640 si-

2235 4694 2468 4750 gnorum
2500 4679 2764 4733 virtutem
2808 4677 3158 4748 proﬁcerent,
3200 4677 3509 4750 proﬁtetur.
3565 4676 3720 4744 Quod
3762 4689 3818 4728 eo

2239 4767 2473 4839 proﬁcit,
2503 4775 2564 4822 ut
2583 4783 2639 4822 se
2661 4782 2772 4822 non
2796 4765 2981 4821 minus
3012 4765 3254 4838 potuisse
3278 4767 3394 4838 (43)
3425 4765 3640 4839 probet,
3667 4779 3816 4839 quam

2235 4855 2418 4912 caeteri
2448 4853 2706 4928 apostoli,
2735 4853 2831 4926 qui
2862 4853 3081 4910 fuerant
3109 4871 3232 4911 cum
3266 4855 3504 4912 Domino
3531 4873 3542 4910 :
3577 4869 3678 4911 nec
3716 4849 3818 4905 ali-

2235 4945 2370 5018 quid
2422 4944 2606 5000 minus
2654 4943 2798 4998 inter
2843 4950 3029 5016 gentes
3069 4945 3342 5000 virtutum
3382 4953 3666 5018 operatum
3711 4951 3815 4996 esse

2235 5037 2434 5104 Deum,
2461 5042 2524 5090 ut
2551 5051 2649 5108 per
2679 5035 2786 5092 hoc
2814 5035 2994 5109 ipsum
3026 5042 3294 5103 crescant,
3329 5033 3582 5092 videntes
3608 5033 3745 5090 banc
3765 5041 3815 5081 se

2310 5201 2426 5271 (41)
2461 5201 2617 5258 Rom.
2649 5199 2782 5256 edit.
2811 5214 2937 5256 cum
2967 5195 3157 5270 paucis
3191 5211 3362 5272 mss.,_
3382 5195 3504 5272 Ideo
3533 5209 3640 5272 non
3665 5187 3812 5272 dixit,

2235 5265 2372 5341 sola,
2402 5265 2490 5328 sed
2524 5273 2788 5328 admonet.
2841 5273 2914 5326 At
2930 5265 3063 5342 post
3091 5283 3252 5323 voces
3280 5265 3598 5342 subterfugit
3623 5265 3810 5342 animo,

2235 5333 2370 5401 Gill:
2409 5361 2472 5401 ac
2499 5345 2658 5401 Rom.
2694 5343 2828 5398 edit.
2861 5333 3216 5406 subnectunt,
3259 5345 3355 5394 aut
3382 5333 3694 5408 negligenter
3715 5333 3812 5408 hq-

2235 5400 2460 5490 beatur,
2488 5400 2634 5490 quod
2683 5428 2951 5487 nusquam
2997 5409 3153 5478 alibi,
3201 5400 3308 5466 nisi
3340 5409 3398 5466 in
3432 5400 3644 5465 Τιιῑιειη.
3673 5400 3810 5466 θοὰ..

2234 5487 2394 5561 nobis
2421 5485 2710 5561 occurrit;
2805 5485 2821 5487 ἡ
2949 5555 2964 5561 _
3206 5553 3220 5561 _
3285 5552 3324 5561 _
3509 5551 3520 5561 .
3623 5545 3738 5561 -..

2307 5559 2424 5630 (42)
2474 5557 2625 5614 Edit.
2677 5557 2836 5613 Rom.
2886 5555 3023 5621 sola,
3075 5553 3220 5626 apud
3276 5552 3444 5608 Deum
3497 5551 3556 5606 in
3613 5549 3808 5608 Christo

2231 5631 2380 5686 Iesu.
3680 5687 3716 5691 __
3795 5682 3804 5691 .

2305 5700 2420 5772 (43)
2479 5699 2594 5776 εἰς)Δ
2618 5715 2823 5776 omnes
2860 5699 2995 5756 edit.
3029 5706 3118 5776 ,βε
3144 5713 3295 5776 mss._
3321 5696 3572 5776 aliquot;
3617 5687 3808 5776 reliqui

2229 5766 2380 5841 vero,
2401 5766 2552 5844 'quod
2573 5771 2688 5829 ideo
2719 5771 2866 5836 dicit,
2895 5777 2956 5826 ut
2981 5769 3118 5827 nihil
3139 5784 3192 5824 ss
3223 5766 3400 5824 minus
3418 5766 3669 5840 potuisse,
3705 5766 3806 5815 etc.
