3976 6386
188 443 286 501 185

1280 443 1642 503 COMMENT.
1692 446 1763 504 IN
1800 446 2016 505 EPIST.
2059 451 2158 507 AD
2196 450 2362 508 BOM.

3376 457 3480 514 186

183 566 414 638 gratiam
444 577 743 637 assecutos,
789 582 951 657 quam
993 567 1227 624 assecuti
1270 577 1425 626 erant
1452 568 1649 640 Judaei,
1682 571 1778 645 qui
1807 577 1857 635 Α
1890 573 2234 646 praedicatus,
2285 583 2346 631 ut
2390 584 2680 649 occuparet
2729 586 2938 635 mentes
2976 581 3233 650 illorum;
3269 591 3323 640 et
3350 583 3482 657 quia

183 656 288 713 sibi
319 657 738 730 praerogativam
770 656 1056 714 vindicant
1081 657 1325 715 Patrum.

254 746 440 815 (Vers.
465 746 583 818 20.)
630 772 647 794 ι
668 747 746 803 Ita
766 753 826 800 ut
847 746 914 802 ab
937 746 1232 803 Jerusalem
1265 747 1322 803 in
1347 748 1583 806 circuitu
1610 765 1782 823 usque

183 834 474 908 Illyricum
515 833 838 908 repleverim
869 834 1234 906 Evangelium
1264 837 1384 905 Dei,
1425 844 1479 892 et
1508 837 1636 893 Filii
1665 836 1782 909 ejus

183 921 413 980 Christi.
449 923 537 980 Sic
567 932 746 979 autem
777 921 1073 994 pradicavi
1102 924 1464 996 Evangelium
1499 925 1639 998 (44),
1669 941 1781 980 non

183 1011 284 1068 ubi
315 1011 630 1067 nominatus
659 1019 740 1066 est
767 1011 1046 1078 Christus;
1088 1027 1155 1067 ne
1184 1029 1347 1085 supra
1374 1013 1614 1070 alienum
1644 1013 1783 1069 fun-

183 1100 503 1158 damentum
551 1101 901 1159 aediﬁcarem.
953 1127 971 1148 ι
1030 1103 1152 1160 Non
1201 1105 1319 1161 sine
1367 1123 1528 1162 causa
1581 1107 1699 1162 illic
1725 1123 1782 1162 se

183 1191 479 1262 praedicare
513 1191 617 1247 niti
647 1191 804 1261 dicit,
855 1192 952 1248 ubi
993 1210 1104 1249 non
1135 1197 1455 1253 nominatus
1484 1204 1566 1253 est
1610 1196 1784 1254 Chri-

182 1285 337 1348 stus;
406 1282 585 1358 sciens
622 1281 770 1336 enim
838 1280 1330 1354 pseudoapostolos
1390 1285 1553 1341 aliter
1616 1301 1779 1358 quam

181 1368 488 1441 oportebat,
535 1370 818 1429 Christum
852 1371 1068 1429 tradere
1101 1375 1193 1446 (ad
1225 1375 1330 1433 hoc
1353 1375 1498 1432 enim
1532 1376 1784 1432 circum-

183 1457 358 1526 ibant,
408 1466 470 1516 ut
511 1459 613 1516 sub
655 1461 879 1517 nomine
914 1469 1054 1526 107
1086 1463 1293 1522 Christi
1334 1465 1458 1521 aliis
1500 1463 1784 1537 dogmati—

180 1555 285 1613 bus
327 1558 593 1630 populum
641 1559 1038 1632 manciparent,
1083 1559 1230 1633 quod
1279 1570 1466 1632 postea
1513 1561 1784 1633 corrigere

182 1645 413 1702 maximi
447 1656 565 1703 erat
594 1648 846 1720 laboris),
896 1648 1104 1708 idcirco
1151 1649 1457 1722 praevenire
1487 1650 1687 1718 voluit,
1722 1656 1785 1706 ut

179 1733 468 1791 inviolatae
499 1735 912 1809 praedicationis
938 1738 1107 1794 verba
1138 1736 1378 1793 traderet
1407 1737 1780 1794 audientibus.

180 1831 233 1881 et
275 1834 339 1882 ut
391 1825 606 1899 integra
638 1827 784 1882 linea
833 1827 1149 1899 superﬁcies
1192 1826 1444 1883 ordinata
1492 1828 1786 1884 incolumis

1889 663 2357 736 pseudoapostolis
2385 664 2609 722 diﬂicile
2638 666 2746 722 fuit
2775 667 2878 723 iter
2908 667 2975 724 ad
3005 669 3159 736 illos;
3207 671 3330 728 ideo
3373 680 3480 729 tar-

1889 752 2016 809 dius
2043 754 2087 810 si
2120 754 2242 823 iret,
2272 773 2383 812 non
2416 766 2531 813 erat
2561 758 2874 814 molestum.

1963 861 2361 934 (Vers.25,26.)
2381 886 2398 908 ε
2418 864 2577 921 Nunc
2604 881 2734 921 vero
2756 865 3072 938 proﬁciscar
3095 865 3154 922 in
3183 867 3480 926 Jerusalem

1891 951 2205 1008 ministrare
2230 952 2458 1019 sanctis;
2493 953 2868 1025 probaverunt
2901 955 3050 1010 enim
3082 955 3399 1012 Macedonia
3429 965 3484 1014 et

1890 1039 2098 1096 Achaia
2151 1041 2502 1097 collationem
2570 1043 2811 1117 aliquam
2869 1045 3046 1100 facere
3104 1045 3158 1100 in
3222 1062 3484 1118 pauperes

1889 1137 2224 1198 sanctorum,
2259 1131 2353 1204 qui
2390 1139 2521 1187 sunt
2545 1132 2864 1188 Jerusalem.
2898 1158 2915 1181 ι
2957 1134 3116 1190 Prius
3145 1141 3329 1191 tamen
3362 1135 3484 1192 itu-

1890 1236 2011 1275 rum
2039 1237 2096 1276 se
2118 1219 2253 1276 dicit
2273 1221 2588 1277 ministrare
2607 1222 2810 1279 sanctis
2827 1223 3125 1278 Jerusalem
3151 1239 3164 1290 ;
3195 1241 3291 1296 per
3319 1241 3482 1298 quam

1890 1324 2003 1364 rem
2045 1310 2317 1366 Romanos
2364 1309 2503 1366 scire
2550 1311 2672 1365 vult
2702 1310 2831 1383 quia
2860 1310 3177 1383 hujusmodi
3223 1312 3482 1385 operibus

1890 1398 2222 1455 studendum
2253 1408 2362 1456 est:
2383 1399 2642 1471 quienim
2674 1416 2770 1472 per
2796 1401 3231 1458 misericordiam
3253 1401 3481 1466 vivunt,

1892 1497 1945 1545 et
1967 1488 2256 1561 justiﬁcati
2304 1498 2435 1546 sunt
2484 1490 2629 1563 apud
2677 1492 2873 1559 Deum,
2913 1481 3046 1548 huic
3090 1491 3358 1548 inservire
3391 1491 3482 1548 de-

1889 1576 2022 1634 bent
2052 1578 2190 1650 (49).

1965 1687 2146 1758 (Vers.
2177 1689 2294 1759 27.)
2353 1711 2371 1734 ι
2401 1688 2687 1746 Debitores
2728 1690 2877 1747 enim
2906 1698 3037 1748 sunt
3067 1708 3291 1761 eorum;
3335 1710 3483 1766 quo-

1893 1774 2043 1832 niam
2085 1777 2131 1832 si
2179 1777 2552 1848 spiritualium
2599 1794 2786 1834 eorum
2832 1779 3123 1853 participes
3164 1781 3320 1838 facta:
3353 1789 3484 1839 sunt

1893 1874 2097 1938 gentes,
2148 1866 2350 1924 debent
2391 1873 2444 1922 et
2478 1865 2537 1922 in
2589 1867 2904 1924 carnalibus
2950 1869 3264 1926 ministrare
3309 1869 3406 1926 eis.
3449 1895 3469 1919 ο

181 1912 753 2026 ξιξξιξιασιξιξίίξοΡξτ
798 1914 1031 2026 habetat
1055 1916 1196 2026 £45)-
1245 1916 1318 1972 Ει
1348 1915 1784 2026 saepe???“
1814 1931 1861 1991 B
1893 1912 2107 2026 διὲξξῷ
2135 1912 2567 2013 ξιῖιῖῑᾉὲδῑέοῐὲε
2591 1912 3480 2014 23.13%}?ﬁdiéZii‘Eiléiai.

179 2002 342 2058 datus
404 2011 486 2062 est
543 2004 821 2076 gentibus,
874 2006 1159 2077 oportebat
1208 2022 1333 2062 eum
1391 2007 1627 2064 sollicite
1679 2007 1786 2064 hoc

180 2107 400 2157 curare,
449 2099 511 2146 ut
556 2092 674 2147 illic
709 2091 948 2160 doceret,
998 2093 1094 2150 ubi
1139 2093 1399 2151 Christus
1450 2111 1560 2150 non
1608 2095 1786 2152 fuerat

183 2181 518 2238 nuntiatus:
572 2189 626 2237 et
670 2190 733 2238 ut
781 2181 1161 2238 auctoritatem
1215 2200 1370 2240 suam
1417 2183 1682 2254 ﬁrmaret,
1729 2193 1784 2242 et

181 2270 434 2328 laborum
483 2284 711 2325 suorum
765 2270 987 2342 plenum
1035 2271 1277 2326 fructum
1327 2271 1554 2328 haberet
1599 2288 1667 2327 ex
1715 2273 1784 2330 iis

181 2378 302 2435 quae
334 2362 701 2434 plantaverat.
749 2359 890 2416 Hinc
918 2368 1001 2416 est
1043 2360 1191 2417 unde
1220 2361 1407 2417 omnia
1437 2362 1554 2418 loca
1583 2363 1785 2419 Eccle-

182 2450 262 2506 sia
292 2448 590 2520 occupavit
621 2447 770 2520 (46);
819 2447 1052 2505 haereses
1084 2449 1234 2505 enim
1264 2457 1452 2522 postea
1479 2451 1785 2509 subtilitate

183 2539 571 2611 malignantes,
610 2537 714 2594 sub
743 2539 968 2594 nomine
997 2537 1205 2597 Christi
1247 2539 1382 2612 legis
1411 2547 1464 2595 et
1493 2539 1617 2596 ﬁdei
1649 2558 1784 2598 sen-

185 2644 305 2683 sum
337 2643 694 2699 corrumpere
722 2626 1062 2684 nitebantur.
1109 2627 1269 2694 Quod
1308 2630 1622 2686 testimonio
1651 2631 1784 2704 legis

187 2715 406 2772 monuit
438 2716 627 2774 dicens
661 2731 674 2771 :

255 2805 442 2875 (Vers.
464 2805 579 2877 21.)
626 2831 645 2878 ᾳ
674 2805 779 2862 Sed
809 2805 952 2861 sicut
983 2804 1247 2876 scriptum
1279 2814 1389 2863 est:
1416 2807 1557 2875 Quia
1585 2807 1786 2882 quibus

185 2911 294 2950 non
325 2901 410 2950 est
438 2895 829 2951 annuntiatum
870 2893 937 2950 de
966 2911 1052 2962 eo,
1101 2894 1368 2950 videbunt
1402 2913 1414 2962 ;
1464 2905 1516 2952 et
1549 2897 1639 2970 qui
1672 2915 1784 2954 non

184 2982 506 3051 audierunt,
549 2983 884 3054 intelligent,
917 3005 935 3029 ι
988 2981 1045 3037 in
1075 2983 1213 3038 Isaia
1260 2982 1493 3041 habetur
1525 2986 1651 3058 (Isa.
1683 3003 1783 3055 ιιι,

188 3071 301 3144 15).
339 3073 411 3129 Ut
439 3089 566 3142 ergo
596 3070 688 3128 hic
718 3072 1029 3127 intellectus
1060 3088 1222 3128 verus
1251 3081 1412 3146 atque
1441 3075 1785 3133 inviolabilis

185 3171 324 3219 esset
367 3160 435 3217 de
464 3177 596 3217 vero
642 3159 741 3216 Dei
771 3159 935 3226 Filio,
988 3177 1045 3217 se
1075 3161 1358 3218 festinasse
1406 3179 1622 3236 semper
1648 3165 1786 3222 dicit

189 3250 433 3307 imbuere
457 3259 643 3321 gentes
671 3249 985 3321 evangelica
1017 3249 1245 3307 veritate
1280 3270 1291 3308 :

259 3342 444 3412 (Vers.
473 3341 685 3412 22-24.)
745 3366 763 3388 ι
796 3343 1023 3414 Propter
1051 3344 1199 3415 quod
1226 3343 1569 3416 impediebar
1599 3349 1785 3419 pluri-

187 3446 338 3486 mum
372 3431 562 3487 venire
594 3431 662 3487 ad
693 3447 811 3487 vos.
850 3432 1008 3487 Nunc
1034 3447 1164 3485 vero
1195 3433 1428 3489 ulterius
1459 3435 1642 3491 locum
1675 3453 1784 3494 non

185 3516 394 3575 habens
417 3519 474 3574 in
501 3518 589 3574 his
622 3519 959 3590 regionibus,
982 3518 1340 3590 cupiditatem
1372 3531 1551 3578 autem
1580 3523 1786 3581 habens

185 3607 446 3664 veniendi
475 3607 542 3663 ad
565 3624 666 3662 vos
685 3623 755 3662 ex
777 3605 968 3661 multis
992 3604 1105 3676 jam
1131 3608 1566 3678 praecedentibus
1592 3613 1780 3681 annis;

183 3711 312 3752 cum
345 3696 404 3750 in
435 3694 753 3766 Hispaniam
788 3694 1058 3766 proﬁcisci
1089 3711 1326 3767 coepero,
1357 3697 1556 3754 videbo
1581 3715 1700 3767 vos,
1731 3707 1785 3756 et

183 3801 216 3839 a
259 3784 423 3841 vobis
469 3784 708 3841 deducar
749 3784 867 3856 (47)
918 3785 1074 3852 illuc,
1124 3785 1170 3840 si
1217 3786 1376 3842 vobis
1421 3788 1661 3860 primum
1714 3807 1784 3846 ex

184 3884 340 3949 parte
377 3877 580 3932 fruitus
609 3876 786 3932 fuero.
821 3902 839 3923 ι
891 3875 1049 3942 Quod
1079 3876 1134 3931 in
1179 3878 1358 3949 capite
1387 3880 1629 3951 epistolae
1674 3898 1783 3938 me-

187 3975 362 4023 morat
391 3966 580 4024 dicens
613 3983 625 4021 :
668 3991 685 4014 ι
715 3965 854 4033 Quia
883 3982 1046 4038 saepe,
1081 3967 1274 4038 inquit,
1307 3970 1563 4040 proposui
1595 3971 1783 4028 venire

185 4055 252 4112 ad
272 4073 392 4122 vos,
416 4065 471 4112 et
492 4055 808 4128 prohibitus
825 4071 947 4111 sum
971 4072 1144 4128 usque
1166 4056 1348 4114 adhuc
1370 4059 1545 4130 (Rom.
1565 4061 1769 4131 ῐ,13).›

187 4145 341 4202 Nunc
369 4145 630 4212 absolvit,
682 4145 976 4201 ostendens
1009 4146 1140 4218 quia
1168 4163 1331 4202 causa
1360 4147 1660 4220 impeditus
1688 4150 1781 4220 sit,

188 4241 246 4290 ut
273 4235 464 4290 volens
503 4234 692 4290 venire
720 4234 871 4291 aliud
904 4243 1107 4306 ageret,
1157 4236 1307 4308 quod
1337 4238 1687 4309 imminebat,
1722 4250 1785 4299 ut

189 4324 499 4380 excluderet
553 4324 1139 4396 pseudoapostolorum
1204 4342 1374 4398 prava
1429 4338 1776 4400 commenta;

189 4419 239 4469 et
290 4412 527 4488 denique
584 4420 871 4486 postquam
931 4414 1193 4470 omnibus
1247 4415 1302 4470 in
1364 4415 1603 4475 circuitu
1632 4435 1782 4492 prae—

189 4499 409 4571 dicavit,
472 4502 586 4575 jam
653 4519 846 4559 vacare
909 4503 1015 4558 sibi
1079 4503 1217 4559 dicit
1256 4505 1442 4561 venire
1511 4507 1780 4577 Romam,

1891 2043 2067 2110 tium;
2122 2053 2184 2099 ut
2224 2044 2371 2100 sicut
2417 2045 2476 2099 in
2525 2045 2906 2117 spiritualibus
2953 2047 3246 2118 participes
3292 2062 3481 2103 eorum

1892 2132 2025 2190 facti
2053 2143 2201 2200 sunt,
2234 2133 2311 2188 ita
2354 2141 2408 2190 et
2439 2133 2495 2190 hi
2541 2136 2958 2192 communicent
2986 2135 3362 2207 corporalibus
3393 2153 3485 2192 ne-

1892 2223 2241 2279 cessitatibus
2285 2223 2540 2290 illorum;
2587 2231 2649 2278 ut
2680 2224 2978 2296 gaudentes
3025 2240 3095 2280 ex
3127 2223 3330 2281 Judaeis
3357 2241 3484 2282 cre-

1893 2312 2083 2369 dentes
2111 2311 2429 2369 collaudent
2477 2313 2878 2384 providentiam
2912 2314 3010 2370 Dei
3043 2313 3100 2370 in
3129 2315 3360 2370 salutem
3391 2314 3484 2386 ip-

1892 2419 2098 2468 sorum,
2152 2419 2245 2473 per
2289 2400 2657 2457 ministerium
2699 2418 2912 2458 eorum.
2963 2403 3032 2459 Hi
3077 2404 3224 2479 .‘m
3253 2413 3399 2463 totos
3427 2422 3485 2462 se

1893 2491 2101 2548 divinis
2130 2490 2388 2546 dedentes
2414 2490 2714 2564 obsequiis,
2746 2491 2887 2548 nihil
2922 2492 3262 2550 mundanum
3291 2512 3481 2551 curan-

1892 2588 1993 2648 tes,
2073 2580 2385 2652 exemplum
2449 2579 2606 2636 bonae
2672 2582 3106 2638 conversationis
3169 2583 3485 2655 praebebant

1892 2669 2263 2727 credentibus.
2315 2670 2376 2724 In
2423 2677 2637 2725 tantum
2686 2669 2923 2742 denique
2970 2687 3069 2727 nos
3115 2671 3386 2729 humanos
3413 2671 3481 2728 ad

1894 2756 2328 2814 misericordiam
2369 2759 2487 2812 vult
2524 2773 2639 2813 esse
2668 2759 2985 2828 Apostolus,
3036 2767 3096 2813 ut
3127 2766 3181 2814 et
3208 2759 3482 2816 debitores

1893 2864 1993 2903 nos
2020 2846 2171 2902 dicat
2199 2847 2346 2903 circa
2379 2847 2783 2919 eleemosynam
2829 2847 3187 2918 largiendam,
3232 2858 3284 2904 et
3323 2848 3482 2904 bonis

1893 2935 2151 3008 operibus
2189 2935 2550 2992 exercendam
2591 2951 2715 2991 cum
2762 2936 3042 2992 alacritate
3079 2935 3260 2993 cordis
3294 2955 3305 2993 :
3355 2937 3483 3009 quia

1896 3024 1991 3096 qui
2026 3022 2462 3079 misericordiam
2507 3037 2539 3076 a
2574 3024 2690 3078 Deo
2747 3033 2949 3095 sperat,
2996 3024 3157 3080 debet
3184 3043 3300 3082 esse
3330 3027 3486 3083 mise-

1895 3112 2088 3180 ricors,
2140 3122 2201 3168 ut
2238 3113 2432 3184 probet
2469 3129 2525 3168 se
2581 3122 2726 3169 recte
2771 3112 2914 3171 hanc
2962 3131 3221 3186 sperare:
3274 3116 3402 3190 quia
3439 3117 3484 3172 si

1893 3203 2060 3258 homo
2114 3201 2424 3270 miseretur,
2474 3211 2680 3275 quanto
2729 3203 2902 3275 magis
2944 3204 3122 3260 Deusl
3177 3205 3487 3262 Retributio

1815 3277 1860 3338 C
1895 3291 2041 3348 enim
2075 3291 2193 3348 haec
2223 3298 2304 3347 est
2334 3291 2420 3346 vel
2451 3307 2680 3358 merces,
2725 3300 2787 3347 ut
2819 3291 2914 3364 qui
2945 3292 3224 3364 accipiunt
3272 3295 3485 3351 miseri-

1893 3379 2158 3446 cordiam,
2208 3379 2641 3436 misericordiam
2689 3379 2916 3435 faciant.
2970 3379 3122 3435 Unde
3165 3382 3480 3439 Dominus:

1909 3496 1926 3518 ε
1947 3470 2118 3536 Beati,
2142 3469 2347 3542 inquit,
2368 3469 2749 3526 misericordes
2774 3470 2988 3542 (Matth.
3006 3489 3062 3540 v,
3085 3473 3138 3543 7)
3157 3491 3170 3539 ;
3189 3497 3208 3519 ι
3238 3472 3484 3544 ipsorum

1893 3558 2042 3615 enim
2073 3558 2423 3615 miserebitur
2452 3560 2616 3615 Deus.

1967 3676 2150 3748 (Vers.
2188 3675 2276 3744 28,
2309 3675 2424 3745 29.)
2469 3699 2485 3721 ι
2517 3675 2633 3731 Hoc
2658 3675 2828 3747 igitur
2855 3692 2978 3732 cum
3010 3693 3482 3747 consummavero,

1893 3773 1948 3820 et
1994 3764 2342 3836 assignavero
2395 3764 2474 3820 eis
2516 3765 2757 3820 fructum
2810 3765 2980 3834 hunc,
3027 3765 3346 3838 proﬁciscar
3393 3784 3488 3841 per

1893 3870 1993 3910 vos
2022 3853 2080 3910 in
2111 3854 2449 3926 Hispaniam.
2500 3853 2624 3910 Scio
2663 3854 2812 3910 enim
2854 3855 3116 3927 quoniam
3162 3857 3390 3912 veniens
3417 3857 3486 3912 ad

1896 3959 2012 4011 vos,
2046 3943 2102 3998 in
2135 3944 2473 4000 abundantia
2502 3943 2902 4001 benedictionis
2933 3943 3139 4002 Christi
3176 3947 3413 4002 veniam.
3453 3971 3470 3992 -

1893 4032 2086 4090 Certus
2115 4034 2284 4106 igitur
2312 4033 2378 4091 de
2409 4034 2770 4106 dispositione
2799 4041 2852 4090 et
2885 4035 3058 4107 gratia
3083 4037 3203 4104 Dei,
3231 4036 3486 4108 promisit

1892 4137 1950 4179 se
1991 4123 2047 4178 in
2089 4123 2427 4179 abundantia
2472 4123 2873 4180 benedictionis
2921 4132 3248 4194 venturum,
3316 4144 3480 4199 quam

1893 4211 2152 4284 pradicat
2191 4213 2420 4270 Christi.
2473 4213 2792 4269 Benedictio
2837 4221 3021 4269 autem
3053 4213 3171 4270 hac
3197 4214 3480 4287 signorum

1891 4300 2068 4358 virtus
2094 4309 2195 4368 est,
2223 4317 2318 4373 per
2350 4317 2512 4374 quam
2543 4301 2855 4358 conﬁrmati
2887 4309 3035 4358 sunt.

1966 4408 2148 4480 (Vers.
2172 4408 2260 4477 30,
2285 4409 2348 4465 31
2363 4409 2401 4481 .)
2434 4433 2451 4455 ε
2471 4409 2710 4466 Obsecro
2731 4425 2860 4482 ergo
2880 4426 2999 4478 vos,
3022 4409 3236 4478 fratres,
3262 4426 3358 4482 per
3379 4411 3484 4468 Do-

1892 4499 2105 4555 minum
2135 4505 2386 4565 nostrum
2417 4499 2600 4556 Jesum
2631 4497 2934 4568 Christum,
2961 4507 3016 4555 et
3047 4515 3143 4572 per
3160 4501 3482 4559 charitatem

193 4590 332 4662 quod
361 4591 496 4647 olim
534 4600 834 4665 optaverat.
886 4593 1160 4650 Romanos
1206 4591 1393 4664 igitur,
1443 4595 1573 4667 quia
1603 4596 1658 4652 in
1695 4597 1784 4654 le-
1813 4631 1864 4690 Β
1893 4589 2133 4661 Spiritus
2189 4590 2400 4656 sancti,
2475 4596 2538 4644 ut
2598 4588 3047 4689 sollicitudinem.
3085 4587 3482 4690 impartiamini

193 4695 303 4750 gem
338 4680 553 4738 inducti
602 4680 840 4749 fuerant,
889 4679 1110 4736 interim
1161 4698 1256 4752 per
1285 4682 1570 4755 epistolam
1600 4687 1784 4743 corri-

193 4768 282 4838 git.
311 4771 442 4827 Illos
469 4779 652 4826 autem
683 4771 776 4844 qui
807 4787 917 4827 non
949 4771 1236 4828 audierant
1267 4772 1334 4828 ad
1370 4773 1480 4832 huc
1507 4777 1780 4849 praedica-

193 4857 412 4927 tionem,
445 4860 641 4917 utilius
669 4877 785 4917 esse
832 4861 1125 4933 praesentia
1168 4863 1253 4919 sui
1285 4862 1470 4920 doceri
1503 4883 1516 4922 :
1566 4873 1628 4922 ut
1655 4867 1777 4924 fun-

193 4945 300 5003 dati
331 4957 480 5007 recta
507 4950 615 5007 ﬁde
644 4951 872 5008 diﬁicile
892 4952 1042 5009 aliud
1064 4952 1276 5026 aliquid
1309 4954 1775 5029 reciperent(48).

197 5035 492 5098 Venturum
552 5049 735 5097 tamen
789 5057 846 5097 se
893 5041 1148 5114 promisit
1206 5050 1472 5116 tempore,
1547 5061 1658 5119 quo
1710 5045 1780 5103 ad

196 5124 480 5202 Hispanias
509 5137 624 5187 erat
653 5129 866 5198 iturus;
913 5130 1044 5202 quia
1083 5129 1200 5188 illic
1241 5130 1494 5190 Christus
1521 5149 1632 5190 non
1660 5143 1778 5192 erat

260 5305 370 5382 (44)
411 5310 572 5367 Rom.
603 5307 750 5376 edit._
769 5308 907 5375 sola,
956 5308 1081 5366 Illic
1107 5314 1281 5365 autem
1305 5300 1604 5382 pradicarc
1630 5311 1778 5368 nisus

195 5391 316 5434 luﬂL

261 5448 369 5523 (45)
410 5454 568 5511 Rom.
621 5451 756 5509 edit.
797 5467 930 5523 cum
961 5469 1073 5508 uno
1118 5451 1205 5508 vel
1237 5452 1410 5508 altero
1442 5468 1598 5520 mss.,
1646 5459 1779 5508 etut

196 5526 321 5596 facta
349 5521 506 5590 linea,
540 5531 643 5581 etc.
687 5521 1027 5596 Corb.icod.,
1060 5530 1117 5577 ut
1143 5523 1400 5595 integrum
1441 5528 1597 5596 atque
1623 5523 1779 5578 inco—

199 5587 321 5648 lume
344 5596 408 5652 ab
454 5567 632 5668 alien;
677 5567 950 5668 superﬁcie
991 5567 1396 5666 fundamei’ttum
1431 5567 1734 5668 peisistcret
1757 5612 1776 5649 .·

196 5667 359 5722 cateri
389 5675 444 5724 et
469 5666 602 5724 edit.
635 5675 696 5723 ut
725 5665 783 5721 in
808 5673 984 5721 textu.

259 5732 368 5810 (46)
405 5738 608 5810 Omnes
637 5737 771 5793 edit.
801 5753 1017 5810 ac_mss.
1050 5737 1280 5810 aliquot,
1321 5738 1560 5796 Ecclesia!
1605 5755 1772 5795 occu-

191 5807 355 5873 paret.
398 5809 593 5869 Ceteri
635 5807 999 5880 commodius,
1046 5807 1285 5868 Ecclesia
1330 5817 1626 5884 occuparet.
1668 5811 1772 5868 Ite-

1897 4676 2034 4734 mihi
2065 4677 2124 4732 in
2153 4678 2500 4734 orationibus
2528 4695 2627 4752 pro
2655 4695 2742 4735 me
2788 4679 2856 4734 ad
2890 4678 3217 4746 Dominum,
3253 4685 3314 4733 ut
3352 4678 3485 4734 libe-

1890 4783 1978 4822 rer
2034 4767 2102 4824 ab
2155 4767 2474 4824 inﬁdelibus
2533 4767 2627 4840 qui
2681 4776 2811 4824 sunt
2858 4768 2915 4822 in
2953 4765 3160 4822 Judaa.
3193 4790 3212 4812 ι
3271 4765 3486 4824 Dehinc

1887 4863 2006 4912 orat
2040 4864 2103 4912 ut
2145 4861 2284 4919 103
2323 4855 2617 4927 adjuvetur
2647 4857 2705 4911 in
2749 4854 3120 4922 orationibus,
3169 4863 3231 4911 ut
3278 4855 3484 4913 evade-

1887 4961 1969 5008 ret
2016 4970 2211 5010 manus
2258 4953 2575 5009 Judzeorum
2623 4950 2986 5007 inﬁdelium:
3037 4967 3150 5008 non
3195 4951 3327 5026 quia
3365 4952 3482 5026 ipse

1886 5043 2073 5099 minus
2143 5049 2447 5108 mereatur;
2526 5041 2619 5096 sed
2675 5040 2926 5097 ordinem
2985 5041 3256 5115 sequitur,
3300 5051 3362 5099 ut
3415 5044 3483 5100 ab

1885 5132 2133 5190 Ecclesia
2158 5131 2253 5188 ﬁat
2281 5129 2456 5186 oratio
2485 5147 2584 5204 pro
2612 5136 2820 5189 rectore
2847 5147 2969 5188 suo.
3001 5131 3164 5190 Multi
3191 5131 3339 5189 enim
3367 5131 3484 5188 mi-

1885 5326 2009 5393 rum
2043 5326 2143 5393 pro
2171 5309 2458 5393 subtilitate
2493 5310 2866 5393 malignantes,
2914 5309 3140 5385 quidam
3168 5325 3298 5365 mss.
3329 5305 3481 5384 prte-

1885 5381 2092 5450 ferunt,
2122 5382 2411 5438 subtilitate
2434 5381 2803 5455 malignitatis.
2929 5381 2948 5385 “
3331 5381 3349 5384 ⁷

1948 5451 2244 5536 ,φη-γει.
2292 5453 2426 5536 e_d_i_t.
2476 5471 2540 5510 ac
2588 5455 2770 5536 plures
2812 5459 3064 5536 mss.,“et
3100 5470 3135 5507 a
3164 5451 3474 5536 vobiiprra-

1883 5523 2061 5649 exiti,
2090 5525 2248 5582 Rom.
2273 5525 2430 5595 edit.,
2453 5523 2789 5598 prmum;
2822 5523 2943 5582 cod.
2977 5523 3124 5581 Flor.
3175 5538 3240 5581 ac
3281 5523 3477 5594 Vind.,

1986 5611 2134 5651 ηραν.

1957 5665 2073 5738 (48)
2116 5667 2278 5726 Corb.
2315 5668 2510 5738 codex,
2549 5668 2702 5725 aliud
2728 5666 2938 5738 aliquid
2965 5666 3280 5738 reperirent.

1957 5736 2074 5813 (49)
2115 5738 2249 5813 Cod.
2299 5736 2537 5813 Ihm;
2573 5739 2720 5799 Flor.
2751 5736 3039 5810 et’VindJ
3069 5739 3191 5813 pios
3219 5755 3272 5795 se
3301 5737 3482 5796 debent

1881 5809 2123 5869 exhibe-rs
2157 5810 2444 5883 fratribus.
