3976 6392
460 403 561 462 187

1461 402 1559 459 AD
1597 400 1834 459 ΟΡΕΗΑ
1868 401 1927 459 S.
1965 400 2298 460 AMBROSII
2333 399 2717 461 APPENDIX.

3652 402 3764 463 188

445 531 584 590 nimi
630 530 765 590 dum
810 535 1215 601 congregantur
1258 527 1568 596 unanimes,
1618 527 1764 584 ﬁunt
1809 525 2040 600 magni:
2072 530 2124 591 Α
2153 527 2226 584 rit
2262 527 2597 585 exercitatus
2644 527 2703 587 in
2759 529 3082 603 Scripturis,
3128 530 3198 587 ab
3250 529 3339 587 his
3372 536 3558 591 tamen
3603 531 3761 589 viam

445 630 499 679 et
526 621 830 678 multorum
879 633 1067 692 preces
1119 616 1463 691 impossibile
1508 626 1589 674 est
1633 624 1696 673 ut
1735 633 1845 672 non
1876 616 2044 689 impe-

442 718 591 768 trent
622 709 763 781 (50).
796 708 854 765 Si
883 724 1013 781 ergo
1047 715 1103 762 et
1132 706 1241 779 ipsi
1271 707 1459 779 cupidi
1487 708 1600 763 sint
1632 706 1856 763 videndi
1887 707 2047 778 Apo-

442 800 671 868 stolum,
700 796 1007 870 impensius
1035 804 1217 865 orent,
1249 803 1312 852 ut
1341 795 1469 851 inde
1500 796 1791 852 liberatum
1833 795 2046 868 possint

442 889 718 962 suscipere
747 887 907 943 illum
938 886 996 941 in
1027 884 1228 957 gaudio
1257 882 1564 940 charitatis.

518 979 704 1051 (Vera.
724 976 842 1049 32.)
890 1000 907 1022 ι
935 976 1005 1032 Ut
1033 984 1087 1032 et
1113 991 1407 1030 munerum
1430 991 1676 1031 meorum
1707 974 2046 1033 ministratio

442 1075 667 1143 accepta
694 1067 792 1123 ﬁat
834 1066 893 1122 in
936 1064 1320 1137 Hierosolyma
1347 1064 1581 1133 sanctis;
1633 1074 1695 1122 ut
1722 1067 1940 1123 veniam
1977 1065 2044 1124 ad

444 1178 542 1220 vos
587 1178 713 1218 cum
762 1157 965 1231 gaudio
1012 1173 1109 1229 per
1160 1156 1504 1213 voluntatem
1552 1157 1679 1214 Jesu
1724 1158 1951 1226 Christi,
1990 1168 2045 1216 et

443 1249 735 1323 refrigerer
758 1246 1068 1304 vobiscum.
1096 1272 1113 1293 ι
1146 1246 1330 1303 Etiam
1359 1246 1465 1302 hoc
1495 1248 1766 1304 orandum
1798 1248 1958 1315 dicit,
1982 1256 2045 1305 ut

444 1335 781 1395 ministratio
830 1351 1122 1392 munerum
1165 1333 1283 1408 ejus
1332 1345 1554 1408 accepta
1600 1336 1693 1391 ﬁat
1734 1336 1941 1393 sanctis
1987 1337 2045 1392 in

441 1430 764 1497 Jerusalem,
813 1434 870 1483 et
908 1426 1096 1483 omnia
1143 1443 1268 1482 cum
1305 1427 1590 1483 voluntate
1636 1427 1737 1483 Dei
1782 1427 1961 1497 facere
1988 1444 2045 1483 se

441 1518 728 1584 ostendat;
779 1525 841 1573 ut
889 1516 1019 1589 quia
1046 1515 1280 1571 devotus
1324 1522 1405 1572 est
1452 1515 1670 1572 animus
1715 1514 1834 1588 ejus
1859 1515 1929 1572 ad
1956 1514 2047 1571 fe-

445 1608 616 1664 renda
646 1622 899 1674 munera,
942 1604 1106 1661 etiam
1152 1603 1376 1659 illorum
1421 1604 1670 1660 animum
1710 1605 1805 1660 Dei
1832 1603 2047 1676 judicio

440 1694 772 1769 respondere
815 1692 926 1751 sibi
974 1692 1128 1760 vult;
1178 1701 1240 1748 ut
1280 1692 1562 1750 intellecta
1600 1692 1865 1750 charitate
1895 1691 2047 1750 illius

439 1801 567 1857 erga
592 1800 670 1853 se,
715 1799 841 1839 cum
875 1781 977 1838 illo
1007 1782 1299 1837 unanimes
1337 1783 1451 1837 Deo
1480 1782 1680 1854 gratias
1708 1791 1888 1854 agant.
1921 1784 2049 1839 Ma-

2152 618 2377 674 Domini
2403 617 2728 691 diligentius
2755 618 3056 677 instructus
3076 627 3159 676 est
3192 637 3204 675 :
3252 620 3377 678 ideo
3403 620 3584 679 socios
3604 620 3760 679 labo-

2154 707 2231 765 ris
2256 708 2342 765 sui
2376 708 2515 766 dicit
2556 726 2669 778 eos,
2719 709 2815 766 sed
2862 710 2919 765 in
2968 710 3190 769 Christo
3234 711 3400 779 Jesu;
3446 711 3758 784 cooperarii

2153 797 2299 853 enim
2332 798 2449 870 ejus
2483 798 2708 855 fuerunt
2736 800 2795 854 in
2824 799 3125 872 Evangelio
3145 800 3264 856 Dei.
3290 800 3493 873 Agnila
3520 800 3611 856 vir
3639 798 3758 856 Pri-

2153 888 2323 944 scillae
2351 895 2453 955 est,
2487 888 2604 961 (52)
2626 905 2765 962 quos
2796 906 2906 945 non
2938 889 3114 948 otiose
3135 891 3366 949 Romam
3398 890 3614 947 venisse
3642 905 3756 947 ma-

2153 975 2416 1032 nifestum
2452 982 2565 1043 est;
2625 977 3005 1049 propensiores
3046 978 3195 1033 enim
3233 984 3393 1034 erant
3422 977 3481 1034 in
3519 977 3621 1035 Dei
3649 978 3759 1034 de-

2155 1066 2407 1132 votione;
2466 1082 2593 1123 nam
2642 1065 2712 1122 ad
2758 1066 3239 1124 conﬁrmationem
3290 1069 3664 1126 Romanorum
3711 1068 3756 1126 ii

2153 1171 2364 1223 omnes,
2418 1172 2555 1228 quos
2602 1156 2823 1225 salutat,
2875 1174 2943 1212 ex
2994 1155 3083 1213 his
3126 1157 3297 1214 fuisse
3344 1155 3752 1228 intelliguntur.

2156 1244 2311 1303 Unde
2347 1244 2485 1302 dicit
2531 1262 2644 1301 non
2691 1246 2869 1302 solum
2907 1262 2986 1315 se,
3037 1245 3133 1303 sed
3175 1254 3229 1303 et
3272 1261 3463 1303 omnes
3507 1246 3758 1318 gentium

2153 1333 2427 1391 Ecclesias
2476 1335 2679 1407 gratias
2710 1333 2799 1392 his
2830 1334 3053 1403 referre,
3106 1344 3337 1407 tangens
3370 1344 3425 1393 et
3454 1336 3754 1402 Romanos,

2155 1429 2218 1477 ut
2246 1422 2333 1478 his
2375 1423 2656 1492 obediant,
2709 1441 2846 1497 quos
2892 1424 2960 1480 ad
3008 1425 3317 1498 profectum
3367 1426 3611 1499 gentium
3662 1443 3757 1483 au-

2154 1509 2317 1567 diunt
2364 1511 2611 1583 laborare
2653 1513 2721 1568 ad
2763 1513 3165 1571 exhortandam
3205 1514 3367 1570 ﬁdem
3407 1515 3467 1572 in
3512 1514 3755 1574 Christo.

2154 1598 2304 1668 Quos
2332 1600 2391 1657 in
2420 1609 2637 1658 tantum
2672 1602 2877 1671 laudat,
2909 1610 2970 1659 ut
2999 1602 3245 1676 pericula
3274 1603 3384 1676 pati
3418 1620 3516 1677 pro
3547 1621 3612 1661 eo
3641 1620 3757 1661 non

2154 1689 2488 1760 abnuerent;
2544 1692 2870 1750 inimicitias
2899 1692 3049 1749 enim
3100 1701 3154 1751 et
3187 1692 3502 1751 Iudaeorum
3548 1702 3604 1752 et
3639 1693 3758 1750 fal-

2153 1795 2339 1836 sorum
2369 1779 2602 1838 fratrum
2633 1782 2819 1839 subire
2848 1798 2958 1838 non
2989 1782 3262 1856 aspernati
3283 1792 3431 1850 sunt,
3453 1781 3759 1840 dummodo

439 1889 578 1947 gnus
607 1870 756 1930 enim
808 1871 1090 1944 profectus
1132 1879 1213 1927 est
1266 1870 1337 1939 ei,
1380 1869 1539 1943 cujus
1586 1872 1895 1929 ministerio
1934 1872 2047 1929 latti
2076 1893 2125 1957 Β
2155 1870 2481 1942 Apostolum
2538 1870 2816 1945 obsequiis
2863 1880 2918 1928 et
2963 1872 3234 1929 charitate
3276 1870 3559 1944 juvarent.
3609 1872 3761 1929 Falsi

437 1962 637 2031 effecti,
668 1963 844 2018 Deum
874 1959 1132 2016 laudibus
1160 1967 1585 2032 prosequuntur.

518 2052 701 2125 (Vere.
734 2051 853 2124 33.)
896 2074 916 2098 ι
944 2051 1091 2107 Deus
1119 2056 1299 2107 autem
1338 2050 1488 2122 pacis
1522 2050 1595 2108 sit
1625 2067 1750 2108 cum
1784 2049 2046 2107 omnibus

443 2142 624 2201 vobis.
670 2141 870 2199 Amen.
904 2166 922 2189 ι
973 2142 1121 2198 Deus
1156 2141 1304 2213 pacis
1342 2140 1598 2199 Christus
1640 2147 1740 2208 est,
1789 2140 1881 2213 qui
1922 2141 2041 2196 ait:

451 2257 471 2278 ε
496 2232 686 2287 Pacem
709 2246 886 2287 meam
903 2229 975 2286 do
995 2229 1177 2298 vobis,
1196 2246 1382 2302 pacem
1408 2230 1661 2303 relinquo
1683 2230 1843 2286 vobis
1861 2231 2041 2301 (Joan.

440 2340 563 2391 xlv,
593 2320 712 2392 27),
746 2345 765 2370 ι
808 2335 970 2395 quem
1000 2327 1154 2391 optat
1181 2337 1298 2377 esse
1326 2338 1452 2378 cum
1489 2320 1602 2390 his,
1629 2320 1808 2377 sciens
1836 2320 2046 2377 dixisse

438 2410 739 2469 Dominum
761 2429 772 2467 :
794 2432 815 2458 ι
841 2410 984 2466 Ecce
1003 2427 1103 2484 ego
1122 2410 1408 2468 vobiscum
1430 2426 1554 2466 sum
1575 2409 1835 2466 omnibus
1851 2409 2045 2466 diebus

439 2517 614 2575 usque
652 2499 721 2557 ad
768 2499 1303 2557 consummationem
1348 2499 1537 2556 saeculi
1588 2500 1801 2572 (Matth.
1839 2515 2040 2569 xxvm,

442 2590 558 2662 20).
575 2615 594 2638 ι
611 2588 768 2646 Tales
787 2606 912 2662 ergo
934 2590 1067 2646 istos
1092 2589 1246 2661 cupit
1265 2605 1403 2657 esse,
1426 2596 1487 2645 ut
1501 2588 1575 2644 sit
1591 2604 1714 2645 cum
1733 2587 1847 2644 illis
1857 2588 2042 2645 Domi-

442 2699 551 2739 nus
593 2680 847 2740 Christus
888 2682 1065 2751 Jesus,
1106 2680 1222 2753 qui,
1261 2688 1544 2753 amputata
1572 2679 1725 2737 omni
1768 2679 2044 2737 discordia

438 2772 647 2830 erroris
678 2770 931 2842 humani,
957 2772 1111 2830 dedit
1131 2788 1194 2830 ac
1214 2771 1456 2828 ostendit
1484 2770 1620 2845 quid
1640 2771 1711 2827 sit
1735 2787 1955 2838 verum;
1980 2776 2044 2826 ut

440 2861 499 2918 in
530 2861 647 2935 ipsa
675 2860 907 2918 veritate
944 2868 1203 2918 maneant
1236 2860 1475 2934 paciﬁci.

1022 3013 1253 3072 CAPUT
1292 3014 1445 3072 XVI.

517 3144 699 3219 (Vers.
736 3145 786 3213 1,
815 3143 896 3215 2.)
962 3168 980 3191 ι
1012 3139 1354 3200 Commendo
1380 3147 1563 3196 autem
1594 3141 1753 3197 vobis
1797 3140 2042 3199 Phoeben

2155 1957 2352 2015 fratres
2385 1960 2424 2016 ii
2460 1968 2634 2029 erant,
2676 1959 2771 2034 qui
2820 1960 3104 2036 credentes
3152 1960 3211 2016 in
3241 1959 3549 2029 Christum,
3580 1960 3760 2033 legem

2154 2055 2339 2106 tamen
2383 2050 2708 2107 servandam
2755 2050 3033 2117 dicebant,
3088 2067 3199 2105 non
3243 2050 3495 2107 suﬁicere
3535 2049 3604 2106 ad
3645 2052 3759 2122 ple-

2155 2152 2286 2192 num
2346 2138 2541 2194 salutis
2594 2139 2850 2195 eﬂ‘ectum
2910 2137 3195 2195 Christum
3248 2145 3551 2210 putantes:
3609 2136 3759 2211 quod

2153 2225 2451 2299 Apostolus
2481 2226 2815 2295 destruebat,
2849 2242 3016 2300 quare
3045 2236 3099 2282 et
3126 2227 3536 2299 persecutiones
3563 2228 3634 2284 ab
3664 2225 3759 2284 his

2153 2315 2578 2387 perpetiebatur.
2634 2317 2842 2373 Horum
2891 2315 3057 2372 etiam
3103 2314 3435 2375 domesticos
3466 2325 3520 2373 et
3559 2331 3755 2373 verna-

2153 2404 2309 2460 culos
2352 2405 2577 2471 salutat,
2623 2421 2763 2478 quos
2802 2405 3106 2462 Ecclesiam
3137 2405 3406 2477 appellat;
3456 2403 3589 2479 quia
3615 2421 3760 2462 san-

2151 2502 2366 2550 ctorum
2393 2493 2643 2551 virorum
2674 2502 2831 2551 erant
2858 2493 3121 2567 discipuli
3142 2492 3289 2550 circa
3317 2492 3502 2550 ﬁdem.

2237 2608 2254 2631 ι
2293 2584 2536 2640 Salutate
2564 2584 2887 2657 Epaenetum
2928 2583 3192 2642 dilectum
3210 2581 3371 2650 mihi,
3395 2582 3492 2656 qui
3519 2589 3601 2640 est
3627 2582 3759 2655 pri-

2151 2673 2382 2730 mitivus
2415 2674 2562 2731 Asiae
2610 2673 2668 2729 in
2717 2673 2960 2731 Christo.
3011 2699 3030 2722 ι
3091 2672 3271 2745 Hujus
3311 2662 3559 2745 Epae‘neti
3588 2670 3760 2728 etiam

2150 2771 2477 2836 praesentem
2506 2763 2835 2836 dignitatem
2865 2778 2979 2819 non
3008 2769 3168 2830 tacet,
3218 2768 3280 2818 ut
3308 2761 3561 2818 ostendat
3589 2769 3645 2818 et
3673 2759 3757 2816 di-

2151 2854 2379 2926 gnitatis
2409 2854 2560 2910 viros
2587 2853 2828 2922 credere,
2863 2854 2979 2925 (53)
3012 2860 3067 2908 et
3094 2852 3295 2909 invitet
3320 2851 3528 2924 primos
3557 2852 3759 2909 Roma-

2151 2961 2350 3001 norum
2380 2945 2448 3001 ad
2480 2944 2670 3013 fidem,
2721 2953 2814 3002 aut
2859 2952 3007 3001 certe
3051 2953 3113 3000 ut
3142 2943 3383 3001 humiles
3420 2952 3751 3001 crescerent.

2234 3059 2253 3082 ι
2291 3036 2536 3093 Salutate
2555 3035 2805 3101 Mariam,
2837 3051 2959 3108 quae
2988 3035 3226 3090 multum
3257 3032 3532 3089 laboravit
3557 3031 3617 3089 in
3648 3049 3747 3090 vo-

2148 3124 2255 3181 bis.
2289 3151 2307 3174 ι
2365 3126 2695 3184 Commonet
2730 3131 2869 3189 109
2911 3126 3015 3182 hos
3054 3124 3279 3181 nomine
3324 3124 3530 3194 Maria,
3579 3141 3747 3201 quam

439 3251 684 3293 sororem
727 3241 995 3300 nostram,
1043 3246 1164 3303 quae
1193 3237 1275 3286 est
1304 3229 1559 3287 ministra
1599 3230 1862 3287 Ecclesiae
1892 3233 2038 3304 apud
2069 3256 2112 3317 Ο
2149 3222 2514 3296 intelligimus
2559 3224 2625 3280 ad
2673 3223 3116 3279 exhortationem
3164 3222 3390 3280 illorum
3438 3221 3742 3294 impensius

437 3324 755 3393 Cenchres;
813 3330 875 3379 ut
921 3336 1040 3377 eam
1093 3320 1407 3393 suscipiatis
1460 3319 1519 3375 in
1574 3320 1815 3391 Domino
1868 3321 2033 3394 digne

435 3414 641 3472 sanctis
676 3430 689 3469 :
729 3422 785 3469 et
812 3409 1080 3469 assistatis
1107 3409 1212 3478 illi,
1250 3409 1309 3464 in
1338 3408 1761 3483 quibuscunque
1806 3410 2035 3467 deside-

436 3507 643 3565 raverit
689 3506 891 3573 vestri;
937 3504 1144 3561 etenim
1178 3503 1298 3577 ipsa
1341 3520 1560 3579 quoque
1602 3504 1775 3562 astitit
1819 3504 2029 3576 multis,

435 3608 491 3654 et
518 3595 679 3651 mihi.
712 3619 731 3641 ι
787 3593 1031 3650 Phoeben
1060 3593 1372 3648 venientem
1410 3594 1761 3651 commendat
1789 3611 2031 3652 sororem

436 3697 811 3750 communem,
857 3681 914 3736 id
956 3689 1038 3737 est
1070 3680 1138 3737 de
1179 3682 1295 3753 lege
1329 3682 1443 3754 (51)
1481 3701 1492 3738 :
1544 3700 1707 3755 quam
1745 3692 1807 3741 ut
1838 3685 2033 3741 merito

435 3772 803 3841 commendet,
837 3773 916 3830 ait
941 3772 1086 3829 hanc
1114 3772 1424 3829 ministram
1452 3789 1569 3829 esse
1595 3774 1854 3831 Ecclesia:
1884 3774 2035 3833 Cen-

436 3865 615 3932 chris;
666 3872 719 3920 et
751 3864 881 3937 quia
912 3864 1104 3920 multis
1150 3861 1429 3935 adjutorio
1472 3863 1600 3931 fuit,
1648 3864 1813 3937 digne
1860 3866 2030 3938 ipsam

437 3952 576 4011 dicit
603 3950 981 4024 adjuvandum
1025 3951 1485 4026 peregrinationis
1522 3968 1703 4008 causa.
1756 3953 1825 4010 Ut
1852 3960 2033 4010 autem

438 4043 559 4099 sine
601 4042 1012 4099 intermissione
1051 4042 1437 4115 excipiendam
1487 4043 1639 4098 illam
1683 4050 1736 4099 et
1767 4043 2037 4099 assisten-

438 4133 571 4190 dum
622 4131 707 4188 illi
752 4132 811 4188 in
860 4133 1203 4198 necessitate,
1260 4133 1307 4188 si
1350 4134 1711 4204 pervenisset,
1760 4133 2034 4202 suaderet,

437 4222 601 4279 etiam
634 4222 741 4280 sibi
786 4222 939 4277 illam
981 4221 1224 4276 adfuisse
1261 4228 1530 4288 testatur;
1585 4228 1647 4277 ut
1685 4230 1890 4294 quanto
1935 4240 2038 4279 su-

440 4314 668 4372 blimior
710 4328 941 4386 persona
969 4310 1088 4383 ejus
1114 4311 1326 4368 caeteris
1356 4311 1448 4378 sit,
1492 4319 1646 4366 tanto
1677 4313 1850 4385 magis
1880 4313 2036 4370 reddi

438 4402 572 4460 huic
602 4402 854 4460 debitum
883 4401 1207 4475 obsequium
1241 4416 1336 4474 per
1354 4400 1679 4458 charitatem
1701 4403 2033 4460 ostenderet.

510 4494 693 4568 (Vers.
722 4493 861 4565 3-6.)
906 4518 923 4540 ι
954 4493 1197 4550 Salutate
1234 4491 1492 4567 Aquilam
1523 4500 1577 4548 et
1604 4493 1909 4550 Priscillam
1932 4494 2040 4550 ad-

2148 3311 2443 3382 laborasse,
2473 3320 2537 3370 ut
2565 3313 2768 3386 gratias
2798 3313 2881 3368 illi
2912 3321 3093 3386 agant.

2219 3400 2403 3472 (Vers.
2438 3402 2517 3473 7.)
2575 3426 2593 3449 ι
2627 3402 2870 3459 Salutate
2900 3400 3282 3458 Andronicum
3312 3407 3366 3457 et
3392 3398 3597 3456 Iuliam
3635 3415 3742 3456 co-

2142 3497 2336 3561 gnatos
2383 3497 2437 3545 et
2483 3492 2842 3564 concaptivos
2883 3506 3053 3559 meos,
3101 3489 3197 3563 qui
3234 3497 3363 3546 sunt
3408 3487 3649 3559 insignes
3689 3488 3751 3546 in

2141 3578 2425 3653 apostolis,
2473 3582 2571 3655 qui
2619 3591 2745 3639 ante
2787 3597 2875 3637 me
2904 3580 3130 3637 fuerunt
3176 3580 3234 3636 in
3265 3580 3486 3639 Christo
3530 3580 3681 3636 Jcsu.
3719 3604 3740 3629 ι

2143 3673 2254 3727 Hos
2298 3682 2556 3744 cognatos
2592 3681 2646 3728 et
2682 3671 2847 3744 juxta
2893 3687 3113 3728 carnem
3158 3678 3212 3727 et
3255 3670 3558 3728 secundum
3588 3668 3753 3743 spiri-

2142 3766 2286 3828 tum,
2317 3760 2594 3834 quomodo
2622 3768 2677 3817 et
2700 3761 2929 3833 angelus
2954 3759 3101 3817 dixit
3130 3759 3197 3816 ad
3226 3759 3453 3816 Mariam
3485 3776 3498 3815 :
3560 3781 3579 3805 ι
3607 3758 3753 3816 Ecce

2143 3850 2439 3907 Elizabeth
2484 3858 2720 3920 cognata
2767 3857 2881 3919 tua,
2934 3858 3040 3907 etc.
3087 3850 3242 3921 (Luc.
3283 3866 3324 3917 ι,
3371 3848 3489 3920 36),
3529 3874 3548 3897 ι
3609 3864 3751 3922 quos

2144 3941 2310 3997 etiam
2340 3941 2606 4014 apostolis
2637 3938 2915 4012 prioribus
2941 3940 3231 3996 obsecutos
3259 3955 3384 3995 cum
3421 3937 3747 3995 testimonio

2144 4028 2231 4085 sui
2271 4028 2531 4098 declarat,
2582 4038 2636 4086 et
2682 4044 2865 4085 secum
2910 4045 3094 4101 parem
3133 4027 3513 4100 captivitatem
3556 4043 3747 4099 passos

2144 4118 2275 4175 ﬁdei
2304 4135 2495 4186 causa;
2530 4117 2762 4191 ideoque
2795 4117 2929 4174 istos
2958 4117 3174 4190 plenius
3203 4115 3574 4173 honorandos.

2221 4208 2405 4280 (Vere.
2441 4207 2523 4281 8.)
2581 4232 2597 4253 ι
2634 4207 2879 4263 Salutate
2922 4206 3266 4279 Ampliatum
3311 4205 3428 4278 (54)
3479 4204 3752 4264 dilectum

2146 4313 2331 4353 meum
2361 4299 2421 4354 in
2448 4297 2694 4356 Christo.
2721 4323 2740 4347 ι
2776 4298 2935 4354 Hunc
2964 4297 3119 4370 quasi
3147 4296 3387 4353 amicum
3410 4296 3633 4364 salutat,
3652 4294 3751 4352 sed

2146 4389 2205 4445 in
2236 4386 2474 4445 Domino
2504 4387 2776 4454 amicum;
2821 4403 2932 4443 non
2965 4393 3150 4442 tamen
3184 4385 3279 4459 qui
3322 4383 3645 4443 interfuerit
3672 4384 3751 4441 la-

2145 4480 2267 4536 bori
2296 4478 2415 4552 ejus
2442 4486 2536 4534 aut
2563 4477 2893 4551 captivitati.

430 4572 643 4647 iutores
675 4600 826 4641 meos
856 4583 914 4640 in
944 4581 1167 4641 Christo
1210 4583 1357 4651 Jesu,
1546 4599 1646 4656 pro
1685 4583 1873 4640 anima
1919 4600 2041 4640 mea
2066 4621 2116 4680 Β
2151 4662 2161 4672 ⁹
2221 4570 2598 4680 (X38193);
2622 4570 2865 4680 Saietate
2899 4568 3180 4680 Urbanqm
3224 4567 3531 4680 adiutorem
3562 4583 3751 4680 meum

433 4691 559 4731 suas
587 4673 829 4731 cervices
875 4680 1303 4745 supposuerunt,
1341 4671 1543 4744 quibus
1582 4689 1696 4728 non
1730 4673 1909 4729 solum
1939 4689 2039 4744 ego
2068 4659 2115 4680 υ
2147 4662 2205 4719 in
2235 4661 2454 4720 Chrile
2487 4662 2627 4736 (55)-
2650 4687 2667 4710 ιι
2697 4663 2816 4719 Non
2843 4662 3022 4719 80111111
3053 4661 3221 4719 istum
3249 4676 3411 4717 suum
3439 4659 3751 4733 adiutorem

436 4764 642 4837 gratias
669 4779 789 4837 ago,
824 4762 920 4820 sed
949 4771 1003 4819 et
1028 4769 1242 4819 cunctae
1273 4762 1534 4819 Ecclesiae
1565 4760 1832 4834 gentium,
1861 4770 1914 4817 et
1943 4760 2037 4817 do-

435 4855 718 4912 mesticam
740 4872 928 4912 eorum
958 4854 1282 4912 Ecclesiam.
1309 4878 1329 4902 »
1369 4853 1439 4909 Hi
1459 4870 1530 4909 ex
1557 4852 1761 4909 Iudaeis
1790 4853 2034 4920 fuerunt,

435 4943 533 5016 qui
563 4943 848 5000 credentes
876 4945 1007 5001 facti
1034 4952 1165 5002 sunt
1209 4943 1345 5002 socii
1371 4942 1576 5001 laboris
1606 4941 1890 5014 Apostoli;
1942 4941 2038 5013 qui

436 5032 516 5088 ita
535 5039 681 5088 recte
701 5032 1064 5100 crediderant,
1089 5044 1148 5091 ut
1170 5036 1335 5091 etiam
1360 5034 1465 5107 ipsi
1486 5032 1919 5090 exhortarentur
1937 5049 2036 5089 ca:-

435 5127 583 5178 teros
610 5119 681 5176 ad
706 5118 873 5176 ﬁdem
900 5129 1125 5179 rectam.
1147 5122 1395 5197 Denique
1412 5122 1611 5196 Apollo
1641 5121 1895 5195 quamvis
1920 5121 2036 5179 fue-

532 5281 629 5349 50)
668 5280 771 5339 Ms.
802 5277 995 5349 Corb.,
1025 5276 1344 5349 impossibile
1370 5286 1445 5336 est
1471 5283 1748 5340 contemni.

533 5347 626 5425 51)
665 5347 935 5425 Nonnulli
966 5347 1210 5425 ωειλ-ῥά
1238 5357 1330 5425 est,
1362 5352 1535 5425 diligi.

534 5420 802 5552 sagi
836 5422 985 5480 Flor.
1016 5437 1081 5479 ac
1113 5420 1305 5491 Vind.,
1344 5420 1547 5494 Aquila
1574 5424 1683 5481 viri
1709 5431 1757 5481 et
1780 5425 2038 5482 Priscilla

534 5520 580 5551 ι.
667 5513 698 5551 8
759 5539 771 5550 .

438 5502 580 5559 sunt.
613 5502 771 5553 Male.

512 5564 822 5639 (53);,Edit.
852 5581 1100 5639 homnes,
1160 5570 1207 5622 et
1259 5564 1544 5639 dignitost
1598 5568 1837 5633 credere;
1900 5585 2033 5626 mss.

437 5636 569 5695 vero
598 5636 717 5709 alii,
757 5638 1016 5709 ctdignos
1056 5638 1172 5708 hos,
1220 5645 1316 5694 aut
1359 5636 1626 5709 digniores
1672 5640 1766 5695 hos
1793 5640 2038 5706 credere;

435 5710 554 5780 alii.
568 5708 878 5783 “dignata!
894 5708 986 5773 λοι
1005 5711 1244 5783 mttere;
1269 5708 1526 5783 nonnulli
1546 5708 1788 5783 demum,
1801 5718 1856 5783 βε
1868 5710 2036 5783 digni-

439 5754 562 5839 ἦῒίί
569 5754 985 5851 ’ἑέῖὃέῗιᾶἐῆξ
1004 5754 2042 5853 ἷίιῖἶὲἰῖέαῖἕᾶἇίῖ’ἔοῖἱ›ῗὲἔῖιὶλῖιὶἶζ’ἑι

2147 4755 2306 4826 dicit,
2362 4756 2455 4813 sed
2487 4764 2541 4813 et
2578 4763 2900 4813 caeterorum
2936 4754 3103 4811 fuisse
3145 4755 3358 4811 socium
3388 4755 3445 4811 in
3476 4754 3752 4812 exhorta-

2146 4847 2297 4903 tione
2365 4845 2731 4903 credulitatis.
2810 4869 2828 4891 ι
2892 4843 3138 4917 Stachyn
3198 4859 3415 4917 quoque
3479 4843 3747 4903 dilectum

2145 4951 2351 4991 meum.
2383 4960 2401 4983 ι
2462 4935 2622 4990 Hunc
2668 4931 2913 5006 Stachyn
2954 4932 3209 5006 quamvis
3257 4932 3522 4990 dilectum
3562 4938 3746 5000 vocet,

2145 5032 2333 5082 tamen
2360 5022 2591 5096 subjicit
2619 5023 2778 5079 illum
2808 5022 3030 5081 Urbano
3061 5022 3318 5097 participi
3348 5022 3531 5096 operis
3577 5037 3745 5079 evan-

2147 5114 2325 5188 gelici.

2147 5275 2400 5336 inclinari
2427 5276 2498 5333 ad
2525 5275 2702 5349 ﬁdem.

2219 5349 2334 5422 (54)
2368 5344 2591 5405 Amerb.
2615 5362 2880 5422 cumuno
2907 5347 2994 5422 vel
3019 5346 3192 5404 altero
3206 5344 3748 5422 ⁸ιιιις,Απιρῑιῖιιιωη;

2144 5417 2277 5480 Gill.
2301 5417 2355 5478 et
2382 5422 2537 5478 Eras.
2561 5436 2684 5492 cum
2701 5417 2980 5492 aliiscod.
3008 5419 3709 5492 nonnullis,.4mpliandum
3724 5438 3746 5485 ,-

2146 5496 2304 5556 Rom.
2335 5493 2467 5552 edit.
2501 5491 2638 5558 sola,
2668 5491 2940 5561 Ampliam
2963 5508 2991 5563 ;_
3027 5491 3208 5563 caeteri
3240 5507 3371 5548 mss.
3403 5505 3602 5563 magno
3631 5507 3749 5548 nu-

2145 5584 2316 5630 mero,
2349 5565 2712 5636 Ampliatum;
2742 5561 2997 5636 no_n_n_ulli
3026 5561 3654 5636 addunt_charissimum.

2219 5639 2337 5719 (55)
2376 5633 2505 5694 Mss.
2538 5635 2771 5707 aliquot,
2809 5633 3077 5691 Urbanum
3100 5634 3419 5707 participem
3447 5634 3622 5706 operis
3651 5650 3744 5692 no-

2144 5717 2264 5769 atri.
