3976 6380
221 433 320 490 189

1315 431 1676 492 COMMENT.
1718 435 1791 494 IN
1828 435 2045 494 EPIST.
2087 438 2185 496 AD
2222 437 2389 496 ROM.

3409 448 3511 504 l90

294 563 474 636 (Vere.
526 562 641 634 £0.)
715 586 733 612 ι
789 561 1033 620 Salutate
1086 563 1334 636 Apellem
1401 563 1691 637 probatum
1751 565 1811 622 in
1843 567 1895 627 Α
1923 575 2100 634 erant,
2149 566 2539 640 dignoscitur;
2583 576 2800 626 sanctos
2831 571 2978 626 enim
3023 580 3417 646 nuncupateos,
3448 582 3514 630 ut

212 653 454 711 Christo.
493 677 513 702 ι
567 653 730 711 Hunc
756 653 1002 726 Apellem
1042 669 1152 710 non
1173 654 1327 728 quasi
1353 660 1592 710 amicum
1621 671 1805 726 suum,

210 753 307 802 aut
348 744 672 818 participem
720 743 899 816 operis
955 744 1192 801 salutat:
1248 745 1342 801 sed
1404 753 1624 818 propter
1662 745 1809 819 quod

212 836 614 894 tentationibus
660 835 920 908 probatus
949 843 1051 902 est,
1081 842 1135 891 et
1167 835 1224 891 in
1255 834 1474 892 Christo
1503 835 1682 893 ﬁdelis
1710 838 1809 893 in-

214 931 437 981 ventus.

294 1014 477 1084 (Vera.
524 1013 637 1083 ll.)
684 1035 702 1059 ε
733 1012 979 1069 Salutate
1005 1029 1098 1070 eos
1126 1013 1219 1086 qui
1251 1022 1380 1070 sunt
1406 1031 1477 1071 ex
1503 1016 1808 1074 Aristobuli

213 1103 401 1159 domo.
438 1125 456 1149 ι
498 1102 851 1159 Aristobulus
880 1102 982 1158 iste
1000 1111 1362 1176 congregator
1390 1105 1560 1162 fuisse
1591 1106 1810 1162 intelli-

215 1191 364 1264 gitur
408 1191 638 1250 fratrum
689 1193 746 1249 in
777 1194 1016 1252 Christo:
1065 1194 1224 1266 cuius
1251 1195 1455 1254 factum
1486 1197 1565 1253 sic
1593 1197 1810 1270 probat,

215 1288 276 1337 ut
313 1297 406 1338 eos
459 1298 596 1356 quos
661 1283 1045 1356 congregabat,
1100 1283 1297 1356 dignos
1349 1286 1678 1343 salutatione
1716 1302 1814 1342 sua

213 1368 486 1441 designet.
563 1395 580 1418 ι
633 1371 877 1429 Salutate
938 1373 1303 1432 Herodionem
1355 1384 1646 1448 cognatum
1703 1393 1815 1433 no—

213 1465 412 1514 strum.
443 1483 462 1506 »
504 1459 665 1517 Hunc
689 1477 850 1534 quem
881 1471 1173 1535 cognatum
1189 1472 1402 1521 tantum
1433 1473 1612 1527 vocat.
1635 1474 1816 1522 osten-

215 1547 303 1603 dit
351 1547 613 1606 devotum
671 1550 729 1606 in
760 1549 1030 1608 charitate
1060 1553 1507 1612 renascibilitatis
1537 1573 1548 1611 :
1582 1571 1693 1611 non
1723 1565 1818 1614 ta-

214 1651 343 1694 men
372 1637 720 1711 vigilantiam
755 1641 911 1698 illius
938 1641 1267 1714 designavit.

303 1752 323 1776 ο
379 1729 624 1787 Salutate
670 1747 765 1788 eos
818 1732 914 1806 qui
944 1742 1072 1790 sunt
1100 1751 1170 1790 ex
1209 1734 1446 1792 Narcissi
1487 1732 1814 1805 domo,-qui

213 1827 350 1878 sunt
378 1821 435 1877 in
467 1822 729 1878 Domino.
762 1846 780 1869 ι
822 1822 1109 1880 Narcissus
1139 1823 1231 1880 hic
1264 1825 1362 1880 illo
1388 1834 1631 1896 tempore
1669 1838 1814 1895 pres-

1922 655 2120 712 merito
2149 655 2275 712 illos
2301 656 2538 712 salutare
2564 655 2836 714 videatur.

1991 745 2172 816 (Vers.
2208 746 2322 812 16.)
2369 771 2386 794 ε
2416 747 2661 803 Salutate
2689 747 2928 804 invicem
2959 747 3017 804 in
3043 749 3232 806 osculo
3265 759 3497 808 sancto.-

1919 833 2121 890 Omnes
2177 834 2382 908 quibus
2417 835 2628 904 scribit,
2682 843 2735 892 et
2763 852 2901 910 quos
2933 838 3205 906 nominat,
3232 838 3391 911 jubet
3417 857 3513 898 sa-

1919 922 2094 979 lutare
2137 939 2193 980 se
2245 924 2485 981 invicem
2544 925 2599 980 in
2629 926 2818 981 osculo
2852 934 3062 995 sancto,
3094 927 3149 983 id
3181 936 3261 984 est
3298 928 3356 984 in
3384 946 3516 1001 pace

1919 1014 2149 1082 Christi,
2203 1031 2312 1069 non
2373 1014 2429 1069 in
2490 1013 2763 1070 desiderio
2808 1016 3014 1084 carnis,
3063 1017 3155 1072 sed
3206 1017 3260 1072 in
3306 1018 3515 1090 Spiritu

1921 1109 2145 1171 sancto;
2171 1110 2239 1182 ut
2268 1103 2522 1175 religiosa
2551 1104 2661 1159 sint
2690 1105 2898 1172 oscula,
2930 1121 3042 1160 non
3083 1107 3343 1163 carnalia.

2007 1216 2024 1239 ι
2053 1191 2304 1248 Salutant
2331 1209 2429 1248 vos
2449 1209 2640 1248 omnes
2669 1193 2928 1248 Ecclesiae
2954 1193 3180 1250 Christi.
3213 1219 3232 1243 ι
3290 1196 3392 1251 Per
3413 1197 3518 1252 hoc

1922 1279 2253 1352 intelligitur
2306 1281 2416 1337 dici
2480 1282 2807 1349 Ecclesiam,
2870 1299 2988 1355 quae
3027 1299 3138 1338 non
3185 1283 3257 1339 sit
3285 1283 3514 1342 Christi.

1922 1371 2077 1429 Unde
2105 1379 2159 1427 et
2187 1372 2364 1428 David
2384 1373 2855 1445 conspirationem
2877 1373 3191 1446 iniquorum
3214 1373 3514 1431 Ecclesiam

1923 1461 2345 1533 malignantium
2391 1470 2550 1518 vocat
2600 1463 2775 1533 (Psal.
2821 1479 2960 1531 xxv,
2987 1463 3068 1534 5).
3100 1462 3361 1519 Omnium
3391 1479 3518 1536 ergo

1923 1549 2171 1607 locorum
2222 1553 2445 1608 illorum
2502 1553 2778 1609 Ecclesias
2833 1551 2968 1609 dicit
3021 1569 3115 1609 eos
3161 1553 3420 1621 salutare,
3458 1560 3521 1608 ut

1924 1650 2174 1698 crescant
2221 1642 2278 1697 in
2316 1641 2443 1698 ﬁde.
2495 1643 2608 1698 Hoc
2645 1659 2774 1713 ergo
2801 1642 2868 1697 ad
2918 1642 3261 1714 superiorem
3299 1657 3519 1699 sensum

1925 1731 2138 1798 retulit,
2168 1739 2230 1786 ut
2253 1731 2505 1788 ostendat
2533 1731 2815 1789 Christum
2857 1747 2996 1800 esse,
3024 1731 3082 1787 in
3107 1748 3218 1804 quo
3239 1733 3386 1788 salus
3415 1737 3519 1800 est,

1924 1827 1979 1875 et
2007 1817 2158 1875 hunc
2185 1835 2300 1875 esse
2323 1819 2482 1892 cujus
2512 1819 2749 1892 populus
2779 1819 2957 1876 ﬁdelis
2984 1829 3086 1887 est,
3113 1829 3167 1876 et
3197 1820 3354 1892 cujus
3382 1829 3523 1877 nutu

212 1914 382 1985 byter
401 1910 608 1968 dicitur
634 1910 824 1979 fuisse,
856 1912 1000 1968 sicut
1031 1913 1231 1985 legitur
1270 1913 1324 1969 in
1355 1914 1481 1970 aliis
1507 1912 1810 1970 codicibus.
1843 1927 1889 1988 Β
1924 1907 2067 1962 vivit
2094 1917 2292 1964 cuncta
2317 1916 2582 1964 creatura.
2620 1914 2759 1970 110
2805 1909 3012 1965 Auctor
3063 1908 3211 1965 enim
3259 1909 3388 1966 vitae
3430 1907 3525 1967 hic

213 2003 284 2059 Et
329 2000 463 2075 quia
492 2016 730 2074 praesens
766 2015 879 2057 non
926 2009 1062 2072 erat,
1094 2002 1296 2060 videtis
1321 2020 1428 2077 qua
1449 2019 1612 2060 causa
1631 2019 1721 2059 eos
1749 2001 1808 2057 in

214 2092 460 2150 Domino
487 2092 688 2147 salutet
717 2099 779 2148 ut
816 2099 1054 2159 sanctos,
1086 2093 1182 2164 qui
1218 2108 1286 2148 ex
1317 2092 1434 2165 ejus
1449 2101 1602 2148 erant
1621 2092 1806 2148 domo.

217 2183 321 2240 Hic
349 2189 534 2238 autem
563 2179 850 2237 Narcissus
881 2179 1164 2252 presbyter
1191 2181 1371 2238 ofﬁcio
1398 2181 1666 2253 peregrini
1689 2180 1812 2236 fuu-
1843 2185 1858 2195 '

218 2271 448 2345 gebatur
479 2270 620 2342 (56),
652 2268 1133 2325 exhortationibus
1162 2267 1388 2325 ﬁrmans
1416 2269 1698 2326 credentes
1721 2287 1734 2336 ;
1757 2277 1811 2325 et

218 2363 484 2438 quoniam
547 2377 656 2417 non
708 2358 913 2416 sciebat
967 2359 1264 2432 Apostolus
1315 2361 1510 2416 merita
1566 2360 1808 2426 illorum,

218 2453 314 2526 qui
353 2468 484 2509 cum
524 2450 623 2506 illo
651 2449 894 2516 fuerant,
941 2447 1020 2504 sic
1061 2447 1238 2504 dixit:
1287 2473 1304 2494 ι
1334 2449 1574 2504 Salutate
1599 2463 1691 2503 eos
1717 2445 1812 2520 qui

219 2548 351 2596 sunt
383 2555 452 2596 ex
482 2536 719 2595 Narcissi
747 2535 911 2592 domo
937 2534 995 2591 in
1028 2536 1302 2602 Domino;
1341 2559 1358 2582 ν
1411 2535 1518 2592 hoc
1545 2545 1647 2603 est,
1677 2551 1815 2607 quos

221 2629 379 2687 scitis
435 2645 550 2685 esse
587 2627 783 2700 dignos
827 2642 898 2682 ex
945 2625 1034 2682 his
1080 2625 1410 2682 salutatione
1445 2641 1582 2691 mea,
1632 2624 1726 2697 qui
1758 2624 1814 2680 in

223 2719 468 2778 Domino
522 2725 822 2792 posuerunt
875 2731 1023 2788 spem
1063 2731 1239 2783 suam,
1272 2715 1398 2770 illos
1440 2715 1670 2770 salutate
1703 2729 1817 2768 no-

222 2825 634 2972 ml?;eur:0l2.)
679 2921 698 2944 ‹
725 2896 966 2952 Salutate
994 2893 1358 2968 Tryphaanam
1377 2900 1431 2948 et
1451 2889 1815 2963 Tryphosam,

228 3007 354 3066 quae
397 2989 647 3046 laborant
681 2987 736 3042 in
765 2986 1022 3043 Domino.
1055 3008 1072 3032 -
1116 2984 1223 3039 Has
1251 2997 1364 3038 uno
1392 2981 1598 3038 honore
1627 2981 1818 3054 dignas

226 3081 474 3138 declarat
498 3078 555 3133 in
584 3076 824 3134 Christo.

1920 2014 2022 2072 est,
2057 2005 2202 2061 sicut
2231 2005 2367 2060 dicit
2414 2005 2606 2060 Petrus
2643 2006 2927 2076 apostolus
2976 2005 3117 2074 (Act.
3148 2022 3231 2073 in,
3265 2005 3380 2074 15),
3412 2022 3524 2061 non

1924 2093 2017 2148 lex
2045 2093 2101 2148 in
2131 2110 2239 2166 qua
2270 2093 2491 2165 quidam
2524 2093 2751 2156 illorum
2784 2093 3052 2166 putabant
3074 2110 3288 2166 sperare
3307 2093 3524 2152 debere.

1996 2191 2174 2263 (Vers.
2209 2191 2418 2262 17-19.)
2467 2214 2484 2235 ο
2517 2191 2626 2247 Oro
2657 2199 2839 2247 autem
2872 2207 2993 2256 vos,
3019 2191 3234 2259 fratres,
3256 2199 3318 2246 ut
3346 2190 3524 2247 obser-

1922 2279 2062 2336 vetis
2117 2295 2230 2345 eos,
2275 2280 2369 2352 qui
2421 2278 2790 2335 dissensiones
2845 2285 2899 2333 et
2955 2279 3287 2336 offendicula
3334 2287 3528 2352 praeter

1921 2369 2297 2441 disciplinam,
2328 2385 2489 2441 quam
2525 2386 2622 2425 vos
2665 2367 2960 2436 didicistis,
2992 2369 3229 2437 faciunt,
3261 2377 3314 2424 et
3359 2368 3524 2425 decli-

1923 2470 2047 2516 nate
2077 2460 2144 2515 ab
2172 2459 2303 2516 illis.
2340 2461 2405 2516 Hi
2429 2461 2575 2516 enim
2600 2462 2736 2516 tales
2757 2458 2977 2517 Christo
2998 2460 3233 2515 Domino
3254 2461 3378 2516 .lesu
3403 2477 3517 2516 non

1924 2549 2193 2618 serviunt,
2227 2549 2320 2606 sed
2349 2566 2448 2605 suo
2472 2549 2650 2604 ventri
2684 2567 2697 2615 ;
2729 2557 2781 2604 et
2810 2565 2907 2622 per
2954 2548 3237 2604 illecebras
3261 2567 3324 2606 ac
3359 2549 3530 2605 blan—

1925 2639 2171 2696 dimenta
2192 2656 2507 2695 sermonum
2562 2639 2867 2710 depravant
2924 2639 3089 2694 corda
3133 2639 3528 2695 innocentium.

1925 2728 2123 2784 Vestro
2181 2727 2328 2782 enim
2383 2726 2697 2782 obedientia
2751 2725 2809 2780 in
2876 2726 3028 2781 omni
3060 2728 3181 2782 loco
3248 2727 3530 2798 divulgata

1926 2824 2028 2873 est.
2081 2841 2098 2864 ι
2159 2817 2273 2873 Hoc
2318 2818 2438 2873 loco
2484 2815 2550 2871 de
2596 2815 2846 2886 personis
2898 2815 3155 2887 prorupit
3201 2815 3530 2887 pseudoapo-

1927 2907 2216 2972 stolorum,
2249 2922 2385 2978 quos
2426 2905 2481 2959 in
2530 2911 2645 2959 tota
2687 2903 2917 2976 epistola
2969 2902 3239 2959 cavendos
3278 2905 3514 2973 monuit,

1925 2997 2068 3054 sicut
2096 3004 2148 3052 et
2180 3012 2328 3051 nunc
2361 3015 2374 3064 ;
2410 2995 2500 3050 sed
2533 2994 2650 3050 sine
2681 2992 3120 3049 manifestatione
3171 2993 3524 3050 traditionem

1927 3087 2150 3142 illorum
2202 3084 2544 3156 compressit.
2595 3083 2663 3139 Hi
2713 3081 2861 3136 enim
2909 3080 3180 3151 cogebant
3245 3081 3526 3139 credentes

313 3195 333 3218 ι
381 3168 624 3225 Salutate
667 3164 946 3222 Persidem
993 3163 1395 3232 charissimam,
1427 3178 1548 3236 quas
1579 3161 1814 3217 multum

1947 3173 2227 3240 udaizare,
2266 3179 2329 3228 ut
2387 3172 2485 3228 Dei
2539 3170 2868 3227 beneﬁcium
2920 3169 3066 3226 circa
3121 3186 3177 3225 se
3225 3169 3522 3230 inanirent,

229 3257 506 3315 laboravit
552 3257 608 3312 in
651 3254 906 3312 Domino.
941 3278 958 3301 ι
1019 3255 1126 3309 Ista
1155 3253 1458 3325 anteposita
1483 3251 1703 3307 videtur
1729 3267 1816 3308 su-

1944 3265 2078 3322 sicut
2109 3280 2274 3335 supra
2313 3260 2610 3317 memoravi
2638 3279 2651 3326 ;
2684 3258 3006 3330 compositis
3028 3257 3174 3312 enim
3199 3259 3527 3331 genealogias

237 3348 506 3422 pradictis
552 3348 682 3422 quia
748 3369 767 3394 α
822 3348 1056 3402 multum
1103 3345 1372 3401 laboravit
1415 3346 1473 3399 in
1505 3343 1759 3399 Domino.
1792 3368 1811 3390 ι

233 3440 414 3497 Labor
442 3438 535 3495 hic
562 3439 620 3493 in
658 3435 1044 3492 exhortatione
1060 3443 1161 3502 est,
1195 3441 1249 3488 et
1280 3433 1336 3488 in
1369 3432 1676 3488 ministerio
1706 3448 1824 3487 sano

233 3535 479 3596 ctorum,
511 3535 565 3582 et
590 3526 648 3581 in
677 3539 950 3596 pressura,
981 3531 1035 3578 et
1065 3522 1120 3576 in
1153 3528 1388 3591 egestate
1413 3528 1633 3591 propter
1655 3518 1827 3574 Chri—

231 3627 402 3675 stum.
443 3615 573 3690 quia
602 3614 797 3670 domos
841 3627 968 3666 suas
1008 3609 1391 3682 relinquebant
1435 3609 1606 3680 fugati
1635 3616 1689 3664 et
1715 3623 1826 3680 op—

229 3705 461 3780 probrio
499 3710 655 3760 erant
688 3700 896 3756 inﬁdis.

308 3794 493 3866 (Vers.
530 3792 641 3863 l3.)
689 3815 707 3838 ι
730 3790 969 3847 Salutate
985 3786 1189 3844 Rufum
1213 3786 1444 3842 electum
1475 3784 1533 3840 in
1567 3783 1824 3852 Domino,

232 3893 287 3940 et
316 3891 546 3940 matrem
577 3881 696 3953 ejus
731 3888 785 3936 et
815 3895 1010 3935 meam.
1055 3902 1071 3924 ι
1116 3876 1244 3933 Ideo
1265 3875 1428 3932 istum
1461 3875 1664 3932 Rufum
1693 3890 1825 3946 prm-

233 3975 423 4048 posuit
469 3971 630 4028 matri
690 3976 912 4043 propter
965 3965 1285 4023 electionem
1337 3961 1828 4020 administrationis

236 4062 422 4137 gratiae
452 4060 574 4130 Dei,
607 4060 664 4115 in
694 4074 800 4132 qua
831 4055 1030 4112 mulier
1055 4056 1234 4112 locum
1267 4071 1376 4110 non
1407 4051 1826 4119 habet;electus

235 4155 382 4210 enim
430 4159 566 4220 erat,
617 4149 673 4206 id
715 4158 816 4216 est,
838 4155 1124 4220 promotus
1151 4164 1183 4202 a
1212 4145 1450 4202 Domino
1476 4143 1544 4200 ad
1584 4159 1668 4198 res
1710 4141 1828 4214 ejus

239 4240 491 4315 agendas.
547 4239 777 4298 Matrem
824 4244 1009 4292 tamen
1066 4245 1176 4292 tam
1228 4243 1472 4292 sanctam
1520 4231 1734 4298 habuit,
1765 4238 1828 4287 ut

241 4331 538 4406 Apostolus
575 4345 733 4385 suam
761 4343 976 4400 quoque
1007 4334 1236 4381 matrem
1269 4323 1412 4380 hanc
1441 4329 1682 4378 vocaret.

311 4431 498 4504 (Vere.
529 4428 642 4499 14.)
691 4453 708 4474 ε
729 4427 969 4483 Salutate
999 4424 1357 4496 Asyncletum
1389 4422 1530 4494 (57),
1562 4420 1827 4493 Phlegon-

241 4530 368 4588 tem,
422 4521 682 4585 Herman,
737 4514 1047 4582 Patrobam,
1082 4514 1339 4580 Hermen,
1378 4519 1430 4567 et
1463 4511 1558 4584 qui
1583 4528 1708 4568 cum
1749 4510 1828 4568 eis

243 4616 385 4677 sunt,
417 4607 634 4664 fratres.
680 4630 698 4651 ι
745 4606 856 4660 Hos
879 4603 1048 4660 simul
1080 4602 1303 4669 salutat,
1336 4601 1467 4674 quia
1505 4599 1710 4697 sciebat
1738 4616 1830 4657 eos
1855 4638 1905 4697 Β

1934 3352 2139 3420 verbis,
2162 3359 2424 3407 tractatus
2454 3348 2561 3404 sibi
2590 3346 2916 3419 coaptabant
2963 3344 3030 3400 ad
3061 3345 3525 3402 commendatio-

1936 3458 2062 3498 nem
2110 3440 2426 3497 traditionis
2473 3455 2602 3504 suae,
2649 3452 2744 3507 per
2791 3451 2927 3507 quos
2973 3435 3311 3505 simplicium
3359 3435 3526 3492 corda

1935 3530 2266 3602 deciperent.

2023 3644 2039 3667 ι
2079 3620 2273 3675 Vestra
2319 3616 2467 3672 enim
2520 3613 2853 3682 obedientia,
2921 3613 3124 3685 inquit,
3187 3612 3244 3667 in
3303 3625 3523 3668 omnem

1936 3709 2119 3766 locum
2151 3707 2435 3778 divulgata
2462 3711 2560 3761 est.
2598 3730 2617 3752 ι
2662 3703 2778 3760 Hoc
2810 3711 2890 3759 est
2933 3703 3078 3776 quod
3118 3703 3174 3757 in
3222 3701 3524 3774 primordio

1937 3800 2179 3873 epistolae
2240 3797 2398 3865 dicit,
2443 3797 2620 3870 cquia
2661 3795 2796 3852 ﬁdes
2849 3802 3032 3850 vestra
3087 3793 3413 3864 prmdicatur
3466 3792 3524 3847 in

1935 3890 2195 3946 universo
2227 3887 2432 3944 mundo
2465 3889 2640 3958 (Rom.
2675 3903 2714 3953 ι,
2746 3886 2828 3953 8),
2859 3908 2877 3930 ι
2920 3883 3025 3939 hoc
3054 3881 3346 3954 signiﬁcat,
3377 3881 3524 3953 quod

1937 3995 2158 4037 securus
2188 3978 2260 4034 sit
2290 3975 2356 4033 de
2378 3973 2691 4032 obedientia
2720 3988 2930 4028 eorum.
2980 3972 3113 4027 Erat
3160 3971 3307 4026 enim
3353 3970 3524 4027 incre-

1935 4069 2128 4126 dulum
2187 4067 2336 4140 quod
2388 4081 2443 4121 se
2495 4063 2837 4135 subjicerent
2888 4061 3006 4131 (59)
3075 4068 3198 4133 post
3247 4061 3520 4132 cognitam

1935 4160 2222 4218 veritatem
2253 4157 2331 4213 rei
2361 4157 2541 4213 stultae
2569 4153 2722 4229 quasi
2755 4151 3067 4226 prudentes.

2024 4275 2041 4297 ι
2062 4247 2284 4304 Gaudeo
2314 4247 2479 4319 igitur
2509 4244 2567 4299 in
2597 4242 2800 4300 vobis.-
2838 4243 2911 4298 Et
2939 4240 3030 4296 hic
3058 4256 3248 4296 sensus
3277 4239 3344 4296 de
3371 4255 3526 4313 supe-

1936 4337 2080 4395 riore
2110 4345 2260 4410 parte
2289 4337 2533 4408 epistolae
2565 4343 2645 4390 est
2677 4352 2690 4401 ;
2728 4331 2925 4406 gaudet
2951 4331 3098 4386 enim
3143 4330 3270 4404 quia
3318 4331 3527 4387 Roma-

1936 4430 2017 4500 ni,
2067 4429 2161 4504 qui
2216 4444 2444 4500 regnum
2502 4426 2702 4484 habere
2755 4424 3036 4493 videntur,
3079 4421 3430 4495 subjecerunt
3469 4435 3526 4476 se

1935 4521 2066 4578 ﬁdei
2096 4519 2441 4578 Christianas.

2025 4634 2043 4657 ε
2075 4610 2219 4667 Volo
2248 4626 2346 4665 vos
2371 4606 2653 4680 proﬁcere,
2690 4613 2753 4664 ut
2780 4602 2986 4662 eruditi
3032 4601 3154 4658 sitis
3198 4600 3254 4655 in
3293 4597 3521 4665 bonum,

244 4713 353 4754 esse
377 4695 678 4754 concordes
706 4695 765 4750 in
805 4692 1046 4758 Christo,
1090 4690 1194 4746 hoc
1223 4697 1324 4757 est,
1349 4688 1571 4761 junctos
1601 4687 1658 4743 in
1684 4688 1820 4743 ami-

1944 4699 2103 4756 rudes
2132 4715 2261 4754 vero
2288 4698 2346 4753 in
2376 4698 2601 4752 malum.
2639 4721 2657 4743 ι
2700 4693 2967 4750 Eruditus
2986 4691 3045 4746 in
3095 4689 3240 4744 bono
3283 4687 3376 4742 hic
3421 4694 3521 4753 est,

243 4788 421 4844 citiam
464 4785 853 4846 Christianam.
906 4782 1118 4839 Salutat
1175 4779 1339 4836 simul
1373 4787 1428 4834 et
1475 4778 1690 4847 fratres,
1732 4777 1827 4851 qui

245 4885 391 4934 erant
418 4893 545 4935 cum
576 4875 674 4943 eis,
707 4889 940 4948 quorum
973 4872 1199 4928 nomina
1231 4867 1598 4942 praetermisit.

314 4976 493 5047 (Vers.
530 4974 642 5046 15.)
700 4997 717 5018 ε
747 4971 989 5028 Salutate
1037 4969 1387 5041 Philologum
1419 4977 1473 5026 et
1502 4967 1726 5037 Juliam,
1775 4974 1830 5025 et

246 5064 494 5132 Nereum,
524 5072 578 5122 et
603 5078 843 5120 sororem
875 5059 992 5131 ejus
1022 5058 1405 5131 Olympiadem
1432 5057 1572 5129 (£8),
1609 5065 1663 5114 et
1699 5075 1830 5115 om-

250 5171 340 5212 nes
383 5155 478 5231 qui
525 5171 649 5211 cum
681 5154 761 5209 eis
788 5160 938 5218 sunt,
970 5157 1205 5206 sanctos.
1241 5173 1259 5196 -
1305 5149 1370 5204 Hi
1402 5165 1592 5205 omnes
1621 5150 1831 5206 unani-

251 5263 357 5305 mes
380 5247 772 5321 intelliguntur
803 5244 992 5312 fuisse,
1013 5259 1150 5316 quos
1170 5241 1274 5298 hac
1301 5258 1463 5299 causa
1479 5242 1643 5298 simul
1672 5243 1830 5298 salu—

249 5341 342 5406 tat,
395 5354 629 5412 quorum
677 5335 935 5392 meritum
994 5349 1063 5388 ex
1110 5332 1198 5401 iis,
1234 5331 1332 5405 qui
1383 5331 1548 5387 simul
1595 5348 1720 5388 cum
1751 5331 1831 5387 eis

321 5533 429 5612 (56)
462 5535 584 5591 Vet.
609 5532 741 5612 edit.
761 5547 884 5612 cum
905 5529 1101 5612 paucis
1132 5527 1498 5612 mss._,.uideris
1519 5544 1626 5612 qua
1645 5543 1828 5608 arma.

253 5599 436 5662 Paucis
481 5623 613 5663 vero
664 5599 968 5675 interjectis
1012 5603 1173 5675 Rom.
1209 5600 1342 5656 edit.
1373 5601 1510 5669 sola,
1543 5599 1828 5657 Narcissus

250 5677 526 5751 presbyteri
556 5677 719 5751 ofﬁcio
743 5672 958 5751 peregre
994 5672 1330 5751 fungebatur.

342 5695 391 5732 so
429 5695 526 5735 ten
556 5695 719 5751 οπισιο
743 5695 958 5748 peregre
994 5695 1330 5744 [ungeuaturu
1426 5742 1435 5751 .

342 5695 431 5824 57")
454 5751 543 5824 Ita
572 5756 681 5824 vet.
713 5747 850 5824 edit;
878 5763 939 5814 ac
969 5745 1151 5824 plures
1179 5760 1332 5824 m_ss.;
1365 5741 1462 5824 alii
1491 5749 1674 5801 autem
1695 5758 1830 5801 non-

253 5815 748 5896 nulli,'Asyndetum
767 5837 787 5885 ;
816 5815 987 5876 Rom:
1005 5815 1164 5884 edit.,
1198 5815 1559 5887 Asyncritum.

1935 4789 2030 4864 qui
2076 4789 2219 4845 bona
2265 4796 2521 4860 operatur
2555 4803 2566 4841 :
2608 4783 2772 4840 rudes
2817 4791 2997 4838 autem
3048 4777 3103 4832 in
3135 4775 3279 4832 malo
3305 4774 3343 4830 ii
3374 4784 3520 4864 sunt,

1937 4863 2032 4953 qui
2090 4879 2344 4950 ignorant
2397 4890 2560 4948 opera
2612 4873 2774 4938 mala,
2836 4868 2891 4926 id
2945 4874 3047 4936 est,
3077 4881 3238 4922 usum
3299 4863 3524 4920 malitia)

1937 4967 2210 5036 nesciunt,

2012 5058 2193 5130 (Vers.
2219 5055 2334 5126 20.)
2380 5078 2398 5100 ι
2426 5055 2574 5110 Deus
2603 5057 2785 5107 autem
2807 5046 2955 5122 pacis
2981 5052 3227 5104 conteret
3271 5046 3522 5104 Satanam

1937 5147 2040 5203 sub
2069 5145 2298 5218 pedibus
2333 5141 2530 5198 vestris
2554 5138 2837 5206 velociter,
2860 5163 2879 5186 ι
2921 5136 2978 5193 id
3008 5145 3089 5194 est
3116 5134 3291 5192 brevi.
3318 5135 3430 5190 Hoc
3457 5131 3524 5190 de

1938 5236 2178 5292 adventu
2208 5249 2306 5289 suo
2335 5231 2492 5298 dicit,
2542 5230 2671 5304 quia
2711 5228 2980 5285 adventus
3029 5226 3146 5298 ejus
3193 5224 3525 5297 opprimeret

1938 5327 2219 5385 diabolum
2255 5327 2325 5382 ob
2357 5325 2480 5394 hoc,
2511 5323 2657 5399 quod
2683 5323 2775 5380 isti
2803 5323 3103 5395 spiritalem
3151 5318 3378 5391 gratiam
3421 5332 3524 5373 ac-

2011 5525 2129 5596 (58)
2161 5524 2294 5581 Gill.
2327 5540 2390 5580 ac
2421 5525 2577 5579 Rom.
2612 5519 2746 5596 edit.
2778 5535 2905 5576 cum
2938 5531 3066 5572 mss.
3099 5512 3449 5588 quibusdam,
3478 5519 3526 5569 et

1938 5594 2173 5652 sororem
2201 5596 2312 5666 ejus
2341 5602 2388 5650 et
2414 5594 2729 5666 Olympium.

2012 5669 2128 5740 (59)
2180 5655 2508 5744 Sic_omne§
2551 5655 2683 5744 edit.
2714 5681 2727 5730 ;
2778 5667 2849 5744 at_
2877 5665 3066 5717 contra
3103 5674 3230 5716 mss.
3263 5673 3430 5732 prope
3453 5655 3522 5712 ad

1936 5736 2132 5811 unum,
2162 5741 2302 5812 quod
2330 5757 2435 5795 non
2459 5755 2512 5793 se
2539 5736 2870 5806 subjicerent.
