3976 6374
426 409 522 466 ιρι
1399 407 1496 463 an
1533 364 1767 463 OPERA
1805 405 1862 462 s.
1903 402 2019 460 AM]

2134 401 2238 460 DSII
2275 399 2660 460 APPENDIX.

3617 400 3726 460 192

418 543 630 610 cepturi
670 543 860 604 erant;
906 535 995 593 cui
1038 534 1116 592 rei
1165 531 1381 591 invidet
1430 532 1677 601 Satanas,
1710 531 1840 606 quia
1897 531 2022 598 vulg
2050 533 2102 594 Α
2131 545 2226 586 nes
2275 529 2398 587 ideo
2443 526 2772 586 nominatim
2821 534 3107 586 enumerat
3144 526 3203 585 in
3251 525 3583 586 salutatione
3626 529 3734 588 Ro-

420 626 673 683 homines
708 640 1024 698 permanere
1073 623 1131 680 in
1177 639 1405 691 errore;
1456 631 1651 679 caetera
1695 629 1755 677 ut
1801 620 2018 678 discre-

420 723 570 788 pent,
601 731 729 773 cum
759 714 872 770 sint
897 715 1064 771 unius
1088 712 1462 786 professionis.

507 828 526 852 ‹
569 803 759 860 Gratia
798 802 1020 859 Domini
1063 801 1236 859 nostri
1263 801 1389 857 Iesu
1415 799 1620 858 Christi
1649 797 1932 855 vobiscum
1987 817 2014 850 »

420 895 665 952 Gratiam
695 910 860 968 quam
904 891 1158 966 promisit
1205 892 1320 948 illis
1362 891 1418 946 in
1463 889 1704 946 adventu
1753 905 1872 955 suo,
1900 887 2015 960 jam

421 993 572 1057 optat
613 999 728 1040 esse
781 999 907 1040 cum
959 981 1106 1048 illis;
1164 981 1208 1036 si
1261 980 1410 1036 enim
1443 986 1723 1036 merentur
1751 979 2016 1050 accipere,

415 1071 527 1146 jam
559 1090 683 1130 cum
714 1072 830 1128 illis
855 1079 936 1128 est
958 1070 1014 1126 in
1045 1087 1157 1142 spe.

506 1186 525 1210 ε
557 1163 738 1234 (Vers.
758 1161 874 1231 2l.)
915 1185 932 1206 ι
977 1160 1188 1216 Salutat
1217 1175 1315 1215 vos
1343 1157 1664 1214 Timotheus
1692 1172 1916 1213 consors
1946 1155 2020 1210 la-

422 1251 613 1308 borum
645 1265 913 1316 meorum,
945 1256 999 1304 et
1036 1248 1260 1316 Lucius,
1306 1255 1360 1303 et
1415 1249 1602 1315 Iason,
1643 1253 1696 1302 et
1743 1245 2021 1316 Sosipater

419 1338 634 1413 cognati
677 1337 803 1393 mei.
838 1363 857 1386 »
896 1337 1220 1394 Timotheus
1249 1353 1475 1394 consors
1521 1337 1768 1392 laborum
1801 1333 1919 1406 ejus
1938 1340 2021 1389 est

423 1429 577 1503 quasi
621 1427 996 1500 cocpiscopus,
1047 1427 1141 1500 qui
1196 1444 1320 1483 cum
1378 1443 1575 1498 magna
1642 1423 2020 1481 sollicitudine

427 1517 730 1574 Ecclesiam
763 1516 1122 1589 gubernabat,
1155 1516 1366 1588 positus
1414 1516 1471 1572 in
1514 1515 1781 1571 invidiam
1811 1512 2020 1569 Iudmo-

424 1623 548 1663 rum
601 1622 773 1679 usque
817 1605 974 1673 adeo,
1023 1613 1086 1661 ut
1134 1606 1278 1662 inter
1325 1604 1485 1661 initia
1533 1603 2022 1661 circumcideretur

423 1702 648 1768 propter
675 1694 994 1752 scandalum
1016 1694 1363 1761 Iudaeorum;
1398 1703 1459 1750 ut
1477 1693 1607 1768 quia
1637 1700 1806 1748 matre
1833 1690 2022 1747 Iudaea

421 1790 556 1851 erat,
587 1783 780 1839 doctor
825 1799 942 1839 esse
983 1799 1095 1839 non
1151 1790 1332 1855 posset
1397 1782 1840 1839 incircumcisus.
1889 1782 2021 1837 Illos

2127 636 2434 687 manorum,
2467 627 2529 675 ut
2557 618 2762 676 scirent
2788 619 2976 693 quales
3007 625 3062 675 et
3089 618 3282 691 quanti
3320 619 3734 692 oongaudemnt

2125 707 2272 765 bono
2301 717 2480 781 coepto
2509 708 2756 764 illorum.

2199 798 2382 870 (Vers.
2406 797 2619 868 25-27.)
2667 821 2684 843 ε
2720 795 2787 852 Ei
2817 803 3001 851 autem
3032 795 3126 868 qui
3157 803 3336 869 potest
3363 814 3463 854 vos
3481 798 3733 857 stabilire

2127 887 2425 943 secundum
2457 886 2819 958 Evangelium
2853 901 3034 940 meum
3057 892 3111 941 et
3128 885 3579 958 praedicationem
3600 888 3731 945 Iesu

2129 975 2679 1040 Christi,secundum
2714 973 3106 1030 revelationem
3137 975 3386 1046 mysterii
3419 976 3559 1047 (6i),
3581 975 3731 1050 quod

2127 1063 2466 1137 temporibus
2507 1063 2730 1119 aeternis
2778 1063 2835 1118 in
2887 1062 3110 1119 silentio
3170 1063 3315 1131 fuit;
3374 1064 3728 1122 manifestum

2133 1160 2268 1216 111
2321 1161 2404 1210 est
2450 1161 2630 1210 autem
2679 1168 2828 1209 nunc
2880 1169 2976 1224 per
3021 1152 3323 1226 scripturas
3381 1154 3731 1227 prapheticas

2128 1251 2430 1309 secundum
2496 1249 2787 1323 imperium
2846 1249 3036 1306 aeterni
3084 1251 3182 1307 Dei
3230 1250 3298 1308 ad
3359 1251 3728 1308 obedientiam

2129 1341 2259 1397 ﬁdei
2289 1341 2347 1396 in
2376 1356 2570 1397 omnes
2606 1348 2811 1412 gentes,
2848 1339 3131 1412 cognitum
3178 1341 3284 1397 soli
3331 1341 3567 1413 sapienti
3614 1341 3729 1397 Deo

2129 1447 2224 1502 per
2251 1430 2434 1486 Iesum
2467 1429 2772 1495 Christum,
2805 1429 2896 1484 cui
2943 1429 3117 1500 gloria
3159 1429 3217 1484 in
3264 1430 3463 1486 saecula
3504 1431 3726 1487 saculo-

2128 1535 2271 1575 rum.
2303 1521 2502 1575 Amen.
2534 1543 2553 1567 ι
2595 1519 2709 1574 Deo
2751 1517 2900 1573 Patri
2941 1533 3012 1573 ex
3055 1535 3165 1590 quo
3208 1527 3338 1575 sunt
3383 1518 3586 1588 omnia,
3634 1519 3732 1576 dat

2128 1608 2392 1680 gloriam;
2427 1615 2488 1663 ut
2515 1615 2754 1678 emptum
2789 1609 3184 1676 Romanorum,
3215 1606 3345 1680 quia
3376 1615 3569 1680 potens
3621 1615 3728 1675 est,

2127 1696 2384 1770 dignetur
2448 1695 2700 1768 implere,
2771 1695 3151 1752 conﬁrmando
3217 1695 3276 1752 in
3340 1695 3449 1753 ﬁde
3515 1695 3732 1753 animos

2127 1802 2318 1843 eorum
2375 1786 2444 1842 ad
2483 1786 2789 1858 profectum
2847 1785 3156 1857 Evangelii,
3217 1793 3272 1842 et
3335 1786 3730 1842 revelationem

421 1887 552 1928 vero
589 1881 848 1945 cognatos
888 1870 1046 1940 dicit,
1093 1871 1294 1944 partim
1365 1872 1598 1944 generis,
1648 1871 1846 1945 partim
1890 1869 2020 1926 ﬁdei
2053 1891 2099 1951 Β
2131 1875 2379 1949 mysterii
2409 1873 2716 1932 absconditi
2748 1891 2780 1930 a
2807 1874 3025 1930 saeculis
3059 1874 3277 1946 (Ephes.
3304 1891 3387 1942 Ill,
3427 1875 3510 1945 9).
3540 1875 3732 1931 Mani-

422 1977 585 2018 causa
593 2005 603 2017 .

496 2050 676 2123 (Vers.
710 2050 825 2122 22.)
891 2074 909 2098 ι
939 2050 1132 2108 Saluto
1169 2068 1270 2108 vos
1319 2068 1418 2124 ego
1465 2049 1702 2117 Tertius,
1745 2047 1837 2121 qui
1880 2047 2024 2103 hanc

421 2139 706 2214 epistolam
737 2139 930 2212 scripsi
953 2139 1010 2196 in
1041 2141 1298 2196 Domino.
1332 2167 1349 2187 ι
1393 2139 1611 2195 Tertius
1638 2135 1885 2200 nomine,
1908 2151 2019 2191 non

423 2248 653 2288 numero
687 2250 698 2287 :
737 2231 830 2287 hic
862 2240 944 2288 est
971 2228 1150 2288 scriba
1181 2228 1446 2302 epistolae,
1478 2226 1567 2282 cui
1612 2225 1887 2281 concessit
1922 2243 2022 2281 suo

423 2321 648 2378 nomine
675 2321 914 2378 salutare
948 2320 1163 2392 plebem
1194 2320 1515 2381 Romanam,
1535 2314 1604 2370 ad
1621 2330 1783 2386 quam
1806 2314 2016 2382 scribit;

419 2419 482 2466 ut
509 2418 732 2468 cmteros
766 2410 1026 2475 salutent,
1051 2423 1189 2480 quos
1218 2405 1490 2462 nominat.
1510 2403 1709 2460 Adhuc
1737 2403 1885 2459 enim
1909 2419 2021 2460 rec-

421 2507 568 2556 tores
590 2497 857 2555 Ecclesiis
888 2494 1078 2567 paucis
1101 2503 1257 2550 erant
1285 2493 1342 2549 in
1375 2493 1532 2550 locis.

494 2596 678 2667 (Vers.
721 2593 839 2662 23.)
898 2617 916 2638 ι
962 2591 1176 2649 Salutat
1217 2607 1320 2648 vos
1378 2591 1543 2664 Cajus
1596 2590 1795 2664 hospes
1845 2605 2018 2660 meus,

419 2692 477 2741 et
505 2683 775 2740 universae
803 2680 1085 2738 Ecclesiae.
1118 2706 1136 2729 ι
1181 2681 1282 2738 Hic
1310 2689 1392 2738 est
1423 2680 1606 2753 Cajus,
1654 2689 1716 2738 ut
1759 2681 2016 2750 arbitror,

421 2773 491 2830 ad
537 2787 698 2844 quem
739 2770 936 2828 scribit
977 2771 1212 2828 Joannes
1259 2771 1538 2844 apostolus
1597 2771 1712 2841 (III
1750 2771 1890 2826 Joan
1940 2769 2019 2841 1),

423 2860 706 2918 exsultans
735 2860 790 2915 in
822 2859 1090 2917 charitate
1119 2859 1258 2932 ejus,
1291 2875 1454 2932 quam
1485 2858 1785 2915 exhibebat
1830 2858 2020 2915 frater-

425 2952 608 3019 nitati,
659 2951 908 3024 praebens
944 2959 1196 3022 sumptus
1240 2950 1355 3006 illis
1398 2949 1752 3006 necessarios.
1786 2950 1858 3004 Et
1894 2965 2019 3005 cum

424 3043 676 3120 superius
721 3042 868 3098 dicat
916 3061 928 3098 :
990 3067 1006 3089 ι
1053 3041 1306 3098 Salutant
1360 3057 1458 3096 vos
1511 3057 1702 3097 omnes
1760 3040 2021 3097 Ecclesiae

425 3132 677 3202 Christi,-
696 3150 844 3191 nunc
873 3133 1034 3190 iterat
1062 3133 1251 3189 dicens
1276 3151 1288 3189 :
1322 3156 1340 3178 ε
1361 3133 1614 3189 Salutant
1630 3149 1727 3187 vos
1748 3131 2021 3188 universae

425 3223 742 3293 Ecclesiae,-
799 3224 946 3296 quod
982 3239 1093 3278 non
1145 3229 1278 3294 puto
1324 3221 1497 3278 otiose
1546 3221 1840 3288 iteratum;
1877 3219 2019 3276 nihil

424 3313 570 3369 enim
599 3321 784 3371 tantus
814 3315 902 3371 vir
927 3323 980 3371 et
1000 3321 1110 3369 tam
1142 3311 1448 3369 tractabilis
1482 3310 1831 3383 superﬂuum
1861 3325 2023 3382 pone-

425 3405 536 3461 bat.
582 3405 686 3462 Sed
728 3407 858 3480 quia
919 3432 937 3453 ι
982 3406 1225 3462 salutant
1268 3419 1388 3468 vos,
1439 3401 1643 3473 inquit,
1697 3416 1888 3456 omnes
1917 3400 2020 3456 Ec-

423 3495 602 3551 clesiae
649 3494 877 3562 Christi,
911 3520 929 3541 ι
991 3493 1048 3550 id
1095 3499 1200 3561 est,
1245 3507 1438 3549 omnes
1480 3489 1676 3558 sancti,
1724 3489 1868 3546 sicut
1910 3488 2020 3544 alio

427 3585 546 3640 loco
578 3583 716 3639 dicit
748 3601 758 3637 :
809 3607 827 3630 σ
852 3583 958 3649 Qui
987 3588 1171 3638 autem
1203 3588 1332 3636 sunt
1362 3579 1592 3649 Christi,
1622 3595 1842 3636 carnem
1864 3595 2019 3635 suam

423 3671 820 3730 cruciﬁxerunt
850 3672 1058 3740 (Galat.
1091 3687 1149 3736 v,
1182 3669 1275 3733 24)
1303 3689 1316 3730 ;
1352 3694 1370 3717 ι
1410 3685 1560 3725 nunc
1589 3667 1824 3739 subjecit
1852 3667 2019 3723 etiam

424 3761 523 3818 hos
565 3761 822 3828 salutare,
855 3760 949 3832 qui
999 3767 1286 3832 sequentes
1333 3767 1495 3824 sunt;
1555 3767 1616 3814 ut
1664 3758 2017 3815 benedictum

426 3850 691 3922 populum
735 3848 1007 3921 signiﬁcet
1057 3848 1173 3920 (60)
1223 3847 1503 3915 Ecclesiae,
1554 3847 1684 3920 quia
1743 3845 1801 3902 in
1867 3846 2020 3902 omni

426 3939 671 3996 Ecclesia
697 3937 809 3994 duo
840 3946 969 3994 sunt
1017 3938 1229 4012 populi.
1283 3937 1467 3994 Potest
1513 3943 1567 3992 et
1613 3935 1846 3992 duarum
1899 3952 2022 4008 pro-

426 4028 732 4085 vinciarum
764 4028 1075 4085 nominasse
1108 4027 1406 4096 Ecclesias,
1442 4034 1502 4082 ut
1547 4026 1786 4100 primum
1833 4025 2018 4095 unius,

425 4117 624 4174 deinde
649 4118 876 4174 alterius
926 4117 1030 4174 loci
1073 4115 1305 4172 dixisset
1353 4130 1545 4171 omnes
1597 4114 1890 4182 Ecclesias,
1928 4123 2023 4171 aut

425 4212 571 4262 certe
602 4205 915 4262 Iudaeorum
949 4214 1003 4261 et
1032 4204 1344 4278 gentilium,

501 4303 681 4374 (Vers.
706 4303 823 4376 211.)
873 4304 1086 4360 Salutat
1129 4319 1227 4358 vos
1273 4303 1502 4358 Erastus
1543 4300 1889 4374 dispensator
1930 4300 2022 4356 ci-

427 4393 636 4463 vitatis,
690 4402 746 4450 et
795 4393 1033 4461 Quartus
1075 4393 1263 4449 frater.
1302 4411 1330 4444 »
1379 4391 1734 4464 Dispensator
1779 4389 2023 4448 civitatis

426 4495 507 4544 est
529 4486 685 4560 quasi
713 4495 954 4555 curator,
989 4485 1106 4560 qui,
1130 4485 1373 4541 dictante
1401 4483 1642 4557 justitia,
1685 4484 2023 4556 gubernabat

2130 1964 2311 2020 festati
2341 1973 2521 2022 autem
2549 1980 2644 2036 per
2675 1961 2979 2030 Christum,
3013 1963 3100 2018 vel
3132 1962 3189 2018 in
3238 1961 3477 2020 Christo.
3528 1963 3734 2021 Sacra-

2131 2063 2375 2110 mentum
2407 2055 2553 2110 enim
2585 2053 2733 2125 quod
2782 2053 2945 2109 latuit
2983 2069 3196 2124 semper
3245 2054 3301 2108 in
3347 2055 3462 2110 Deo
3514 2054 3734 2126 (Ibid.),

2133 2143 2472 2215 temporibus
2545 2143 2755 2201 Christi
2829 2143 3166 2199 declaratum
3241 2151 3343 2208 est,
3417 2144 3548 2217 quia
3619 2161 3732 2201 non

2129 2232 2424 2304 singularis
2445 2241 2527 2287 est
2557 2233 2722 2299 Deus,
2753 2231 2883 2304 quia
2907 2239 2990 2286 est
3017 2230 3164 2300 apud
3199 2231 3359 2285 illum
3390 2247 3460 2286 ex
3510 2231 3734 2288 aeternis

2129 2330 2183 2377 et
2207 2320 2510 2379 Paraclitus
2533 2320 2675 2392 (62),
2709 2319 2766 2375 in
2788 2335 2897 2394 qua
2918 2319 3150 2375 veritate
3178 2335 3398 2375 omnem
3419 2327 3730 2376 creaturam

2129 2409 2373 2468 decrevit
2410 2411 2616 2467 salvam
2648 2409 2767 2465 ﬁeri
2799 2425 2896 2482 per
2921 2408 3280 2481 agnitionem.
3312 2407 3482 2480 Cujus
3503 2409 3733 2482 quidem

2130 2500 2457 2559 sacramenti
2490 2501 2694 2556 veritas
2739 2516 2836 2573 per
2886 2500 3178 2574 prophetas
3225 2500 3403 2556 fuerat
3449 2499 3735 2573 designata

2129 2591 2320 2664 ﬁguris
2363 2589 2714 2664 quibusdam,
2766 2589 2872 2646 soli
2912 2591 3026 2646 Deo
3086 2588 3368 2661 cognitum
3427 2589 3661 2660 sapienti
3715 2606 3729 2646 :

2128 2680 2288 2752 cujus
2298 2679 2486 2752 gratiae
2509 2678 2804 2751 participes
2833 2679 3012 2734 voluit
3033 2694 3148 2734 esse
3168 2685 3377 2750 gentes,
3400 2677 3548 2751 quod
3568 2677 3734 2736 latuit

2130 2785 2298 2841 genus
2347 2768 2657 2824 hominum.
2707 2767 2869 2824 Solus
2913 2784 3040 2840 ergo
3083 2775 3165 2824 est
3205 2767 3442 2840 sapiens,
3489 2766 3620 2840 quia
3659 2766 3732 2822 ab

2130 2859 2249 2932 ipso
2277 2867 2361 2916 est
2388 2857 2572 2914 omnis
2599 2862 2738 2918 112
2767 2857 3055 2930 sapientia,
3086 2857 3230 2914 sicut
3249 2856 3387 2914 dicit
3419 2856 3679 2912 Salomon
3714 2873 3728 2912 :

2140 2981 2158 3003 ι
2204 2957 2397 3014 Omnis
2442 2956 2713 3030 sapientia
2757 2973 2788 3012 a
2833 2955 3074 3012 Domino
3101 2957 3214 3012 Deo
3243 2963 3347 3020 est,
3376 2960 3430 3010 et
3458 2969 3583 3011 cum
3609 2951 3732 3027 ipso

2129 3046 2237 3102 fuit
2258 3063 2471 3118 semper
2502 3047 2693 3114 (Eccli.
2734 3063 2774 3114 ι,
2815 3046 2890 3116 1).
2923 3069 2942 3092 ›
2995 3044 3274 3117 Sapientia
3319 3043 3426 3100 ista
3471 3042 3733 3101 Christus

2130 3141 2230 3204 est,
2285 3134 2416 3207 quia
2453 3133 2522 3190 de
2576 3135 2694 3206 ipsa
2748 3142 2850 3202 est,
2899 3141 2952 3189 et
3005 3149 3134 3189 cum
3188 3133 3286 3188 illo
3339 3139 3455 3190 erat
3492 3147 3730 3206 semper,

2049 3249 2093 3310 ο
2133 3240 2226 3294 per
2253 3240 2414 3296 quem
2441 3222 2544 3295 ipsi
2575 3223 2748 3294 gloria
2788 3223 2843 3279 in
2891 3224 3090 3279 saecula
3132 3223 3482 3278 saeculorum.
3528 3223 3729 3278 Amen.

2129 3313 2256 3369 Ideo
2301 3313 2444 3369 nihil
2484 3313 2602 3370 sine
2650 3313 2874 3371 Christo
2921 3313 3166 3385 plenum,
3221 3313 3354 3385 quia
3397 3327 3491 3385 per
3545 3311 3730 3384 ipsum

2129 3403 2348 3470 omnia;
2399 3401 2637 3476 quicum
2672 3403 3006 3475 agnoscitur,
3045 3402 3207 3459 datur
3251 3404 3365 3458 Deo
3411 3401 3559 3458 Patri
3608 3401 3732 3458 laus

2129 3506 2225 3564 per
2251 3491 2455 3564 ipsum,
2486 3491 2617 3564 quia
2645 3491 2976 3564 intelligitur
3005 3507 3100 3563 per
3129 3489 3612 3563 Christum,quasi
3633 3505 3732 3562 per

2129 3582 2454 3654 sapientiam
2503 3599 2682 3650 suam,
2729 3582 2790 3637 in
2839 3598 2948 3655 qua
2993 3582 3178 3637 salvos
3231 3579 3364 3637 fecit
3424 3579 3728 3637 credentes.

2129 3671 2316 3728 Gloria
2354 3688 2484 3745 ergo
2514 3672 2661 3728 Patri
2711 3689 2809 3744 per
2866 3671 3092 3740 Filium,
3150 3670 3256 3727 hoc
3310 3679 3414 3739 est,
3464 3670 3734 3728 ambobus

2131 3760 2305 3833 gloria
2362 3760 2420 3816 in
2465 3760 2674 3832 Spiritu
2719 3767 2956 3828 sancto;

2130 3850 2304 3925 gloria
2332 3858 2432 3907 est.

2203 3940 2384 4012 (Vers.
2407 3940 2524 4011 28.)
2545 3964 2562 3987 ι
2583 3939 2772 3996 Gratia
2799 3938 3021 3995 Domini
3043 3939 3218 3996 nostri
3237 3940 3354 4012 (62)
3379 3940 3508 3997 Iesu
3524 3938 3733 3998 Christi

2130 4047 2255 4088 cum
2304 4029 2563 4087 omnibus
2607 4029 2784 4086 vobis.
2836 4055 2853 4077 ›
2925 4031 2987 4086 In
3040 4029 3395 4087 conclusione
3447 4028 3731 4087 Christum

2129 4118 2306 4191 ponit,
2334 4135 2430 4192 per
2453 4135 2614 4193 quem
2665 4119 2818 4188 facti,
2867 4127 2922 4176 et
2969 4119 3172 4176 iterum
3211 4119 3491 4177 reformati
3541 4135 3734 4176 sumus

2131 4209 2302 4284 gratia
2330 4208 2468 4281 ejus,
2519 4217 2581 4266 ut
2629 4209 2906 4266 mentibus
2951 4209 3156 4266 nostris
3204 4209 3444 4278 haereat;
3495 4206 3627 4284 quia
3684 4207 3734 4266 si

2130 4297 2522 4356 beneﬁciorum
2545 4297 2662 4369 ejus
2693 4315 2961 4355 memores
2990 4299 3184 4369 simus,
3229 4315 3445 4374 semper
3487 4315 3588 4356 nos
3618 4306 3732 4356 tue-

2130 4386 2301 4456 bitur,
2328 4386 2470 4444 sicut
2491 4387 2637 4442 dixit
2666 4406 2677 4444 :
2713 4413 2730 4435 ε
2757 4389 2829 4443 Ει
2857 4403 3001 4456 ecce,
3029 4412 3046 4436 ι
3087 4387 3271 4462 inquit
3294 4389 3731 4461 (Matth.xxvm,

2131 4479 2248 4550 20),
2303 4502 2322 4527 ‹
2349 4495 2449 4552 ego
2477 4479 2760 4538 vobiscum
2793 4497 2915 4536 sum
2946 4479 3208 4536 omnibus
3241 4478 3439 4537 diebus
3462 4495 3636 4554 usque
3662 4479 3732 4536 ad

3026 3759 3156 3833 quia
3202 3766 3433 3832 uterque
3494 3759 3553 3815 in
3620 3775 3733 3816 una

425 4575 726 4644 civitatem,
762 4574 1004 4630 maxime
1032 4573 1091 4630 in
1120 4573 1314 4648 pretiis
1344 4572 1715 4630 moderandis.
1749 4573 1861 4630 Hos
1893 4589 2024 4630 om-
2051 4611 2100 4670 Β
2130 4568 2658 4627 consummationem
2689 4569 2896 4628 saeculi.
2923 4593 2942 4617 ι
2984 4569 3162 4625 Amen
3194 4570 3334 4643 (63).

498 4773 614 4844 (60)
646 4770 834 4830 Codex
863 4769 1104 4839 Thuan.,
1135 4776 1194 4826 ut
1229 4770 1327 4844 ibis
1353 4771 1558 4844 dictum
1604 4787 1615 4826 :
1663 4771 1836 4840 Flor.,
1871 4776 2024 4826 utea:

425 4842 875 4925 hisldictiitotum
908 4845 1162 4925 populum
1176 4843 1460 4925 signiﬁcet.

643 4914 757 4994 lliss
798 4913 1028 4994 aliquot,
1052 4913 1356 4994 ministerii.
1382 4916 1502 4972 Non
1533 4915 1666 4994 satis
1685 4924 1850 4994 recte.

500 4983 616 5054 (62)
643 4985 799 5040 Rom.
825 4983 958 5041 edit.
987 4987 1121 5052 sola,
1151 4993 1199 5042 et
1227 4987 1444 5044 Verbum
1473 4994 1521 5043 et
1548 4989 1877 5044 Paraclitus.

501 5053 619 5127 (62)
651 5055 916 5112 Nonnulli
935 5072 1066 5114 mss.
1101 5058 1292 5114 Gloria
1317 5059 1536 5116 Domini
1562 5059 1755 5128 nostri,
1785 5065 1892 5115 etc.

2206 4771 2321 4854 (63)
2352 4773 2480 4829 Mss.
2514 4771 2752 4854 Remig.,
2778 4771 3043 4854 Michaac
3071 4767 3466 4854 Δ(Ξοῃιθινιλιιὶι)
3513 4768 3731 4854 longam

2133 4839 2385 4901 laciniam
2409 4839 2812 4923 assuuntfquae
2853 4841 3209 4923 pertinet_ad
3256 4839 3517 4923 ultimum
3553 4839 3733 4923 caput

2129 4916 2509 4972 commentarii
2541 4915 2597 4970 in
2645 4909 3212 4986 prioremiepistolam
3258 4912 3328 4969 ad
3380 4909 3731 4979 Corinthios;

2129 5003 2236 5060 qua
2263 4987 2330 5043 de
2367 5002 2426 5043 re
2450 5003 2550 5043 suo
2572 4985 2692 5043 loco
2720 4985 3015 5043 dicendum
3043 4985 3168 5042 erit.
