  <div class='ocr_page' id='page_1' title='image "/cluster/home/n/w/nwhite01/storage/ocr_20150623/17/umn.31951002477311b/104.png"; bbox 0 0 3976 6372; ppageno 0'>
   <div class='ocr_carea' id='block_1_1' title="bbox 1824 324 1856 342">
    <p class='ocr_par' dir='ltr' id='par_1_1' title="bbox 1824 324 1856 342">
     <span class='ocr_line' id='line_1_1' title="bbox 1824 324 1856 342; baseline 0 0"><span class='ocrx_word' id='word_1_1' title='bbox 1824 324 1856 342; x_wconf 68' lang='grc' dir='ltr'><em>ο</em></span> 
     </span>
    </p>
   </div>
   <div class='ocr_carea' id='block_1_2' title="bbox 284 388 386 458">
    <p class='ocr_par' dir='ltr' id='par_1_2' title="bbox 284 388 386 458">
     <span class='ocr_line' id='line_1_2' title="bbox 284 388 386 458; baseline 0.01 -2"><span class='ocrx_word' id='word_1_2' title='bbox 284 388 386 458; x_wconf 71' lang='grc'><strong>193</strong></span> 
     </span>
    </p>
   </div>
   <div class='ocr_carea' id='block_1_3' title="bbox 1360 393 2483 469">
    <p class='ocr_par' dir='ltr' id='par_1_3' title="bbox 1360 393 2483 469">
     <span class='ocr_line' id='line_1_3' title="bbox 1360 393 2483 469; baseline 0.004 -6"><span class='ocrx_word' id='word_1_3' title='bbox 1360 393 1721 466; x_wconf 78' lang='lat' dir='ltr'><strong>COMMENT.</strong></span> <span class='ocrx_word' id='word_1_4' title='bbox 1762 408 1835 466; x_wconf 87' lang='lat' dir='ltr'><strong>IN</strong></span> <span class='ocrx_word' id='word_1_5' title='bbox 1871 407 2088 469; x_wconf 88' lang='lat' dir='ltr'><strong>EPIST.</strong></span> <span class='ocrx_word' id='word_1_6' title='bbox 2132 407 2153 466; x_wconf 81' lang='grc' dir='ltr'><strong>ι</strong></span> <span class='ocrx_word' id='word_1_7' title='bbox 2192 406 2288 466; x_wconf 88' lang='lat' dir='ltr'><strong>AD</strong></span> <span class='ocrx_word' id='word_1_8' title='bbox 2328 411 2483 468; x_wconf 72' lang='lat' dir='ltr'><strong>con.</strong></span> 
     </span>
    </p>
   </div>
   <div class='ocr_carea' id='block_1_4' title="bbox 3469 405 3569 478">
    <p class='ocr_par' dir='ltr' id='par_1_4' title="bbox 3469 405 3569 478">
     <span class='ocr_line' id='line_1_4' title="bbox 3469 405 3569 478; baseline 0 -1"><span class='ocrx_word' id='word_1_9' title='bbox 3469 405 3569 478; x_wconf 70' lang='grc'><strong>194</strong></span> 
     </span>
    </p>
   </div>
   <div class='ocr_carea' id='block_1_5' title="bbox 276 580 3555 613">
    <p class='ocr_par' dir='ltr' id='par_1_5' title="bbox 276 580 3555 613">
     <span class='ocr_line' id='line_1_5' title="bbox 276 580 3555 613; baseline 0.004 -22"><span class='ocrx_word' id='word_1_10' title='bbox 276 580 3555 613; x_wconf 67' lang='lat'><strong>———_____—____________________—_____</strong></span> 
     </span>
    </p>
   </div>
   <div class='ocr_carea' id='block_1_6' title="bbox 405 728 3432 835">
    <p class='ocr_par' dir='ltr' id='par_1_6' title="bbox 405 728 3432 835">
     <span class='ocr_line' id='line_1_6' title="bbox 405 728 3432 835; baseline 0.007 -21"><span class='ocrx_word' id='word_1_11' title='bbox 405 728 524 816; x_wconf 92' lang='lat' dir='ltr'><strong>IN</strong></span> <span class='ocrx_word' id='word_1_12' title='bbox 614 729 1243 818; x_wconf 84' lang='lat' dir='ltr'><strong>EPISTOLAM</strong></span> <span class='ocrx_word' id='word_1_13' title='bbox 1330 734 1431 822; x_wconf 93' lang='lat' dir='ltr'><strong>B.</strong></span> <span class='ocrx_word' id='word_1_14' title='bbox 1527 737 1856 824; x_wconf 89' lang='lat' dir='ltr'><strong>PAULI</strong></span> <span class='ocrx_word' id='word_1_15' title='bbox 1938 741 2089 827; x_wconf 91' lang='lat' dir='ltr'>AD</span> <span class='ocrx_word' id='word_1_16' title='bbox 2181 741 2872 834; x_wconf 83' lang='lat' dir='ltr'><strong>CORINTHIOS</strong></span> <span class='ocrx_word' id='word_1_17' title='bbox 2956 749 3432 835; x_wconf 82' lang='lat' dir='ltr'><strong>PRIMAM.</strong></span> 
     </span>
    </p>
   </div>
   <div class='ocr_carea' id='block_1_7' title="bbox 703 1041 1432 1116">
    <p class='ocr_par' dir='ltr' id='par_1_7' title="bbox 703 1041 1432 1116">
     <span class='ocr_line' id='line_1_7' title="bbox 703 1041 1432 1116; baseline -0.004 -13"><span class='ocrx_word' id='word_1_18' title='bbox 703 1047 838 1104; x_wconf 73' lang='grc' dir='ltr'><strong>ιιι</strong></span> <span class='ocrx_word' id='word_1_19' title='bbox 871 1041 1236 1101; x_wconf 78' lang='lat' dir='ltr'><strong>PROLOGUS</strong></span> <span class='ocrx_word' id='word_1_20' title='bbox 1269 1043 1432 1116; x_wconf 84' lang='lat'><strong>(63&#39;).</strong></span> 
     </span>
    </p>
   </div>
   <div class='ocr_carea' id='block_1_8' title="bbox 345 1151 1852 1234">
    <p class='ocr_par' dir='ltr' id='par_1_8' title="bbox 345 1151 1852 1234">
     <span class='ocr_line' id='line_1_8' title="bbox 345 1151 1852 1234; baseline 0.009 -25"><span class='ocrx_word' id='word_1_21' title='bbox 345 1151 618 1227; x_wconf 68' lang='lat' dir='ltr'><strong>Praecepto</strong></span> <span class='ocrx_word' id='word_1_22' title='bbox 657 1157 881 1214; x_wconf 88' lang='lat' dir='ltr'><strong>Domini</strong></span> <span class='ocrx_word' id='word_1_23' title='bbox 937 1158 1248 1217; x_wconf 84' lang='lat' dir='ltr'><strong>admenitus</strong></span> <span class='ocrx_word' id='word_1_24' title='bbox 1297 1162 1595 1234; x_wconf 79' lang='lat' dir='ltr'><strong>Apostolus</strong></span> <span class='ocrx_word' id='word_1_25' title='bbox 1649 1165 1852 1223; x_wconf 83' lang='lat' dir='ltr'><strong>resedit</strong></span> 
     </span>
    </p>
   </div>
   <div class='ocr_carea' id='block_1_9' title="bbox 269 1240 1864 1322">
    <p class='ocr_par' dir='ltr' id='par_1_9' title="bbox 269 1240 1864 1322">
     <span class='ocr_line' id='line_1_9' title="bbox 269 1240 1864 1322; baseline 0.011 -26"><span class='ocrx_word' id='word_1_26' title='bbox 269 1240 418 1313; x_wconf 86' lang='lat' dir='ltr'><strong>apud</strong></span> <span class='ocrx_word' id='word_1_27' title='bbox 447 1242 762 1304; x_wconf 79' lang='lat' dir='ltr'><strong>Corinthios</strong></span> <span class='ocrx_word' id='word_1_28' title='bbox 791 1264 996 1305; x_wconf 90' lang='lat' dir='ltr'><strong>annum</strong></span> <span class='ocrx_word' id='word_1_29' title='bbox 1018 1265 1192 1306; x_wconf 91' lang='lat' dir='ltr'><strong>unum</strong></span> <span class='ocrx_word' id='word_1_30' title='bbox 1216 1259 1269 1307; x_wconf 90' lang='lat' dir='ltr'><strong>et</strong></span> <span class='ocrx_word' id='word_1_31' title='bbox 1299 1269 1510 1310; x_wconf 86' lang='lat' dir='ltr'><strong>menses</strong></span> <span class='ocrx_word' id='word_1_32' title='bbox 1538 1255 1864 1322; x_wconf 88' lang='lat' dir='ltr'><strong>sex,docens</strong></span> 
     </span>
    </p>
   </div>
   <div class='ocr_carea' id='block_1_10' title="bbox 268 1328 1858 1416">
    <p class='ocr_par' dir='ltr' id='par_1_10' title="bbox 268 1328 1858 1416">
     <span class='ocr_line' id='line_1_10' title="bbox 268 1328 1858 1416; baseline 0.01 -31"><span class='ocrx_word' id='word_1_33' title='bbox 268 1328 418 1386; x_wconf 88' lang='lat' dir='ltr'><strong>inter</strong></span> <span class='ocrx_word' id='word_1_34' title='bbox 442 1347 534 1388; x_wconf 87' lang='lat' dir='ltr'><strong>eos</strong></span> <span class='ocrx_word' id='word_1_35' title='bbox 580 1334 807 1392; x_wconf 82' lang='lat' dir='ltr'><strong>verbum</strong></span> <span class='ocrx_word' id='word_1_36' title='bbox 856 1337 977 1393; x_wconf 88' lang='lat' dir='ltr'><strong>Dei.</strong></span> <span class='ocrx_word' id='word_1_37' title='bbox 1030 1339 1172 1396; x_wconf 82' lang='lat' dir='ltr'><strong>Hinc</strong></span> <span class='ocrx_word' id='word_1_38' title='bbox 1199 1348 1280 1396; x_wconf 88' lang='lat' dir='ltr'><strong>est</strong></span> <span class='ocrx_word' id='word_1_39' title='bbox 1327 1342 1476 1398; x_wconf 90' lang='lat' dir='ltr'><strong>unde</strong></span> <span class='ocrx_word' id='word_1_40' title='bbox 1514 1359 1707 1416; x_wconf 89' lang='lat' dir='ltr'><strong>magna</strong></span> <span class='ocrx_word' id='word_1_41' title='bbox 1735 1362 1858 1401; x_wconf 92' lang='lat' dir='ltr'><strong>cum</strong></span> 
     </span>
    </p>
   </div>
   <div class='ocr_carea' id='block_1_11' title="bbox 267 1417 1862 1506">
    <p class='ocr_par' dir='ltr' id='par_1_11' title="bbox 267 1417 1862 1506">
     <span class='ocr_line' id='line_1_11' title="bbox 267 1417 1862 1506; baseline 0.012 -32"><span class='ocrx_word' id='word_1_42' title='bbox 267 1417 472 1477; x_wconf 82' lang='lat' dir='ltr'><strong>ﬁducia</strong></span> <span class='ocrx_word' id='word_1_43' title='bbox 500 1431 553 1479; x_wconf 92' lang='lat' dir='ltr'><strong>et</strong></span> <span class='ocrx_word' id='word_1_44' title='bbox 579 1422 862 1482; x_wconf 88' lang='lat' dir='ltr'><strong>charitatis</strong></span> <span class='ocrx_word' id='word_1_45' title='bbox 891 1427 1087 1485; x_wconf 85' lang='lat' dir='ltr'><strong>aﬂ&#39;ectu</strong></span> <span class='ocrx_word' id='word_1_46' title='bbox 1126 1429 1239 1500; x_wconf 91' lang='lat' dir='ltr'><strong>agit</strong></span> <span class='ocrx_word' id='word_1_47' title='bbox 1281 1447 1406 1486; x_wconf 91' lang='lat' dir='ltr'><strong>cum</strong></span> <span class='ocrx_word' id='word_1_48' title='bbox 1436 1433 1534 1500; x_wconf 92' lang='lat' dir='ltr'><strong>eis,</strong></span> <span class='ocrx_word' id='word_1_49' title='bbox 1568 1432 1862 1506; x_wconf 86' lang='lat' dir='ltr'><strong>aliquando</strong></span> 
     </span>
    </p>
   </div>
   <div class='ocr_carea' id='block_1_12' title="bbox 264 1516 1863 1594">
    <p class='ocr_par' dir='ltr' id='par_1_12' title="bbox 264 1516 1863 1594">
     <span class='ocr_line' id='line_1_12' title="bbox 264 1516 1863 1594; baseline 0.009 -30"><span class='ocrx_word' id='word_1_50' title='bbox 264 1524 644 1581; x_wconf 89' lang='lat' dir='ltr'><strong>commonens,</strong></span> <span class='ocrx_word' id='word_1_51' title='bbox 671 1516 968 1589; x_wconf 82' lang='lat' dir='ltr'><strong>aliquando</strong></span> <span class='ocrx_word' id='word_1_52' title='bbox 1023 1534 1275 1590; x_wconf 89' lang='lat' dir='ltr'><strong>arguens,</strong></span> <span class='ocrx_word' id='word_1_53' title='bbox 1337 1521 1636 1594; x_wconf 84' lang='lat' dir='ltr'><strong>aliquando</strong></span> <span class='ocrx_word' id='word_1_54' title='bbox 1695 1523 1863 1579; x_wconf 89' lang='lat' dir='ltr'><strong>blan-</strong></span> 
     </span>
    </p>
   </div>
   <div class='ocr_carea' id='block_1_13' title="bbox 264 1595 1862 1684">
    <p class='ocr_par' dir='ltr' id='par_1_13' title="bbox 264 1595 1862 1684">
     <span class='ocr_line' id='line_1_13' title="bbox 264 1595 1862 1684; baseline 0.009 -32"><span class='ocrx_word' id='word_1_55' title='bbox 264 1595 447 1668; x_wconf 91' lang='lat' dir='ltr'><strong>diens,</strong></span> <span class='ocrx_word' id='word_1_56' title='bbox 477 1607 538 1657; x_wconf 91' lang='lat' dir='ltr'><strong>ut</strong></span> <span class='ocrx_word' id='word_1_57' title='bbox 567 1601 730 1659; x_wconf 83' lang='lat' dir='ltr'><strong>ﬁlios.</strong></span> <span class='ocrx_word' id='word_1_58' title='bbox 782 1605 916 1661; x_wconf 87' lang='lat' dir='ltr'><strong>Nam</strong></span> <span class='ocrx_word' id='word_1_59' title='bbox 976 1607 1162 1664; x_wconf 58' lang='lat' dir='ltr'><strong>multm</strong></span> <span class='ocrx_word' id='word_1_60' title='bbox 1219 1624 1398 1666; x_wconf 68' lang='lat' dir='ltr'><strong>causae</strong></span> <span class='ocrx_word' id='word_1_61' title='bbox 1447 1618 1597 1679; x_wconf 88' lang='lat' dir='ltr'><strong>sunt,</strong></span> <span class='ocrx_word' id='word_1_62' title='bbox 1641 1621 1862 1684; x_wconf 77' lang='lat' dir='ltr'><strong>propter</strong></span> 
     </span>
    </p>
   </div>
   <div class='ocr_carea' id='block_1_14' title="bbox 261 1691 1860 1773">
    <p class='ocr_par' dir='ltr' id='par_1_14' title="bbox 261 1691 1860 1773">
     <span class='ocr_line' id='line_1_14' title="bbox 261 1691 1860 1773; baseline 0.008 -29"><span class='ocrx_word' id='word_1_63' title='bbox 261 1703 402 1760; x_wconf 88' lang='lat' dir='ltr'><strong>quas</strong></span> <span class='ocrx_word' id='word_1_64' title='bbox 427 1691 621 1748; x_wconf 87' lang='lat' dir='ltr'><strong>scribit</strong></span> <span class='ocrx_word' id='word_1_65' title='bbox 644 1692 711 1748; x_wconf 92' lang='lat' dir='ltr'><strong>ad</strong></span> <span class='ocrx_word' id='word_1_66' title='bbox 735 1710 845 1750; x_wconf 89' lang='lat' dir='ltr'><strong>eos.</strong></span> <span class='ocrx_word' id='word_1_67' title='bbox 899 1693 1142 1762; x_wconf 90' lang='lat' dir='ltr'><strong>Quarum</strong></span> <span class='ocrx_word' id='word_1_68' title='bbox 1197 1697 1370 1770; x_wconf 88' lang='lat' dir='ltr'><strong>prima</strong></span> <span class='ocrx_word' id='word_1_69' title='bbox 1415 1697 1531 1754; x_wconf 63' lang='lat' dir='ltr'><strong>haec.</strong></span> <span class='ocrx_word' id='word_1_70' title='bbox 1564 1709 1666 1768; x_wconf 90' lang='lat' dir='ltr'><strong>est,</strong></span> <span class='ocrx_word' id='word_1_71' title='bbox 1713 1700 1860 1773; x_wconf 90' lang='lat' dir='ltr'><strong>quod</strong></span> 
     </span>
    </p>
   </div>
   <div class='ocr_carea' id='block_1_15' title="bbox 261 1777 1859 1856">
    <p class='ocr_par' dir='ltr' id='par_1_15' title="bbox 261 1777 1859 1856">
     <span class='ocr_line' id='line_1_15' title="bbox 261 1777 1859 1856; baseline 0.008 -25"><span class='ocrx_word' id='word_1_72' title='bbox 261 1791 418 1833; x_wconf 88' lang='lat' dir='ltr'><strong>more</strong></span> <span class='ocrx_word' id='word_1_73' title='bbox 441 1777 823 1836; x_wconf 71' lang='lat' dir='ltr'><strong>haereticorum</strong></span> <span class='ocrx_word' id='word_1_74' title='bbox 849 1780 1232 1840; x_wconf 76' lang='lat' dir='ltr'><strong>dissentientes</strong></span> <span class='ocrx_word' id='word_1_75' title='bbox 1261 1787 1327 1842; x_wconf 89' lang='lat' dir='ltr'><strong>ab</strong></span> <span class='ocrx_word' id='word_1_76' title='bbox 1377 1787 1636 1856; x_wconf 91' lang='lat' dir='ltr'><strong>invicem,</strong></span> <span class='ocrx_word' id='word_1_77' title='bbox 1669 1787 1859 1844; x_wconf 90' lang='lat' dir='ltr'><strong>homi-</strong></span> 
     </span>
    </p>
   </div>
   <div class='ocr_carea' id='block_1_16' title="bbox 258 1863 1854 1949">
    <p class='ocr_par' dir='ltr' id='par_1_16' title="bbox 258 1863 1854 1949">
     <span class='ocr_line' id='line_1_16' title="bbox 258 1863 1854 1949; baseline 0.009 -29"><span class='ocrx_word' id='word_1_78' title='bbox 258 1863 431 1924; x_wconf 84' lang='lat' dir='ltr'><strong>nibus</strong></span> <span class='ocrx_word' id='word_1_79' title='bbox 476 1869 685 1938; x_wconf 79' lang='lat' dir='ltr'><strong>devoti,</strong></span> <span class='ocrx_word' id='word_1_80' title='bbox 717 1872 957 1941; x_wconf 82' lang='lat' dir='ltr'><strong>Paulini,</strong></span> <span class='ocrx_word' id='word_1_81' title='bbox 1005 1883 1061 1930; x_wconf 89' lang='lat' dir='ltr'><strong>et</strong></span> <span class='ocrx_word' id='word_1_82' title='bbox 1116 1875 1378 1944; x_wconf 88' lang='lat' dir='ltr'><strong>Petriani,</strong></span> <span class='ocrx_word' id='word_1_83' title='bbox 1409 1883 1463 1932; x_wconf 90' lang='lat' dir='ltr'><strong>et</strong></span> <span class='ocrx_word' id='word_1_84' title='bbox 1509 1878 1854 1949; x_wconf 90' lang='lat' dir='ltr'><strong>Apolloniaci</strong></span> 
     </span>
    </p>
   </div>
   <div class='ocr_carea' id='block_1_17' title="bbox 253 1953 1856 2036">
    <p class='ocr_par' dir='ltr' id='par_1_17' title="bbox 253 1953 1856 2036">
     <span class='ocr_line' id='line_1_17' title="bbox 253 1953 1856 2036; baseline 0.007 -27"><span class='ocrx_word' id='word_1_85' title='bbox 253 1953 376 2010; x_wconf 88' lang='lat' dir='ltr'><strong>dici</strong></span> <span class='ocrx_word' id='word_1_86' title='bbox 409 1957 689 2027; x_wconf 89' lang='lat' dir='ltr'><strong>volebant,</strong></span> <span class='ocrx_word' id='word_1_87' title='bbox 711 1976 822 2015; x_wconf 92' lang='lat' dir='ltr'><strong>non</strong></span> <span class='ocrx_word' id='word_1_88' title='bbox 844 1960 1144 2018; x_wconf 74' lang='lat' dir='ltr'><strong>Christiani</strong></span> <span class='ocrx_word' id='word_1_89' title='bbox 1172 1981 1182 2017; x_wconf 92' lang='lat'>:</span> <span class='ocrx_word' id='word_1_90' title='bbox 1209 1964 1355 2036; x_wconf 92' lang='lat' dir='ltr'><strong>quod</strong></span> <span class='ocrx_word' id='word_1_91' title='bbox 1386 1962 1544 2019; x_wconf 89' lang='lat' dir='ltr'><strong>valde</strong></span> <span class='ocrx_word' id='word_1_92' title='bbox 1563 1966 1856 2036; x_wconf 84' lang='lat' dir='ltr'><strong>exprobrat</strong></span> 
     </span>
    </p>
   </div>
   <div class='ocr_carea' id='block_1_18' title="bbox 252 2046 1856 2125">
    <p class='ocr_par' dir='ltr' id='par_1_18' title="bbox 252 2046 1856 2125">
     <span class='ocr_line' id='line_1_18' title="bbox 252 2046 1856 2125; baseline 0.006 -24"><span class='ocrx_word' id='word_1_93' title='bbox 252 2046 581 2118; x_wconf 79' lang='lat' dir='ltr'><strong>Apostolus.</strong></span> <span class='ocrx_word' id='word_1_94' title='bbox 618 2048 791 2104; x_wconf 89' lang='lat' dir='ltr'><strong>Erant</strong></span> <span class='ocrx_word' id='word_1_95' title='bbox 823 2057 1002 2106; x_wconf 89' lang='lat' dir='ltr'><strong>tamen</strong></span> <span class='ocrx_word' id='word_1_96' title='bbox 1035 2051 1178 2106; x_wconf 88' lang='lat' dir='ltr'><strong>inter</strong></span> <span class='ocrx_word' id='word_1_97' title='bbox 1205 2068 1317 2120; x_wconf 90' lang='lat' dir='ltr'><strong>eos,</strong></span> <span class='ocrx_word' id='word_1_98' title='bbox 1344 2053 1439 2125; x_wconf 91' lang='lat' dir='ltr'><strong>qui</strong></span> <span class='ocrx_word' id='word_1_99' title='bbox 1497 2053 1565 2109; x_wconf 88' lang='lat' dir='ltr'><strong>ab</strong></span> <span class='ocrx_word' id='word_1_100' title='bbox 1604 2053 1690 2110; x_wconf 90' lang='lat' dir='ltr'><strong>his</strong></span> <span class='ocrx_word' id='word_1_101' title='bbox 1733 2053 1856 2111; x_wconf 93' lang='lat' dir='ltr'><strong>dis-</strong></span> 
     </span>
    </p>
   </div>
   <div class='ocr_carea' id='block_1_19' title="bbox 252 2137 1852 2214">
    <p class='ocr_par' dir='ltr' id='par_1_19' title="bbox 252 2137 1852 2214">
     <span class='ocr_line' id='line_1_19' title="bbox 252 2137 1852 2214; baseline 0.006 -23"><span class='ocrx_word' id='word_1_102' title='bbox 252 2137 564 2205; x_wconf 81' lang='lat' dir='ltr'><strong>sentirent,</strong></span> <span class='ocrx_word' id='word_1_103' title='bbox 615 2138 837 2196; x_wconf 89' lang='lat' dir='ltr'><strong>Christo</strong></span> <span class='ocrx_word' id='word_1_104' title='bbox 895 2141 998 2196; x_wconf 91' lang='lat' dir='ltr'><strong>soli</strong></span> <span class='ocrx_word' id='word_1_105' title='bbox 1061 2141 1248 2198; x_wconf 85' lang='lat' dir='ltr'><strong>dicati.</strong></span> <span class='ocrx_word' id='word_1_106' title='bbox 1282 2142 1532 2198; x_wconf 90' lang='lat' dir='ltr'><strong>Secunda</strong></span> <span class='ocrx_word' id='word_1_107' title='bbox 1593 2143 1709 2201; x_wconf 67' lang='lat' dir='ltr'><strong>haac</strong></span> <span class='ocrx_word' id='word_1_108' title='bbox 1751 2153 1852 2214; x_wconf 89' lang='lat' dir='ltr'><strong>est,</strong></span> 
     </span>
    </p>
   </div>
   <div class='ocr_carea' id='block_1_20' title="bbox 253 2224 1854 2304">
    <p class='ocr_par' dir='ltr' id='par_1_20' title="bbox 253 2224 1854 2304">
     <span class='ocr_line' id='line_1_20' title="bbox 253 2224 1854 2304; baseline 0.006 -25"><span class='ocrx_word' id='word_1_109' title='bbox 253 2224 395 2297; x_wconf 89' lang='lat' dir='ltr'><strong>quia</strong></span> <span class='ocrx_word' id='word_1_110' title='bbox 423 2225 737 2298; x_wconf 88' lang='lat' dir='ltr'><strong>eloquentia</strong></span> <span class='ocrx_word' id='word_1_111' title='bbox 792 2227 1050 2284; x_wconf 90' lang='lat' dir='ltr'><strong>delectari</strong></span> <span class='ocrx_word' id='word_1_112' title='bbox 1081 2238 1356 2302; x_wconf 84' lang='lat' dir='ltr'><strong>coeperant</strong></span> <span class='ocrx_word' id='word_1_113' title='bbox 1393 2239 1444 2286; x_wconf 87' lang='lat' dir='ltr'><strong>et</strong></span> <span class='ocrx_word' id='word_1_114' title='bbox 1473 2239 1688 2287; x_wconf 91' lang='lat' dir='ltr'><strong>terrena</strong></span> <span class='ocrx_word' id='word_1_115' title='bbox 1717 2231 1854 2304; x_wconf 90' lang='lat' dir='ltr'><strong>phi-</strong></span> 
     </span>
    </p>
   </div>
   <div class='ocr_carea' id='block_1_21' title="bbox 254 2312 1848 2389">
    <p class='ocr_par' dir='ltr' id='par_1_21' title="bbox 254 2312 1848 2389">
     <span class='ocr_line' id='line_1_21' title="bbox 254 2312 1848 2389; baseline 0.005 -23"><span class='ocrx_word' id='word_1_116' title='bbox 254 2312 537 2384; x_wconf 87' lang='lat' dir='ltr'><strong>losophia,</strong></span> <span class='ocrx_word' id='word_1_117' title='bbox 569 2322 630 2370; x_wconf 91' lang='lat' dir='ltr'><strong>ut</strong></span> <span class='ocrx_word' id='word_1_118' title='bbox 657 2314 758 2371; x_wconf 89' lang='lat' dir='ltr'><strong>sub</strong></span> <span class='ocrx_word' id='word_1_119' title='bbox 813 2317 1037 2374; x_wconf 90' lang='lat' dir='ltr'><strong>nomine</strong></span> <span class='ocrx_word' id='word_1_120' title='bbox 1092 2317 1320 2387; x_wconf 86' lang='lat' dir='ltr'><strong>Christi,</strong></span> <span class='ocrx_word' id='word_1_121' title='bbox 1345 2318 1414 2374; x_wconf 90' lang='lat' dir='ltr'><strong>iis</strong></span> <span class='ocrx_word' id='word_1_122' title='bbox 1451 2319 1848 2389; x_wconf 91' lang='lat' dir='ltr'><strong>imbuerentur,</strong></span> 
     </span>
    </p>
   </div>
   <div class='ocr_carea' id='block_1_22' title="bbox 1889 1050 3564 1134">
    <p class='ocr_par' dir='ltr' id='par_1_22' title="bbox 1889 1050 3564 1134">
     <span class='ocr_line' id='line_1_22' title="bbox 1889 1050 3564 1134; baseline 0.007 -28"><span class='ocrx_word' id='word_1_123' title='bbox 1889 1051 1940 1112; x_wconf 81' lang='grc' dir='ltr'><strong>Α</strong></span> <span class='ocrx_word' id='word_1_124' title='bbox 1967 1050 2328 1124; x_wconf 88' lang='lat' dir='ltr'><strong>Evangelium</strong></span> <span class='ocrx_word' id='word_1_125' title='bbox 2385 1053 2589 1111; x_wconf 90' lang='lat' dir='ltr'><strong>Christi</strong></span> <span class='ocrx_word' id='word_1_126' title='bbox 2621 1071 2721 1128; x_wconf 92' lang='lat' dir='ltr'><strong>pro</strong></span> <span class='ocrx_word' id='word_1_127' title='bbox 2772 1072 2964 1113; x_wconf 86' lang='lat' dir='ltr'><strong>sensus</strong></span> <span class='ocrx_word' id='word_1_128' title='bbox 3014 1057 3102 1113; x_wconf 90' lang='lat' dir='ltr'><strong>sui</strong></span> <span class='ocrx_word' id='word_1_129' title='bbox 3157 1057 3393 1116; x_wconf 89' lang='lat' dir='ltr'><strong>aabitrio</strong></span> <span class='ocrx_word' id='word_1_130' title='bbox 3447 1061 3564 1134; x_wconf 83' lang='lat'><strong>(65)</strong></span> 
     </span>
    </p>
   </div>
   <div class='ocr_carea' id='block_1_23' title="bbox 1972 1141 3567 1215">
    <p class='ocr_par' dir='ltr' id='par_1_23' title="bbox 1972 1141 3567 1215">
     <span class='ocr_line' id='line_1_23' title="bbox 1972 1141 3567 1215; baseline 0.007 -20"><span class='ocrx_word' id='word_1_131' title='bbox 1972 1141 2304 1210; x_wconf 87' lang='lat' dir='ltr'><strong>asserebant,</strong></span> <span class='ocrx_word' id='word_1_132' title='bbox 2334 1159 2403 1198; x_wconf 87' lang='lat' dir='ltr'><strong>ex</strong></span> <span class='ocrx_word' id='word_1_133' title='bbox 2429 1142 2630 1215; x_wconf 90' lang='lat' dir='ltr'><strong>quibus</strong></span> <span class='ocrx_word' id='word_1_134' title='bbox 2663 1144 2800 1200; x_wconf 89' lang='lat' dir='ltr'><strong>rami</strong></span> <span class='ocrx_word' id='word_1_135' title='bbox 2829 1143 2971 1199; x_wconf 88' lang='lat' dir='ltr'><strong>aridi</strong></span> <span class='ocrx_word' id='word_1_136' title='bbox 3014 1153 3244 1202; x_wconf 83' lang='lat' dir='ltr'><strong>exstant</strong></span> <span class='ocrx_word' id='word_1_137' title='bbox 3285 1163 3436 1205; x_wconf 90' lang='lat' dir='ltr'><strong>nunc</strong></span> <span class='ocrx_word' id='word_1_138' title='bbox 3464 1166 3567 1206; x_wconf 83' lang='lat' dir='ltr'><strong>us-</strong></span> 
     </span>
    </p>
   </div>
   <div class='ocr_carea' id='block_1_24' title="bbox 1972 1231 3568 1302">
    <p class='ocr_par' dir='ltr' id='par_1_24' title="bbox 1972 1231 3568 1302">
     <span class='ocr_line' id='line_1_24' title="bbox 1972 1231 3568 1302; baseline 0.008 -19"><span class='ocrx_word' id='word_1_139' title='bbox 1972 1243 2097 1300; x_wconf 89' lang='lat' dir='ltr'><strong>que,</strong></span> <span class='ocrx_word' id='word_1_140' title='bbox 2145 1245 2376 1302; x_wconf 91' lang='lat' dir='ltr'><strong>quarum</strong></span> <span class='ocrx_word' id='word_1_141' title='bbox 2420 1239 2714 1288; x_wconf 83' lang='lat' dir='ltr'><strong>assertores</strong></span> <span class='ocrx_word' id='word_1_142' title='bbox 2740 1231 3013 1289; x_wconf 87' lang='lat' dir='ltr'><strong>Ecclesias</strong></span> <span class='ocrx_word' id='word_1_143' title='bbox 3041 1235 3378 1293; x_wconf 88' lang='lat' dir='ltr'><strong>evertebant.</strong></span> <span class='ocrx_word' id='word_1_144' title='bbox 3428 1238 3568 1296; x_wconf 86' lang='lat' dir='ltr'><strong>Hinc</strong></span> 
     </span>
    </p>
   </div>
   <div class='ocr_carea' id='block_1_25' title="bbox 1971 1317 3564 1396">
    <p class='ocr_par' dir='ltr' id='par_1_25' title="bbox 1971 1317 3564 1396">
     <span class='ocr_line' id='line_1_25' title="bbox 1971 1317 3564 1396; baseline 0.008 -25"><span class='ocrx_word' id='word_1_145' title='bbox 1971 1317 2270 1389; x_wconf 81' lang='lat' dir='ltr'><strong>Apostolus</strong></span> <span class='ocrx_word' id='word_1_146' title='bbox 2317 1320 2521 1386; x_wconf 88' lang='lat' dir='ltr'><strong>omnia,</strong></span> <span class='ocrx_word' id='word_1_147' title='bbox 2575 1336 2696 1392; x_wconf 76' lang='lat' dir='ltr'><strong>quae</strong></span> <span class='ocrx_word' id='word_1_148' title='bbox 2742 1319 3046 1377; x_wconf 64' lang='lat' dir='ltr'><strong>haeresibus</strong></span> <span class='ocrx_word' id='word_1_149' title='bbox 3093 1324 3371 1380; x_wconf 89' lang='lat' dir='ltr'><strong>contraria</strong></span> <span class='ocrx_word' id='word_1_150' title='bbox 3415 1335 3564 1396; x_wconf 89' lang='lat' dir='ltr'><strong>sunt,</strong></span> 
     </span>
    </p>
   </div>
   <div class='ocr_carea' id='block_1_26' title="bbox 1971 1404 3565 1486">
    <p class='ocr_par' dir='ltr' id='par_1_26' title="bbox 1971 1404 3565 1486">
     <span class='ocr_line' id='line_1_26' title="bbox 1971 1404 3565 1486; baseline 0.006 -27"><span class='ocrx_word' id='word_1_151' title='bbox 1971 1404 2149 1477; x_wconf 88' lang='lat' dir='ltr'><strong>ponit,</strong></span> <span class='ocrx_word' id='word_1_152' title='bbox 2198 1422 2262 1462; x_wconf 92' lang='lat' dir='ltr'><strong>ac</strong></span> <span class='ocrx_word' id='word_1_153' title='bbox 2302 1423 2358 1462; x_wconf 90' lang='lat' dir='ltr'><strong>se</strong></span> <span class='ocrx_word' id='word_1_154' title='bbox 2403 1423 2594 1462; x_wconf 90' lang='lat' dir='ltr'><strong>verum</strong></span> <span class='ocrx_word' id='word_1_155' title='bbox 2643 1407 3056 1479; x_wconf 67' lang='lat' dir='ltr'><strong>praedicatorem</strong></span> <span class='ocrx_word' id='word_1_156' title='bbox 3103 1426 3199 1482; x_wconf 89' lang='lat' dir='ltr'><strong>per</strong></span> <span class='ocrx_word' id='word_1_157' title='bbox 3242 1411 3300 1467; x_wconf 93' lang='lat' dir='ltr'><strong>id</strong></span> <span class='ocrx_word' id='word_1_158' title='bbox 3341 1413 3486 1486; x_wconf 90' lang='lat' dir='ltr'><strong>quod</strong></span> <span class='ocrx_word' id='word_1_159' title='bbox 3535 1431 3565 1469; x_wconf 92' lang='lat' dir='ltr'><strong>a</strong></span> 
     </span>
    </p>
   </div>
   <div class='ocr_carea' id='block_1_27' title="bbox 1971 1492 3305 1564">
    <p class='ocr_par' dir='ltr' id='par_1_27' title="bbox 1971 1492 3305 1564">
     <span class='ocr_line' id='line_1_27' title="bbox 1971 1492 3305 1564; baseline 0.004 -14"><span class='ocrx_word' id='word_1_160' title='bbox 1971 1492 2190 1550; x_wconf 87' lang='lat' dir='ltr'><strong>Christo</strong></span> <span class='ocrx_word' id='word_1_161' title='bbox 2218 1495 2318 1551; x_wconf 91' lang='lat' dir='ltr'><strong>Dei</strong></span> <span class='ocrx_word' id='word_1_162' title='bbox 2349 1496 2630 1552; x_wconf 84' lang='lat' dir='ltr'><strong>voluntate</strong></span> <span class='ocrx_word' id='word_1_163' title='bbox 2663 1495 2862 1552; x_wconf 88' lang='lat' dir='ltr'><strong>missus</strong></span> <span class='ocrx_word' id='word_1_164' title='bbox 2881 1503 2982 1564; x_wconf 89' lang='lat' dir='ltr'><strong>est,</strong></span> <span class='ocrx_word' id='word_1_165' title='bbox 3014 1507 3305 1556; x_wconf 85' lang='lat' dir='ltr'><strong>asseverat.</strong></span> 
     </span>
    </p>
   </div>
   <div class='ocr_carea' id='block_1_28' title="bbox 2044 1582 3563 1654">
    <p class='ocr_par' dir='ltr' id='par_1_28' title="bbox 2044 1582 3563 1654">
     <span class='ocr_line' id='line_1_28' title="bbox 2044 1582 3563 1654; baseline 0.004 -15"><span class='ocrx_word' id='word_1_166' title='bbox 2044 1582 2225 1652; x_wconf 81' lang='lat' dir='ltr'><strong>(Vera.</strong></span> <span class='ocrx_word' id='word_1_167' title='bbox 2258 1584 2310 1640; x_wconf 84' lang='lat'><strong>2.</strong></span> <span class='ocrx_word' id='word_1_168' title='bbox 2345 1585 2364 1654; x_wconf 96' lang='lat'><strong>)</strong></span> <span class='ocrx_word' id='word_1_169' title='bbox 2413 1609 2432 1632; x_wconf 72' lang='grc' dir='ltr'>ι</span> <span class='ocrx_word' id='word_1_170' title='bbox 2459 1585 2532 1640; x_wconf 83' lang='grc' dir='ltr'><strong>Εῐ</strong></span> <span class='ocrx_word' id='word_1_171' title='bbox 2561 1585 2856 1641; x_wconf 90' lang='lat' dir='ltr'><strong>Sosthenes</strong></span> <span class='ocrx_word' id='word_1_172' title='bbox 2883 1584 3074 1642; x_wconf 84' lang='lat' dir='ltr'><strong>frater.</strong></span> <span class='ocrx_word' id='word_1_173' title='bbox 3107 1611 3126 1634; x_wconf 75' lang='grc' dir='ltr'><strong><em>ι</em></strong></span> <span class='ocrx_word' id='word_1_174' title='bbox 3177 1588 3360 1644; x_wconf 90' lang='lat' dir='ltr'><strong>Etiam</strong></span> <span class='ocrx_word' id='word_1_175' title='bbox 3397 1589 3563 1645; x_wconf 90' lang='lat' dir='ltr'><strong>istum</strong></span> 
     </span>
    </p>
   </div>
   <div class='ocr_carea' id='block_1_29' title="bbox 1969 1672 3564 1746">
    <p class='ocr_par' dir='ltr' id='par_1_29' title="bbox 1969 1672 3564 1746">
     <span class='ocr_line' id='line_1_29' title="bbox 1969 1672 3564 1746; baseline 0.004 -18"><span class='ocrx_word' id='word_1_176' title='bbox 1969 1686 2069 1728; x_wconf 89' lang='lat' dir='ltr'><strong>sua</strong></span> <span class='ocrx_word' id='word_1_177' title='bbox 2141 1672 2489 1728; x_wconf 87' lang='lat' dir='ltr'><strong>commendat</strong></span> <span class='ocrx_word' id='word_1_178' title='bbox 2561 1673 2839 1729; x_wconf 88' lang='lat' dir='ltr'><strong>societate.</strong></span> <span class='ocrx_word' id='word_1_179' title='bbox 2901 1678 3042 1735; x_wconf 83' lang='lat'><strong>112</strong></span> <span class='ocrx_word' id='word_1_180' title='bbox 3120 1701 3138 1722; x_wconf 83' lang='grc' dir='ltr'>ι</span> <span class='ocrx_word' id='word_1_181' title='bbox 3168 1676 3424 1734; x_wconf 77' lang='lat' dir='ltr'><strong>Ecclesiae</strong></span> <span class='ocrx_word' id='word_1_182' title='bbox 3443 1679 3564 1746; x_wconf 91' lang='lat' dir='ltr'><strong>Dei,</strong></span> 
     </span>
    </p>
   </div>
   <div class='ocr_carea' id='block_1_30' title="bbox 1966 1765 3549 1836">
    <p class='ocr_par' dir='ltr' id='par_1_30' title="bbox 1966 1765 3549 1836">
     <span class='ocr_line' id='line_1_30' title="bbox 1966 1765 3549 1836; baseline 0.006 -17"><span class='ocrx_word' id='word_1_183' title='bbox 1966 1780 2087 1836; x_wconf 68' lang='lat' dir='ltr'><strong>qua</strong></span> <span class='ocrx_word' id='word_1_184' title='bbox 2115 1776 2196 1821; x_wconf 91' lang='lat' dir='ltr'><strong>est</strong></span> <span class='ocrx_word' id='word_1_185' title='bbox 2218 1765 2494 1835; x_wconf 88' lang='lat' dir='ltr'><strong>Corinthi,</strong></span> <span class='ocrx_word' id='word_1_186' title='bbox 2543 1767 2901 1824; x_wconf 84' lang='lat' dir='ltr'><strong>sanctiﬁcatis</strong></span> <span class='ocrx_word' id='word_1_187' title='bbox 2951 1769 3008 1824; x_wconf 93' lang='lat' dir='ltr'><strong>in</strong></span> <span class='ocrx_word' id='word_1_188' title='bbox 3071 1769 3293 1827; x_wconf 89' lang='lat' dir='ltr'><strong>Christo</strong></span> <span class='ocrx_word' id='word_1_189' title='bbox 3335 1772 3481 1828; x_wconf 83' lang='lat' dir='ltr'><strong>Iesu.</strong></span> <span class='ocrx_word' id='word_1_190' title='bbox 3532 1799 3549 1820; x_wconf 80' lang='grc' dir='ltr'><strong><em>ι</em></strong></span> 
     </span>
    </p>
   </div>
   <div class='ocr_carea' id='block_1_31' title="bbox 1967 1853 3567 1934">
    <p class='ocr_par' dir='ltr' id='par_1_31' title="bbox 1967 1853 3567 1934">
     <span class='ocr_line' id='line_1_31' title="bbox 1967 1853 3567 1934; baseline 0.006 -26"><span class='ocrx_word' id='word_1_191' title='bbox 1967 1853 2256 1926; x_wconf 87' lang='lat' dir='ltr'><strong>Propterea</strong></span> <span class='ocrx_word' id='word_1_192' title='bbox 2311 1856 2566 1912; x_wconf 73' lang='lat' dir='ltr'><strong>Ecclesiae</strong></span> <span class='ocrx_word' id='word_1_193' title='bbox 2625 1857 2837 1925; x_wconf 90' lang='lat' dir='ltr'><strong>scribit,</strong></span> <span class='ocrx_word' id='word_1_194' title='bbox 2899 1859 3028 1931; x_wconf 90' lang='lat' dir='ltr'><strong>quia</strong></span> <span class='ocrx_word' id='word_1_195' title='bbox 3107 1859 3290 1916; x_wconf 89' lang='lat' dir='ltr'><strong>adhuc</strong></span> <span class='ocrx_word' id='word_1_196' title='bbox 3335 1863 3567 1934; x_wconf 81' lang='lat' dir='ltr'><strong>singulis</strong></span> 
     </span>
    </p>
   </div>
   <div class='ocr_carea' id='block_1_32' title="bbox 1963 1943 3559 2009">
    <p class='ocr_par' dir='ltr' id='par_1_32' title="bbox 1963 1943 3559 2009">
     <span class='ocr_line' id='line_1_32' title="bbox 1963 1943 3559 2009; baseline 0.007 -11"><span class='ocrx_word' id='word_1_197' title='bbox 1963 1943 2228 2000; x_wconf 91' lang='lat' dir='ltr'><strong>Ecclesiis</strong></span> <span class='ocrx_word' id='word_1_198' title='bbox 2285 1953 2522 2001; x_wconf 89' lang='lat' dir='ltr'><strong>rectores</strong></span> <span class='ocrx_word' id='word_1_199' title='bbox 2577 1962 2687 2001; x_wconf 89' lang='lat' dir='ltr'><strong>non</strong></span> <span class='ocrx_word' id='word_1_200' title='bbox 2739 1955 2895 2002; x_wconf 89' lang='lat' dir='ltr'><strong>erant</strong></span> <span class='ocrx_word' id='word_1_201' title='bbox 2948 1951 3254 2007; x_wconf 90' lang='lat' dir='ltr'><strong>constituti.</strong></span> <span class='ocrx_word' id='word_1_202' title='bbox 3311 1952 3383 2006; x_wconf 91' lang='lat' dir='ltr'><strong>Et</strong></span> <span class='ocrx_word' id='word_1_203' title='bbox 3436 1969 3559 2009; x_wconf 87' lang='lat' dir='ltr'><strong>cum</strong></span> 
     </span>
    </p>
   </div>
   <div class='ocr_carea' id='block_1_33' title="bbox 1965 2033 3567 2105">
    <p class='ocr_par' dir='ltr' id='par_1_33' title="bbox 1965 2033 3567 2105">
     <span class='ocr_line' id='line_1_33' title="bbox 1965 2033 3567 2105; baseline 0.006 -17"><span class='ocrx_word' id='word_1_204' title='bbox 1965 2033 2022 2088; x_wconf 89' lang='lat' dir='ltr'><strong>in</strong></span> <span class='ocrx_word' id='word_1_205' title='bbox 2055 2034 2246 2090; x_wconf 90' lang='lat' dir='ltr'><strong>multis</strong></span> <span class='ocrx_word' id='word_1_206' title='bbox 2273 2042 2464 2105; x_wconf 86' lang='lat' dir='ltr'><strong>arguat</strong></span> <span class='ocrx_word' id='word_1_207' title='bbox 2491 2050 2604 2103; x_wconf 90' lang='lat' dir='ltr'><strong>eos,</strong></span> <span class='ocrx_word' id='word_1_208' title='bbox 2636 2037 2714 2090; x_wconf 90' lang='lat' dir='ltr'><strong>ait</strong></span> <span class='ocrx_word' id='word_1_209' title='bbox 2743 2053 2754 2091; x_wconf 93' lang='lat'>:</span> <span class='ocrx_word' id='word_1_210' title='bbox 2795 2061 2812 2083; x_wconf 77' lang='grc' dir='ltr'>ι</span> <span class='ocrx_word' id='word_1_211' title='bbox 2843 2037 2953 2092; x_wconf 88' lang='lat' dir='ltr'><strong>San</strong></span> <span class='ocrx_word' id='word_1_212' title='bbox 2976 2038 3233 2096; x_wconf 80' lang='lat' dir='ltr'><strong>ctiticatis</strong></span> <span class='ocrx_word' id='word_1_213' title='bbox 3262 2041 3320 2095; x_wconf 92' lang='lat' dir='ltr'><strong>in</strong></span> <span class='ocrx_word' id='word_1_214' title='bbox 3348 2041 3567 2098; x_wconf 88' lang='lat' dir='ltr'><strong>Christo</strong></span> 
     </span>
    </p>
   </div>
   <div class='ocr_carea' id='block_1_34' title="bbox 1961 2123 3562 2198">
    <p class='ocr_par' dir='ltr' id='par_1_34' title="bbox 1961 2123 3562 2198">
     <span class='ocr_line' id='line_1_34' title="bbox 1961 2123 3562 2198; baseline 0.006 -19"><span class='ocrx_word' id='word_1_215' title='bbox 1961 2124 2110 2180; x_wconf 90' lang='lat' dir='ltr'><strong>Iesu.</strong></span> <span class='ocrx_word' id='word_1_216' title='bbox 2138 2149 2156 2172; x_wconf 78' lang='grc' dir='ltr'><strong><em>ι</em></strong></span> <span class='ocrx_word' id='word_1_217' title='bbox 2191 2123 2299 2181; x_wconf 90' lang='lat' dir='ltr'><strong>Sed</strong></span> <span class='ocrx_word' id='word_1_218' title='bbox 2328 2125 2451 2182; x_wconf 92' lang='lat' dir='ltr'><strong>ideo</strong></span> <span class='ocrx_word' id='word_1_219' title='bbox 2489 2127 2618 2198; x_wconf 90' lang='lat' dir='ltr'><strong>quia</strong></span> <span class='ocrx_word' id='word_1_220' title='bbox 2647 2129 2952 2198; x_wconf 89' lang='lat' dir='ltr'><strong>regenerati</strong></span> <span class='ocrx_word' id='word_1_221' title='bbox 2987 2129 3046 2184; x_wconf 89' lang='lat' dir='ltr'><strong>in</strong></span> <span class='ocrx_word' id='word_1_222' title='bbox 3085 2129 3304 2187; x_wconf 86' lang='lat' dir='ltr'><strong>Christo</strong></span> <span class='ocrx_word' id='word_1_223' title='bbox 3349 2133 3562 2189; x_wconf 79' lang='lat' dir='ltr'><strong>sancti-</strong></span> 
     </span>
    </p>
   </div>
   <div class='ocr_carea' id='block_1_35' title="bbox 1963 2210 3560 2292">
    <p class='ocr_par' dir='ltr' id='par_1_35' title="bbox 1963 2210 3560 2292">
     <span class='ocr_line' id='line_1_35' title="bbox 1963 2210 3560 2292; baseline 0.006 -26"><span class='ocrx_word' id='word_1_224' title='bbox 1963 2210 2110 2267; x_wconf 84' lang='lat' dir='ltr'><strong>ﬁcati</strong></span> <span class='ocrx_word' id='word_1_225' title='bbox 2139 2220 2269 2267; x_wconf 88' lang='lat' dir='ltr'><strong>sunt</strong></span> <span class='ocrx_word' id='word_1_226' title='bbox 2301 2231 2313 2268; x_wconf 93' lang='lat'>:</span> <span class='ocrx_word' id='word_1_227' title='bbox 2346 2221 2469 2284; x_wconf 89' lang='lat' dir='ltr'><strong>post</strong></span> <span class='ocrx_word' id='word_1_228' title='bbox 2514 2223 2697 2270; x_wconf 90' lang='lat' dir='ltr'><strong>autem</strong></span> <span class='ocrx_word' id='word_1_229' title='bbox 2732 2224 3023 2287; x_wconf 72' lang='lat' dir='ltr'><strong>cmperant</strong></span> <span class='ocrx_word' id='word_1_230' title='bbox 3055 2219 3196 2274; x_wconf 91' lang='lat' dir='ltr'><strong>male</strong></span> <span class='ocrx_word' id='word_1_231' title='bbox 3225 2224 3560 2292; x_wconf 85' lang='lat' dir='ltr'><strong>conversari,</strong></span> 
     </span>
    </p>
   </div>
   <div class='ocr_carea' id='block_1_36' title="bbox 1962 2301 3560 2366">
    <p class='ocr_par' dir='ltr' id='par_1_36' title="bbox 1962 2301 3560 2366">
     <span class='ocr_line' id='line_1_36' title="bbox 1962 2301 3560 2366; baseline 0.006 -10"><span class='ocrx_word' id='word_1_232' title='bbox 1962 2307 2023 2356; x_wconf 91' lang='lat' dir='ltr'><strong>ut</strong></span> <span class='ocrx_word' id='word_1_233' title='bbox 2047 2301 2356 2358; x_wconf 90' lang='lat' dir='ltr'><strong>ostenderet</strong></span> <span class='ocrx_word' id='word_1_234' title='bbox 2398 2319 2616 2359; x_wconf 90' lang='lat' dir='ltr'><strong>omnem</strong></span> <span class='ocrx_word' id='word_1_235' title='bbox 2656 2304 2967 2361; x_wconf 83' lang='lat' dir='ltr'><strong>Ecclesiam</strong></span> <span class='ocrx_word' id='word_1_236' title='bbox 2997 2306 3392 2364; x_wconf 79' lang='lat' dir='ltr'><strong>sanctiticatam</strong></span> <span class='ocrx_word' id='word_1_237' title='bbox 3413 2309 3560 2366; x_wconf 83' lang='lat' dir='ltr'><strong>fuis-</strong></span> 
     </span>
    </p>
   </div>
   <div class='ocr_carea' id='block_1_37' title="bbox 252 2392 3559 2488">
    <p class='ocr_par' dir='ltr' id='par_1_37' title="bbox 252 2392 3559 2488">
     <span class='ocr_line' id='line_1_37' title="bbox 252 2392 3559 2488; baseline 0.006 -49"><span class='ocrx_word' id='word_1_238' title='bbox 252 2417 385 2474; x_wconf 56' lang='grc' dir='ltr'><strong>(με</strong></span> <span class='ocrx_word' id='word_1_239' title='bbox 414 2404 689 2459; x_wconf 50' lang='lat' dir='ltr'><strong>contraria</strong></span> <span class='ocrx_word' id='word_1_240' title='bbox 717 2415 846 2462; x_wconf 71' lang='lat' dir='ltr'><strong>sum</strong></span> <span class='ocrx_word' id='word_1_241' title='bbox 901 2406 1049 2462; x_wconf 49' lang='lat' dir='ltr'><strong>ﬁdei.</strong></span> <span class='ocrx_word' id='word_1_242' title='bbox 1088 2407 1292 2475; x_wconf 54' lang='grc' dir='ltr'><strong>Τθηίη,</strong></span> <span class='ocrx_word' id='word_1_243' title='bbox 1346 2424 1411 2463; x_wconf 73' lang='lat' dir='ltr'><strong>eo</strong></span> <span class='ocrx_word' id='word_1_244' title='bbox 1467 2409 1615 2488; x_wconf 57' lang='lat' dir='ltr'><strong>quoq</strong></span> <span class='ocrx_word' id='word_1_245' title='bbox 1675 2409 1849 2465; x_wconf 64' lang='lat' dir='ltr'><strong>inﬂati</strong></span> <span class='ocrx_word' id='word_1_246' title='bbox 1880 2406 1925 2464; x_wconf 79' lang='grc' dir='ltr'>Β</span> <span class='ocrx_word' id='word_1_247' title='bbox 1958 2408 2015 2447; x_wconf 91' lang='lat' dir='ltr'><strong>se</strong></span> <span class='ocrx_word' id='word_1_248' title='bbox 2043 2392 2378 2488; x_wconf 54' lang='lat' dir='ltr'><strong>in_Christo,_</strong></span> <span class='ocrx_word' id='word_1_249' title='bbox 2405 2394 2500 2450; x_wconf 92' lang='lat' dir='ltr'><strong>sed</strong></span> <span class='ocrx_word' id='word_1_250' title='bbox 2528 2395 2793 2468; x_wconf 88' lang='lat' dir='ltr'><strong>quosdam</strong></span> <span class='ocrx_word' id='word_1_251' title='bbox 2827 2397 3074 2488; x_wconf 68' lang='lat' dir='ltr'><strong>illorum</strong></span> <span class='ocrx_word' id='word_1_252' title='bbox 3096 2413 3263 2469; x_wconf 89' lang='lat' dir='ltr'><strong>prava</strong></span> <span class='ocrx_word' id='word_1_253' title='bbox 3307 2399 3559 2458; x_wconf 90' lang='lat' dir='ltr'><strong>doctrina</strong></span> 
     </span>
    </p>
   </div>
   <div class='ocr_carea' id='block_1_38' title="bbox 249 2492 1850 2568">
    <p class='ocr_par' dir='ltr' id='par_1_38' title="bbox 249 2492 1850 2568">
     <span class='ocr_line' id='line_1_38' title="bbox 249 2492 1850 2568; baseline 0.005 -22"><span class='ocrx_word' id='word_1_254' title='bbox 249 2499 464 2558; x_wconf 86' lang='lat' dir='ltr'><strong>essent,</strong></span> <span class='ocrx_word' id='word_1_255' title='bbox 486 2492 630 2562; x_wconf 90' lang='lat' dir='ltr'><strong>quod</strong></span> <span class='ocrx_word' id='word_1_256' title='bbox 687 2509 796 2549; x_wconf 93' lang='lat' dir='ltr'><strong>non</strong></span> <span class='ocrx_word' id='word_1_257' title='bbox 850 2494 955 2550; x_wconf 91' lang='lat' dir='ltr'><strong>iret</strong></span> <span class='ocrx_word' id='word_1_258' title='bbox 995 2495 1062 2551; x_wconf 91' lang='lat' dir='ltr'><strong>ad</strong></span> <span class='ocrx_word' id='word_1_259' title='bbox 1112 2497 1236 2552; x_wconf 93' lang='lat' dir='ltr'><strong>illos</strong></span> <span class='ocrx_word' id='word_1_260' title='bbox 1267 2498 1578 2568; x_wconf 86' lang='lat' dir='ltr'><strong>Apostolus.</strong></span> <span class='ocrx_word' id='word_1_261' title='bbox 1629 2499 1850 2566; x_wconf 86' lang='lat' dir='ltr'><strong>Quarta,</strong></span> 
     </span>
    </p>
   </div>
   <div class='ocr_carea' id='block_1_39' title="bbox 253 2580 1856 2659">
    <p class='ocr_par' dir='ltr' id='par_1_39' title="bbox 253 2580 1856 2659">
     <span class='ocr_line' id='line_1_39' title="bbox 253 2580 1856 2659; baseline 0.006 -26"><span class='ocrx_word' id='word_1_262' title='bbox 253 2587 486 2651; x_wconf 91' lang='lat' dir='ltr'><strong>propter</strong></span> <span class='ocrx_word' id='word_1_263' title='bbox 515 2580 927 2651; x_wconf 81' lang='lat' dir='ltr'><strong>fornicatorem,</strong></span> <span class='ocrx_word' id='word_1_264' title='bbox 959 2600 1121 2657; x_wconf 92' lang='lat' dir='ltr'><strong>quem</strong></span> <span class='ocrx_word' id='word_1_265' title='bbox 1154 2585 1298 2640; x_wconf 90' lang='lat' dir='ltr'><strong>inter</strong></span> <span class='ocrx_word' id='word_1_266' title='bbox 1331 2601 1390 2641; x_wconf 91' lang='lat' dir='ltr'><strong>se</strong></span> <span class='ocrx_word' id='word_1_267' title='bbox 1414 2601 1532 2642; x_wconf 88' lang='lat' dir='ltr'><strong>esse</strong></span> <span class='ocrx_word' id='word_1_268' title='bbox 1563 2585 1856 2659; x_wconf 90' lang='lat' dir='ltr'><strong>patieban-</strong></span> 
     </span>
    </p>
   </div>
   <div class='ocr_carea' id='block_1_40' title="bbox 256 2663 1852 2744">
    <p class='ocr_par' dir='ltr' id='par_1_40' title="bbox 256 2663 1852 2744">
     <span class='ocr_line' id='line_1_40' title="bbox 256 2663 1852 2744; baseline 0.006 -26"><span class='ocrx_word' id='word_1_269' title='bbox 256 2671 377 2720; x_wconf 90' lang='lat' dir='ltr'><strong>tur.</strong></span> <span class='ocrx_word' id='word_1_270' title='bbox 417 2663 642 2732; x_wconf 86' lang='lat' dir='ltr'><strong>Quinta,</strong></span> <span class='ocrx_word' id='word_1_271' title='bbox 672 2677 734 2724; x_wconf 93' lang='lat' dir='ltr'><strong>ut</strong></span> <span class='ocrx_word' id='word_1_272' title='bbox 779 2680 1157 2726; x_wconf 91' lang='lat' dir='ltr'><strong>commoneret</strong></span> <span class='ocrx_word' id='word_1_273' title='bbox 1189 2670 1255 2726; x_wconf 94' lang='lat' dir='ltr'><strong>de</strong></span> <span class='ocrx_word' id='word_1_274' title='bbox 1283 2672 1558 2743; x_wconf 68' lang='lat' dir='ltr'><strong>praeterita</strong></span> <span class='ocrx_word' id='word_1_275' title='bbox 1600 2672 1852 2744; x_wconf 87' lang='lat' dir='ltr'><strong>epistola.</strong></span> 
     </span>
    </p>
   </div>
   <div class='ocr_carea' id='block_1_41' title="bbox 253 2759 1850 2834">
    <p class='ocr_par' dir='ltr' id='par_1_41' title="bbox 253 2759 1850 2834">
     <span class='ocr_line' id='line_1_41' title="bbox 253 2759 1850 2834; baseline 0.005 -23"><span class='ocrx_word' id='word_1_276' title='bbox 253 2771 428 2828; x_wconf 89' lang='lat' dir='ltr'><strong>quam</strong></span> <span class='ocrx_word' id='word_1_277' title='bbox 477 2767 604 2816; x_wconf 90' lang='lat' dir='ltr'><strong>ante</strong></span> <span class='ocrx_word' id='word_1_278' title='bbox 664 2759 805 2816; x_wconf 90' lang='lat' dir='ltr'><strong>hanc</strong></span> <span class='ocrx_word' id='word_1_279' title='bbox 859 2778 980 2834; x_wconf 62' lang='lat' dir='ltr'><strong>qua;</strong></span> <span class='ocrx_word' id='word_1_280' title='bbox 1023 2763 1201 2834; x_wconf 88' lang='lat' dir='ltr'><strong>prima</strong></span> <span class='ocrx_word' id='word_1_281' title='bbox 1247 2763 1472 2831; x_wconf 88' lang='lat' dir='ltr'><strong>dicitur,</strong></span> <span class='ocrx_word' id='word_1_282' title='bbox 1541 2763 1850 2834; x_wconf 89' lang='lat' dir='ltr'><strong>scripserat.</strong></span> 
     </span>
    </p>
   </div>
   <div class='ocr_carea' id='block_1_42' title="bbox 252 2844 1854 2920">
    <p class='ocr_par' dir='ltr' id='par_1_42' title="bbox 252 2844 1854 2920">
     <span class='ocr_line' id='line_1_42' title="bbox 252 2844 1854 2920; baseline 0.004 -20"><span class='ocrx_word' id='word_1_283' title='bbox 252 2844 446 2914; x_wconf 75' lang='lat' dir='ltr'><strong>Sexta,</strong></span> <span class='ocrx_word' id='word_1_284' title='bbox 487 2847 616 2920; x_wconf 91' lang='lat' dir='ltr'><strong>quia</strong></span> <span class='ocrx_word' id='word_1_285' title='bbox 660 2848 898 2904; x_wconf 90' lang='lat' dir='ltr'><strong>invicem</strong></span> <span class='ocrx_word' id='word_1_286' title='bbox 929 2849 1035 2904; x_wconf 91' lang='lat' dir='ltr'><strong>sibi</strong></span> <span class='ocrx_word' id='word_1_287' title='bbox 1092 2849 1322 2920; x_wconf 86' lang='lat' dir='ltr'><strong>injurias</strong></span> <span class='ocrx_word' id='word_1_288' title='bbox 1348 2858 1403 2905; x_wconf 93' lang='lat' dir='ltr'><strong>et</strong></span> <span class='ocrx_word' id='word_1_289' title='bbox 1434 2851 1652 2907; x_wconf 82' lang='lat' dir='ltr'><strong>fraudes</strong></span> <span class='ocrx_word' id='word_1_290' title='bbox 1678 2851 1854 2907; x_wconf 87' lang='lat' dir='ltr'><strong>facere</strong></span> 
     </span>
    </p>
   </div>
   <div class='ocr_carea' id='block_1_43' title="bbox 251 2936 1854 3012">
    <p class='ocr_par' dir='ltr' id='par_1_43' title="bbox 251 2936 1854 3012">
     <span class='ocr_line' id='line_1_43' title="bbox 251 2936 1854 3012; baseline 0.001 -19"><span class='ocrx_word' id='word_1_291' title='bbox 251 2944 565 3008; x_wconf 63' lang='lat' dir='ltr'><strong>ceperant,</strong></span> <span class='ocrx_word' id='word_1_292' title='bbox 610 2945 665 2992; x_wconf 89' lang='lat' dir='ltr'><strong>et</strong></span> <span class='ocrx_word' id='word_1_293' title='bbox 712 2936 1016 2993; x_wconf 87' lang='lat' dir='ltr'><strong>inﬁdelium</strong></span> <span class='ocrx_word' id='word_1_294' title='bbox 1068 2939 1252 3010; x_wconf 90' lang='lat' dir='ltr'><strong>potius</strong></span> <span class='ocrx_word' id='word_1_295' title='bbox 1304 2940 1559 2994; x_wconf 89' lang='lat' dir='ltr'><strong>examina</strong></span> <span class='ocrx_word' id='word_1_296' title='bbox 1600 2941 1854 3012; x_wconf 84' lang='lat' dir='ltr'><strong>require-</strong></span> 
     </span>
    </p>
   </div>
   <div class='ocr_carea' id='block_1_44' title="bbox 260 3025 1852 3099">
    <p class='ocr_par' dir='ltr' id='par_1_44' title="bbox 260 3025 1852 3099">
     <span class='ocr_line' id='line_1_44' title="bbox 260 3025 1852 3099; baseline 0.001 -17"><span class='ocrx_word' id='word_1_297' title='bbox 260 3026 426 3082; x_wconf 88' lang='lat' dir='ltr'><strong>bant.</strong></span> <span class='ocrx_word' id='word_1_298' title='bbox 459 3025 701 3098; x_wconf 88' lang='lat' dir='ltr'><strong>Septima</strong></span> <span class='ocrx_word' id='word_1_299' title='bbox 728 3041 890 3083; x_wconf 89' lang='lat' dir='ltr'><strong>causa</strong></span> <span class='ocrx_word' id='word_1_300' title='bbox 917 3033 1020 3094; x_wconf 90' lang='lat' dir='ltr'><strong>est,</strong></span> <span class='ocrx_word' id='word_1_301' title='bbox 1051 3026 1106 3080; x_wconf 91' lang='lat' dir='ltr'><strong>in</strong></span> <span class='ocrx_word' id='word_1_302' title='bbox 1137 3042 1245 3098; x_wconf 89' lang='lat' dir='ltr'><strong>qua</strong></span> <span class='ocrx_word' id='word_1_303' title='bbox 1267 3025 1517 3099; x_wconf 84' lang='lat' dir='ltr'><strong>designat</strong></span> <span class='ocrx_word' id='word_1_304' title='bbox 1564 3027 1728 3084; x_wconf 91' lang='lat' dir='ltr'><strong>licere</strong></span> <span class='ocrx_word' id='word_1_305' title='bbox 1744 3027 1852 3084; x_wconf 90' lang='lat' dir='ltr'><strong>sibi</strong></span> 
     </span>
    </p>
   </div>
   <div class='ocr_carea' id='block_1_45' title="bbox 258 3113 1854 3188">
    <p class='ocr_par' dir='ltr' id='par_1_45' title="bbox 258 3113 1854 3188">
     <span class='ocr_line' id='line_1_45' title="bbox 258 3113 1854 3188; baseline 0.001 -17"><span class='ocrx_word' id='word_1_306' title='bbox 258 3123 518 3186; x_wconf 90' lang='lat' dir='ltr'><strong>sumptus</strong></span> <span class='ocrx_word' id='word_1_307' title='bbox 543 3113 807 3188; x_wconf 89' lang='lat' dir='ltr'><strong>accipere,</strong></span> <span class='ocrx_word' id='word_1_308' title='bbox 839 3113 932 3170; x_wconf 88' lang='lat' dir='ltr'><strong>sed</strong></span> <span class='ocrx_word' id='word_1_309' title='bbox 961 3122 1313 3171; x_wconf 90' lang='lat' dir='ltr'><strong>contemnere</strong></span> <span class='ocrx_word' id='word_1_310' title='bbox 1338 3133 1351 3182; x_wconf 89' lang='lat'><strong>;</strong></span> <span class='ocrx_word' id='word_1_311' title='bbox 1395 3130 1463 3171; x_wconf 92' lang='lat' dir='ltr'><strong>ne</strong></span> <span class='ocrx_word' id='word_1_312' title='bbox 1492 3115 1670 3171; x_wconf 89' lang='lat' dir='ltr'><strong>forma</strong></span> <span class='ocrx_word' id='word_1_313' title='bbox 1713 3124 1854 3172; x_wconf 90' lang='lat' dir='ltr'><strong>esset</strong></span> 
     </span>
    </p>
   </div>
   <div class='ocr_carea' id='block_1_46' title="bbox 255 3203 1853 3276">
    <p class='ocr_par' dir='ltr' id='par_1_46' title="bbox 255 3203 1853 3276">
     <span class='ocr_line' id='line_1_46' title="bbox 255 3203 1853 3276; baseline 0 -16"><span class='ocrx_word' id='word_1_314' title='bbox 255 3204 550 3276; x_wconf 80' lang='lat' dir='ltr'><strong>rapacibus</strong></span> <span class='ocrx_word' id='word_1_315' title='bbox 606 3204 1094 3276; x_wconf 86' lang='lat' dir='ltr'><strong>pseudoapostolis.</strong></span> <span class='ocrx_word' id='word_1_316' title='bbox 1167 3203 1374 3260; x_wconf 90' lang='lat' dir='ltr'><strong>Octava</strong></span> <span class='ocrx_word' id='word_1_317' title='bbox 1441 3221 1572 3262; x_wconf 83' lang='lat' dir='ltr'><strong>vero</strong></span> <span class='ocrx_word' id='word_1_318' title='bbox 1627 3213 1726 3274; x_wconf 90' lang='lat' dir='ltr'><strong>est,</strong></span> <span class='ocrx_word' id='word_1_319' title='bbox 1790 3213 1853 3261; x_wconf 88' lang='lat' dir='ltr'><strong>ut</strong></span> 
     </span>
    </p>
   </div>
   <div class='ocr_carea' id='block_1_47' title="bbox 252 3291 1852 3365">
    <p class='ocr_par' dir='ltr' id='par_1_47' title="bbox 252 3291 1852 3365">
     <span class='ocr_line' id='line_1_47' title="bbox 252 3291 1852 3365; baseline 0.002 -18"><span class='ocrx_word' id='word_1_320' title='bbox 252 3291 585 3363; x_wconf 88' lang='lat' dir='ltr'><strong>respondeat</strong></span> <span class='ocrx_word' id='word_1_321' title='bbox 610 3291 853 3364; x_wconf 73' lang='lat' dir='ltr'><strong>epistolas</strong></span> <span class='ocrx_word' id='word_1_322' title='bbox 879 3291 1101 3348; x_wconf 90' lang='lat' dir='ltr'><strong>illorum</strong></span> <span class='ocrx_word' id='word_1_323' title='bbox 1127 3309 1141 3358; x_wconf 90' lang='lat'><strong>;</strong></span> <span class='ocrx_word' id='word_1_324' title='bbox 1174 3291 1480 3364; x_wconf 88' lang='lat' dir='ltr'><strong>perturbari</strong></span> <span class='ocrx_word' id='word_1_325' title='bbox 1511 3293 1658 3348; x_wconf 90' lang='lat' dir='ltr'><strong>enim</strong></span> <span class='ocrx_word' id='word_1_326' title='bbox 1680 3309 1852 3365; x_wconf 83' lang='lat' dir='ltr'><strong>coepe-</strong></span> 
     </span>
    </p>
   </div>
   <div class='ocr_carea' id='block_1_48' title="bbox 253 3379 1851 3450">
    <p class='ocr_par' dir='ltr' id='par_1_48' title="bbox 253 3379 1851 3450">
     <span class='ocr_line' id='line_1_48' title="bbox 253 3379 1851 3450; baseline 0.001 -14"><span class='ocrx_word' id='word_1_327' title='bbox 253 3387 386 3436; x_wconf 88' lang='lat' dir='ltr'><strong>rant</strong></span> <span class='ocrx_word' id='word_1_328' title='bbox 429 3380 498 3437; x_wconf 88' lang='lat' dir='ltr'><strong>ab</strong></span> <span class='ocrx_word' id='word_1_329' title='bbox 555 3381 826 3436; x_wconf 74' lang='lat' dir='ltr'><strong>haereticis</strong></span> <span class='ocrx_word' id='word_1_330' title='bbox 883 3379 951 3435; x_wconf 90' lang='lat' dir='ltr'><strong>de</strong></span> <span class='ocrx_word' id='word_1_331' title='bbox 1009 3381 1397 3436; x_wconf 89' lang='lat' dir='ltr'><strong>matrimoniis.</strong></span> <span class='ocrx_word' id='word_1_332' title='bbox 1455 3382 1610 3438; x_wconf 89' lang='lat' dir='ltr'><strong>Nona</strong></span> <span class='ocrx_word' id='word_1_333' title='bbox 1660 3383 1851 3450; x_wconf 71' lang='lat' dir='ltr'><strong>est,&#39;in</strong></span> 
     </span>
    </p>
   </div>
   <div class='ocr_carea' id='block_1_49' title="bbox 253 3469 1854 3543">
    <p class='ocr_par' dir='ltr' id='par_1_49' title="bbox 253 3469 1854 3543">
     <span class='ocr_line' id='line_1_49' title="bbox 253 3469 1854 3543; baseline 0.001 -19"><span class='ocrx_word' id='word_1_334' title='bbox 253 3485 368 3543; x_wconf 89' lang='lat' dir='ltr'><strong>qua</strong></span> <span class='ocrx_word' id='word_1_335' title='bbox 395 3469 634 3526; x_wconf 89' lang='lat' dir='ltr'><strong>declarat</strong></span> <span class='ocrx_word' id='word_1_336' title='bbox 675 3470 755 3526; x_wconf 91' lang='lat' dir='ltr'><strong>sic</strong></span> <span class='ocrx_word' id='word_1_337' title='bbox 792 3469 991 3527; x_wconf 90' lang='lat' dir='ltr'><strong>debere</strong></span> <span class='ocrx_word' id='word_1_338' title='bbox 1028 3484 1478 3541; x_wconf 90' lang='lat' dir='ltr'><strong>unumquemque</strong></span> <span class='ocrx_word' id='word_1_339' title='bbox 1516 3485 1756 3535; x_wconf 88' lang='lat' dir='ltr'><strong>manere,</strong></span> <span class='ocrx_word' id='word_1_340' title='bbox 1792 3477 1854 3526; x_wconf 91' lang='lat' dir='ltr'><strong>ut</strong></span> 
     </span>
    </p>
   </div>
   <div class='ocr_carea' id='block_1_50' title="bbox 252 3555 1853 3631">
    <p class='ocr_par' dir='ltr' id='par_1_50' title="bbox 252 3555 1853 3631">
     <span class='ocr_line' id='line_1_50' title="bbox 252 3555 1853 3631; baseline -0.001 -15"><span class='ocrx_word' id='word_1_341' title='bbox 252 3557 514 3616; x_wconf 83' lang='lat' dir='ltr'><strong>credidit.</strong></span> <span class='ocrx_word' id='word_1_342' title='bbox 573 3558 797 3615; x_wconf 89' lang='lat' dir='ltr'><strong>Decima</strong></span> <span class='ocrx_word' id='word_1_343' title='bbox 855 3563 1035 3612; x_wconf 89' lang='lat' dir='ltr'><strong>autem</strong></span> <span class='ocrx_word' id='word_1_344' title='bbox 1095 3555 1164 3611; x_wconf 91' lang='lat' dir='ltr'><strong>de</strong></span> <span class='ocrx_word' id='word_1_345' title='bbox 1207 3557 1537 3628; x_wconf 81' lang='lat' dir='ltr'><strong>virginibus,</strong></span> <span class='ocrx_word' id='word_1_346' title='bbox 1595 3574 1661 3614; x_wconf 91' lang='lat' dir='ltr'><strong>eo</strong></span> <span class='ocrx_word' id='word_1_347' title='bbox 1706 3559 1853 3631; x_wconf 90' lang='lat' dir='ltr'><strong>quod</strong></span> 
     </span>
    </p>
   </div>
   <div class='ocr_carea' id='block_1_51' title="bbox 253 3645 1853 3720">
    <p class='ocr_par' dir='ltr' id='par_1_51' title="bbox 253 3645 1853 3720">
     <span class='ocr_line' id='line_1_51' title="bbox 253 3645 1853 3720; baseline 0.001 -17"><span class='ocrx_word' id='word_1_348' title='bbox 253 3646 402 3703; x_wconf 89' lang='lat' dir='ltr'><strong>nihil</strong></span> <span class='ocrx_word' id='word_1_349' title='bbox 445 3647 518 3702; x_wconf 90' lang='lat' dir='ltr'><strong>sit</strong></span> <span class='ocrx_word' id='word_1_350' title='bbox 554 3645 661 3702; x_wconf 90' lang='lat' dir='ltr'><strong>sibi</strong></span> <span class='ocrx_word' id='word_1_351' title='bbox 713 3655 1066 3718; x_wconf 52' lang='lat' dir='ltr'><strong>praeceptum.</strong></span> <span class='ocrx_word' id='word_1_352' title='bbox 1112 3645 1182 3701; x_wconf 87' lang='lat' dir='ltr'><strong>Et</strong></span> <span class='ocrx_word' id='word_1_353' title='bbox 1231 3647 1455 3720; x_wconf 83' lang='lat' dir='ltr'><strong>reliquae</strong></span> <span class='ocrx_word' id='word_1_354' title='bbox 1505 3656 1636 3704; x_wconf 89' lang='lat' dir='ltr'><strong>sunt</strong></span> <span class='ocrx_word' id='word_1_355' title='bbox 1676 3665 1853 3705; x_wconf 73' lang='lat' dir='ltr'><strong>causae</strong></span> 
     </span>
    </p>
   </div>
   <div class='ocr_carea' id='block_1_52' title="bbox 253 3735 1114 3811">
    <p class='ocr_par' dir='ltr' id='par_1_52' title="bbox 253 3735 1114 3811">
     <span class='ocr_line' id='line_1_52' title="bbox 253 3735 1114 3811; baseline -0.001 -20"><span class='ocrx_word' id='word_1_356' title='bbox 253 3753 384 3811; x_wconf 70' lang='lat' dir='ltr'><strong>quin</strong></span> <span class='ocrx_word' id='word_1_357' title='bbox 413 3735 472 3792; x_wconf 90' lang='lat' dir='ltr'><strong>in</strong></span> <span class='ocrx_word' id='word_1_358' title='bbox 499 3751 727 3808; x_wconf 87' lang='lat' dir='ltr'><strong>corpore</strong></span> <span class='ocrx_word' id='word_1_359' title='bbox 759 3735 1114 3791; x_wconf 88' lang='lat' dir='ltr'><strong>videbuntur.</strong></span> 
     </span>
    </p>
   </div>
   <div class='ocr_carea' id='block_1_53' title="bbox 777 3879 1334 3940">
    <p class='ocr_par' dir='ltr' id='par_1_53' title="bbox 777 3879 1334 3940">
     <span class='ocr_line' id='line_1_53' title="bbox 777 3879 1334 3940; baseline 0.002 -3"><span class='ocrx_word' id='word_1_360' title='bbox 777 3879 1004 3939; x_wconf 86' lang='lat' dir='ltr'><strong>CAPUT</strong></span> <span class='ocrx_word' id='word_1_361' title='bbox 1043 3879 1334 3940; x_wconf 84' lang='lat' dir='ltr'><strong>PRIMUM.</strong></span> 
     </span>
    </p>
   </div>
   <div class='ocr_carea' id='block_1_54' title="bbox 330 4004 1854 4080">
    <p class='ocr_par' dir='ltr' id='par_1_54' title="bbox 330 4004 1854 4080">
     <span class='ocr_line' id='line_1_54' title="bbox 330 4004 1854 4080; baseline 0.005 -18"><span class='ocrx_word' id='word_1_362' title='bbox 330 4004 515 4077; x_wconf 77' lang='lat' dir='ltr'><strong>(Vera.</strong></span> <span class='ocrx_word' id='word_1_363' title='bbox 542 4006 620 4078; x_wconf 91' lang='grc'><strong>1.)</strong></span> <span class='ocrx_word' id='word_1_364' title='bbox 665 4030 683 4054; x_wconf 74' lang='grc' dir='ltr'><strong>ε</strong></span> <span class='ocrx_word' id='word_1_365' title='bbox 703 4005 904 4061; x_wconf 84' lang='lat' dir='ltr'><strong>Paulus</strong></span> <span class='ocrx_word' id='word_1_366' title='bbox 933 4014 1160 4063; x_wconf 90' lang='lat' dir='ltr'><strong>vocatus</strong></span> <span class='ocrx_word' id='word_1_367' title='bbox 1188 4009 1469 4080; x_wconf 88' lang='lat' dir='ltr'><strong>apostolus</strong></span> <span class='ocrx_word' id='word_1_368' title='bbox 1497 4009 1706 4068; x_wconf 91' lang='lat' dir='ltr'><strong>Christi</strong></span> <span class='ocrx_word' id='word_1_369' title='bbox 1726 4013 1854 4070; x_wconf 87' lang='lat' dir='ltr'><strong>Iesu</strong></span> 
     </span>
    </p>
   </div>
   <div class='ocr_carea' id='block_1_55' title="bbox 254 4094 1849 4174">
    <p class='ocr_par' dir='ltr' id='par_1_55' title="bbox 254 4094 1849 4174">
     <span class='ocr_line' id='line_1_55' title="bbox 254 4094 1849 4174; baseline 0.003 -22"><span class='ocrx_word' id='word_1_370' title='bbox 254 4110 357 4169; x_wconf 90' lang='lat' dir='ltr'><strong>per</strong></span> <span class='ocrx_word' id='word_1_371' title='bbox 383 4095 727 4152; x_wconf 88' lang='lat' dir='ltr'><strong>voluntatem</strong></span> <span class='ocrx_word' id='word_1_372' title='bbox 756 4094 878 4152; x_wconf 92' lang='lat' dir='ltr'><strong>Dei.</strong></span> <span class='ocrx_word' id='word_1_373' title='bbox 918 4119 937 4142; x_wconf 80' lang='grc' dir='ltr'><strong><em>ι</em></strong></span> <span class='ocrx_word' id='word_1_374' title='bbox 993 4095 1080 4152; x_wconf 84' lang='lat' dir='ltr'><strong>Ad</strong></span> <span class='ocrx_word' id='word_1_375' title='bbox 1130 4097 1402 4154; x_wconf 91' lang='lat' dir='ltr'><strong>Romanos</strong></span> <span class='ocrx_word' id='word_1_376' title='bbox 1448 4099 1607 4155; x_wconf 81' lang='lat' dir='ltr'><strong>aliter</strong></span> <span class='ocrx_word' id='word_1_377' title='bbox 1652 4103 1849 4174; x_wconf 75' lang='lat' dir='ltr'><strong>cmpit,</strong></span> 
     </span>
    </p>
   </div>
   <div class='ocr_carea' id='block_1_56' title="bbox 253 4183 1850 4258">
    <p class='ocr_par' dir='ltr' id='par_1_56' title="bbox 253 4183 1850 4258">
     <span class='ocr_line' id='line_1_56' title="bbox 253 4183 1850 4258; baseline 0.006 -19"><span class='ocrx_word' id='word_1_378' title='bbox 253 4184 388 4258; x_wconf 88' lang='lat' dir='ltr'><strong>quia</strong></span> <span class='ocrx_word' id='word_1_379' title='bbox 413 4184 583 4240; x_wconf 88' lang='lat' dir='ltr'><strong>altera</strong></span> <span class='ocrx_word' id='word_1_380' title='bbox 609 4200 772 4242; x_wconf 88' lang='lat' dir='ltr'><strong>causa</strong></span> <span class='ocrx_word' id='word_1_381' title='bbox 799 4191 882 4241; x_wconf 86' lang='lat' dir='ltr'><strong>est</strong></span> <span class='ocrx_word' id='word_1_382' title='bbox 917 4203 928 4240; x_wconf 90' lang='lat'><em>:</em></span> <span class='ocrx_word' id='word_1_383' title='bbox 975 4183 1065 4242; x_wconf 88' lang='lat' dir='ltr'><strong>his</strong></span> <span class='ocrx_word' id='word_1_384' title='bbox 1097 4202 1224 4242; x_wconf 86' lang='lat' dir='ltr'><strong>vero</strong></span> <span class='ocrx_word' id='word_1_385' title='bbox 1254 4188 1588 4258; x_wconf 89' lang='lat' dir='ltr'><strong>apostolum,</strong></span> <span class='ocrx_word' id='word_1_386' title='bbox 1637 4206 1694 4246; x_wconf 90' lang='lat' dir='ltr'><strong>se</strong></span> <span class='ocrx_word' id='word_1_387' title='bbox 1733 4207 1850 4248; x_wconf 87' lang='lat' dir='ltr'><strong>esse</strong></span> 
     </span>
    </p>
   </div>
   <div class='ocr_carea' id='block_1_57' title="bbox 253 4272 1848 4354">
    <p class='ocr_par' dir='ltr' id='par_1_57' title="bbox 253 4272 1848 4354">
     <span class='ocr_line' id='line_1_57' title="bbox 253 4272 1848 4354; baseline 0.004 -23"><span class='ocrx_word' id='word_1_388' title='bbox 253 4272 464 4331; x_wconf 85' lang='lat' dir='ltr'><strong>Christi</strong></span> <span class='ocrx_word' id='word_1_389' title='bbox 491 4273 618 4331; x_wconf 90' lang='lat' dir='ltr'><strong>Iesu</strong></span> <span class='ocrx_word' id='word_1_390' title='bbox 646 4274 746 4330; x_wconf 91' lang='lat' dir='ltr'><strong>Dei</strong></span> <span class='ocrx_word' id='word_1_391' title='bbox 769 4275 1056 4332; x_wconf 83' lang='lat' dir='ltr'><strong>voluntate</strong></span> <span class='ocrx_word' id='word_1_392' title='bbox 1085 4276 1314 4345; x_wconf 88' lang='lat' dir='ltr'><strong>scribit;</strong></span> <span class='ocrx_word' id='word_1_393' title='bbox 1361 4277 1490 4350; x_wconf 89' lang='lat' dir='ltr'><strong>quia</strong></span> <span class='ocrx_word' id='word_1_394' title='bbox 1520 4279 1706 4335; x_wconf 88' lang='lat' dir='ltr'><strong>omnia</strong></span> <span class='ocrx_word' id='word_1_395' title='bbox 1728 4297 1848 4354; x_wconf 76' lang='lat' dir='ltr'><strong>quae</strong></span> 
     </span>
    </p>
   </div>
   <div class='ocr_carea' id='block_1_58' title="bbox 253 4363 1844 4440">
    <p class='ocr_par' dir='ltr' id='par_1_58' title="bbox 253 4363 1844 4440">
     <span class='ocr_line' id='line_1_58' title="bbox 253 4363 1844 4440; baseline 0.005 -21"><span class='ocrx_word' id='word_1_396' title='bbox 253 4364 389 4437; x_wconf 87' lang='lat' dir='ltr'><strong>egit,</strong></span> <span class='ocrx_word' id='word_1_397' title='bbox 419 4363 547 4420; x_wconf 88' lang='lat' dir='ltr'><strong>Filii</strong></span> <span class='ocrx_word' id='word_1_398' title='bbox 588 4365 686 4420; x_wconf 91' lang='lat' dir='ltr'><strong>Dei</strong></span> <span class='ocrx_word' id='word_1_399' title='bbox 716 4365 826 4438; x_wconf 84' lang='lat' dir='ltr'><strong>egit</strong></span> <span class='ocrx_word' id='word_1_400' title='bbox 871 4367 1173 4436; x_wconf 86' lang='lat' dir='ltr'><strong>voluntate,</strong></span> <span class='ocrx_word' id='word_1_401' title='bbox 1218 4368 1313 4440; x_wconf 91' lang='lat' dir='ltr'><strong>qui</strong></span> <span class='ocrx_word' id='word_1_402' title='bbox 1363 4368 1510 4424; x_wconf 83' lang='lat' dir='ltr'><strong>dixit</strong></span> <span class='ocrx_word' id='word_1_403' title='bbox 1549 4369 1618 4426; x_wconf 89' lang='lat' dir='ltr'><strong>ad</strong></span> <span class='ocrx_word' id='word_1_404' title='bbox 1667 4387 1793 4427; x_wconf 91' lang='lat' dir='ltr'><strong>eum</strong></span> <span class='ocrx_word' id='word_1_405' title='bbox 1832 4389 1844 4427; x_wconf 91' lang='lat'><strong>:</strong></span> 
     </span>
    </p>
   </div>
   <div class='ocr_carea' id='block_1_59' title="bbox 267 4451 1836 4529">
    <p class='ocr_par' dir='ltr' id='par_1_59' title="bbox 267 4451 1836 4529">
     <span class='ocr_line' id='line_1_59' title="bbox 267 4451 1836 4529; baseline 0.005 -22"><span class='ocrx_word' id='word_1_406' title='bbox 267 4477 285 4498; x_wconf 84' lang='lat'><strong>-</strong></span> <span class='ocrx_word' id='word_1_407' title='bbox 319 4451 486 4520; x_wconf 84' lang='lat' dir='ltr'><strong>Vade,</strong></span> <span class='ocrx_word' id='word_1_408' title='bbox 519 4468 618 4526; x_wconf 89' lang='lat' dir='ltr'><strong>ego</strong></span> <span class='ocrx_word' id='word_1_409' title='bbox 646 4453 806 4525; x_wconf 89' lang='lat' dir='ltr'><strong>longe</strong></span> <span class='ocrx_word' id='word_1_410' title='bbox 833 4453 900 4509; x_wconf 92' lang='lat' dir='ltr'><strong>ad</strong></span> <span class='ocrx_word' id='word_1_411' title='bbox 931 4462 1116 4526; x_wconf 90' lang='lat' dir='ltr'><strong>gentes</strong></span> <span class='ocrx_word' id='word_1_412' title='bbox 1145 4455 1361 4512; x_wconf 88' lang='lat' dir='ltr'><strong>mittam</strong></span> <span class='ocrx_word' id='word_1_413' title='bbox 1397 4466 1446 4512; x_wconf 91' lang='lat' dir='ltr'><strong>te</strong></span> <span class='ocrx_word' id='word_1_414' title='bbox 1479 4458 1498 4529; x_wconf 97' lang='lat'><strong>(</strong></span> <span class='ocrx_word' id='word_1_415' title='bbox 1532 4458 1648 4514; x_wconf 83' lang='lat' dir='ltr'><strong>Act.</strong></span> <span class='ocrx_word' id='word_1_416' title='bbox 1691 4475 1836 4528; x_wconf 85' lang='lat' dir='ltr'><strong>xxu,</strong></span> 
     </span>
    </p>
   </div>
   <div class='ocr_carea' id='block_1_60' title="bbox 253 4539 1845 4617">
    <p class='ocr_par' dir='ltr' id='par_1_60' title="bbox 253 4539 1845 4617">
     <span class='ocr_line' id='line_1_60' title="bbox 253 4539 1845 4617; baseline 0.004 -20"><span class='ocrx_word' id='word_1_417' title='bbox 253 4539 388 4611; x_wconf 74' lang='grc'><strong>21).</strong></span> <span class='ocrx_word' id='word_1_418' title='bbox 418 4565 438 4588; x_wconf 72' lang='grc' dir='ltr'><strong>ι</strong></span> <span class='ocrx_word' id='word_1_419' title='bbox 482 4542 625 4614; x_wconf 84' lang='lat' dir='ltr'><strong>l-linc</strong></span> <span class='ocrx_word' id='word_1_420' title='bbox 672 4550 897 4599; x_wconf 87' lang='lat' dir='ltr'><strong>vocatus</strong></span> <span class='ocrx_word' id='word_1_421' title='bbox 941 4550 1024 4598; x_wconf 88' lang='lat' dir='ltr'><strong>est</strong></span> <span class='ocrx_word' id='word_1_422' title='bbox 1069 4545 1384 4617; x_wconf 86' lang='lat' dir='ltr'><strong>Apostolus,</strong></span> <span class='ocrx_word' id='word_1_423' title='bbox 1437 4546 1543 4602; x_wconf 91' lang='lat' dir='ltr'><strong>hoc</strong></span> <span class='ocrx_word' id='word_1_424' title='bbox 1593 4555 1694 4616; x_wconf 91' lang='lat' dir='ltr'><strong>est,</strong></span> <span class='ocrx_word' id='word_1_425' title='bbox 1749 4550 1845 4604; x_wconf 91' lang='lat' dir='ltr'><strong>Dei</strong></span> 
     </span>
    </p>
   </div>
   <div class='ocr_carea' id='block_1_61' title="bbox 256 4629 1844 4709">
    <p class='ocr_par' dir='ltr' id='par_1_61' title="bbox 256 4629 1844 4709">
     <span class='ocr_line' id='line_1_61' title="bbox 256 4629 1844 4709; baseline 0.006 -25"><span class='ocrx_word' id='word_1_426' title='bbox 256 4629 541 4686; x_wconf 84' lang='lat' dir='ltr'><strong>voluntate</strong></span> <span class='ocrx_word' id='word_1_427' title='bbox 583 4630 782 4687; x_wconf 91' lang='lat' dir='ltr'><strong>missus</strong></span> <span class='ocrx_word' id='word_1_428' title='bbox 809 4631 878 4688; x_wconf 89' lang='lat' dir='ltr'><strong>ad</strong></span> <span class='ocrx_word' id='word_1_429' title='bbox 906 4638 1110 4703; x_wconf 89' lang='lat' dir='ltr'><strong>gentes.</strong></span> <span class='ocrx_word' id='word_1_430' title='bbox 1146 4632 1248 4688; x_wconf 91' lang='lat' dir='ltr'><strong>Per</strong></span> <span class='ocrx_word' id='word_1_431' title='bbox 1271 4633 1418 4706; x_wconf 89' lang='lat' dir='ltr'><strong>quod</strong></span> <span class='ocrx_word' id='word_1_432' title='bbox 1460 4635 1625 4690; x_wconf 87' lang='lat' dir='ltr'><strong>etiam</strong></span> <span class='ocrx_word' id='word_1_433' title='bbox 1663 4638 1844 4709; x_wconf 87' lang='lat' dir='ltr'><strong>tangit</strong></span> 
     </span>
    </p>
   </div>
   <div class='ocr_carea' id='block_1_62' title="bbox 257 4719 1843 4797">
    <p class='ocr_par' dir='ltr' id='par_1_62' title="bbox 257 4719 1843 4797">
     <span class='ocr_line' id='line_1_62' title="bbox 257 4719 1843 4797; baseline 0.004 -21"><span class='ocrx_word' id='word_1_434' title='bbox 257 4719 404 4789; x_wconf 90' lang='lat' dir='ltr'><strong>illos,</strong></span> <span class='ocrx_word' id='word_1_435' title='bbox 457 4736 594 4793; x_wconf 90' lang='lat' dir='ltr'><strong>quos</strong></span> <span class='ocrx_word' id='word_1_436' title='bbox 630 4735 806 4794; x_wconf 90' lang='lat' dir='ltr'><strong>neque</strong></span> <span class='ocrx_word' id='word_1_437' title='bbox 854 4720 1104 4779; x_wconf 88' lang='lat' dir='ltr'><strong>Christus</strong></span> <span class='ocrx_word' id='word_1_438' title='bbox 1143 4723 1383 4791; x_wconf 89' lang='lat' dir='ltr'><strong>miserat,</strong></span> <span class='ocrx_word' id='word_1_439' title='bbox 1437 4740 1613 4797; x_wconf 90' lang='lat' dir='ltr'><strong>neque</strong></span> <span class='ocrx_word' id='word_1_440' title='bbox 1652 4742 1843 4782; x_wconf 87' lang='lat' dir='ltr'><strong>verum</strong></span> 
     </span>
    </p>
   </div>
   <div class='ocr_carea' id='block_1_63' title="bbox 254 4809 1843 4881">
    <p class='ocr_par' dir='ltr' id='par_1_63' title="bbox 254 4809 1843 4881">
     <span class='ocr_line' id='line_1_63' title="bbox 254 4809 1843 4881; baseline 0.005 -17"><span class='ocrx_word' id='word_1_441' title='bbox 254 4817 394 4874; x_wconf 88' lang='lat' dir='ltr'><strong>erat,</strong></span> <span class='ocrx_word' id='word_1_442' title='bbox 421 4809 567 4881; x_wconf 92' lang='lat' dir='ltr'><strong>quod</strong></span> <span class='ocrx_word' id='word_1_443' title='bbox 594 4809 868 4865; x_wconf 90' lang='lat' dir='ltr'><strong>dicebant.</strong></span> <span class='ocrx_word' id='word_1_444' title='bbox 901 4810 1075 4866; x_wconf 91' lang='lat' dir='ltr'><strong>Deum</strong></span> <span class='ocrx_word' id='word_1_445' title='bbox 1119 4811 1265 4867; x_wconf 91' lang='lat' dir='ltr'><strong>enim</strong></span> <span class='ocrx_word' id='word_1_446' title='bbox 1312 4820 1366 4867; x_wconf 91' lang='lat' dir='ltr'><strong>et</strong></span> <span class='ocrx_word' id='word_1_447' title='bbox 1395 4811 1673 4869; x_wconf 88' lang='lat' dir='ltr'><strong>Christum</strong></span> <span class='ocrx_word' id='word_1_448' title='bbox 1720 4813 1843 4872; x_wconf 90' lang='lat' dir='ltr'><strong>ideo</strong></span> 
     </span>
    </p>
   </div>
   <div class='ocr_carea' id='block_1_64' title="bbox 255 4898 1839 4976">
    <p class='ocr_par' dir='ltr' id='par_1_64' title="bbox 255 4898 1839 4976">
     <span class='ocr_line' id='line_1_64' title="bbox 255 4898 1839 4976; baseline 0.003 -21"><span class='ocrx_word' id='word_1_449' title='bbox 255 4898 572 4972; x_wconf 79' lang='lat' dir='ltr'><strong>frequenter</strong></span> <span class='ocrx_word' id='word_1_450' title='bbox 599 4899 867 4968; x_wconf 89' lang='lat' dir='ltr'><strong>nominat,</strong></span> <span class='ocrx_word' id='word_1_451' title='bbox 901 4907 962 4956; x_wconf 90' lang='lat' dir='ltr'><strong>ut</strong></span> <span class='ocrx_word' id='word_1_452' title='bbox 994 4900 1274 4957; x_wconf 88' lang='lat' dir='ltr'><strong>Christum</strong></span> <span class='ocrx_word' id='word_1_453' title='bbox 1308 4904 1478 4958; x_wconf 91' lang='lat' dir='ltr'><strong>Deum</strong></span> <span class='ocrx_word' id='word_1_454' title='bbox 1511 4919 1620 4960; x_wconf 92' lang='lat' dir='ltr'><strong>non</strong></span> <span class='ocrx_word' id='word_1_455' title='bbox 1662 4903 1839 4976; x_wconf 90' lang='lat' dir='ltr'><strong>ipsum</strong></span> 
     </span>
    </p>
   </div>
   <div class='ocr_carea' id='block_1_65' title="bbox 255 4988 1842 5062">
    <p class='ocr_par' dir='ltr' id='par_1_65' title="bbox 255 4988 1842 5062">
     <span class='ocr_line' id='line_1_65' title="bbox 255 4988 1842 5062; baseline 0.006 -18"><span class='ocrx_word' id='word_1_456' title='bbox 255 4988 470 5045; x_wconf 89' lang='lat' dir='ltr'><strong>Patrem</strong></span> <span class='ocrx_word' id='word_1_457' title='bbox 499 4988 774 5056; x_wconf 89' lang='lat' dir='ltr'><strong>ostendat,</strong></span> <span class='ocrx_word' id='word_1_458' title='bbox 802 4989 896 5045; x_wconf 91' lang='lat' dir='ltr'><strong>sed</strong></span> <span class='ocrx_word' id='word_1_459' title='bbox 935 5005 1052 5046; x_wconf 92' lang='lat' dir='ltr'><strong>esse</strong></span> <span class='ocrx_word' id='word_1_460' title='bbox 1081 4989 1365 5048; x_wconf 89' lang='lat' dir='ltr'><strong>Christum</strong></span> <span class='ocrx_word' id='word_1_461' title='bbox 1399 4992 1624 5062; x_wconf 87' lang='lat' dir='ltr'><strong>Filium,</strong></span> <span class='ocrx_word' id='word_1_462' title='bbox 1659 5010 1772 5052; x_wconf 82' lang='lat' dir='ltr'><strong>esse</strong></span> <span class='ocrx_word' id='word_1_463' title='bbox 1789 5007 1842 5053; x_wconf 90' lang='lat' dir='ltr'><strong>et</strong></span> 
     </span>
    </p>
   </div>
   <div class='ocr_carea' id='block_1_66' title="bbox 1967 2482 3554 2555">
    <p class='ocr_par' dir='ltr' id='par_1_66' title="bbox 1967 2482 3554 2555">
     <span class='ocr_line' id='line_1_66' title="bbox 1967 2482 3554 2555; baseline 0.006 -19"><span class='ocrx_word' id='word_1_464' title='bbox 1967 2482 2544 2555; x_wconf 89' lang='lat' dir='ltr'><strong>pseudoapostolorum</strong></span> <span class='ocrx_word' id='word_1_465' title='bbox 2595 2500 2814 2540; x_wconf 89' lang='lat' dir='ltr'><strong>aversos</strong></span> <span class='ocrx_word' id='word_1_466' title='bbox 2862 2501 2894 2540; x_wconf 89' lang='lat' dir='ltr'><strong>a</strong></span> <span class='ocrx_word' id='word_1_467' title='bbox 2936 2485 3234 2542; x_wconf 86' lang='lat' dir='ltr'><strong>traditione</strong></span> <span class='ocrx_word' id='word_1_468' title='bbox 3283 2489 3554 2546; x_wconf 87' lang='lat' dir='ltr'><strong>veritatis.</strong></span> 
     </span>
    </p>
   </div>
   <div class='ocr_carea' id='block_1_67' title="bbox 2051 2570 3558 2645">
    <p class='ocr_par' dir='ltr' id='par_1_67' title="bbox 2051 2570 3558 2645">
     <span class='ocr_line' id='line_1_67' title="bbox 2051 2570 3558 2645; baseline 0.007 -20"><span class='ocrx_word' id='word_1_469' title='bbox 2051 2593 2071 2616; x_wconf 71' lang='grc' dir='ltr'>ι</span> <span class='ocrx_word' id='word_1_470' title='bbox 2102 2570 2323 2628; x_wconf 89' lang='lat' dir='ltr'><strong>Vocatis</strong></span> <span class='ocrx_word' id='word_1_471' title='bbox 2351 2573 2574 2628; x_wconf 87' lang='lat' dir='ltr'><strong>sanctis.</strong></span> <span class='ocrx_word' id='word_1_472' title='bbox 2603 2596 2622 2619; x_wconf 75' lang='grc' dir='ltr'><strong><em>ι</em></strong></span> <span class='ocrx_word' id='word_1_473' title='bbox 2664 2571 2780 2630; x_wconf 86' lang='lat' dir='ltr'><strong>Hoc</strong></span> <span class='ocrx_word' id='word_1_474' title='bbox 2799 2582 2901 2641; x_wconf 89' lang='lat' dir='ltr'><strong>est,</strong></span> <span class='ocrx_word' id='word_1_475' title='bbox 2946 2575 3131 2630; x_wconf 88' lang='lat' dir='ltr'><strong>vocati</strong></span> <span class='ocrx_word' id='word_1_476' title='bbox 3162 2576 3312 2645; x_wconf 89' lang='lat' dir='ltr'><strong>estis,</strong></span> <span class='ocrx_word' id='word_1_477' title='bbox 3339 2585 3400 2633; x_wconf 93' lang='lat' dir='ltr'><strong>ut</strong></span> <span class='ocrx_word' id='word_1_478' title='bbox 3423 2595 3558 2634; x_wconf 89' lang='lat' dir='ltr'><strong>san-</strong></span> 
     </span>
    </p>
   </div>
   <div class='ocr_carea' id='block_1_68' title="bbox 1967 2657 3556 2736">
    <p class='ocr_par' dir='ltr' id='par_1_68' title="bbox 1967 2657 3556 2736">
     <span class='ocr_line' id='line_1_68' title="bbox 1967 2657 3556 2736; baseline 0.005 -22"><span class='ocrx_word' id='word_1_479' title='bbox 1967 2657 2041 2714; x_wconf 88' lang='lat' dir='ltr'><strong>cti</strong></span> <span class='ocrx_word' id='word_1_480' title='bbox 2071 2657 2193 2715; x_wconf 92' lang='lat' dir='ltr'><strong>sitis</strong></span> <span class='ocrx_word' id='word_1_481' title='bbox 2224 2677 2235 2714; x_wconf 94' lang='lat'>:</span> <span class='ocrx_word' id='word_1_482' title='bbox 2268 2660 2416 2732; x_wconf 91' lang='lat' dir='ltr'><strong>quod</strong></span> <span class='ocrx_word' id='word_1_483' title='bbox 2445 2667 2547 2728; x_wconf 90' lang='lat' dir='ltr'><strong>est,</strong></span> <span class='ocrx_word' id='word_1_484' title='bbox 2579 2670 2640 2716; x_wconf 90' lang='lat' dir='ltr'><strong>ut</strong></span> <span class='ocrx_word' id='word_1_485' title='bbox 2670 2677 2779 2716; x_wconf 89' lang='lat' dir='ltr'><strong>non</strong></span> <span class='ocrx_word' id='word_1_486' title='bbox 2833 2661 3097 2718; x_wconf 89' lang='lat' dir='ltr'><strong>recedatis</strong></span> <span class='ocrx_word' id='word_1_487' title='bbox 3130 2681 3162 2718; x_wconf 89' lang='lat' dir='ltr'><strong>a</strong></span> <span class='ocrx_word' id='word_1_488' title='bbox 3190 2667 3374 2736; x_wconf 80' lang='lat' dir='ltr'><strong>régula</strong></span> <span class='ocrx_word' id='word_1_489' title='bbox 3421 2683 3556 2722; x_wconf 89' lang='lat' dir='ltr'><strong>san-</strong></span> 
     </span>
    </p>
   </div>
   <div class='ocr_carea' id='block_1_69' title="bbox 1965 2746 3549 2821">
    <p class='ocr_par' dir='ltr' id='par_1_69' title="bbox 1965 2746 3549 2821">
     <span class='ocr_line' id='line_1_69' title="bbox 1965 2746 3549 2821; baseline 0.005 -19"><span class='ocrx_word' id='word_1_490' title='bbox 1965 2746 2341 2803; x_wconf 81' lang='lat' dir='ltr'><strong>ctiﬁcationis.</strong></span> <span class='ocrx_word' id='word_1_491' title='bbox 2380 2774 2398 2796; x_wconf 76' lang='grc' dir='ltr'>ι</span> <span class='ocrx_word' id='word_1_492' title='bbox 2428 2748 2565 2804; x_wconf 93' lang='lat' dir='ltr'><strong>Cum</strong></span> <span class='ocrx_word' id='word_1_493' title='bbox 2595 2749 2856 2805; x_wconf 90' lang='lat' dir='ltr'><strong>omnibus</strong></span> <span class='ocrx_word' id='word_1_494' title='bbox 2897 2751 2993 2821; x_wconf 91' lang='lat' dir='ltr'><strong>qui</strong></span> <span class='ocrx_word' id='word_1_495' title='bbox 3045 2752 3305 2808; x_wconf 88' lang='lat' dir='ltr'><strong>invocant</strong></span> <span class='ocrx_word' id='word_1_496' title='bbox 3352 2770 3549 2810; x_wconf 91' lang='lat' dir='ltr'><strong>nomen</strong></span> 
     </span>
    </p>
   </div>
   <div class='ocr_carea' id='block_1_70' title="bbox 1965 2835 3559 2911">
    <p class='ocr_par' dir='ltr' id='par_1_70' title="bbox 1965 2835 3559 2911">
     <span class='ocr_line' id='line_1_70' title="bbox 1965 2835 3559 2911; baseline 0.006 -22"><span class='ocrx_word' id='word_1_497' title='bbox 1965 2835 2187 2890; x_wconf 88' lang='lat' dir='ltr'><strong>Domini</strong></span> <span class='ocrx_word' id='word_1_498' title='bbox 2218 2836 2346 2892; x_wconf 87' lang='lat' dir='ltr'><strong>Iesu</strong></span> <span class='ocrx_word' id='word_1_499' title='bbox 2383 2835 2611 2904; x_wconf 88' lang='lat' dir='ltr'><strong>Christi,</strong></span> <span class='ocrx_word' id='word_1_500' title='bbox 2637 2835 2695 2890; x_wconf 92' lang='lat' dir='ltr'><strong>in</strong></span> <span class='ocrx_word' id='word_1_501' title='bbox 2727 2839 2878 2891; x_wconf 92' lang='lat' dir='ltr'><strong>omni</strong></span> <span class='ocrx_word' id='word_1_502' title='bbox 2925 2840 3044 2894; x_wconf 92' lang='lat' dir='ltr'><strong>loco</strong></span> <span class='ocrx_word' id='word_1_503' title='bbox 3089 2839 3333 2911; x_wconf 87' lang='lat' dir='ltr'><strong>ipsorum</strong></span> <span class='ocrx_word' id='word_1_504' title='bbox 3362 2851 3416 2897; x_wconf 92' lang='lat' dir='ltr'><strong>et</strong></span> <span class='ocrx_word' id='word_1_505' title='bbox 3447 2859 3559 2898; x_wconf 90' lang='lat' dir='ltr'><strong>no-</strong></span> 
     </span>
    </p>
   </div>
   <div class='ocr_carea' id='block_1_71' title="bbox 1965 2924 3558 3001">
    <p class='ocr_par' dir='ltr' id='par_1_71' title="bbox 1965 2924 3558 3001">
     <span class='ocr_line' id='line_1_71' title="bbox 1965 2924 3558 3001; baseline 0.005 -23"><span class='ocrx_word' id='word_1_506' title='bbox 1965 2930 2098 2979; x_wconf 90' lang='lat' dir='ltr'><strong>stro.</strong></span> <span class='ocrx_word' id='word_1_507' title='bbox 2133 2950 2152 2972; x_wconf 79' lang='lat'><strong><em>-</em></strong></span> <span class='ocrx_word' id='word_1_508' title='bbox 2195 2924 2258 2980; x_wconf 93' lang='lat' dir='ltr'><strong>Id</strong></span> <span class='ocrx_word' id='word_1_509' title='bbox 2285 2932 2385 2992; x_wconf 90' lang='lat' dir='ltr'><strong>est,</strong></span> <span class='ocrx_word' id='word_1_510' title='bbox 2418 2941 2544 2981; x_wconf 90' lang='lat' dir='ltr'><strong>cum</strong></span> <span class='ocrx_word' id='word_1_511' title='bbox 2573 2924 2778 2980; x_wconf 70' lang='lat' dir='ltr'><strong>Iudaeis</strong></span> <span class='ocrx_word' id='word_1_512' title='bbox 2824 2925 2970 2980; x_wconf 86' lang='lat' dir='ltr'><strong>veris</strong></span> <span class='ocrx_word' id='word_1_513' title='bbox 3025 2925 3215 2998; x_wconf 91' lang='lat' dir='ltr'><strong>jungit</strong></span> <span class='ocrx_word' id='word_1_514' title='bbox 3259 2937 3313 2984; x_wconf 91' lang='lat' dir='ltr'><strong>et</strong></span> <span class='ocrx_word' id='word_1_515' title='bbox 3351 2939 3558 3001; x_wconf 87' lang='lat' dir='ltr'><strong>gentes,</strong></span> 
     </span>
    </p>
   </div>
   <div class='ocr_carea' id='block_1_72' title="bbox 1965 3012 3554 3085">
    <p class='ocr_par' dir='ltr' id='par_1_72' title="bbox 1965 3012 3554 3085">
     <span class='ocr_line' id='line_1_72' title="bbox 1965 3012 3554 3085; baseline 0.004 -18"><span class='ocrx_word' id='word_1_516' title='bbox 1965 3012 2094 3085; x_wconf 88' lang='lat' dir='ltr'><strong>quia</strong></span> <span class='ocrx_word' id='word_1_517' title='bbox 2126 3037 2144 3059; x_wconf 76' lang='grc' dir='ltr'>ι</span> <span class='ocrx_word' id='word_1_518' title='bbox 2164 3015 2310 3069; x_wconf 88' lang='lat' dir='ltr'><strong>salus</strong></span> <span class='ocrx_word' id='word_1_519' title='bbox 2334 3029 2403 3068; x_wconf 87' lang='lat' dir='ltr'><strong>ex</strong></span> <span class='ocrx_word' id='word_1_520' title='bbox 2431 3012 2634 3068; x_wconf 63' lang='lat' dir='ltr'><strong>Iudaeis</strong></span> <span class='ocrx_word' id='word_1_521' title='bbox 2660 3020 2742 3068; x_wconf 87' lang='lat' dir='ltr'><strong>est</strong></span> <span class='ocrx_word' id='word_1_522' title='bbox 2772 3013 2955 3083; x_wconf 86' lang='lat' dir='ltr'><strong>(Jona.</strong></span> <span class='ocrx_word' id='word_1_523' title='bbox 2979 3030 3056 3081; x_wconf 82' lang='grc' dir='ltr'><strong>ιν,</strong></span> <span class='ocrx_word' id='word_1_524' title='bbox 3075 3015 3166 3083; x_wconf 77' lang='lat'><strong>22)</strong></span> <span class='ocrx_word' id='word_1_525' title='bbox 3192 3033 3206 3080; x_wconf 91' lang='lat'><strong>;</strong></span> <span class='ocrx_word' id='word_1_526' title='bbox 3235 3023 3296 3070; x_wconf 92' lang='lat' dir='ltr'><strong>ut</strong></span> <span class='ocrx_word' id='word_1_527' title='bbox 3323 3017 3380 3071; x_wconf 90' lang='lat' dir='ltr'><strong>in</strong></span> <span class='ocrx_word' id='word_1_528' title='bbox 3403 3021 3554 3074; x_wconf 88' lang='lat' dir='ltr'><strong>omni</strong></span> 
     </span>
    </p>
   </div>
   <div class='ocr_carea' id='block_1_73' title="bbox 1964 3101 3552 3174">
    <p class='ocr_par' dir='ltr' id='par_1_73' title="bbox 1964 3101 3552 3174">
     <span class='ocr_line' id='line_1_73' title="bbox 1964 3101 3552 3174; baseline 0.004 -18"><span class='ocrx_word' id='word_1_529' title='bbox 1964 3101 2086 3158; x_wconf 91' lang='lat' dir='ltr'><strong>loco</strong></span> <span class='ocrx_word' id='word_1_530' title='bbox 2116 3102 2209 3156; x_wconf 89' lang='lat' dir='ltr'><strong>ubi</strong></span> <span class='ocrx_word' id='word_1_531' title='bbox 2241 3110 2448 3174; x_wconf 90' lang='lat' dir='ltr'><strong>gentes,</strong></span> <span class='ocrx_word' id='word_1_532' title='bbox 2481 3117 2601 3174; x_wconf 65' lang='lat' dir='ltr'><strong>quae</strong></span> <span class='ocrx_word' id='word_1_533' title='bbox 2633 3102 2895 3158; x_wconf 88' lang='lat' dir='ltr'><strong>invocant</strong></span> <span class='ocrx_word' id='word_1_534' title='bbox 2914 3117 3117 3157; x_wconf 89' lang='lat' dir='ltr'><strong>nomen</strong></span> <span class='ocrx_word' id='word_1_535' title='bbox 3138 3104 3359 3159; x_wconf 90' lang='lat' dir='ltr'><strong>Domini</strong></span> <span class='ocrx_word' id='word_1_536' title='bbox 3381 3107 3552 3162; x_wconf 88' lang='lat' dir='ltr'><strong>nostri</strong></span> 
     </span>
    </p>
   </div>
   <div class='ocr_carea' id='block_1_74' title="bbox 1963 3190 3541 3263">
    <p class='ocr_par' dir='ltr' id='par_1_74' title="bbox 1963 3190 3541 3263">
     <span class='ocr_line' id='line_1_74' title="bbox 1963 3190 3541 3263; baseline 0.002 -15"><span class='ocrx_word' id='word_1_537' title='bbox 1963 3191 2090 3248; x_wconf 88' lang='lat' dir='ltr'><strong>Iesu</strong></span> <span class='ocrx_word' id='word_1_538' title='bbox 2122 3191 2328 3248; x_wconf 88' lang='lat' dir='ltr'><strong>Christi</strong></span> <span class='ocrx_word' id='word_1_539' title='bbox 2362 3210 2374 3248; x_wconf 93' lang='lat'>:</span> <span class='ocrx_word' id='word_1_540' title='bbox 2406 3199 2462 3248; x_wconf 92' lang='lat' dir='ltr'><strong>et</strong></span> <span class='ocrx_word' id='word_1_541' title='bbox 2508 3191 2604 3247; x_wconf 89' lang='lat' dir='ltr'><strong>ubi</strong></span> <span class='ocrx_word' id='word_1_542' title='bbox 2633 3190 2807 3247; x_wconf 66' lang='lat' dir='ltr'><strong>Judaei</strong></span> <span class='ocrx_word' id='word_1_543' title='bbox 2853 3207 3018 3263; x_wconf 89' lang='lat' dir='ltr'><strong>supra</strong></span> <span class='ocrx_word' id='word_1_544' title='bbox 3059 3201 3349 3249; x_wconf 77' lang='lat' dir='ltr'><strong>memorati</strong></span> <span class='ocrx_word' id='word_1_545' title='bbox 3393 3203 3541 3263; x_wconf 91' lang='lat' dir='ltr'><strong>sunt,</strong></span> 
     </span>
    </p>
   </div>
   <div class='ocr_carea' id='block_1_75' title="bbox 1963 3288 3543 3361">
    <p class='ocr_par' dir='ltr' id='par_1_75' title="bbox 1963 3288 3543 3361">
     <span class='ocr_line' id='line_1_75' title="bbox 1963 3288 3543 3361; baseline 0.003 -17"><span class='ocrx_word' id='word_1_546' title='bbox 1963 3288 2220 3344; x_wconf 89' lang='lat' dir='ltr'><strong>similiter</strong></span> <span class='ocrx_word' id='word_1_547' title='bbox 2247 3298 2376 3346; x_wconf 89' lang='lat' dir='ltr'><strong>sunt</strong></span> <span class='ocrx_word' id='word_1_548' title='bbox 2407 3305 2604 3345; x_wconf 91' lang='lat' dir='ltr'><strong>omnes</strong></span> <span class='ocrx_word' id='word_1_549' title='bbox 2642 3305 2836 3344; x_wconf 88' lang='lat' dir='ltr'><strong>unum.</strong></span> <span class='ocrx_word' id='word_1_550' title='bbox 2888 3289 3334 3361; x_wconf 89' lang='lat' dir='ltr'><strong>Pseudoapostoli</strong></span> <span class='ocrx_word' id='word_1_551' title='bbox 3373 3293 3543 3361; x_wconf 92' lang='lat' dir='ltr'><strong>enim,</strong></span> 
     </span>
    </p>
   </div>
   <div class='ocr_carea' id='block_1_76' title="bbox 1965 3378 3545 3451">
    <p class='ocr_par' dir='ltr' id='par_1_76' title="bbox 1965 3378 3545 3451">
     <span class='ocr_line' id='line_1_76' title="bbox 1965 3378 3545 3451; baseline 0.003 -18"><span class='ocrx_word' id='word_1_552' title='bbox 1965 3379 2060 3450; x_wconf 88' lang='lat' dir='ltr'><strong>qui</strong></span> <span class='ocrx_word' id='word_1_553' title='bbox 2091 3395 2289 3433; x_wconf 88' lang='lat' dir='ltr'><strong>nomen</strong></span> <span class='ocrx_word' id='word_1_554' title='bbox 2320 3378 2525 3435; x_wconf 85' lang='lat' dir='ltr'><strong>Christi</strong></span> <span class='ocrx_word' id='word_1_555' title='bbox 2557 3395 2652 3449; x_wconf 90' lang='lat' dir='ltr'><strong>per</strong></span> <span class='ocrx_word' id='word_1_556' title='bbox 2679 3378 3029 3449; x_wconf 89' lang='lat' dir='ltr'><strong>prudentiam</strong></span> <span class='ocrx_word' id='word_1_557' title='bbox 3062 3379 3254 3433; x_wconf 90' lang='lat' dir='ltr'><strong>mundi</strong></span> <span class='ocrx_word' id='word_1_558' title='bbox 3288 3381 3545 3451; x_wconf 72' lang='lat' dir='ltr'><strong>praedica-</strong></span> 
     </span>
    </p>
   </div>
   <div class='ocr_carea' id='block_1_77' title="bbox 1964 3464 3550 3540">
    <p class='ocr_par' dir='ltr' id='par_1_77' title="bbox 1964 3464 3550 3540">
     <span class='ocr_line' id='line_1_77' title="bbox 1964 3464 3550 3540; baseline 0.004 -20"><span class='ocrx_word' id='word_1_559' title='bbox 1964 3464 2118 3532; x_wconf 90' lang='lat' dir='ltr'><strong>bant,</strong></span> <span class='ocrx_word' id='word_1_560' title='bbox 2149 3465 2207 3523; x_wconf 92' lang='lat' dir='ltr'><strong>id</strong></span> <span class='ocrx_word' id='word_1_561' title='bbox 2236 3476 2336 3535; x_wconf 90' lang='lat' dir='ltr'><strong>est,</strong></span> <span class='ocrx_word' id='word_1_562' title='bbox 2389 3466 2625 3521; x_wconf 90' lang='lat' dir='ltr'><strong>admista</strong></span> <span class='ocrx_word' id='word_1_563' title='bbox 2671 3464 3041 3538; x_wconf 90' lang='lat' dir='ltr'><strong>philosophia,</strong></span> <span class='ocrx_word' id='word_1_564' title='bbox 3089 3473 3327 3522; x_wconf 90' lang='lat' dir='ltr'><strong>veterem</strong></span> <span class='ocrx_word' id='word_1_565' title='bbox 3383 3469 3550 3540; x_wconf 91' lang='lat' dir='ltr'><strong>legem</strong></span> 
     </span>
    </p>
   </div>
   <div class='ocr_carea' id='block_1_78' title="bbox 1965 3555 3548 3628">
    <p class='ocr_par' dir='ltr' id='par_1_78' title="bbox 1965 3555 3548 3628">
     <span class='ocr_line' id='line_1_78' title="bbox 1965 3555 3548 3628; baseline 0.002 -16"><span class='ocrx_word' id='word_1_566' title='bbox 1965 3564 2019 3612; x_wconf 93' lang='lat' dir='ltr'><strong>et</strong></span> <span class='ocrx_word' id='word_1_567' title='bbox 2037 3557 2328 3628; x_wconf 89' lang='lat' dir='ltr'><strong>prophetas</strong></span> <span class='ocrx_word' id='word_1_568' title='bbox 2355 3557 2717 3628; x_wconf 89' lang='lat' dir='ltr'><strong>reprobabant</strong></span> <span class='ocrx_word' id='word_1_569' title='bbox 2743 3575 2756 3622; x_wconf 89' lang='lat'>;</span> <span class='ocrx_word' id='word_1_570' title='bbox 2790 3555 3061 3626; x_wconf 88' lang='lat' dir='ltr'><strong>negabant</strong></span> <span class='ocrx_word' id='word_1_571' title='bbox 3089 3556 3238 3611; x_wconf 91' lang='lat' dir='ltr'><strong>enim</strong></span> <span class='ocrx_word' id='word_1_572' title='bbox 3270 3556 3548 3615; x_wconf 88' lang='lat' dir='ltr'><strong>Christum</strong></span> 
     </span>
    </p>
   </div>
   <div class='ocr_carea' id='block_1_79' title="bbox 1965 3645 3553 3718">
    <p class='ocr_par' dir='ltr' id='par_1_79' title="bbox 1965 3645 3553 3718">
     <span class='ocr_line' id='line_1_79' title="bbox 1965 3645 3553 3718; baseline 0.003 -18"><span class='ocrx_word' id='word_1_573' title='bbox 1965 3661 2093 3701; x_wconf 90' lang='lat' dir='ltr'><strong>vere</strong></span> <span class='ocrx_word' id='word_1_574' title='bbox 2120 3645 2472 3713; x_wconf 88' lang='lat' dir='ltr'><strong>cruciﬁxum,</strong></span> <span class='ocrx_word' id='word_1_575' title='bbox 2503 3645 2595 3701; x_wconf 89' lang='lat' dir='ltr'><strong>sed</strong></span> <span class='ocrx_word' id='word_1_576' title='bbox 2625 3653 2840 3700; x_wconf 88' lang='lat' dir='ltr'><strong>tantum</strong></span> <span class='ocrx_word' id='word_1_577' title='bbox 2872 3645 3052 3699; x_wconf 89' lang='lat' dir='ltr'><strong>visum</strong></span> <span class='ocrx_word' id='word_1_578' title='bbox 3084 3645 3362 3718; x_wconf 81' lang='lat' dir='ltr'><strong>cruciﬁgi,</strong></span> <span class='ocrx_word' id='word_1_579' title='bbox 3409 3648 3553 3704; x_wconf 90' lang='lat' dir='ltr'><strong>sicut</strong></span> 
     </span>
    </p>
   </div>
   <div class='ocr_carea' id='block_1_80' title="bbox 1880 3732 3552 3817">
    <p class='ocr_par' dir='ltr' id='par_1_80' title="bbox 1880 3732 3552 3817">
     <span class='ocr_line' id='line_1_80' title="bbox 1880 3732 3552 3817; baseline 0 -23"><span class='ocrx_word' id='word_1_580' title='bbox 1880 3757 1924 3817; x_wconf 74' lang='grc' dir='ltr'>ο</span> <span class='ocrx_word' id='word_1_581' title='bbox 1963 3735 2206 3794; x_wconf 86' lang='lat' dir='ltr'><strong>Marcion</strong></span> <span class='ocrx_word' id='word_1_582' title='bbox 2239 3735 2354 3808; x_wconf 88' lang='lat'><strong>(66)</strong></span> <span class='ocrx_word' id='word_1_583' title='bbox 2386 3743 2441 3791; x_wconf 92' lang='lat' dir='ltr'><strong>et</strong></span> <span class='ocrx_word' id='word_1_584' title='bbox 2469 3735 2823 3792; x_wconf 67' lang='lat' dir='ltr'><strong>Manichacus.</strong></span> <span class='ocrx_word' id='word_1_585' title='bbox 2847 3732 3001 3790; x_wconf 88' lang='lat' dir='ltr'><strong>Unde</strong></span> <span class='ocrx_word' id='word_1_586' title='bbox 3027 3735 3360 3805; x_wconf 83' lang='lat' dir='ltr'><strong>Apostolus:</strong></span> <span class='ocrx_word' id='word_1_587' title='bbox 3407 3738 3552 3795; x_wconf 67' lang='lat' dir='ltr'><strong>«Nos</strong></span> 
     </span>
    </p>
   </div>
   <div class='ocr_carea' id='block_1_81' title="bbox 1963 3821 3547 3897">
    <p class='ocr_par' dir='ltr' id='par_1_81' title="bbox 1963 3821 3547 3897">
     <span class='ocr_line' id='line_1_81' title="bbox 1963 3821 3547 3897; baseline 0.001 -16"><span class='ocrx_word' id='word_1_588' title='bbox 1963 3833 2169 3893; x_wconf 87' lang='lat' dir='ltr'><strong>autem,</strong></span> <span class='ocrx_word' id='word_1_589' title='bbox 2212 3825 2413 3897; x_wconf 88' lang='lat' dir='ltr'><strong>inquit,</strong></span> <span class='ocrx_word' id='word_1_590' title='bbox 2462 3824 2823 3896; x_wconf 66' lang='lat' dir='ltr'><strong>praedicamus</strong></span> <span class='ocrx_word' id='word_1_591' title='bbox 2885 3821 3170 3880; x_wconf 89' lang='lat' dir='ltr'><strong>Christum</strong></span> <span class='ocrx_word' id='word_1_592' title='bbox 3219 3825 3547 3882; x_wconf 78' lang='lat' dir='ltr'><strong>cruciﬁxum</strong></span> 
     </span>
    </p>
   </div>
   <div class='ocr_carea' id='block_1_82' title="bbox 1967 3911 3551 3988">
    <p class='ocr_par' dir='ltr' id='par_1_82' title="bbox 1967 3911 3551 3988">
     <span class='ocr_line' id='line_1_82' title="bbox 1967 3911 3551 3988; baseline 0 -17"><span class='ocrx_word' id='word_1_593' title='bbox 1967 3916 2026 3988; x_wconf 94' lang='lat' dir='ltr'><strong>(I</strong></span> <span class='ocrx_word' id='word_1_594' title='bbox 2067 3916 2191 3972; x_wconf 84' lang='lat' dir='ltr'><strong>Cor.</strong></span> <span class='ocrx_word' id='word_1_595' title='bbox 2227 3934 2263 3983; x_wconf 85' lang='grc' dir='ltr'><strong>ι,</strong></span> <span class='ocrx_word' id='word_1_596' title='bbox 2295 3915 2410 3986; x_wconf 82' lang='grc'><strong>23).</strong></span> <span class='ocrx_word' id='word_1_597' title='bbox 2452 3939 2469 3959; x_wconf 86' lang='lat'><strong>-</strong></span> <span class='ocrx_word' id='word_1_598' title='bbox 2512 3914 2696 3986; x_wconf 72' lang='lat' dir='ltr'><strong>Neque</strong></span> <span class='ocrx_word' id='word_1_599' title='bbox 2723 3911 2905 3970; x_wconf 88' lang='lat' dir='ltr'><strong>carnis</strong></span> <span class='ocrx_word' id='word_1_600' title='bbox 2956 3915 3412 3971; x_wconf 88' lang='lat' dir='ltr'><strong>resurrectionem</strong></span> <span class='ocrx_word' id='word_1_601' title='bbox 3458 3915 3551 3972; x_wconf 85' lang='lat' dir='ltr'><strong>fa-</strong></span> 
     </span>
    </p>
   </div>
   <div class='ocr_carea' id='block_1_83' title="bbox 1962 4000 3542 4076">
    <p class='ocr_par' dir='ltr' id='par_1_83' title="bbox 1962 4000 3542 4076">
     <span class='ocr_line' id='line_1_83' title="bbox 1962 4000 3542 4076; baseline 0.001 -16"><span class='ocrx_word' id='word_1_602' title='bbox 1962 4003 2238 4072; x_wconf 86' lang='lat' dir='ltr'><strong>tebantur,</strong></span> <span class='ocrx_word' id='word_1_603' title='bbox 2287 4002 2434 4076; x_wconf 90' lang='lat' dir='ltr'><strong>quod</strong></span> <span class='ocrx_word' id='word_1_604' title='bbox 2494 4001 2761 4076; x_wconf 89' lang='lat' dir='ltr'><strong>propheta</strong></span> <span class='ocrx_word' id='word_1_605' title='bbox 2810 4000 2974 4057; x_wconf 88' lang='lat' dir='ltr'><strong>Isaias</strong></span> <span class='ocrx_word' id='word_1_606' title='bbox 3021 4001 3240 4072; x_wconf 88' lang='lat' dir='ltr'><strong>clamat,</strong></span> <span class='ocrx_word' id='word_1_607' title='bbox 3299 4002 3489 4061; x_wconf 89' lang='lat' dir='ltr'><strong>dicens</strong></span> <span class='ocrx_word' id='word_1_608' title='bbox 3530 4022 3542 4061; x_wconf 87' lang='lat'><strong><em>:</em></strong></span> 
     </span>
    </p>
   </div>
   <div class='ocr_carea' id='block_1_84' title="bbox 1974 4093 3537 4166">
    <p class='ocr_par' dir='ltr' id='par_1_84' title="bbox 1974 4093 3537 4166">
     <span class='ocr_line' id='line_1_84' title="bbox 1974 4093 3537 4166; baseline -0.003 -17"><span class='ocrx_word' id='word_1_609' title='bbox 1974 4117 1992 4140; x_wconf 84' lang='grc'><strong><em>‹</em></strong></span> <span class='ocrx_word' id='word_1_610' title='bbox 2010 4093 2116 4162; x_wconf 90' lang='lat' dir='ltr'><strong>Qui</strong></span> <span class='ocrx_word' id='word_1_611' title='bbox 2135 4094 2190 4149; x_wconf 90' lang='lat' dir='ltr'><strong>in</strong></span> <span class='ocrx_word' id='word_1_612' title='bbox 2211 4093 2584 4150; x_wconf 88' lang='lat' dir='ltr'><strong>monumentis</strong></span> <span class='ocrx_word' id='word_1_613' title='bbox 2602 4099 2732 4148; x_wconf 88' lang='lat' dir='ltr'><strong>sunt</strong></span> <span class='ocrx_word' id='word_1_614' title='bbox 2748 4099 3034 4163; x_wconf 90' lang='lat' dir='ltr'><strong>resurgent</strong></span> <span class='ocrx_word' id='word_1_615' title='bbox 3052 4093 3186 4162; x_wconf 80' lang='lat' dir='ltr'><strong>(Isa.</strong></span> <span class='ocrx_word' id='word_1_616' title='bbox 3210 4108 3369 4161; x_wconf 75' lang='lat' dir='ltr'><strong>xxvi,</strong></span> <span class='ocrx_word' id='word_1_617' title='bbox 3391 4093 3502 4166; x_wconf 89' lang='grc'><strong>19).</strong></span> <span class='ocrx_word' id='word_1_618' title='bbox 3517 4120 3537 4143; x_wconf 76' lang='grc' dir='ltr'><strong><em>ι</em></strong></span> 
     </span>
    </p>
   </div>
   <div class='ocr_carea' id='block_1_85' title="bbox 2035 4181 3552 4256">
    <p class='ocr_par' dir='ltr' id='par_1_85' title="bbox 2035 4181 3552 4256">
     <span class='ocr_line' id='line_1_85' title="bbox 2035 4181 3552 4256; baseline 0 -15"><span class='ocrx_word' id='word_1_619' title='bbox 2035 4184 2216 4256; x_wconf 85' lang='lat' dir='ltr'><strong>(Vers.</strong></span> <span class='ocrx_word' id='word_1_620' title='bbox 2257 4183 2313 4256; x_wconf 85' lang='lat'><strong>3)</strong></span> <span class='ocrx_word' id='word_1_621' title='bbox 2367 4209 2385 4231; x_wconf 81' lang='grc' dir='ltr'>ι</span> <span class='ocrx_word' id='word_1_622' title='bbox 2413 4183 2599 4239; x_wconf 89' lang='lat' dir='ltr'><strong>Gratia</strong></span> <span class='ocrx_word' id='word_1_623' title='bbox 2636 4181 2797 4238; x_wconf 89' lang='lat' dir='ltr'><strong>vobis</strong></span> <span class='ocrx_word' id='word_1_624' title='bbox 2830 4188 2883 4236; x_wconf 91' lang='lat' dir='ltr'><strong>et</strong></span> <span class='ocrx_word' id='word_1_625' title='bbox 2913 4197 3020 4253; x_wconf 85' lang='lat' dir='ltr'><strong>pax</strong></span> <span class='ocrx_word' id='word_1_626' title='bbox 3046 4197 3076 4237; x_wconf 92' lang='lat' dir='ltr'><strong>a</strong></span> <span class='ocrx_word' id='word_1_627' title='bbox 3103 4182 3217 4237; x_wconf 92' lang='lat' dir='ltr'><strong>Deo</strong></span> <span class='ocrx_word' id='word_1_628' title='bbox 3244 4183 3402 4239; x_wconf 87' lang='lat' dir='ltr'><strong>Patre</strong></span> <span class='ocrx_word' id='word_1_629' title='bbox 3442 4202 3552 4241; x_wconf 94' lang='lat' dir='ltr'><strong>no—</strong></span> 
     </span>
    </p>
   </div>
   <div class='ocr_carea' id='block_1_86' title="bbox 1959 4270 3545 4342">
    <p class='ocr_par' dir='ltr' id='par_1_86' title="bbox 1959 4270 3545 4342">
     <span class='ocr_line' id='line_1_86' title="bbox 1959 4270 3545 4342; baseline 0.002 -15"><span class='ocrx_word' id='word_1_630' title='bbox 1959 4279 2095 4340; x_wconf 90' lang='lat' dir='ltr'><strong>stro,</strong></span> <span class='ocrx_word' id='word_1_631' title='bbox 2127 4280 2181 4327; x_wconf 92' lang='lat' dir='ltr'><strong>et</strong></span> <span class='ocrx_word' id='word_1_632' title='bbox 2209 4273 2447 4328; x_wconf 90' lang='lat' dir='ltr'><strong>Domino</strong></span> <span class='ocrx_word' id='word_1_633' title='bbox 2473 4273 2600 4328; x_wconf 86' lang='lat' dir='ltr'><strong>Iesu</strong></span> <span class='ocrx_word' id='word_1_634' title='bbox 2631 4270 2874 4328; x_wconf 90' lang='lat' dir='ltr'><strong>Christo.</strong></span> <span class='ocrx_word' id='word_1_635' title='bbox 2919 4295 2938 4317; x_wconf 77' lang='grc' dir='ltr'>ι</span> <span class='ocrx_word' id='word_1_636' title='bbox 2980 4270 3079 4338; x_wconf 88' lang='lat' dir='ltr'><strong>Ne,</strong></span> <span class='ocrx_word' id='word_1_637' title='bbox 3111 4271 3240 4342; x_wconf 90' lang='lat' dir='ltr'><strong>quia</strong></span> <span class='ocrx_word' id='word_1_638' title='bbox 3281 4272 3498 4330; x_wconf 82' lang='lat' dir='ltr'><strong>dixerat</strong></span> <span class='ocrx_word' id='word_1_639' title='bbox 3532 4293 3545 4330; x_wconf 73' lang='grc' dir='ltr'>ε</span> 
     </span>
    </p>
   </div>
   <div class='ocr_carea' id='block_1_87' title="bbox 1971 4360 3534 4429">
    <p class='ocr_par' dir='ltr' id='par_1_87' title="bbox 1971 4360 3534 4429">
     <span class='ocr_line' id='line_1_87' title="bbox 1971 4360 3534 4429; baseline 0.002 -11"><span class='ocrx_word' id='word_1_640' title='bbox 1971 4384 1990 4408; x_wconf 78' lang='grc' dir='ltr'>ι</span> <span class='ocrx_word' id='word_1_641' title='bbox 2017 4361 2121 4429; x_wconf 89' lang='lat' dir='ltr'><strong>Qui</strong></span> <span class='ocrx_word' id='word_1_642' title='bbox 2153 4362 2414 4418; x_wconf 88' lang='lat' dir='ltr'><strong>invocant</strong></span> <span class='ocrx_word' id='word_1_643' title='bbox 2443 4377 2645 4418; x_wconf 90' lang='lat' dir='ltr'><strong>nomen</strong></span> <span class='ocrx_word' id='word_1_644' title='bbox 2670 4360 2896 4418; x_wconf 89' lang='lat' dir='ltr'><strong>Domini</strong></span> <span class='ocrx_word' id='word_1_645' title='bbox 2927 4362 3101 4417; x_wconf 90' lang='lat' dir='ltr'><strong>nostri</strong></span> <span class='ocrx_word' id='word_1_646' title='bbox 3131 4361 3257 4418; x_wconf 88' lang='lat' dir='ltr'><strong>Iesu</strong></span> <span class='ocrx_word' id='word_1_647' title='bbox 3283 4362 3534 4421; x_wconf 66' lang='lat' dir='ltr'><strong>Christi.»</strong></span> 
     </span>
    </p>
   </div>
   <div class='ocr_carea' id='block_1_88' title="bbox 1956 4448 3542 4508">
    <p class='ocr_par' dir='ltr' id='par_1_88' title="bbox 1956 4448 3542 4508">
     <span class='ocr_line' id='line_1_88' title="bbox 1956 4448 3542 4508; baseline 0.003 -4"><span class='ocrx_word' id='word_1_648' title='bbox 1956 4448 2132 4505; x_wconf 88' lang='lat' dir='ltr'><strong>Patris</strong></span> <span class='ocrx_word' id='word_1_649' title='bbox 2174 4457 2268 4506; x_wconf 91' lang='lat' dir='ltr'><strong>aut</strong></span> <span class='ocrx_word' id='word_1_650' title='bbox 2311 4466 2513 4506; x_wconf 90' lang='lat' dir='ltr'><strong>nomen</strong></span> <span class='ocrx_word' id='word_1_651' title='bbox 2563 4456 2657 4505; x_wconf 88' lang='lat' dir='ltr'><strong>aut</strong></span> <span class='ocrx_word' id='word_1_652' title='bbox 2702 4449 2910 4504; x_wconf 92' lang='lat' dir='ltr'><strong>donum</strong></span> <span class='ocrx_word' id='word_1_653' title='bbox 2961 4449 3194 4505; x_wconf 90' lang='lat' dir='ltr'><strong>tacuisse</strong></span> <span class='ocrx_word' id='word_1_654' title='bbox 3237 4450 3542 4508; x_wconf 81' lang='lat' dir='ltr'><strong>videretur.</strong></span> 
     </span>
    </p>
   </div>
   <div class='ocr_carea' id='block_1_89' title="bbox 1955 4536 3538 4611">
    <p class='ocr_par' dir='ltr' id='par_1_89' title="bbox 1955 4536 3538 4611">
     <span class='ocr_line' id='line_1_89' title="bbox 1955 4536 3538 4611; baseline 0.001 -17"><span class='ocrx_word' id='word_1_655' title='bbox 1955 4548 2009 4595; x_wconf 93' lang='lat' dir='ltr'><strong>et</strong></span> <span class='ocrx_word' id='word_1_656' title='bbox 2037 4540 2402 4611; x_wconf 89' lang='lat' dir='ltr'><strong>suspicionem</strong></span> <span class='ocrx_word' id='word_1_657' title='bbox 2422 4539 2561 4595; x_wconf 85' lang='lat' dir='ltr'><strong>forte</strong></span> <span class='ocrx_word' id='word_1_658' title='bbox 2586 4545 2680 4594; x_wconf 90' lang='lat' dir='ltr'><strong>aut</strong></span> <span class='ocrx_word' id='word_1_659' title='bbox 2714 4539 3104 4594; x_wconf 88' lang='lat' dir='ltr'><strong>occasionnem</strong></span> <span class='ocrx_word' id='word_1_660' title='bbox 3136 4536 3291 4593; x_wconf 89' lang='lat' dir='ltr'><strong>daret</strong></span> <span class='ocrx_word' id='word_1_661' title='bbox 3315 4539 3538 4597; x_wconf 91' lang='lat' dir='ltr'><strong>unionis</strong></span> 
     </span>
    </p>
   </div>
   <div class='ocr_carea' id='block_1_90' title="bbox 1955 4623 3545 4703">
    <p class='ocr_par' dir='ltr' id='par_1_90' title="bbox 1955 4623 3545 4703">
     <span class='ocr_line' id='line_1_90' title="bbox 1955 4623 3545 4703; baseline -0.001 -18"><span class='ocrx_word' id='word_1_662' title='bbox 1955 4629 2112 4686; x_wconf 87' lang='lat' dir='ltr'><strong>docet</strong></span> <span class='ocrx_word' id='word_1_663' title='bbox 2141 4630 2362 4703; x_wconf 88' lang='lat' dir='ltr'><strong>quidem</strong></span> <span class='ocrx_word' id='word_1_664' title='bbox 2389 4628 2672 4687; x_wconf 86' lang='lat' dir='ltr'><strong>Christum</strong></span> <span class='ocrx_word' id='word_1_665' title='bbox 2735 4627 2809 4682; x_wconf 89' lang='lat' dir='ltr'><strong>ite</strong></span> <span class='ocrx_word' id='word_1_666' title='bbox 2837 4627 3043 4682; x_wconf 86' lang='lat' dir='ltr'><strong>invoca</strong></span> <span class='ocrx_word' id='word_1_667' title='bbox 3060 4623 3254 4692; x_wconf 86' lang='lat' dir='ltr'><strong>udum,</strong></span> <span class='ocrx_word' id='word_1_668' title='bbox 3289 4626 3383 4681; x_wconf 91' lang='lat' dir='ltr'><strong>sed</strong></span> <span class='ocrx_word' id='word_1_669' title='bbox 3415 4645 3545 4684; x_wconf 91' lang='lat' dir='ltr'><strong>om-</strong></span> 
     </span>
    </p>
   </div>
   <div class='ocr_carea' id='block_1_91' title="bbox 1953 4713 3540 4792">
    <p class='ocr_par' dir='ltr' id='par_1_91' title="bbox 1953 4713 3540 4792">
     <span class='ocr_line' id='line_1_91' title="bbox 1953 4713 3540 4792; baseline 0 -16"><span class='ocrx_word' id='word_1_670' title='bbox 1953 4737 2078 4776; x_wconf 90' lang='lat' dir='ltr'><strong>nem</strong></span> <span class='ocrx_word' id='word_1_671' title='bbox 2129 4721 2357 4792; x_wconf 85' lang='lat' dir='ltr'><strong>gratiam</strong></span> <span class='ocrx_word' id='word_1_672' title='bbox 2415 4734 2529 4774; x_wconf 89' lang='lat' dir='ltr'><strong>esse</strong></span> <span class='ocrx_word' id='word_1_673' title='bbox 2577 4716 2776 4784; x_wconf 89' lang='lat' dir='ltr'><strong>Patris,</strong></span> <span class='ocrx_word' id='word_1_674' title='bbox 2825 4723 2886 4770; x_wconf 92' lang='lat' dir='ltr'><strong>ut</strong></span> <span class='ocrx_word' id='word_1_675' title='bbox 2927 4721 2980 4768; x_wconf 89' lang='lat' dir='ltr'><strong>et</strong></span> <span class='ocrx_word' id='word_1_676' title='bbox 3027 4713 3184 4781; x_wconf 84' lang='lat' dir='ltr'><strong>duos,</strong></span> <span class='ocrx_word' id='word_1_677' title='bbox 3235 4715 3329 4787; x_wconf 90' lang='lat' dir='ltr'><strong>qui</strong></span> <span class='ocrx_word' id='word_1_678' title='bbox 3371 4733 3540 4777; x_wconf 89' lang='lat' dir='ltr'><strong>unum</strong></span> 
     </span>
    </p>
   </div>
   <div class='ocr_carea' id='block_1_92' title="bbox 1951 4801 3544 4881">
    <p class='ocr_par' dir='ltr' id='par_1_92' title="bbox 1951 4801 3544 4881">
     <span class='ocr_line' id='line_1_92' title="bbox 1951 4801 3544 4881; baseline -0.001 -15"><span class='ocrx_word' id='word_1_679' title='bbox 1951 4819 2081 4866; x_wconf 90' lang='lat' dir='ltr'><strong>sunt</strong></span> <span class='ocrx_word' id='word_1_680' title='bbox 2112 4810 2227 4881; x_wconf 91' lang='lat'><strong>(67)</strong></span> <span class='ocrx_word' id='word_1_681' title='bbox 2264 4826 2358 4880; x_wconf 89' lang='lat' dir='ltr'><strong>per</strong></span> <span class='ocrx_word' id='word_1_682' title='bbox 2389 4806 2766 4872; x_wconf 87' lang='lat' dir='ltr'><strong>divinitatem,</strong></span> <span class='ocrx_word' id='word_1_683' title='bbox 2799 4801 3130 4869; x_wconf 88' lang='lat' dir='ltr'><strong>ostenderet,</strong></span> <span class='ocrx_word' id='word_1_684' title='bbox 3157 4811 3211 4858; x_wconf 91' lang='lat' dir='ltr'><strong>et</strong></span> <span class='ocrx_word' id='word_1_685' title='bbox 3239 4804 3414 4862; x_wconf 89' lang='lat' dir='ltr'><strong>Patris</strong></span> <span class='ocrx_word' id='word_1_686' title='bbox 3436 4825 3544 4866; x_wconf 91' lang='lat' dir='ltr'><strong>au-</strong></span> 
     </span>
    </p>
   </div>
   <div class='ocr_carea' id='block_1_93' title="bbox 1950 4897 2590 4969">
    <p class='ocr_par' dir='ltr' id='par_1_93' title="bbox 1950 4897 2590 4969">
     <span class='ocr_line' id='line_1_93' title="bbox 1950 4897 2590 4969; baseline -0.008 -14"><span class='ocrx_word' id='word_1_687' title='bbox 1950 4898 2260 4956; x_wconf 88' lang='lat' dir='ltr'><strong>ctoritatem</strong></span> <span class='ocrx_word' id='word_1_688' title='bbox 2291 4897 2590 4969; x_wconf 57' lang='lat' dir='ltr'><strong>praeferret.</strong></span> 
     </span>
    </p>
   </div>
   <div class='ocr_carea' id='block_1_94' title="bbox 2024 4980 3542 5060">
    <p class='ocr_par' dir='ltr' id='par_1_94' title="bbox 2024 4980 3542 5060">
     <span class='ocr_line' id='line_1_94' title="bbox 2024 4980 3542 5060; baseline -0.001 -16"><span class='ocrx_word' id='word_1_689' title='bbox 2024 4986 2288 5060; x_wconf 60' lang='lat' dir='ltr'><strong>(Versa)</strong></span> <span class='ocrx_word' id='word_1_690' title='bbox 2355 5010 2372 5030; x_wconf 76' lang='grc' dir='ltr'>ι</span> <span class='ocrx_word' id='word_1_691' title='bbox 2438 4981 2658 5038; x_wconf 89' lang='lat' dir='ltr'><strong>Gratias</strong></span> <span class='ocrx_word' id='word_1_692' title='bbox 2707 4995 2808 5052; x_wconf 91' lang='lat' dir='ltr'><strong>ago</strong></span> <span class='ocrx_word' id='word_1_693' title='bbox 2861 4980 2975 5036; x_wconf 89' lang='lat' dir='ltr'><strong>Deo</strong></span> <span class='ocrx_word' id='word_1_694' title='bbox 3021 4995 3144 5035; x_wconf 92' lang='lat' dir='ltr'><strong>meo</strong></span> <span class='ocrx_word' id='word_1_695' title='bbox 3189 4997 3402 5055; x_wconf 88' lang='lat' dir='ltr'><strong>semper</strong></span> <span class='ocrx_word' id='word_1_696' title='bbox 3445 5003 3542 5058; x_wconf 91' lang='lat' dir='ltr'><strong>pro</strong></span> 
     </span>
    </p>
   </div>
   <div class='ocr_carea' id='block_1_95' title="bbox 254 5067 3539 5174">
    <p class='ocr_par' dir='ltr' id='par_1_95' title="bbox 254 5067 3539 5174">
     <span class='ocr_line' id='line_1_95' title="bbox 254 5067 3539 5174; baseline 0.002 -40"><span class='ocrx_word' id='word_1_697' title='bbox 254 5077 432 5134; x_wconf 86' lang='lat' dir='ltr'><strong>Deum</strong></span> <span class='ocrx_word' id='word_1_698' title='bbox 461 5076 697 5147; x_wconf 89' lang='lat' dir='ltr'><strong>Patrem,</strong></span> <span class='ocrx_word' id='word_1_699' title='bbox 726 5092 838 5132; x_wconf 89' lang='lat' dir='ltr'><strong>non</strong></span> <span class='ocrx_word' id='word_1_700' title='bbox 866 5078 1129 5133; x_wconf 88' lang='lat' dir='ltr'><strong>unionem</strong></span> <span class='ocrx_word' id='word_1_701' title='bbox 1163 5078 1281 5150; x_wconf 73' lang='grc'><strong>(64)</strong></span> <span class='ocrx_word' id='word_1_702' title='bbox 1315 5099 1328 5146; x_wconf 91' lang='grc'><strong>;</strong></span> <span class='ocrx_word' id='word_1_703' title='bbox 1374 5097 1498 5137; x_wconf 90' lang='lat' dir='ltr'><strong>cum</strong></span> <span class='ocrx_word' id='word_1_704' title='bbox 1529 5082 1840 5139; x_wconf 81' lang='lat' dir='ltr'><strong>ostenditur</strong></span> <span class='ocrx_word' id='word_1_705' title='bbox 1870 5115 1918 5174; x_wconf 69' lang='grc' dir='ltr'>Β</span> <span class='ocrx_word' id='word_1_706' title='bbox 1948 5075 2148 5131; x_wconf 84' lang='lat' dir='ltr'><strong>vobis.-</strong></span> <span class='ocrx_word' id='word_1_707' title='bbox 2198 5074 2520 5142; x_wconf 79' lang='lat' dir='ltr'><strong>Quanquam</strong></span> <span class='ocrx_word' id='word_1_708' title='bbox 2547 5068 2805 5174; x_wconf 65' lang='grc' dir='ltr'><strong>οίῐξξιίδιιε</strong></span> <span class='ocrx_word' id='word_1_709' title='bbox 2832 5069 2892 5174; x_wconf 46' lang='lat' dir='ltr'><strong>in</strong></span> <span class='ocrx_word' id='word_1_710' title='bbox 2923 5067 3169 5168; x_wconf 59' lang='grc' dir='ltr'><strong>Εοοιίῗεξδ</strong></span> <span class='ocrx_word' id='word_1_711' title='bbox 3195 5072 3418 5174; x_wconf 40' lang='lat' dir='ltr'><strong>“libat,</strong></span> <span class='ocrx_word' id='word_1_712' title='bbox 3448 5076 3539 5174; x_wconf 52' lang='grc' dir='ltr'><strong>θεῖά</strong></span> 
     </span>
    </p>
   </div>
   <div class='ocr_carea' id='block_1_96' title="bbox 256 5165 1839 5244">
    <p class='ocr_par' dir='ltr' id='par_1_96' title="bbox 256 5165 1839 5244">
     <span class='ocr_line' id='line_1_96' title="bbox 256 5165 1839 5244; baseline 0.004 -22"><span class='ocrx_word' id='word_1_713' title='bbox 256 5165 461 5222; x_wconf 86' lang='lat' dir='ltr'><strong>Filium</strong></span> <span class='ocrx_word' id='word_1_714' title='bbox 503 5165 636 5223; x_wconf 90' lang='lat' dir='ltr'><strong>dici.</strong></span> <span class='ocrx_word' id='word_1_715' title='bbox 685 5167 870 5224; x_wconf 68' lang='lat' dir='ltr'><strong>Multa:</strong></span> <span class='ocrx_word' id='word_1_716' title='bbox 918 5167 1068 5223; x_wconf 89' lang='lat' dir='ltr'><strong>enim</strong></span> <span class='ocrx_word' id='word_1_717' title='bbox 1125 5177 1283 5224; x_wconf 68' lang='lat' dir='ltr'><strong>sectae</strong></span> <span class='ocrx_word' id='word_1_718' title='bbox 1323 5181 1678 5240; x_wconf 83' lang='lat' dir='ltr'><strong>emerseram,</strong></span> <span class='ocrx_word' id='word_1_719' title='bbox 1719 5188 1839 5244; x_wconf 62' lang='lat' dir='ltr'><strong>quae</strong></span> 
     </span>
    </p>
   </div>
   <div class='ocr_carea' id='block_1_97' title="bbox 328 5327 1843 5456">
    <p class='ocr_par' dir='ltr' id='par_1_97' title="bbox 328 5327 1843 5456">
     <span class='ocr_line' id='line_1_97' title="bbox 328 5327 1843 5456; baseline 0 -71"><span class='ocrx_word' id='word_1_720' title='bbox 328 5327 469 5456; x_wconf 45' lang='grc' dir='ltr'><strong>(ϐίη</strong></span> <span class='ocrx_word' id='word_1_721' title='bbox 520 5329 642 5385; x_wconf 85' lang='lat' dir='ltr'><strong>Vet.</strong></span> <span class='ocrx_word' id='word_1_722' title='bbox 691 5328 848 5398; x_wconf 88' lang='lat' dir='ltr'><strong>edit.,</strong></span> <span class='ocrx_word' id='word_1_723' title='bbox 908 5327 1206 5398; x_wconf 67' lang='lat' dir='ltr'><strong>Praefatio;</strong></span> <span class='ocrx_word' id='word_1_724' title='bbox 1234 5329 1414 5398; x_wconf 88' lang='lat' dir='ltr'><strong>Rom.,</strong></span> <span class='ocrx_word' id='word_1_725' title='bbox 1468 5329 1843 5398; x_wconf 72' lang='lat' dir='ltr'><strong>Prooemium;</strong></span> 
     </span>
     <span class='ocr_line' id='line_1_98' title="bbox 330 5400 1841 5456; baseline 0.001 -1"><span class='ocrx_word' id='word_1_726' title='bbox 330 5413 446 5456; x_wconf 88' lang='lat' dir='ltr'><strong>nnu</strong></span> <span class='ocrx_word' id='word_1_727' title='bbox 471 5400 510 5456; x_wconf 89' lang='lat' dir='ltr'><strong>li</strong></span> <span class='ocrx_word' id='word_1_728' title='bbox 568 5417 724 5456; x_wconf 88' lang='lat' dir='ltr'><strong>mss..</strong></span> <span class='ocrx_word' id='word_1_729' title='bbox 769 5401 1204 5456; x_wconf 81' lang='lat' dir='ltr'><strong>Araumentum:</strong></span> <span class='ocrx_word' id='word_1_730' title='bbox 1259 5401 1353 5456; x_wconf 86' lang='lat' dir='ltr'><strong>alii</strong></span> <span class='ocrx_word' id='word_1_731' title='bbox 1410 5402 1586 5456; x_wconf 89' lang='lat' dir='ltr'><strong>multo</strong></span> <span class='ocrx_word' id='word_1_732' title='bbox 1636 5403 1841 5456; x_wconf 90' lang='lat' dir='ltr'><strong>nlures.</strong></span> 
     </span>
    </p>
   </div>
   <div class='ocr_carea' id='block_1_98' title="bbox 257 5400 1841 5474">
    <p class='ocr_par' dir='ltr' id='par_1_98' title="bbox 257 5400 1841 5474">
     <span class='ocr_line' id='line_1_99' title="bbox 257 5400 1841 5474; baseline 0.001 -18"><span class='ocrx_word' id='word_1_733' title='bbox 257 5400 510 5474; x_wconf 70' lang='lat' dir='ltr'><strong>nonnulli</strong></span> <span class='ocrx_word' id='word_1_734' title='bbox 568 5417 724 5466; x_wconf 90' lang='lat' dir='ltr'><strong>mss.,</strong></span> <span class='ocrx_word' id='word_1_735' title='bbox 769 5401 1204 5472; x_wconf 81' lang='lat' dir='ltr'><strong>Argumentum;</strong></span> <span class='ocrx_word' id='word_1_736' title='bbox 1259 5401 1353 5457; x_wconf 88' lang='lat' dir='ltr'><strong>alii</strong></span> <span class='ocrx_word' id='word_1_737' title='bbox 1410 5402 1586 5457; x_wconf 86' lang='lat' dir='ltr'><strong>multo</strong></span> <span class='ocrx_word' id='word_1_738' title='bbox 1635 5403 1841 5474; x_wconf 91' lang='lat' dir='ltr'><strong>plures,</strong></span> 
     </span>
    </p>
   </div>
   <div class='ocr_carea' id='block_1_99' title="bbox 259 5471 540 5529">
    <p class='ocr_par' dir='ltr' id='par_1_99' title="bbox 259 5471 540 5529">
     <span class='ocr_line' id='line_1_100' title="bbox 259 5471 540 5529; baseline -0.004 0"><span class='ocrx_word' id='word_1_739' title='bbox 259 5471 540 5529; x_wconf 77' lang='lat' dir='ltr'><strong>Proioaus.</strong></span> 
     </span>
    </p>
   </div>
   <div class='ocr_carea' id='block_1_100' title="bbox 277 5489 1840 5617">
    <p class='ocr_par' dir='ltr' id='par_1_100' title="bbox 277 5489 1840 5617">
     <span class='ocr_line' id='line_1_101' title="bbox 277 5489 540 5544; baseline 0 -16"><span class='ocrx_word' id='word_1_740' title='bbox 277 5489 540 5544; x_wconf 67' lang='lat' dir='ltr'><strong>rrowgus.</strong></span> 
     </span>
     <span class='ocr_line' id='line_1_102' title="bbox 277 5542 1840 5617; baseline 0.002 -18"><span class='ocrx_word' id='word_1_741' title='bbox 277 5542 446 5617; x_wconf 45' lang='grc' dir='ltr'><strong>χθιι)</strong></span> <span class='ocrx_word' id='word_1_742' title='bbox 478 5545 561 5600; x_wconf 88' lang='lat' dir='ltr'><strong>Ita</strong></span> <span class='ocrx_word' id='word_1_743' title='bbox 586 5551 695 5600; x_wconf 88' lang='lat' dir='ltr'><strong>vet.</strong></span> <span class='ocrx_word' id='word_1_744' title='bbox 727 5543 953 5617; x_wconf 65' lang='lat' dir='ltr'><strong>edit._ac</strong></span> <span class='ocrx_word' id='word_1_745' title='bbox 978 5560 1108 5617; x_wconf 87' lang='lat' dir='ltr'><strong>mss.</strong></span> <span class='ocrx_word' id='word_1_746' title='bbox 1132 5543 1362 5617; x_wconf 88' lang='lat' dir='ltr'><strong>aliquot,</strong></span> <span class='ocrx_word' id='word_1_747' title='bbox 1391 5560 1422 5599; x_wconf 88' lang='lat' dir='ltr'><strong>a</strong></span> <span class='ocrx_word' id='word_1_748' title='bbox 1452 5544 1653 5617; x_wconf 89' lang='lat' dir='ltr'><strong>quibus</strong></span> <span class='ocrx_word' id='word_1_749' title='bbox 1681 5545 1840 5602; x_wconf 89' lang='lat' dir='ltr'><strong>Rom.</strong></span> 
     </span>
    </p>
   </div>
   <div class='ocr_carea' id='block_1_101' title="bbox 258 5612 1840 5688">
    <p class='ocr_par' dir='ltr' id='par_1_101' title="bbox 258 5612 1840 5688">
     <span class='ocr_line' id='line_1_103' title="bbox 258 5612 1840 5688; baseline 0.002 -18"><span class='ocrx_word' id='word_1_750' title='bbox 258 5612 386 5671; x_wconf 79' lang='lat' dir='ltr'><strong>edit.</strong></span> <span class='ocrx_word' id='word_1_751' title='bbox 422 5612 654 5688; x_wconf 64' lang='lat' dir='ltr'><strong>tantum</strong></span> <span class='ocrx_word' id='word_1_752' title='bbox 702 5613 926 5683; x_wconf 59' lang='lat' dir='ltr'><strong>rwedit,</strong></span> <span class='ocrx_word' id='word_1_753' title='bbox 971 5616 1118 5688; x_wconf 88' lang='lat' dir='ltr'><strong>quod</strong></span> <span class='ocrx_word' id='word_1_754' title='bbox 1165 5612 1403 5688; x_wconf 64' lang='lat' dir='ltr'><strong>praefert,</strong></span> <span class='ocrx_word' id='word_1_755' title='bbox 1450 5612 1556 5670; x_wconf 65' lang='lat' dir='ltr'><strong>non</strong></span> <span class='ocrx_word' id='word_1_756' title='bbox 1612 5618 1840 5674; x_wconf 81' lang='lat' dir='ltr'><strong>unione:</strong></span> 
     </span>
    </p>
   </div>
   <div class='ocr_carea' id='block_1_102' title="bbox 209 5687 1846 5760">
    <p class='ocr_par' dir='ltr' id='par_1_102' title="bbox 209 5687 1846 5760">
     <span class='ocr_line' id='line_1_104' title="bbox 209 5687 1846 5760; baseline 0.004 -21"><span class='ocrx_word' id='word_1_757' title='bbox 209 5687 436 5743; x_wconf 67' lang='lat' dir='ltr'><strong>)cateri</strong></span> <span class='ocrx_word' id='word_1_758' title='bbox 482 5696 664 5760; x_wconf 85' lang='lat' dir='ltr'><strong>autem</strong></span> <span class='ocrx_word' id='word_1_759' title='bbox 709 5704 837 5760; x_wconf 86' lang='lat' dir='ltr'><strong>mss.</strong></span> <span class='ocrx_word' id='word_1_760' title='bbox 888 5687 1109 5760; x_wconf 84' lang='lat' dir='ltr'><strong>partim,</strong></span> <span class='ocrx_word' id='word_1_761' title='bbox 1160 5687 1266 5742; x_wconf 61' lang='lat' dir='ltr'><strong>rion</strong></span> <span class='ocrx_word' id='word_1_762' title='bbox 1308 5687 1365 5742; x_wconf 79' lang='lat' dir='ltr'><strong>in</strong></span> <span class='ocrx_word' id='word_1_763' title='bbox 1405 5689 1670 5760; x_wconf 75' lang='lat' dir='ltr'><strong>unionem,</strong></span> <span class='ocrx_word' id='word_1_764' title='bbox 1718 5688 1846 5760; x_wconf 81' lang='lat' dir='ltr'><strong>quia</strong></span> 
     </span>
    </p>
   </div>
   <div class='ocr_carea' id='block_1_103' title="bbox 256 5758 1842 5834">
    <p class='ocr_par' dir='ltr' id='par_1_103' title="bbox 256 5758 1842 5834">
     <span class='ocr_line' id='line_1_105' title="bbox 256 5758 1842 5834; baseline 0.001 -19"><span class='ocrx_word' id='word_1_765' title='bbox 256 5773 372 5816; x_wconf 82' lang='lat' dir='ltr'><strong>cum</strong></span> <span class='ocrx_word' id='word_1_766' title='bbox 398 5758 1116 5834; x_wconf 61' lang='lat' dir='ltr'><strong>cxtenditur,~ﬁliuidicitur</strong></span> <span class='ocrx_word' id='word_1_767' title='bbox 1143 5776 1166 5825; x_wconf 89' lang='lat'><em>;</em></span> <span class='ocrx_word' id='word_1_768' title='bbox 1213 5759 1493 5828; x_wconf 87' lang='lat' dir='ltr'><strong>nonnulli,</strong></span> <span class='ocrx_word' id='word_1_769' title='bbox 1557 5758 1842 5834; x_wconf 71' lang='lat' dir='ltr'><strong>.....ﬁiium</strong></span> 
     </span>
    </p>
   </div>
   <div class='ocr_carea' id='block_1_104' title="bbox 1951 5157 3541 5235">
    <p class='ocr_par' dir='ltr' id='par_1_104' title="bbox 1951 5157 3541 5235">
     <span class='ocr_line' id='line_1_106' title="bbox 1951 5157 3541 5235; baseline -0.001 -14"><span class='ocrx_word' id='word_1_770' title='bbox 1951 5164 2029 5221; x_wconf 85' lang='lat' dir='ltr'><strong>ita</strong></span> <span class='ocrx_word' id='word_1_771' title='bbox 2056 5160 2354 5235; x_wconf 83' lang='lat' dir='ltr'><strong>signiﬁcat,</strong></span> <span class='ocrx_word' id='word_1_772' title='bbox 2408 5175 2534 5216; x_wconf 91' lang='lat' dir='ltr'><strong>cum</strong></span> <span class='ocrx_word' id='word_1_773' title='bbox 2587 5157 2888 5231; x_wconf 89' lang='lat' dir='ltr'><strong>aliquando</strong></span> <span class='ocrx_word' id='word_1_774' title='bbox 2930 5157 3182 5230; x_wconf 89' lang='lat' dir='ltr'><strong>corripit,</strong></span> <span class='ocrx_word' id='word_1_775' title='bbox 3243 5160 3541 5233; x_wconf 87' lang='lat' dir='ltr'><strong>aliquando</strong></span> 
     </span>
    </p>
   </div>
   <div class='ocr_carea' id='block_1_105' title="bbox 1951 5330 2076 5386">
    <p class='ocr_par' dir='ltr' id='par_1_105' title="bbox 1951 5330 2076 5386">
     <span class='ocr_line' id='line_1_107' title="bbox 1951 5330 2076 5386; baseline -0.008 0"><span class='ocrx_word' id='word_1_776' title='bbox 1951 5330 2076 5386; x_wconf 76' lang='lat' dir='ltr'><strong>dici.</strong></span> 
     </span>
    </p>
   </div>
   <div class='ocr_carea' id='block_1_106' title="bbox 2050 5399 3185 5472">
    <p class='ocr_par' dir='ltr' id='par_1_106' title="bbox 2050 5399 3185 5472">
     <span class='ocr_line' id='line_1_108' title="bbox 2050 5399 3185 5472; baseline 0 -14"><span class='ocrx_word' id='word_1_777' title='bbox 2050 5400 2141 5472; x_wconf 81' lang='grc'><strong>65)</strong></span> <span class='ocrx_word' id='word_1_778' title='bbox 2175 5400 2281 5456; x_wconf 87' lang='lat' dir='ltr'><strong>Mss</strong></span> <span class='ocrx_word' id='word_1_779' title='bbox 2309 5400 2497 5466; x_wconf 87' lang='lat' dir='ltr'><strong>Corb.,</strong></span> <span class='ocrx_word' id='word_1_780' title='bbox 2524 5417 2788 5472; x_wconf 78' lang='lat' dir='ltr'><strong>propensa</strong></span> <span class='ocrx_word' id='word_1_781' title='bbox 2819 5399 3185 5458; x_wconf 73' lang='lat' dir='ltr'><strong>suiarbritrii.</strong></span> 
     </span>
    </p>
   </div>
   <div class='ocr_carea' id='block_1_107' title="bbox 2051 5472 3534 5542">
    <p class='ocr_par' dir='ltr' id='par_1_107' title="bbox 2051 5472 3534 5542">
     <span class='ocr_line' id='line_1_109' title="bbox 2051 5472 3534 5542; baseline 0.001 -13"><span class='ocrx_word' id='word_1_782' title='bbox 2051 5472 2144 5542; x_wconf 81' lang='lat'><strong>66)</strong></span> <span class='ocrx_word' id='word_1_783' title='bbox 2173 5473 2330 5530; x_wconf 92' lang='lat' dir='ltr'><strong>Rom.</strong></span> <span class='ocrx_word' id='word_1_784' title='bbox 2371 5473 2502 5529; x_wconf 87' lang='lat' dir='ltr'><strong>edit.</strong></span> <span class='ocrx_word' id='word_1_785' title='bbox 2535 5489 2661 5529; x_wconf 90' lang='lat' dir='ltr'><strong>cum</strong></span> <span class='ocrx_word' id='word_1_786' title='bbox 2706 5487 2818 5528; x_wconf 93' lang='lat' dir='ltr'><strong>uno</strong></span> <span class='ocrx_word' id='word_1_787' title='bbox 2865 5473 2950 5528; x_wconf 89' lang='lat' dir='ltr'><strong>vel</strong></span> <span class='ocrx_word' id='word_1_788' title='bbox 2999 5474 3174 5530; x_wconf 90' lang='lat' dir='ltr'><strong>altero</strong></span> <span class='ocrx_word' id='word_1_789' title='bbox 3232 5485 3360 5540; x_wconf 90' lang='lat' dir='ltr'><strong>ms.,</strong></span> <span class='ocrx_word' id='word_1_790' title='bbox 3399 5473 3534 5530; x_wconf 70' lang='lat' dir='ltr'><strong>sicut</strong></span> 
     </span>
    </p>
   </div>
   <div class='ocr_carea' id='block_1_108' title="bbox 1952 5544 3536 5618">
    <p class='ocr_par' dir='ltr' id='par_1_108' title="bbox 1952 5544 3536 5618">
     <span class='ocr_line' id='line_1_110' title="bbox 1952 5544 3536 5618; baseline 0.003 -20"><span class='ocrx_word' id='word_1_791' title='bbox 1952 5561 2090 5618; x_wconf 66' lang='lat' dir='ltr'><strong>nunc</strong></span> <span class='ocrx_word' id='word_1_792' title='bbox 2116 5544 2376 5618; x_wconf 76' lang='lat' dir='ltr'><strong>Marcion.</strong></span> <span class='ocrx_word' id='word_1_793' title='bbox 2410 5545 2558 5601; x_wconf 82' lang='lat' dir='ltr'><strong>Infra</strong></span> <span class='ocrx_word' id='word_1_794' title='bbox 2603 5559 2732 5599; x_wconf 92' lang='lat' dir='ltr'><strong>vero</strong></span> <span class='ocrx_word' id='word_1_795' title='bbox 2762 5559 2887 5600; x_wconf 91' lang='lat' dir='ltr'><strong>ms..</strong></span> <span class='ocrx_word' id='word_1_796' title='bbox 2941 5544 3104 5602; x_wconf 92' lang='lat' dir='ltr'><strong>Corb.</strong></span> <span class='ocrx_word' id='word_1_797' title='bbox 3135 5557 3266 5618; x_wconf 70' lang='lat' dir='ltr'><strong>quos</strong></span> <span class='ocrx_word' id='word_1_798' title='bbox 3281 5544 3536 5616; x_wconf 71' lang='lat' dir='ltr'><strong>propheta</strong></span> 
     </span>
    </p>
   </div>
   <div class='ocr_carea' id='block_1_109' title="bbox 1956 5617 2397 5674">
    <p class='ocr_par' dir='ltr' id='par_1_109' title="bbox 1956 5617 2397 5674">
     <span class='ocr_line' id='line_1_111' title="bbox 1956 5617 2397 5674; baseline -0.005 0"><span class='ocrx_word' id='word_1_799' title='bbox 1956 5617 2132 5674; x_wconf 77' lang='lat' dir='ltr'><strong>Isaias</strong></span> <span class='ocrx_word' id='word_1_800' title='bbox 2160 5617 2397 5673; x_wconf 86' lang='lat' dir='ltr'><strong>damnat.</strong></span> 
     </span>
    </p>
   </div>
   <div class='ocr_carea' id='block_1_110' title="bbox 2024 5685 3173 5763">
    <p class='ocr_par' dir='ltr' id='par_1_110' title="bbox 2024 5685 3173 5763">
     <span class='ocr_line' id='line_1_112' title="bbox 2024 5685 3173 5763; baseline -0.001 -17"><span class='ocrx_word' id='word_1_801' title='bbox 2024 5692 2050 5761; x_wconf 96' lang='lat'><strong>(</strong></span> <span class='ocrx_word' id='word_1_802' title='bbox 2057 5689 2151 5763; x_wconf 87' lang='lat'><strong>67)</strong></span> <span class='ocrx_word' id='word_1_803' title='bbox 2183 5688 2437 5762; x_wconf 88' lang='lat' dir='ltr'><strong>Quinque</strong></span> <span class='ocrx_word' id='word_1_804' title='bbox 2461 5705 2615 5756; x_wconf 90' lang='lat' dir='ltr'><strong>mss.,</strong></span> <span class='ocrx_word' id='word_1_805' title='bbox 2639 5685 2732 5758; x_wconf 87' lang='lat' dir='ltr'><strong>qui</strong></span> <span class='ocrx_word' id='word_1_806' title='bbox 2753 5685 2808 5741; x_wconf 79' lang='lat' dir='ltr'><strong>in</strong></span> <span class='ocrx_word' id='word_1_807' title='bbox 2840 5701 3005 5744; x_wconf 74' lang='lat' dir='ltr'><strong>unum</strong></span> <span class='ocrx_word' id='word_1_808' title='bbox 3033 5695 3173 5746; x_wconf 69' lang='lat' dir='ltr'><strong>sunt.</strong></span> 
     </span>
    </p>
   </div>
  </div>
