3976 6442
380 403 482 466 195

1377 405 1474 462 ΑΙ)
1512 405 1747 464 OPERA
1783 406 1839 462 S.
1906 404 2240 462 AMBROSII
2277 403 2657 462 APPENDIX.

3595 399 3703 460 196

379 529 581 600 laudat,
614 543 673 589 ut
703 549 846 589 unus
867 533 1099 606 quisque
1127 549 1250 589 cum
1282 532 1513 603 epistola
1541 531 1761 603 legitur,
1793 531 1968 587 intel—
1998 536 2048 594 Α
2093 532 2372 606 quomodo
2399 531 2567 588 ﬁdem
2600 532 2700 588 Dei
2755 531 3100 588 incolumem
3130 530 3187 585 in
3217 527 3320 586 hac
3347 544 3516 586 causa
3537 530 3705 588 nobis

381 622 510 694 ligat
545 621 680 693 quid
723 639 822 694 pro
851 639 929 690 se,
972 621 1106 695 quid
1162 621 1455 677 adversum
1512 637 1569 677 se
1617 620 1852 678 dicatur.
1911 622 1973 676 In

379 724 488 764 una
517 708 665 764 enim
697 710 853 782 plebe
881 710 1097 767 duobus
1136 711 1353 783 populis
1384 710 1600 779 scribit,
1634 718 1694 765 ut
1723 727 1848 767 cum
1878 726 1976 766 ar—

381 797 520 869 guit,
549 799 644 870 qui
675 801 815 854 male
845 807 1150 868 versantur,
1202 800 1379 855 sciant
1440 799 1548 855 sibi
1581 798 1700 856 haec
1726 799 1930 870 scripta
1961 819 1973 856 :

381 885 640 942 similiter
664 897 718 944 et
745 902 870 944 cum
925 889 1131 953 laudat,
1181 888 1318 944 sciat
1363 889 1458 961 qui
1512 888 1568 942 in
1618 889 1809 960 regula
1852 904 1980 944 ma-

379 983 472 1031 net
504 977 645 1047 (68),
677 977 743 1032 ad
773 995 829 1033 se
855 978 970 1034 haec
997 978 1128 1034 dici.
1163 977 1398 1049 Ideoque
1431 978 1651 1050 inquit:

462 1090 481 1114 ι
510 1065 724 1121 Gratias
753 1083 852 1138 ago
878 1068 990 1122 Deo
1021 1083 1142 1122 meo
1192 1083 1406 1138 semper
1454 1083 1552 1138 pro
1605 1066 1761 1122 vobis
1810 1082 1976 1138 super

382 1155 555 1228 gratia
582 1156 703 1224 Dei,
735 1173 854 1229 quae
895 1157 1020 1212 data
1047 1164 1131 1212 est
1171 1157 1332 1212 vobis
1377 1157 1434 1212 in
1483 1155 1705 1212 Christo
1749 1156 1897 1211 Iesu.
1949 1181 1967 1203 ι

380 1246 572 1301 Datam
620 1245 758 1301 dicit
805 1247 1033 1318 gratiam
1061 1263 1092 1301 a
1121 1248 1236 1301 Deo
1280 1245 1339 1300 in
1385 1245 1606 1302 Christo
1658 1245 1807 1312 Iesu,
1861 1261 1982 1317 qua:

384 1334 556 1406 gratia
577 1334 660 1391 sic
687 1334 814 1391 data
849 1344 930 1390 est
952 1334 1008 1388 in
1039 1334 1264 1392 Christo
1302 1335 1449 1402 Iesu,
1510 1333 1642 1406 quia
1689 1333 1796 1389 hoc
1841 1349 1985 1389 con-

383 1424 635 1480 stitutum
668 1431 750 1478 est
779 1439 810 1477 a
840 1425 974 1488 Deo,
1002 1431 1064 1478 ut
1092 1423 1187 1496 qui
1217 1422 1393 1478 credit
1424 1421 1482 1476 in
1525 1422 1832 1488 Christum,
1863 1421 1982 1476 sal-

392 1529 496 1569 vus
525 1518 596 1568 sit
625 1513 744 1570 sine
776 1529 937 1586 opere
966 1532 978 1570 :
1008 1515 1126 1570 sola
1168 1513 1276 1570 ﬁde
1321 1513 1490 1586 gratis
1535 1512 1736 1584 accipit
1779 1511 1986 1567 remis-

385 1605 597 1661 sionem
628 1612 996 1676 peccatorum.

462 1694 644 1766 (Vers.
664 1694 746 1765 5.)
800 1717 819 1741 ι
852 1694 991 1762 Quia
1021 1693 1079 1750 in
1110 1693 1371 1751 omnibus
1401 1691 1564 1750 ditati
1595 1691 1727 1749 estis
1756 1691 1814 1746 in
1843 1690 1985 1762 ipso,

388 1785 446 1840 in
476 1783 628 1842 omni
657 1784 847 1853 verbo,
874 1786 928 1840 et
947 1785 1003 1840 in
1036 1785 1190 1840 omni
1211 1783 1461 1840 scientia.
1489 1808 1506 1832 ι
1542 1783 1657 1839 Hoc
1688 1779 1985 1853 signiﬁcat,

2093 623 2335 680 futuram
2367 624 2632 691 ostendit,
2666 625 2742 679 ita
2791 639 2891 678 nos
2929 637 3039 677 non
3069 619 3381 676 difﬁdentes
3429 629 3482 677 et
3503 618 3704 692 perﬁdi

2091 715 2466 782 inveniamur,
2499 713 2593 770 sed
2625 719 3030 785 perseverantes
3053 711 3110 766 in
3141 708 3457 782 adoptione.

2161 804 2344 876 (Vers.
2404 803 2518 874 10.)
2576 827 2594 850 ε
2639 804 2877 859 Obsecro
2919 809 3101 857 autem
3152 818 3270 869 vos,
3321 801 3546 870 fratres,
3603 815 3705 872 per

2089 911 2291 950 nomen
2322 893 2544 949 Domini
2586 893 2760 949 nostri
2789 894 2916 949 Iesu
2947 892 3179 960 Christi,
3208 899 3270 947 ut
3298 891 3356 947 id
3378 891 3561 964 ipsum
3604 889 3706 947 di—

2087 985 2225 1042 catis
2250 1000 2458 1040 omnes.
2493 1010 2510 1032 -
2555 985 2758 1040 Omnes
2787 1000 2937 1040 nunc
2964 991 3104 1051 orat,
3138 990 3199 1037 ut
3225 999 3402 1038 unum
3426 982 3693 1050 sentiant,

2091 1072 2196 1130 hoc
2224 1073 2414 1145 utique
2441 1074 2497 1128 in
2529 1089 2639 1146 quo
2668 1073 2843 1128 renati
2866 1073 2963 1129 Dei
2988 1071 3123 1128 Filii
3154 1071 3417 1144 appellati
3441 1080 3591 1128 sunt.
3614 1069 3704 1128 Ad

2091 1179 2308 1219 omnem
2340 1163 2641 1220 Ecclesiam
2674 1163 2838 1218 modo
2869 1161 3140 1235 loquitur,
3174 1169 3236 1217 ut
3269 1160 3309 1216 ii
3351 1161 3448 1234 qui
3477 1159 3705 1217 dissen-

2092 1251 2197 1307 tire
2261 1260 2557 1324 coeperant,
2625 1259 3036 1308 reverterentur
3086 1249 3157 1307 ad
3219 1258 3456 1322 emptam
3508 1248 3699 1318 ﬁdem,

2093 1358 2256 1414 quam
2305 1342 2569 1399 videbant
2598 1342 2656 1399 in
2687 1342 2775 1398 his
2809 1341 3045 1408 laudari,
3099 1341 3194 1414 qui
3231 1341 3290 1397 in
3318 1341 3416 1396 illa
3442 1355 3707 1414 perseve—

2094 1431 2314 1488 rabant.

2178 1543 2196 1566 ε
2233 1520 2302 1574 Et
2330 1536 2443 1576 non
2492 1521 2605 1576 sint
2657 1521 2716 1577 in
2771 1520 2932 1578 vobis
2981 1520 3305 1588 schismata,
3353 1519 3477 1576 sitis
3517 1526 3705 1574 autem

2095 1609 2323 1684 perfecti
2351 1610 2410 1668 in
2436 1611 2626 1668 eodem
2657 1628 2821 1669 sensu
2841 1620 2896 1669 et
2923 1611 2983 1668 in
3011 1611 3198 1668 eadem
3221 1611 3470 1668 scientia.
3504 1634 3522 1659 ›
3565 1610 3710 1666 Per-

2097 1699 2270 1756 fectos
2301 1701 2424 1757 vult
2453 1717 2545 1758 eos
2574 1717 2688 1758 esse
2729 1702 2787 1756 in
2817 1701 3012 1757 eodem
3043 1717 3227 1770 sensu,
3257 1715 3420 1774 quem
3448 1699 3564 1756 illis
3593 1709 3702 1756 tra-

2097 1788 2333 1859 diderat,
2391 1799 2454 1846 ut
2519 1807 2630 1846 non
2699 1790 3091 1864 discreparent.
3141 1789 3229 1847 Ad
3277 1791 3500 1847 illorum
3548 1789 3699 1846 enim

387 1872 518 1946 quia
547 1872 605 1928 in
637 1880 860 1946 accepta
881 1873 1075 1947 gratia,
1105 1883 1159 1931 et
1185 1873 1244 1930 in
1267 1872 1435 1929 verbo
1457 1872 1706 1929 veritatis
1723 1868 1988 1928 doctrinae
2024 1895 2069 1955 Β
2098 1881 2436 1953 exemplum,
2469 1898 2607 1956 quos
2627 1898 2791 1953 supra
2812 1881 3017 1950 laudat,
3051 1881 3152 1938 hos
3173 1886 3468 1955 provocat;
3504 1888 3567 1936 ut,
3586 1879 3696 1936 hoc

385 1963 671 2021 scientiam
701 1964 1003 2035 spiritalem
1026 1965 1262 2021 assecuti
1285 1969 1725 2036 permanserunt;
1757 1961 1991 2032 ideoque

395 2051 595 2124 gratias
621 2053 736 2123 agit
761 2053 822 2106 in
851 2052 939 2108 his
969 2054 1103 2109 Deo.

470 2145 613 2201 113
641 2139 834 2209 .(Vers.
884 2141 937 2197 6.
986 2141 1005 2211 )
1068 2164 1088 2188 ι
1141 2138 1295 2196 Sicut
1344 2136 1724 2194 testimonium
1783 2134 1992 2194 Christi

395 2235 781 2293 conﬁrmatum
830 2244 912 2292 est
951 2235 1008 2291 in
1035 2235 1214 2292 vobis.
1241 2260 1260 2283 ι
1329 2233 1732 2290 Testimonium
1780 2231 1986 2290 Christi

392 2325 780 2382 conﬁrmatum
829 2335 916 2383 est
941 2326 1001 2380 in
1031 2325 1139 2394 his,
1170 2324 1299 2397 quia
1327 2324 1572 2380 roborati
1602 2324 1661 2379 in
1691 2322 1818 2392 ﬁde,
1849 2321 1993 2377 nihil

392 2415 460 2470 de
490 2414 810 2472 hominibus
843 2414 1160 2486 sperabant:
1195 2414 1290 2470 sed
1318 2411 1502 2468 omnis
1531 2428 1654 2484 spes
1682 2412 1908 2468 illorum
1932 2412 1989 2466 in

397 2504 618 2563 Christo
643 2512 779 2574 erat,
813 2504 992 2560 nullis
1012 2504 1313 2577 voluptatis
1342 2503 1617 2560 illecebris
1645 2501 1812 2574 capti.

469 2594 652 2664 (Vers.
689 2594 766 2665 7.)
813 2617 832 2640 ‹
862 2594 944 2649 Ita
976 2601 1040 2650 ut
1067 2593 1225 2648 vobis
1254 2591 1311 2648 in
1341 2594 1498 2648 nullo
1516 2591 1659 2648 desit
1675 2590 1861 2662 aliqua
1882 2604 1997 2661 gra-

402 2687 507 2754 tia,
537 2687 957 2760 expectantibus
981 2687 1372 2744 revelationem
1401 2685 1624 2743 Domini
1656 2683 1832 2739 nostri
1861 2682 1991 2737 Iesu

402 2776 628 2834 Christi.
668 2800 688 2824 ι
747 2777 1098 2833 Manifestum
1165 2784 1248 2832 est
1317 2777 1465 2831 hunc
1493 2782 1792 2847 expectare
1845 2771 1992 2827 diem

388 2865 614 2938 judicii,
665 2866 759 2940 qui
806 2866 1216 2939 circonspectus
1258 2864 1534 2922 sollicitus
1574 2870 1674 2919 est.
1721 2863 1991 2918 Futurum

390 2954 666 3027 judicium
698 2957 797 3012 Dei
845 2957 1006 3025 dicit,
1034 2957 1092 3011 in
1124 2973 1233 3028 quo
1261 2954 1531 3010 Dominus
1559 2960 1746 3008 noster
1776 2951 2000 3006 revela-

396 3044 566 3112 bitur,
596 3052 709 3099 tam
751 3044 898 3113 ﬁdis,
937 3061 1102 3117 quam
1149 3043 1336 3098 inﬁdis
1366 3044 1508 3115 (69),
1538 3049 1600 3097 ut
1656 3045 2000 3112 cognoscant

399 3131 672 3190 increduli
701 3149 765 3189 ac
793 3133 969 3188 sciant
995 3148 1189 3188 verum
1216 3147 1353 3200 esse,
1385 3129 1532 3204 quod
1561 3129 1780 3186 credere
1811 3128 2002 3183 nolue-

2098 1970 2338 2026 sentiant
2359 1987 2423 2027 ac
2442 1970 2761 2026 defendant.

2174 2059 2355 2132 (Vers.
2391 2059 2504 2128 11.)
2551 2085 2569 2107 ι
2592 2061 2869 2115 Perlatum
2899 2068 2982 2116 est
3032 2059 3186 2115 enim
3239 2058 3381 2114 mihi
3419 2056 3487 2114 de
3525 2055 3710 2127 vobis,

2100 2148 2389 2204 fratresab
2444 2148 2513 2203 iis
2533 2148 2638 2220 qui
2685 2157 2835 2203 sunt.
2876 2148 3078 2204 Chloes
3125 2147 3276 2220 quod
3323 2147 3713 2203 contenfiones

2101 2237 2248 2293 inter
2298 2253 2397 2292 vos
2447 2236 2580 2292 sint.
2615 2261 2634 2283 ι
2677 2235 2952 2302 Quamvis
3005 2236 3187 2293 eversi
3243 2235 3483 2302 fuerant,
3525 2242 3712 2290 tamen

2102 2324 2298 2381 fratres
2349 2324 2476 2381 illos
2527 2325 2763 2396 appellat
2810 2343 2823 2393 ;
2883 2325 3028 2381 sicut
3057 2333 3111 2380 et
3142 2325 3202 2380 in
3232 2325 3371 2380 Isaia
3427 2323 3702 2396 propheta

2104 2413 2242 2470 dicit
2271 2415 2418 2470 Deus
2444 2413 2514 2469 ad
2560 2413 2708 2483 illos,
2756 2413 2851 2488 qui
2894 2431 3087 2471 secum
3139 2420 3315 2482 erant,
3367 2421 3430 2470 ut
3475 2415 3554 2470 eis
3606 2415 3708 2488 qui

2106 2503 2597 2577 pseudoprophetis
2659 2503 2973 2573 credebant,
3031 2503 3277 2560 dicerent
3335 2521 3348 2559 :
3419 2526 3439 2550 ι
3492 2504 3714 2560 Fratres

2107 2593 2284 2648 nostri
2315 2594 2469 2650 eritis
2513 2610 2610 2649 vos
2648 2593 2765 2666 (72)
2810 2594 2944 2665 (lsa.
2975 2609 3130 2660 var,
3161 2591 3219 2662 5)
3255 2609 3312 2659 ;›
3383 2599 3445 2647 ut
3503 2607 3600 2665 per
3656 2592 3719 2648 id

2109 2699 2221 2738 non
2256 2683 2614 2740 dissentirent
2659 2682 2726 2738 ab
2750 2681 2862 2750 his,
2894 2681 3049 2754 quasi
3077 2680 3294 2736 fratres.
3327 2679 3486 2748 Quod
3523 2687 3714 2736 autem

2109 2772 2247 2830 dicit
2276 2793 2288 2830 :
2338 2799 2356 2823 ι
2380 2774 2466 2830 Ab
2497 2774 2566 2830 iis
2599 2774 2697 2847 qui
2725 2781 2855 2829 sunt
2876 2772 3110 2839 Chloes;
3138 2795 3156 2819 ι
3198 2770 3498 2844 aliquibus
3530 2770 3725 2828 viden-

2103 2870 2196 2919 tur
2251 2863 2503 2920 homines
2573 2879 2689 2919 esse
2737 2869 3018 2918 manentes
3067 2869 3123 2917 et
3183 2859 3600 2917 fructiﬁcantes
3659 2860 3722 2916 in

2108 2952 2219 3010 ﬁde
2260 2955 2356 3010 Dei
2393 2973 2405 3011 :
2438 2953 2720 3027 aliquibus
2760 2952 3025 3008 videntur
3053 2952 3209 3008 locus
3247 2966 3392 3019 esse,
3424 2957 3487 3005 ut
3517 2959 3649 3022 puta
3675 2949 3726 3006 si

2108 3041 2328 3098 dicatur
2358 3061 2371 3110 ;
2405 3042 2490 3098 Ab
2521 3043 2590 3098 iis
2618 3043 2713 3116 qui
2747 3051 2879 3098 sunt
2908 3039 3222 3098 Antiochiae
3255 3057 3267 3095 :
3300 3039 3586 3114 aliquibus
3613 3055 3724 3096 au-

2110 3140 2220 3188 tem
2257 3132 2480 3190 videtur
2510 3133 2771 3188 feminam
2794 3133 2964 3188 fuisse
2995 3133 3112 3187 Deo
3142 3129 3429 3200 devotam,
3459 3146 3584 3187 cum
3607 3146 3717 3203 qua

397 3231 549 3291 runt,
600 3231 654 3278 et
696 3232 920 3294 pereant
953 3241 966 3278 :
1011 3221 1109 3278 ﬁdi
1166 3237 1296 3277 vero
1353 3220 1626 3293 gaudeant
1687 3221 1813 3292 plus
1868 3218 2001 3274 boni
2037 3255 2081 3316 ο
2112 3222 2276 3277 multi
2305 3230 2485 3279 essent
2524 3224 2766 3280 colentes
2794 3224 2991 3288 Deum,
3023 3220 3228 3293 quibus
3273 3219 3411 3276 ﬁdes
3439 3236 3552 3276 non
3599 3236 3715 3277 ne—

403 3311 765 3381 invenientes,
796 3328 958 3385 quam
991 3319 1341 3385 putaverant.

474 3421 654 3494 (Vers.
684 3419 766 3491 8.)
808 3443 826 3467 ι
855 3418 961 3486 Qui
994 3425 1049 3474 et
1095 3417 1447 3474 conﬁrmabit
1487 3433 1586 3472 vos
1623 3431 1797 3490 usque
1825 3415 1892 3471 ad
1922 3414 2001 3470 ﬁ-

402 3527 528 3569 nem
570 3511 688 3568 sine
738 3510 973 3569 crimine
1011 3509 1070 3566 in
1101 3509 1344 3566 adventu
1390 3506 1618 3564 Domini
1661 3507 1836 3564 nostri
1869 3506 2000 3563 Iesu

400 3601 625 3658 Christi.
687 3625 706 3649 »
765 3599 950 3656 Alacri
1009 3599 1194 3654 animo
1223 3598 1463 3654 conﬁsus
1509 3597 1577 3654 de
1631 3614 1726 3670 spe
1777 3597 1999 3652 illorum

401 3708 624 3749 securus
659 3697 761 3757 est,
795 3689 924 3761 quia
953 3687 1211 3743 inviolati
1256 3705 1431 3761 usque
1460 3687 1529 3744 ad
1559 3688 1812 3743 futurum
1837 3684 2004 3757 judi-

400 3781 549 3839 cium
580 3786 761 3835 erunt.
789 3777 897 3845 Qui
919 3776 1064 3833 enim
1096 3776 1241 3832 inter
1268 3784 1350 3832 tot
1374 3776 1698 3834 discrimina
1717 3791 2000 3844 sensuum,

401 3877 455 3926 et
513 3867 954 3942 perturbationes
983 3865 1366 3922 diversitatum
1426 3864 1710 3921 immutari
1772 3863 2004 3920 minime

401 3969 719 4034 potuerunt,
778 3961 968 4033 procul
1020 3959 1192 4016 dubio
1257 3959 1316 4015 in
1367 3959 1558 4015 eodem
1607 3973 1893 4015 mansuros
1947 3973 2005 4013 se

401 4051 719 4108 ostendunt.
753 4049 890 4108 Cum
921 4050 1022 4106 hos
1053 4048 1259 4120 laudat,
1289 4051 1417 4107 illos
1444 4052 1538 4124 qui
1561 4049 1620 4106 in
1651 4064 1832 4106 errore
1856 4062 2007 4120 pseu.

400 4140 473 4196 do
501 4139 873 4213 apostolorum
913 4140 1194 4213 depravati
1273 4140 1492 4196 fuerant
1546 4138 1695 4209 (70),
1761 4136 1999 4210 invitat;

400 4228 533 4284 dum
553 4228 700 4284 enim
741 4227 940 4285 horum
966 4228 1132 4286 ﬁdem
1154 4229 1434 4302 praedicat,
1469 4229 1594 4285 illos
1623 4228 1693 4284 ad
1718 4226 2006 4300 poeniten-

404 4320 540 4375 tiam
571 4327 750 4377 vocat.

477 4427 659 4500 (Vers.
692 4427 774 4500 9.)
822 4451 840 4476 ς
869 4426 1077 4484 Fidelis
1122 4434 1205 4482 est
1249 4429 1415 4495 Deus,
1467 4443 1562 4498 per
1609 4443 1770 4499 quem
1823 4427 2004 4483 vocati

401 4519 533 4575 estis
570 4517 629 4574 in
670 4517 1000 4574 societatem
1029 4517 1157 4573 Filii
1189 4516 1313 4588 ejus
1341 4517 1457 4589 (71)
1487 4517 1613 4573 Iesu
1647 4516 1852 4575 Christi
1882 4519 2004 4572 Do-

2111 3318 2331 3383 garetur
2360 3330 2374 3378 ;
2408 3320 2470 3368 ut
2500 3312 2646 3385 quod
2695 3311 2973 3368 deferrent
3021 3310 3089 3366 de
3137 3309 3466 3372 Corinthiis.
3513 3325 3707 3366 verum

2107 3410 2268 3471 esset,
2298 3403 2443 3477 quod
2474 3401 2858 3461 contentiones
2885 3410 3068 3457 essent
3108 3400 3254 3458 inter
3281 3417 3374 3458 eos
3405 3401 3548 3474 (73).
3575 3400 3721 3458 Con-

2108 3494 2384 3552 tentiones
2408 3495 2554 3552 inter
2582 3511 2673 3551 eos
2702 3510 2818 3551 esse
2847 3493 3012 3560 dixit,
3058 3502 3121 3549 ut
3160 3492 3474 3550 ostenderet
3525 3492 3718 3550 diver-

2109 3584 2327 3641 sitatem
2376 3585 2575 3642 mentis
2620 3583 2843 3641 illorum
2875 3583 2943 3639 de
2969 3582 3266 3656 disciplina
3293 3583 3605 3640 Dominica.
3646 3583 3719 3639 Et

2111 3691 2232 3749 quas
2255 3683 2419 3743 esset,
2453 3673 2718 3747 subjecit,
2755 3673 2978 3730 dicens:

2184 3764 2367 3837 (Vers.
2400 3761 2512 3836 12.)
2564 3787 2582 3812 ι
2623 3765 2741 3819 Hoc
2769 3772 2953 3820 autem
2983 3763 3131 3832 dico,
3161 3763 3309 3837 quod
3335 3762 3716 3839 unusquisque

2114 3862 2360 3912 vestrum
2391 3853 2528 3911 dicit
2560 3872 2571 3910 :
2613 3853 2730 3927 Ego
2761 3853 2985 3927 quidem
3015 3870 3138 3910 sum
3167 3852 3344 3923 Pauli,
3388 3871 3487 3928 ego
3526 3863 3712 3913 autem

2111 3947 2329 4019 Apollo,
2360 3962 2458 4018 ego
2503 3961 2633 4002 vero
2681 3944 2900 4016 Cephae,
2937 3961 3034 4018 ego
3060 3951 3242 4001 autem
3284 3945 3514 4004 Christi.
3554 3972 3573 3997 ι
3613 3948 3716 4003 Er-

2112 4051 2294 4095 rorem
2325 4035 2586 4106 ostendit,
2626 4034 2721 4092 sed
2750 4043 3041 4092 auctorum
3094 4034 3322 4091 nomina
3368 4052 3481 4092 non
3526 4037 3714 4110 prodi-

2112 4129 2196 4204 dit
2227 4147 2242 4198 ;
2276 4145 2375 4186 nec
2402 4128 2551 4185 enim
2585 4128 2644 4184 in
2701 4128 2820 4184 loco
2865 4125 3106 4194 stabant,
3135 4125 3230 4183 sed
3257 4127 3715 4186 circumibantad

2112 4219 2454 4276 eversionem
2509 4216 2868 4291 simplicium.
2927 4217 3066 4272 Nam
3114 4215 3218 4271 bos
3259 4233 3398 4290 quos
3434 4217 3711 4289 nominat,

2111 4311 2232 4368 sine
2265 4309 2437 4366 dubio
2500 4307 2635 4365 boni
2685 4314 2848 4363 erant
2899 4306 3188 4375 doctores;
3222 4307 3319 4364 sed
3365 4309 3470 4365 sub
3518 4323 3712 4369 eorum

2112 4401 2292 4473 specie
2349 4401 2516 4457 falsos
2563 4400 2839 4472 apostolos
2877 4396 3077 4469 tangit.
3126 4396 3184 4452 Si
3215 4398 3366 4453 enim
3401 4398 3460 4454 in
3489 4399 3579 4455 his
3599 4399 3712 4471 glo-

2111 4489 2368 4546 riandum
2397 4498 2554 4562 negat
2578 4535 2595 4558 ,
2625 4500 2831 4564 quanto
2860 4493 3031 4565 magis
3074 4491 3133 4547 in
3163 4488 3326 4547 malis
3361 4487 3709 4558 doctoribus,

400 4607 539 4666 mini
570 4609 764 4664 nostri.
800 4632 818 4655 ι
863 4606 998 4674 Quis
1044 4577 1287 4679 ambigat
1329 4577 1396 4662 de
1438 4577 1727 4678 promissis
1781 4615 1834 4662 et
1890 4606 1996 4663 ﬁde
2028 4626 2077 4687 D
2114 4597 2350 4687 (ΞΠΡΓΠΨ
2382 4579 2699 4687 δοξπτίηὲηξ
2722 4598 2946 4654 Ρτδνδῐη
2979 4585 3036 4639 in
3078 4577 3706 4687 δαωθοξίεβίεηξθθδῖξ

397 4697 517 4756 Dei.
551 4697 681 4772 quia
707 4713 819 4752 non
849 4695 954 4753 erit
982 4696 1143 4752 aliter
1172 4713 1336 4769 quam
1369 4695 1533 4764 dixit,
1581 4694 1725 4751 ﬁlios
1754 4712 1847 4752 eos
1874 4695 2000 4752 ado-

400 4793 580 4859 ptatos
604 4786 709 4842 sibi
738 4786 1023 4843 credentes
1057 4785 1115 4840 in
1145 4785 1427 4843 Christum
1448 4786 1475 4841 ?
1515 4786 1629 4842 Hoc
1657 4787 1803 4842 enim
1836 4786 1996 4842 nobis

401 4877 590 4946 donat,
620 4877 768 4948 quod
793 4877 1072 4934 credimus
1101 4895 1116 4946 ;
1148 4884 1210 4932 ut
1238 4878 1368 4950 quia
1398 4877 1678 4934 credimus
1709 4875 1992 4933 Christum

402 4965 606 5022 Filium
635 4981 751 5021 esse
775 4966 892 5034 Dei,
917 4967 1023 5023 hoc
1035 4983 1134 5022 nos
1157 4983 1274 5024 esse
1295 4966 1648 5039 incipiamus,
1670 4965 1917 5022 mansuri
1940 4964 1996 5021 in

402 5054 591 5111 eadem
634 5052 918 5124 dignitate,
949 5056 1095 5112 sicut
1128 5064 1312 5113 manet
1337 5055 1612 5126 Christus,
1663 5071 1827 5128 quem
1884 5070 1998 5111 cre-

401 5144 589 5203 dimus
618 5143 824 5202 Filium
854 5146 974 5202 Dei.
1008 5147 1258 5204 Societas
1283 5146 1431 5204 enim
1463 5145 1780 5204 fraternitas
1807 5152 1911 5211 est,
1937 5151 1999 5202 ut

498 5345 590 5425 ῥξ)
625 5343 812 5425 Codex
840 5341 1028 5425 Corb.,
1060 5343 1321 5425 infegula
1349 5343 1702 5425 manet.

502 5415 594 5489 69')
627 5415 954 5489 Idemicodq
988 5431 1093 5470 ποη
1111 5415 1371 5489 ﬁdis,_sed
1399 5416 1599 5489 infidis.

462 5486 595 5560 (70)
626 5489 726 5545 Ms.
766 5488 956 5556 Corb.,
984 5486 1274 5560 depr'wdati
1300 5487 1538 5560 fuerant.
1585 5486 1849 5559 Soquenti
1877 5503 1989 5544 au-

405 5558 514 5616 tem
537 5576 698 5615 versu
727 5561 849 5617 cod.
883 5559 1078 5628 Laud.,
1119 5561 1192 5616 ad
1217 5558 1533 5630 patientiam
1560 5558 1728 5615 vocat.

480 5631 596 5700 (71)
648 5631 806 5687 Rom.
854 5632 1016 5700 edit.,
1046 5633 1105 5686 in
1133 5629 1548 5686 aoni-munionem
1603 5631 1706 5700 ﬁlii
1749 5629 1882 5698 ejus.
1926 5631 2000 5686 Et

406 5701 633 5772 iterum,
663 5705 956 5758 communio
985 5704 1124 5759 enim
1172 5700 1537 5774 fraternitatis
1569 5708 1660 5757 est.
1695 5701 1999 5774 Utrobique

408 5789 538 5832 mss.
568 5771 633 5834 ac
661 5782 775 5832 vet.
821 5774 955 5834 edit.
986 5783 1049 5833 ut
1093 5771 1374 5841 intexta,
1417 5771 1528 5829 nisi
1582 5773 1731 5846 quod
1775 5771 2000 5830 Eras.ac

2116 4672 2266 4726 Inter
2311 4686 2404 4726 eos
2453 4678 2638 4726 tamen
2685 4671 2786 4726 hos
2827 4681 3237 4743 perseverantes
3277 4669 3550 4743 designat,
3613 4669 3708 4743 qui

2102 4759 2359 4816 dicebant
2386 4777 2443 4816 se
2473 4760 2679 4817 Christi
2711 4777 2848 4827 esse,
2885 4777 2997 4818 non
3039 4761 3303 4831 hominis,
3351 4776 3490 4834 quos
3551 4773 3709 4830 supe-

2105 4849 2221 4904 rius
2244 4849 2450 4905 laudat.

2177 4939 2358 5010 (Vers.
2395 4938 2502 5010 13.)
2549 4961 2566 4985 ε
2598 4937 2821 4994 Divisus
2850 4946 2936 4995 est
2969 4938 3222 4997 Christus
3275 4966 3294 4990 ι
3334 4937 3587 4995 Divisum
3621 4936 3708 4992 di-

2104 5029 2181 5086 cit
2210 5028 2513 5094 Christum,
2547 5028 2674 5100 quia
2703 5028 2930 5100 gloriam
2957 5028 3076 5101 ejus
3094 5029 3349 5086 homines
3369 5027 3478 5084 sibi
3510 5027 3706 5100 partiti

2103 5126 2252 5176 sunt.
2305 5117 2458 5174 Sicut
2509 5116 2876 5192 haeretici,qui
2925 5135 2982 5176 se
3024 5127 3121 5178 aut
3160 5116 3552 5184 Photinianos,
3609 5124 3708 5174 aut

2063 5326 2080 5341 '
2101 5319 2233 5377 Gill.
2266 5317 2472 5374 habent
2500 5318 2690 5389 etiam,
2719 5316 3115 5389 fraternitatis.

2179 5407 2290 5490 (72)
2319 5408 2521 5490 Omlnes
2542 5407 2674 5490 edit.
2696 5423 2770 5489 .ac
2783 5407 3228 5490 "mssknonnull,
3279 5404 3485 5477 fratres
3527 5405 3704 5490 nostri

2104 5478 2223 5536 estis
2252 5478 2360 5535 vos.
2388 5481 2459 5535 Et
2488 5480 2655 5543 infra,
2685 5479 2743 5532 in
2771 5479 2883 5550 fide
2909 5479 3131 5536 Christi.
3175 5479 3305 5535 Mss.
3354 5493 3486 5533 vero
3516 5478 3704 5550 plures

2105 5568 2168 5610 ac
2194 5552 2432 5610 notiores
2464 5551 2753 5607 nobiscum
2784 5549 3013 5607 faciunt.

2205 5620 2294 5696 73)
2319 5625 2400 5678 Ita
2431 5639 2561 5678 mss.
2595 5622 2753 5696 longe
2787 5622 3036 5694 plurimi,
3065 5638 3129 5678 ac
3149 5620 3527 5696 probatissimi
3553 5620 3690 5678 :alii

2106 5693 2342 5764 vero,'et
2371 5711 2560 5751 omnes
2601 5693 2736 5750 edit.
2762 5693 2992 5762 {verum
3018 5693 3196 5760 esset)
3226 5693 3418 5761 Corb.,
3464 5709 3572 5749 non
3619 5709 3708 5762 ρετ.

2105 5773 2199 5834 set.
2233 5767 2388 5838 Quod
2414 5765 2766 5826 contentiones
2793 5765 2934 5826 inter
2960 5765 3196 5828 cossim.
