  <div class='ocr_page' id='page_1' title='image "/cluster/home/n/w/nwhite01/storage/ocr_20150623/17/umn.31951002477311b/106.png"; bbox 0 0 3976 6372; ppageno 0'>
   <div class='ocr_carea' id='block_1_1' title="bbox 209 392 2413 457">
    <p class='ocr_par' dir='ltr' id='par_1_1' title="bbox 209 392 2413 457">
     <span class='ocr_line' id='line_1_1' title="bbox 209 392 2413 457; baseline -0 -1"><span class='ocrx_word' id='word_1_1' title='bbox 209 392 306 457; x_wconf 77' lang='grc'>197</span> <span class='ocrx_word' id='word_1_2' title='bbox 1284 399 1651 457; x_wconf 83' lang='lat' dir='ltr'><strong>COMMENT.</strong></span> <span class='ocrx_word' id='word_1_3' title='bbox 1690 401 1761 457; x_wconf 86' lang='lat' dir='ltr'><strong>IN</strong></span> <span class='ocrx_word' id='word_1_4' title='bbox 1798 394 2015 456; x_wconf 88' lang='lat' dir='ltr'><strong>EPIST.</strong></span> <span class='ocrx_word' id='word_1_5' title='bbox 2058 401 2079 456; x_wconf 94' lang='grc' dir='ltr'>Ι</span> <span class='ocrx_word' id='word_1_6' title='bbox 2120 401 2217 456; x_wconf 86' lang='lat' dir='ltr'><strong>AD</strong></span> <span class='ocrx_word' id='word_1_7' title='bbox 2257 401 2413 457; x_wconf 79' lang='lat' dir='ltr'><strong>COR.</strong></span> 
     </span>
    </p>
   </div>
   <div class='ocr_carea' id='block_1_2' title="bbox 3397 401 3499 458">
    <p class='ocr_par' dir='ltr' id='par_1_2' title="bbox 3397 401 3499 458">
     <span class='ocr_line' id='line_1_2' title="bbox 3397 401 3499 458; baseline 0.01 -1"><span class='ocrx_word' id='word_1_8' title='bbox 3397 401 3499 458; x_wconf 81' lang='grc'>198</span> 
     </span>
    </p>
   </div>
   <div class='ocr_carea' id='block_1_3' title="bbox 199 500 3506 597">
    <p class='ocr_par' dir='ltr' id='par_1_3' title="bbox 199 500 3506 597">
     <span class='ocr_line' id='line_1_3' title="bbox 199 500 3506 597; baseline 0.001 -18"><span class='ocrx_word' id='word_1_9' title='bbox 199 523 449 591; x_wconf 81' lang='lat' dir='ltr'><strong>Arianos,</strong></span> <span class='ocrx_word' id='word_1_10' title='bbox 480 530 574 579; x_wconf 90' lang='lat' dir='ltr'><strong>aut</strong></span> <span class='ocrx_word' id='word_1_11' title='bbox 603 523 997 597; x_wconf 85' lang='lat' dir='ltr'><strong>Cataphrygas,</strong></span> <span class='ocrx_word' id='word_1_12' title='bbox 1031 532 1125 579; x_wconf 89' lang='lat' dir='ltr'><strong>aut</strong></span> <span class='ocrx_word' id='word_1_13' title='bbox 1160 524 1512 593; x_wconf 87' lang='lat' dir='ltr'><strong>Novatianos,</strong></span> <span class='ocrx_word' id='word_1_14' title='bbox 1546 534 1641 580; x_wconf 89' lang='lat' dir='ltr'><strong>aut</strong></span> <span class='ocrx_word' id='word_1_15' title='bbox 1687 526 1790 580; x_wconf 91' lang='lat' dir='ltr'><strong>Do-</strong></span> <span class='ocrx_word' id='word_1_16' title='bbox 1820 527 1872 584; x_wconf 84' lang='grc' dir='ltr'><strong>Α</strong></span> <span class='ocrx_word' id='word_1_17' title='bbox 1900 500 1969 580; x_wconf 82' lang='lat' dir='ltr'><strong>ab</strong></span> <span class='ocrx_word' id='word_1_18' title='bbox 2002 523 2113 580; x_wconf 84' lang='lat' dir='ltr'>illis</span> <span class='ocrx_word' id='word_1_19' title='bbox 2144 524 2362 580; x_wconf 79' lang='lat' dir='ltr'><strong>fuerant</strong></span> <span class='ocrx_word' id='word_1_20' title='bbox 2392 523 2649 595; x_wconf 87' lang='lat' dir='ltr'><strong>baptizati</strong></span> <span class='ocrx_word' id='word_1_21' title='bbox 2681 524 2823 594; x_wconf 82' lang='lat' dir='ltr'><strong>(Act.</strong></span> <span class='ocrx_word' id='word_1_22' title='bbox 2855 541 2913 592; x_wconf 85' lang='lat' dir='ltr'><strong>x,</strong></span> <span class='ocrx_word' id='word_1_23' title='bbox 2945 525 3076 596; x_wconf 63' lang='lat'><strong>48);</strong></span> <span class='ocrx_word' id='word_1_24' title='bbox 3112 533 3174 581; x_wconf 91' lang='lat' dir='ltr'><strong>ut</strong></span> <span class='ocrx_word' id='word_1_25' title='bbox 3205 541 3276 581; x_wconf 82' lang='lat' dir='ltr'><strong>ex</strong></span> <span class='ocrx_word' id='word_1_26' title='bbox 3306 543 3372 582; x_wconf 85' lang='lat' dir='ltr'><strong>eo</strong></span> <span class='ocrx_word' id='word_1_27' title='bbox 3401 527 3506 583; x_wconf 90' lang='lat' dir='ltr'><strong>sci-</strong></span> 
     </span>
    </p>
   </div>
   <div class='ocr_carea' id='block_1_4' title="bbox 203 619 1798 688">
    <p class='ocr_par' dir='ltr' id='par_1_4' title="bbox 203 619 1798 688">
     <span class='ocr_line' id='line_1_4' title="bbox 203 619 1798 688; baseline 0 -14"><span class='ocrx_word' id='word_1_28' title='bbox 203 619 472 684; x_wconf 86' lang='lat' dir='ltr'><strong>natianos,</strong></span> <span class='ocrx_word' id='word_1_29' title='bbox 513 627 608 674; x_wconf 89' lang='lat' dir='ltr'><strong>aut</strong></span> <span class='ocrx_word' id='word_1_30' title='bbox 648 619 976 678; x_wconf 85' lang='lat' dir='ltr'><strong>Manichaos</strong></span> <span class='ocrx_word' id='word_1_31' title='bbox 1010 621 1194 676; x_wconf 89' lang='lat' dir='ltr'><strong>vocari</strong></span> <span class='ocrx_word' id='word_1_32' title='bbox 1222 637 1330 676; x_wconf 90' lang='lat' dir='ltr'><strong>non</strong></span> <span class='ocrx_word' id='word_1_33' title='bbox 1359 621 1617 688; x_wconf 90' lang='lat' dir='ltr'><strong>horrent;</strong></span> <span class='ocrx_word' id='word_1_34' title='bbox 1647 620 1798 675; x_wconf 76' lang='lat'><strong>114</strong></span> 
     </span>
    </p>
   </div>
   <div class='ocr_carea' id='block_1_5' title="bbox 200 706 1795 766">
    <p class='ocr_par' dir='ltr' id='par_1_5' title="bbox 200 706 1795 766">
     <span class='ocr_line' id='line_1_5' title="bbox 200 706 1795 766; baseline 0.003 -5"><span class='ocrx_word' id='word_1_35' title='bbox 200 706 277 762; x_wconf 91' lang='lat' dir='ltr'><strong>ita</strong></span> <span class='ocrx_word' id='word_1_36' title='bbox 303 715 354 761; x_wconf 93' lang='lat' dir='ltr'><strong>et</strong></span> <span class='ocrx_word' id='word_1_37' title='bbox 380 708 659 764; x_wconf 78' lang='lat' dir='ltr'><strong>Corinthii</strong></span> <span class='ocrx_word' id='word_1_38' title='bbox 690 709 1032 765; x_wconf 86' lang='lat' dir='ltr'><strong>diversorum</strong></span> <span class='ocrx_word' id='word_1_39' title='bbox 1057 709 1440 766; x_wconf 85' lang='lat' dir='ltr'><strong>haereticorum</strong></span> <span class='ocrx_word' id='word_1_40' title='bbox 1474 711 1795 766; x_wconf 89' lang='lat' dir='ltr'><strong>nominibus</strong></span> 
     </span>
    </p>
   </div>
   <div class='ocr_carea' id='block_1_6' title="bbox 199 797 1796 871">
    <p class='ocr_par' dir='ltr' id='par_1_6' title="bbox 199 797 1796 871">
     <span class='ocr_line' id='line_1_6' title="bbox 199 797 1796 871; baseline 0.002 -19"><span class='ocrx_word' id='word_1_41' title='bbox 199 797 399 869; x_wconf 82' lang='lat' dir='ltr'><strong>subjici</strong></span> <span class='ocrx_word' id='word_1_42' title='bbox 432 806 726 871; x_wconf 69' lang='lat' dir='ltr'><strong>cceperant,</strong></span> <span class='ocrx_word' id='word_1_43' title='bbox 758 807 817 855; x_wconf 90' lang='lat' dir='ltr'><strong>ut</strong></span> <span class='ocrx_word' id='word_1_44' title='bbox 847 799 1169 855; x_wconf 79' lang='lat' dir='ltr'><strong>viderentur</strong></span> <span class='ocrx_word' id='word_1_45' title='bbox 1201 799 1319 855; x_wconf 93' lang='lat' dir='ltr'><strong>loco</strong></span> <span class='ocrx_word' id='word_1_46' title='bbox 1350 799 1558 856; x_wconf 87' lang='lat' dir='ltr'><strong>Christi</strong></span> <span class='ocrx_word' id='word_1_47' title='bbox 1604 799 1796 855; x_wconf 90' lang='lat' dir='ltr'><strong>homi-</strong></span> 
     </span>
    </p>
   </div>
   <div class='ocr_carea' id='block_1_7' title="bbox 200 889 1792 964">
    <p class='ocr_par' dir='ltr' id='par_1_7' title="bbox 200 889 1792 964">
     <span class='ocr_line' id='line_1_7' title="bbox 200 889 1792 964; baseline 0.003 -22"><span class='ocrx_word' id='word_1_48' title='bbox 200 902 295 942; x_wconf 89' lang='lat' dir='ltr'><strong>nes</strong></span> <span class='ocrx_word' id='word_1_49' title='bbox 324 889 568 944; x_wconf 87' lang='lat' dir='ltr'><strong>venerari</strong></span> <span class='ocrx_word' id='word_1_50' title='bbox 593 908 603 944; x_wconf 94' lang='lat'><strong>:</strong></span> <span class='ocrx_word' id='word_1_51' title='bbox 639 890 729 962; x_wconf 89' lang='lat' dir='ltr'><strong>qui</strong></span> <span class='ocrx_word' id='word_1_52' title='bbox 757 891 887 946; x_wconf 90' lang='lat' dir='ltr'><strong>dum</strong></span> <span class='ocrx_word' id='word_1_53' title='bbox 913 891 1128 947; x_wconf 86' lang='lat' dir='ltr'><strong>diversa</strong></span> <span class='ocrx_word' id='word_1_54' title='bbox 1150 892 1215 947; x_wconf 93' lang='lat' dir='ltr'><strong>de</strong></span> <span class='ocrx_word' id='word_1_55' title='bbox 1243 891 1462 948; x_wconf 78' lang='lat' dir='ltr'><strong>Christo</strong></span> <span class='ocrx_word' id='word_1_56' title='bbox 1493 893 1792 964; x_wconf 91' lang='lat' dir='ltr'><strong>accipiunt,</strong></span> 
     </span>
    </p>
   </div>
   <div class='ocr_carea' id='block_1_8' title="bbox 198 975 1791 1036">
    <p class='ocr_par' dir='ltr' id='par_1_8' title="bbox 198 975 1791 1036">
     <span class='ocr_line' id='line_1_8' title="bbox 198 975 1791 1036; baseline 0.001 -5"><span class='ocrx_word' id='word_1_57' title='bbox 198 975 460 1034; x_wconf 86' lang='lat' dir='ltr'><strong>dividunt</strong></span> <span class='ocrx_word' id='word_1_58' title='bbox 505 977 805 1035; x_wconf 86' lang='lat' dir='ltr'><strong>Christum.</strong></span> <span class='ocrx_word' id='word_1_59' title='bbox 860 980 1011 1036; x_wconf 92' lang='lat' dir='ltr'><strong>Unus</strong></span> <span class='ocrx_word' id='word_1_60' title='bbox 1049 981 1196 1036; x_wconf 90' lang='lat' dir='ltr'><strong>enim</strong></span> <span class='ocrx_word' id='word_1_61' title='bbox 1247 981 1529 1036; x_wconf 83' lang='lat' dir='ltr'><strong>hominem</strong></span> <span class='ocrx_word' id='word_1_62' title='bbox 1579 987 1791 1035; x_wconf 90' lang='lat' dir='ltr'><strong>tantum</strong></span> 
     </span>
    </p>
   </div>
   <div class='ocr_carea' id='block_1_9' title="bbox 199 1065 1795 1142">
    <p class='ocr_par' dir='ltr' id='par_1_9' title="bbox 199 1065 1795 1142">
     <span class='ocr_line' id='line_1_9' title="bbox 199 1065 1795 1142; baseline 0.002 -22"><span class='ocrx_word' id='word_1_63' title='bbox 199 1065 397 1138; x_wconf 83' lang='lat' dir='ltr'><strong>accipit</strong></span> <span class='ocrx_word' id='word_1_64' title='bbox 429 1066 732 1136; x_wconf 82' lang='lat' dir='ltr'><strong>Christum,</strong></span> <span class='ocrx_word' id='word_1_65' title='bbox 784 1070 924 1124; x_wconf 80' lang='lat' dir='ltr'><strong>alter</strong></span> <span class='ocrx_word' id='word_1_66' title='bbox 967 1072 1140 1126; x_wconf 91' lang='lat' dir='ltr'><strong>Deum</strong></span> <span class='ocrx_word' id='word_1_67' title='bbox 1186 1088 1384 1142; x_wconf 90' lang='lat' dir='ltr'><strong>purum</strong></span> <span class='ocrx_word' id='word_1_68' title='bbox 1416 1070 1532 1125; x_wconf 86' lang='lat' dir='ltr'><strong>sine</strong></span> <span class='ocrx_word' id='word_1_69' title='bbox 1571 1069 1795 1124; x_wconf 89' lang='lat' dir='ltr'><strong>homine</strong></span> 
     </span>
    </p>
   </div>
   <div class='ocr_carea' id='block_1_10' title="bbox 201 1155 1794 1231">
    <p class='ocr_par' dir='ltr' id='par_1_10' title="bbox 201 1155 1794 1231">
     <span class='ocr_line' id='line_1_10' title="bbox 201 1155 1794 1231; baseline 0.005 -25"><span class='ocrx_word' id='word_1_70' title='bbox 201 1155 286 1208; x_wconf 85' lang='lat' dir='ltr'><strong>vel</strong></span> <span class='ocrx_word' id='word_1_71' title='bbox 319 1171 540 1228; x_wconf 90' lang='lat' dir='ltr'><strong>corpore</strong></span> <span class='ocrx_word' id='word_1_72' title='bbox 589 1157 792 1212; x_wconf 86' lang='lat' dir='ltr'><strong>fatetur</strong></span> <span class='ocrx_word' id='word_1_73' title='bbox 841 1159 983 1231; x_wconf 74' lang='grc'>(74),</span> <span class='ocrx_word' id='word_1_74' title='bbox 1031 1161 1171 1215; x_wconf 92' lang='lat' dir='ltr'><strong>alius</strong></span> <span class='ocrx_word' id='word_1_75' title='bbox 1213 1160 1349 1215; x_wconf 87' lang='lat' dir='ltr'><strong>dicit</strong></span> <span class='ocrx_word' id='word_1_76' title='bbox 1382 1177 1476 1231; x_wconf 91' lang='lat' dir='ltr'><strong>per</strong></span> <span class='ocrx_word' id='word_1_77' title='bbox 1505 1158 1794 1231; x_wconf 85' lang='lat' dir='ltr'><strong>prophetas</strong></span> 
     </span>
    </p>
   </div>
   <div class='ocr_carea' id='block_1_11' title="bbox 198 1243 1794 1322">
    <p class='ocr_par' dir='ltr' id='par_1_11' title="bbox 198 1243 1794 1322">
     <span class='ocr_line' id='line_1_11' title="bbox 198 1243 1794 1322; baseline 0.003 -25"><span class='ocrx_word' id='word_1_78' title='bbox 198 1243 517 1314; x_wconf 86' lang='lat' dir='ltr'><strong>pradictum</strong></span> <span class='ocrx_word' id='word_1_79' title='bbox 599 1246 903 1317; x_wconf 89' lang='lat' dir='ltr'><strong>Christum,</strong></span> <span class='ocrx_word' id='word_1_80' title='bbox 971 1251 1109 1305; x_wconf 90' lang='lat' dir='ltr'><strong>alter</strong></span> <span class='ocrx_word' id='word_1_81' title='bbox 1157 1259 1316 1322; x_wconf 89' lang='lat' dir='ltr'><strong>negat</strong></span> <span class='ocrx_word' id='word_1_82' title='bbox 1373 1249 1662 1321; x_wconf 86' lang='lat' dir='ltr'><strong>prophetas</strong></span> <span class='ocrx_word' id='word_1_83' title='bbox 1727 1248 1794 1303; x_wconf 91' lang='lat' dir='ltr'><strong>de</strong></span> 
     </span>
    </p>
   </div>
   <div class='ocr_carea' id='block_1_12' title="bbox 197 1330 1794 1412">
    <p class='ocr_par' dir='ltr' id='par_1_12' title="bbox 197 1330 1794 1412">
     <span class='ocr_line' id='line_1_12' title="bbox 197 1330 1794 1412; baseline 0.003 -24"><span class='ocrx_word' id='word_1_84' title='bbox 197 1330 417 1389; x_wconf 87' lang='lat' dir='ltr'><strong>Christo</strong></span> <span class='ocrx_word' id='word_1_85' title='bbox 467 1335 698 1392; x_wconf 87' lang='lat' dir='ltr'><strong>locutos.</strong></span> <span class='ocrx_word' id='word_1_86' title='bbox 743 1337 878 1394; x_wconf 92' lang='lat' dir='ltr'><strong>Cum</strong></span> <span class='ocrx_word' id='word_1_87' title='bbox 929 1355 1055 1412; x_wconf 90' lang='lat' dir='ltr'><strong>ergo</strong></span> <span class='ocrx_word' id='word_1_88' title='bbox 1083 1339 1336 1396; x_wconf 87' lang='lat' dir='ltr'><strong>Christus</strong></span> <span class='ocrx_word' id='word_1_89' title='bbox 1365 1355 1508 1394; x_wconf 91' lang='lat' dir='ltr'><strong>unus</strong></span> <span class='ocrx_word' id='word_1_90' title='bbox 1550 1338 1620 1393; x_wconf 88' lang='lat' dir='ltr'><strong>sit</strong></span> <span class='ocrx_word' id='word_1_91' title='bbox 1651 1339 1794 1392; x_wconf 89' lang='lat' dir='ltr'><strong>Deus</strong></span> 
     </span>
    </p>
   </div>
   <div class='ocr_carea' id='block_1_13' title="bbox 197 1421 1790 1500">
    <p class='ocr_par' dir='ltr' id='par_1_13' title="bbox 197 1421 1790 1500">
     <span class='ocr_line' id='line_1_13' title="bbox 197 1421 1790 1500; baseline 0.003 -24"><span class='ocrx_word' id='word_1_92' title='bbox 197 1428 250 1476; x_wconf 92' lang='lat' dir='ltr'><strong>et</strong></span> <span class='ocrx_word' id='word_1_93' title='bbox 279 1421 466 1491; x_wconf 88' lang='lat' dir='ltr'><strong>homo,</strong></span> <span class='ocrx_word' id='word_1_94' title='bbox 503 1424 594 1482; x_wconf 90' lang='lat' dir='ltr'><strong>isti</strong></span> <span class='ocrx_word' id='word_1_95' title='bbox 618 1425 724 1482; x_wconf 88' lang='lat' dir='ltr'><strong>sibi</strong></span> <span class='ocrx_word' id='word_1_96' title='bbox 755 1428 897 1484; x_wconf 89' lang='lat' dir='ltr'><strong>alius</strong></span> <span class='ocrx_word' id='word_1_97' title='bbox 930 1428 1083 1484; x_wconf 81' lang='lat' dir='ltr'><strong>aliud</strong></span> <span class='ocrx_word' id='word_1_98' title='bbox 1105 1428 1222 1500; x_wconf 85' lang='lat' dir='ltr'><strong>ejus</strong></span> <span class='ocrx_word' id='word_1_99' title='bbox 1255 1428 1620 1494; x_wconf 83' lang='lat' dir='ltr'><strong>vindicantes,</strong></span> <span class='ocrx_word' id='word_1_100' title='bbox 1651 1427 1790 1483; x_wconf 87' lang='lat' dir='ltr'><strong>divi-</strong></span> 
     </span>
    </p>
   </div>
   <div class='ocr_carea' id='block_1_14' title="bbox 196 1510 1794 1590">
    <p class='ocr_par' dir='ltr' id='par_1_14' title="bbox 196 1510 1794 1590">
     <span class='ocr_line' id='line_1_14' title="bbox 196 1510 1794 1590; baseline 0.004 -24"><span class='ocrx_word' id='word_1_101' title='bbox 196 1510 335 1568; x_wconf 88' lang='lat' dir='ltr'><strong>dunt</strong></span> <span class='ocrx_word' id='word_1_102' title='bbox 367 1513 648 1571; x_wconf 85' lang='lat' dir='ltr'><strong>Christum</strong></span> <span class='ocrx_word' id='word_1_103' title='bbox 676 1536 688 1583; x_wconf 91' lang='lat'><strong>;</strong></span> <span class='ocrx_word' id='word_1_104' title='bbox 721 1527 772 1573; x_wconf 91' lang='lat' dir='ltr'><strong>et</strong></span> <span class='ocrx_word' id='word_1_105' title='bbox 803 1519 932 1590; x_wconf 85' lang='lat' dir='ltr'><strong>quia</strong></span> <span class='ocrx_word' id='word_1_106' title='bbox 960 1519 1063 1574; x_wconf 90' lang='lat' dir='ltr'><strong>sub</strong></span> <span class='ocrx_word' id='word_1_107' title='bbox 1116 1519 1339 1574; x_wconf 89' lang='lat' dir='ltr'><strong>nomine</strong></span> <span class='ocrx_word' id='word_1_108' title='bbox 1379 1535 1478 1574; x_wconf 91' lang='lat' dir='ltr'><strong>suo</strong></span> <span class='ocrx_word' id='word_1_109' title='bbox 1523 1517 1794 1574; x_wconf 89' lang='lat' dir='ltr'><strong>Ecclesias</strong></span> 
     </span>
    </p>
   </div>
   <div class='ocr_carea' id='block_1_15' title="bbox 196 1599 922 1680">
    <p class='ocr_par' dir='ltr' id='par_1_15' title="bbox 196 1599 922 1680">
     <span class='ocr_line' id='line_1_15' title="bbox 196 1599 922 1680; baseline 0.01 -25"><span class='ocrx_word' id='word_1_110' title='bbox 196 1599 406 1660; x_wconf 82' lang='lat' dir='ltr'><strong>faciunt</strong></span> <span class='ocrx_word' id='word_1_111' title='bbox 436 1605 658 1675; x_wconf 89' lang='lat' dir='ltr'><strong>multas,</strong></span> <span class='ocrx_word' id='word_1_112' title='bbox 688 1606 922 1680; x_wconf 85' lang='lat' dir='ltr'><strong>adjecit:</strong></span> 
     </span>
    </p>
   </div>
   <div class='ocr_carea' id='block_1_16' title="bbox 279 1692 1780 1767">
    <p class='ocr_par' dir='ltr' id='par_1_16' title="bbox 279 1692 1780 1767">
     <span class='ocr_line' id='line_1_16' title="bbox 279 1692 1780 1767; baseline 0.001 -19"><span class='ocrx_word' id='word_1_113' title='bbox 279 1717 297 1738; x_wconf 77' lang='grc' dir='ltr'>ι</span> <span class='ocrx_word' id='word_1_114' title='bbox 334 1692 613 1766; x_wconf 87' lang='lat' dir='ltr'><strong>Numquid</strong></span> <span class='ocrx_word' id='word_1_115' title='bbox 661 1696 863 1752; x_wconf 90' lang='lat' dir='ltr'><strong>Paulus</strong></span> <span class='ocrx_word' id='word_1_116' title='bbox 907 1697 1209 1753; x_wconf 85' lang='lat' dir='ltr'><strong>cruciﬁxus</strong></span> <span class='ocrx_word' id='word_1_117' title='bbox 1251 1703 1331 1752; x_wconf 89' lang='lat' dir='ltr'><strong>est</strong></span> <span class='ocrx_word' id='word_1_118' title='bbox 1376 1712 1475 1767; x_wconf 89' lang='lat' dir='ltr'><strong>pro</strong></span> <span class='ocrx_word' id='word_1_119' title='bbox 1526 1694 1723 1750; x_wconf 79' lang='lat' dir='ltr'><strong>vobis?</strong></span> <span class='ocrx_word' id='word_1_120' title='bbox 1761 1719 1780 1742; x_wconf 74' lang='grc' dir='ltr'><strong><em>ι</em></strong></span> 
     </span>
    </p>
   </div>
   <div class='ocr_carea' id='block_1_17' title="bbox 195 1777 1793 1858">
    <p class='ocr_par' dir='ltr' id='par_1_17' title="bbox 195 1777 1793 1858">
     <span class='ocr_line' id='line_1_17' title="bbox 195 1777 1793 1858; baseline 0.003 -24"><span class='ocrx_word' id='word_1_121' title='bbox 195 1777 322 1836; x_wconf 90' lang='lat' dir='ltr'><strong>Ideo</strong></span> <span class='ocrx_word' id='word_1_122' title='bbox 373 1797 404 1836; x_wconf 91' lang='lat' dir='ltr'><strong>a</strong></span> <span class='ocrx_word' id='word_1_123' title='bbox 447 1799 502 1838; x_wconf 90' lang='lat' dir='ltr'><strong>se</strong></span> <span class='ocrx_word' id='word_1_124' title='bbox 543 1784 729 1855; x_wconf 71' lang='lat' dir='ltr'><strong>capit,</strong></span> <span class='ocrx_word' id='word_1_125' title='bbox 771 1802 838 1841; x_wconf 93' lang='lat' dir='ltr'><strong>ne</strong></span> <span class='ocrx_word' id='word_1_126' title='bbox 887 1785 1026 1841; x_wconf 88' lang='lat' dir='ltr'><strong>forte</strong></span> <span class='ocrx_word' id='word_1_127' title='bbox 1069 1793 1353 1858; x_wconf 86' lang='lat' dir='ltr'><strong>putaretur</strong></span> <span class='ocrx_word' id='word_1_128' title='bbox 1389 1784 1623 1840; x_wconf 91' lang='lat' dir='ltr'><strong>aliorum</strong></span> <span class='ocrx_word' id='word_1_129' title='bbox 1672 1781 1793 1838; x_wconf 89' lang='lat' dir='ltr'><strong>ideo</strong></span> 
     </span>
    </p>
   </div>
   <div class='ocr_carea' id='block_1_18' title="bbox 1905 612 3506 685">
    <p class='ocr_par' dir='ltr' id='par_1_18' title="bbox 1905 612 3506 685">
     <span class='ocr_line' id='line_1_18' title="bbox 1905 612 3506 685; baseline 0.003 -17"><span class='ocrx_word' id='word_1_130' title='bbox 1905 621 2026 668; x_wconf 90' lang='lat' dir='ltr'><strong>rent</strong></span> <span class='ocrx_word' id='word_1_131' title='bbox 2057 629 2167 668; x_wconf 90' lang='lat' dir='ltr'><strong>non</strong></span> <span class='ocrx_word' id='word_1_132' title='bbox 2201 629 2457 685; x_wconf 87' lang='lat' dir='ltr'><strong>magnum</strong></span> <span class='ocrx_word' id='word_1_133' title='bbox 2497 629 2611 668; x_wconf 90' lang='lat' dir='ltr'><strong>esse</strong></span> <span class='ocrx_word' id='word_1_134' title='bbox 2653 612 2951 684; x_wconf 88' lang='lat' dir='ltr'><strong>baptizare,</strong></span> <span class='ocrx_word' id='word_1_135' title='bbox 3009 614 3137 685; x_wconf 88' lang='lat' dir='ltr'><strong>quia</strong></span> <span class='ocrx_word' id='word_1_136' title='bbox 3185 631 3296 670; x_wconf 88' lang='lat' dir='ltr'><strong>non</strong></span> <span class='ocrx_word' id='word_1_137' title='bbox 3325 617 3506 674; x_wconf 87' lang='lat' dir='ltr'><strong>omnis</strong></span> 
     </span>
    </p>
   </div>
   <div class='ocr_carea' id='block_1_19' title="bbox 1906 703 3506 775">
    <p class='ocr_par' dir='ltr' id='par_1_19' title="bbox 1906 703 3506 775">
     <span class='ocr_line' id='line_1_19' title="bbox 1906 703 3506 775; baseline 0.003 -18"><span class='ocrx_word' id='word_1_138' title='bbox 1906 704 2000 775; x_wconf 89' lang='lat' dir='ltr'><strong>qui</strong></span> <span class='ocrx_word' id='word_1_139' title='bbox 2052 703 2308 773; x_wconf 88' lang='lat' dir='ltr'><strong>baptizat,</strong></span> <span class='ocrx_word' id='word_1_140' title='bbox 2355 703 2585 758; x_wconf 90' lang='lat' dir='ltr'><strong>idoneus</strong></span> <span class='ocrx_word' id='word_1_141' title='bbox 2648 711 2730 758; x_wconf 89' lang='lat' dir='ltr'><strong>est</strong></span> <span class='ocrx_word' id='word_1_142' title='bbox 2779 711 2834 758; x_wconf 90' lang='lat' dir='ltr'><strong>et</strong></span> <span class='ocrx_word' id='word_1_143' title='bbox 2879 703 3273 773; x_wconf 87' lang='lat' dir='ltr'><strong>evangelizare.</strong></span> <span class='ocrx_word' id='word_1_144' title='bbox 3325 705 3506 761; x_wconf 89' lang='lat' dir='ltr'><strong>Verba</strong></span> 
     </span>
    </p>
   </div>
   <div class='ocr_carea' id='block_1_20' title="bbox 1905 794 3501 866">
    <p class='ocr_par' dir='ltr' id='par_1_20' title="bbox 1905 794 3501 866">
     <span class='ocr_line' id='line_1_20' title="bbox 1905 794 3501 866; baseline 0.001 -16"><span class='ocrx_word' id='word_1_145' title='bbox 1905 797 2052 851; x_wconf 90' lang='lat' dir='ltr'><strong>enim</strong></span> <span class='ocrx_word' id='word_1_146' title='bbox 2109 795 2379 851; x_wconf 86' lang='lat' dir='ltr'><strong>solemnia</strong></span> <span class='ocrx_word' id='word_1_147' title='bbox 2425 803 2571 863; x_wconf 90' lang='lat' dir='ltr'><strong>sunt,</strong></span> <span class='ocrx_word' id='word_1_148' title='bbox 2618 811 2738 866; x_wconf 88' lang='lat' dir='ltr'><strong>qua</strong></span> <span class='ocrx_word' id='word_1_149' title='bbox 2768 795 3035 850; x_wconf 89' lang='lat' dir='ltr'><strong>dicuntur</strong></span> <span class='ocrx_word' id='word_1_150' title='bbox 3064 794 3120 848; x_wconf 90' lang='lat' dir='ltr'><strong>in</strong></span> <span class='ocrx_word' id='word_1_151' title='bbox 3155 795 3501 866; x_wconf 84' lang='lat' dir='ltr'><strong>baptismate.</strong></span> 
     </span>
    </p>
   </div>
   <div class='ocr_carea' id='block_1_21' title="bbox 1905 883 3501 956">
    <p class='ocr_par' dir='ltr' id='par_1_21' title="bbox 1905 883 3501 956">
     <span class='ocr_line' id='line_1_21' title="bbox 1905 883 3501 956; baseline 0 -17"><span class='ocrx_word' id='word_1_152' title='bbox 1905 885 2150 956; x_wconf 88' lang='lat' dir='ltr'><strong>Denique</strong></span> <span class='ocrx_word' id='word_1_153' title='bbox 2182 884 2458 954; x_wconf 86' lang='lat' dir='ltr'><strong>apostolus</strong></span> <span class='ocrx_word' id='word_1_154' title='bbox 2489 884 2680 938; x_wconf 87' lang='lat' dir='ltr'><strong>Petrus</strong></span> <span class='ocrx_word' id='word_1_155' title='bbox 2700 883 3012 940; x_wconf 84' lang='lat' dir='ltr'><strong>credentem</strong></span> <span class='ocrx_word' id='word_1_156' title='bbox 3036 883 3356 940; x_wconf 90' lang='lat' dir='ltr'><strong>Cornelium</strong></span> <span class='ocrx_word' id='word_1_157' title='bbox 3378 901 3501 939; x_wconf 89' lang='lat' dir='ltr'><strong>cum</strong></span> 
     </span>
    </p>
   </div>
   <div class='ocr_carea' id='block_1_22' title="bbox 1905 964 3507 1042">
    <p class='ocr_par' dir='ltr' id='par_1_22' title="bbox 1905 964 3507 1042">
     <span class='ocr_line' id='line_1_22' title="bbox 1905 964 3507 1042; baseline -0.001 -16"><span class='ocrx_word' id='word_1_158' title='bbox 1905 973 2018 1027; x_wconf 91' lang='lat' dir='ltr'><strong>suis</strong></span> <span class='ocrx_word' id='word_1_159' title='bbox 2056 964 2222 1042; x_wconf 87' lang='lat' dir='ltr'><strong>jussit</strong></span> <span class='ocrx_word' id='word_1_160' title='bbox 2278 971 2565 1042; x_wconf 82' lang='lat' dir='ltr'><strong>baptizari,</strong></span> <span class='ocrx_word' id='word_1_161' title='bbox 2618 987 2719 1028; x_wconf 90' lang='lat' dir='ltr'><strong>nec</strong></span> <span class='ocrx_word' id='word_1_162' title='bbox 2769 971 3027 1042; x_wconf 89' lang='lat' dir='ltr'><strong>dignatus</strong></span> <span class='ocrx_word' id='word_1_163' title='bbox 3074 976 3174 1038; x_wconf 87' lang='lat' dir='ltr'><strong>est,</strong></span> <span class='ocrx_word' id='word_1_164' title='bbox 3237 969 3507 1025; x_wconf 89' lang='lat' dir='ltr'><strong>ministris</strong></span> 
     </span>
    </p>
   </div>
   <div class='ocr_carea' id='block_1_23' title="bbox 1905 1057 3504 1130">
    <p class='ocr_par' dir='ltr' id='par_1_23' title="bbox 1905 1057 3504 1130">
     <span class='ocr_line' id='line_1_23' title="bbox 1905 1057 3504 1130; baseline -0.001 -17"><span class='ocrx_word' id='word_1_165' title='bbox 1905 1060 2230 1126; x_wconf 87' lang='lat' dir='ltr'><strong>astantibus,</strong></span> <span class='ocrx_word' id='word_1_166' title='bbox 2278 1058 2384 1114; x_wconf 91' lang='lat' dir='ltr'><strong>hoc</strong></span> <span class='ocrx_word' id='word_1_167' title='bbox 2434 1076 2572 1130; x_wconf 91' lang='lat' dir='ltr'><strong>opus</strong></span> <span class='ocrx_word' id='word_1_168' title='bbox 2615 1059 2831 1125; x_wconf 85' lang='lat' dir='ltr'><strong>facere;</strong></span> <span class='ocrx_word' id='word_1_169' title='bbox 2882 1059 2926 1114; x_wconf 91' lang='lat' dir='ltr'><strong>si</strong></span> <span class='ocrx_word' id='word_1_170' title='bbox 2971 1060 3120 1114; x_wconf 89' lang='lat' dir='ltr'><strong>enim</strong></span> <span class='ocrx_word' id='word_1_171' title='bbox 3179 1057 3504 1126; x_wconf 84' lang='lat' dir='ltr'><strong>defuissent,</strong></span> 
     </span>
    </p>
   </div>
   <div class='ocr_carea' id='block_1_24' title="bbox 1905 1147 3508 1220">
    <p class='ocr_par' dir='ltr' id='par_1_24' title="bbox 1905 1147 3508 1220">
     <span class='ocr_line' id='line_1_24' title="bbox 1905 1147 3508 1220; baseline -0.001 -17"><span class='ocrx_word' id='word_1_172' title='bbox 1905 1148 2019 1220; x_wconf 84' lang='lat' dir='ltr'><strong>ipse</strong></span> <span class='ocrx_word' id='word_1_173' title='bbox 2050 1148 2153 1203; x_wconf 93' lang='lat' dir='ltr'><strong>hoc</strong></span> <span class='ocrx_word' id='word_1_174' title='bbox 2181 1149 2396 1218; x_wconf 80' lang='lat' dir='ltr'><strong>egisset,</strong></span> <span class='ocrx_word' id='word_1_175' title='bbox 2428 1149 2748 1204; x_wconf 88' lang='lat' dir='ltr'><strong>necessitate</strong></span> <span class='ocrx_word' id='word_1_176' title='bbox 2778 1149 3118 1219; x_wconf 88' lang='lat' dir='ltr'><strong>compulsus.</strong></span> <span class='ocrx_word' id='word_1_177' title='bbox 3153 1147 3369 1214; x_wconf 88' lang='lat' dir='ltr'><strong>Quanto</strong></span> <span class='ocrx_word' id='word_1_178' title='bbox 3410 1163 3508 1202; x_wconf 91' lang='lat' dir='ltr'><strong>er-</strong></span> 
     </span>
    </p>
   </div>
   <div class='ocr_carea' id='block_1_25' title="bbox 1906 1235 3502 1310">
    <p class='ocr_par' dir='ltr' id='par_1_25' title="bbox 1906 1235 3502 1310">
     <span class='ocr_line' id='line_1_25' title="bbox 1906 1235 3502 1310; baseline -0.001 -18"><span class='ocrx_word' id='word_1_179' title='bbox 1906 1254 1972 1308; x_wconf 88' lang='lat' dir='ltr'><strong>go</strong></span> <span class='ocrx_word' id='word_1_180' title='bbox 2002 1238 2197 1292; x_wconf 90' lang='lat' dir='ltr'><strong>melior</strong></span> <span class='ocrx_word' id='word_1_181' title='bbox 2226 1237 2313 1292; x_wconf 92' lang='lat' dir='ltr'><strong>his</strong></span> <span class='ocrx_word' id='word_1_182' title='bbox 2339 1238 2430 1305; x_wconf 86' lang='lat' dir='ltr'><strong>sit,</strong></span> <span class='ocrx_word' id='word_1_183' title='bbox 2462 1254 2599 1310; x_wconf 91' lang='lat' dir='ltr'><strong>quos</strong></span> <span class='ocrx_word' id='word_1_184' title='bbox 2643 1238 2727 1292; x_wconf 89' lang='lat' dir='ltr'><strong>illi</strong></span> <span class='ocrx_word' id='word_1_185' title='bbox 2763 1237 3190 1305; x_wconf 85' lang='lat' dir='ltr'><strong>venerabantur,</strong></span> <span class='ocrx_word' id='word_1_186' title='bbox 3229 1235 3502 1292; x_wconf 88' lang='lat' dir='ltr'><strong>ostendit:</strong></span> 
     </span>
    </p>
   </div>
   <div class='ocr_carea' id='block_1_26' title="bbox 1904 1327 3499 1398">
    <p class='ocr_par' dir='ltr' id='par_1_26' title="bbox 1904 1327 3499 1398">
     <span class='ocr_line' id='line_1_26' title="bbox 1904 1327 3499 1398; baseline 0 -17"><span class='ocrx_word' id='word_1_187' title='bbox 1904 1336 1958 1382; x_wconf 91' lang='lat' dir='ltr'><strong>et</strong></span> <span class='ocrx_word' id='word_1_188' title='bbox 2004 1343 2116 1382; x_wconf 90' lang='lat' dir='ltr'><strong>non</strong></span> <span class='ocrx_word' id='word_1_189' title='bbox 2169 1335 2352 1382; x_wconf 89' lang='lat' dir='ltr'><strong>tamen</strong></span> <span class='ocrx_word' id='word_1_190' title='bbox 2406 1327 2511 1384; x_wconf 90' lang='lat' dir='ltr'><strong>hoc</strong></span> <span class='ocrx_word' id='word_1_191' title='bbox 2552 1328 2762 1383; x_wconf 88' lang='lat' dir='ltr'><strong>nomini</strong></span> <span class='ocrx_word' id='word_1_192' title='bbox 2817 1343 2916 1382; x_wconf 89' lang='lat' dir='ltr'><strong>suo</strong></span> <span class='ocrx_word' id='word_1_193' title='bbox 2959 1327 3177 1382; x_wconf 89' lang='lat' dir='ltr'><strong>decerni</strong></span> <span class='ocrx_word' id='word_1_194' title='bbox 3223 1327 3499 1398; x_wconf 81' lang='lat' dir='ltr'><strong>permisit,</strong></span> 
     </span>
    </p>
   </div>
   <div class='ocr_carea' id='block_1_27' title="bbox 1904 1415 3504 1487">
    <p class='ocr_par' dir='ltr' id='par_1_27' title="bbox 1904 1415 3504 1487">
     <span class='ocr_line' id='line_1_27' title="bbox 1904 1415 3504 1487; baseline -0.001 -18"><span class='ocrx_word' id='word_1_195' title='bbox 1904 1415 2083 1469; x_wconf 90' lang='lat' dir='ltr'><strong>sciens</strong></span> <span class='ocrx_word' id='word_1_196' title='bbox 2117 1416 2486 1486; x_wconf 89' lang='lat' dir='ltr'><strong>periculosum</strong></span> <span class='ocrx_word' id='word_1_197' title='bbox 2514 1431 2629 1471; x_wconf 89' lang='lat' dir='ltr'><strong>esse</strong></span> <span class='ocrx_word' id='word_1_198' title='bbox 2677 1416 2904 1487; x_wconf 82' lang='lat' dir='ltr'><strong>gloriam</strong></span> <span class='ocrx_word' id='word_1_199' title='bbox 2937 1416 3033 1471; x_wconf 90' lang='lat' dir='ltr'><strong>Dei</strong></span> <span class='ocrx_word' id='word_1_200' title='bbox 3064 1415 3278 1470; x_wconf 90' lang='lat' dir='ltr'><strong>nomini</strong></span> <span class='ocrx_word' id='word_1_201' title='bbox 3313 1415 3504 1470; x_wconf 91' lang='lat' dir='ltr'><strong>homi-</strong></span> 
     </span>
    </p>
   </div>
   <div class='ocr_carea' id='block_1_28' title="bbox 1904 1505 3168 1580">
    <p class='ocr_par' dir='ltr' id='par_1_28' title="bbox 1904 1505 3168 1580">
     <span class='ocr_line' id='line_1_28' title="bbox 1904 1505 3168 1580; baseline 0.002 -20"><span class='ocrx_word' id='word_1_202' title='bbox 1904 1505 1991 1560; x_wconf 91' lang='lat' dir='ltr'><strong>nis</strong></span> <span class='ocrx_word' id='word_1_203' title='bbox 2021 1507 2301 1562; x_wconf 84' lang='lat' dir='ltr'><strong>vindicare</strong></span> <span class='ocrx_word' id='word_1_204' title='bbox 2327 1525 2339 1572; x_wconf 96' lang='lat'><strong>;</strong></span> <span class='ocrx_word' id='word_1_205' title='bbox 2371 1514 2453 1562; x_wconf 91' lang='lat' dir='ltr'><strong>est</strong></span> <span class='ocrx_word' id='word_1_206' title='bbox 2479 1508 2624 1562; x_wconf 90' lang='lat' dir='ltr'><strong>enim</strong></span> <span class='ocrx_word' id='word_1_207' title='bbox 2653 1507 2806 1580; x_wconf 89' lang='lat' dir='ltr'><strong>quasi</strong></span> <span class='ocrx_word' id='word_1_208' title='bbox 2838 1506 3168 1562; x_wconf 87' lang='lat' dir='ltr'><strong>idololatria.</strong></span> 
     </span>
    </p>
   </div>
   <div class='ocr_carea' id='block_1_29' title="bbox 1990 1595 3502 1668">
    <p class='ocr_par' dir='ltr' id='par_1_29' title="bbox 1990 1595 3502 1668">
     <span class='ocr_line' id='line_1_29' title="bbox 1990 1595 3502 1668; baseline -0.003 -17"><span class='ocrx_word' id='word_1_209' title='bbox 1990 1619 2008 1643; x_wconf 84' lang='grc'>‹</span> <span class='ocrx_word' id='word_1_210' title='bbox 2046 1596 2166 1651; x_wconf 90' lang='lat' dir='ltr'><strong>Non</strong></span> <span class='ocrx_word' id='word_1_211' title='bbox 2196 1596 2254 1650; x_wconf 91' lang='lat' dir='ltr'><strong>in</strong></span> <span class='ocrx_word' id='word_1_212' title='bbox 2283 1595 2548 1668; x_wconf 88' lang='lat' dir='ltr'><strong>sapientia</strong></span> <span class='ocrx_word' id='word_1_213' title='bbox 2584 1596 2774 1666; x_wconf 85' lang='lat' dir='ltr'><strong>Verbi,</strong></span> <span class='ocrx_word' id='word_1_214' title='bbox 2815 1604 3008 1653; x_wconf 89' lang='lat' dir='ltr'><strong>utnon</strong></span> <span class='ocrx_word' id='word_1_215' title='bbox 3036 1607 3338 1652; x_wconf 76' lang='lat' dir='ltr'><strong>evacuatur</strong></span> <span class='ocrx_word' id='word_1_216' title='bbox 3364 1609 3502 1649; x_wconf 80' lang='lat' dir='ltr'><strong>crux</strong></span> 
     </span>
    </p>
   </div>
   <div class='ocr_carea' id='block_1_30' title="bbox 1901 1682 3498 1756">
    <p class='ocr_par' dir='ltr' id='par_1_30' title="bbox 1901 1682 3498 1756">
     <span class='ocr_line' id='line_1_30' title="bbox 1901 1682 3498 1756; baseline -0.001 -17"><span class='ocrx_word' id='word_1_217' title='bbox 1901 1682 2129 1740; x_wconf 84' lang='lat' dir='ltr'><strong>Christi.</strong></span> <span class='ocrx_word' id='word_1_218' title='bbox 2163 1709 2181 1732; x_wconf 74' lang='grc' dir='ltr'><strong>ι</strong></span> <span class='ocrx_word' id='word_1_219' title='bbox 2238 1685 2377 1752; x_wconf 91' lang='lat' dir='ltr'><strong>Quia</strong></span> <span class='ocrx_word' id='word_1_220' title='bbox 2416 1685 2731 1756; x_wconf 75' lang='lat' dir='ltr'><strong>praedicatio</strong></span> <span class='ocrx_word' id='word_1_221' title='bbox 2780 1685 3094 1742; x_wconf 87' lang='lat' dir='ltr'><strong>Christiana</strong></span> <span class='ocrx_word' id='word_1_222' title='bbox 3131 1701 3242 1740; x_wconf 92' lang='lat' dir='ltr'><strong>non</strong></span> <span class='ocrx_word' id='word_1_223' title='bbox 3286 1682 3498 1756; x_wconf 78' lang='lat' dir='ltr'><strong>indiget</strong></span> 
     </span>
    </p>
   </div>
   <div class='ocr_carea' id='block_1_31' title="bbox 1905 1771 3502 1847">
    <p class='ocr_par' dir='ltr' id='par_1_31' title="bbox 1905 1771 3502 1847">
     <span class='ocr_line' id='line_1_31' title="bbox 1905 1771 3502 1847; baseline -0.003 -19"><span class='ocrx_word' id='word_1_224' title='bbox 1905 1789 2103 1844; x_wconf 89' lang='lat' dir='ltr'><strong>pompa</strong></span> <span class='ocrx_word' id='word_1_225' title='bbox 2131 1781 2185 1828; x_wconf 91' lang='lat' dir='ltr'><strong>et</strong></span> <span class='ocrx_word' id='word_1_226' title='bbox 2223 1775 2375 1830; x_wconf 90' lang='lat' dir='ltr'><strong>cultu</strong></span> <span class='ocrx_word' id='word_1_227' title='bbox 2407 1776 2695 1843; x_wconf 90' lang='lat' dir='ltr'><strong>sermonis,</strong></span> <span class='ocrx_word' id='word_1_228' title='bbox 2732 1775 2964 1847; x_wconf 88' lang='lat' dir='ltr'><strong>ideoque</strong></span> <span class='ocrx_word' id='word_1_229' title='bbox 2993 1775 3290 1845; x_wconf 89' lang='lat' dir='ltr'><strong>piscatores</strong></span> <span class='ocrx_word' id='word_1_230' title='bbox 3310 1771 3502 1827; x_wconf 86' lang='lat' dir='ltr'><strong>homi—</strong></span> 
     </span>
    </p>
   </div>
   <div class='ocr_carea' id='block_1_32' title="bbox 196 1861 1793 1943">
    <p class='ocr_par' dir='ltr' id='par_1_32' title="bbox 196 1869 1789 1943">
     <span class='ocr_line' id='line_1_32' title="bbox 196 1869 1789 1943; baseline 0.001 -19"><span class='ocrx_word' id='word_1_231' title='bbox 196 1869 431 1926; x_wconf 88' lang='lat' dir='ltr'><strong>refutare</strong></span> <span class='ocrx_word' id='word_1_232' title='bbox 481 1889 757 1943; x_wconf 82' lang='lat' dir='ltr'><strong>personas,</strong></span> <span class='ocrx_word' id='word_1_233' title='bbox 806 1881 867 1928; x_wconf 93' lang='lat' dir='ltr'><strong>ut</strong></span> <span class='ocrx_word' id='word_1_234' title='bbox 913 1889 1067 1929; x_wconf 91' lang='lat' dir='ltr'><strong>suam</strong></span> <span class='ocrx_word' id='word_1_235' title='bbox 1097 1872 1524 1928; x_wconf 89' lang='lat' dir='ltr'><strong>commendaret.</strong></span> <span class='ocrx_word' id='word_1_236' title='bbox 1557 1871 1612 1927; x_wconf 92' lang='lat' dir='ltr'><strong>Si</strong></span> <span class='ocrx_word' id='word_1_237' title='bbox 1643 1875 1789 1926; x_wconf 90' lang='lat' dir='ltr'><strong>enim</strong></span> 
     </span>
    </p>
   </div>
   <div class='ocr_carea' id='block_1_33' title="bbox 1912 1861 3504 1943">
    <p class='ocr_par' dir='ltr' id='par_1_33' title="bbox 1912 1861 3504 1937">
     <span class='ocr_line' id='line_1_33' title="bbox 1912 1861 3504 1937; baseline -0.002 -20"><span class='ocrx_word' id='word_1_238' title='bbox 1912 1878 2002 1918; x_wconf 88' lang='lat' dir='ltr'><strong>nes</strong></span> <span class='ocrx_word' id='word_1_239' title='bbox 2030 1863 2273 1935; x_wconf 88' lang='lat' dir='ltr'><strong>imperiti</strong></span> <span class='ocrx_word' id='word_1_240' title='bbox 2303 1865 2462 1920; x_wconf 88' lang='lat' dir='ltr'><strong>electi</strong></span> <span class='ocrx_word' id='word_1_241' title='bbox 2494 1874 2644 1932; x_wconf 90' lang='lat' dir='ltr'><strong>sunt,</strong></span> <span class='ocrx_word' id='word_1_242' title='bbox 2678 1865 2774 1937; x_wconf 88' lang='lat' dir='ltr'><strong>qui</strong></span> <span class='ocrx_word' id='word_1_243' title='bbox 2814 1863 3283 1936; x_wconf 89' lang='lat' dir='ltr'><strong>evangelizarent;</strong></span> <span class='ocrx_word' id='word_1_244' title='bbox 3317 1870 3379 1917; x_wconf 85' lang='lat' dir='ltr'><strong>ut</strong></span> <span class='ocrx_word' id='word_1_245' title='bbox 3409 1861 3504 1916; x_wconf 87' lang='lat' dir='ltr'><strong>do-</strong></span> 
     </span>
    </p>
   </div>
   <div class='ocr_carea' id='block_1_34' title="bbox 194 1959 1792 2035">
    <p class='ocr_par' dir='ltr' id='par_1_34' title="bbox 194 1959 1792 2035">
     <span class='ocr_line' id='line_1_34' title="bbox 194 1959 1792 2035; baseline -0.002 -19"><span class='ocrx_word' id='word_1_246' title='bbox 194 1959 448 2016; x_wconf 89' lang='lat' dir='ltr'><strong>Christus</strong></span> <span class='ocrx_word' id='word_1_247' title='bbox 477 1978 575 2034; x_wconf 89' lang='lat' dir='ltr'><strong>pro</strong></span> <span class='ocrx_word' id='word_1_248' title='bbox 604 1963 784 2031; x_wconf 91' lang='lat' dir='ltr'><strong>nobis,</strong></span> <span class='ocrx_word' id='word_1_249' title='bbox 829 1964 1030 2035; x_wconf 89' lang='lat' dir='ltr'><strong>inquit,</strong></span> <span class='ocrx_word' id='word_1_250' title='bbox 1081 1972 1330 2018; x_wconf 87' lang='lat' dir='ltr'><strong>mortuus</strong></span> <span class='ocrx_word' id='word_1_251' title='bbox 1367 1970 1465 2030; x_wconf 91' lang='lat' dir='ltr'><strong>est,</strong></span> <span class='ocrx_word' id='word_1_252' title='bbox 1516 1960 1792 2033; x_wconf 89' lang='lat' dir='ltr'><strong>quomodo</strong></span> 
     </span>
    </p>
   </div>
   <div class='ocr_carea' id='block_1_35' title="bbox 193 2049 1794 2122">
    <p class='ocr_par' dir='ltr' id='par_1_35' title="bbox 193 2049 1794 2122">
     <span class='ocr_line' id='line_1_35' title="bbox 193 2049 1794 2122; baseline 0 -18"><span class='ocrx_word' id='word_1_253' title='bbox 193 2049 424 2122; x_wconf 82' lang='lat' dir='ltr'><strong>gratiam</strong></span> <span class='ocrx_word' id='word_1_254' title='bbox 469 2049 588 2121; x_wconf 88' lang='lat' dir='ltr'><strong>ejus</strong></span> <span class='ocrx_word' id='word_1_255' title='bbox 634 2058 688 2106; x_wconf 90' lang='lat' dir='ltr'><strong>et</strong></span> <span class='ocrx_word' id='word_1_256' title='bbox 735 2051 1063 2108; x_wconf 84' lang='lat' dir='ltr'><strong>beneﬁcium</strong></span> <span class='ocrx_word' id='word_1_257' title='bbox 1095 2051 1416 2107; x_wconf 89' lang='lat' dir='ltr'><strong>hominibus</strong></span> <span class='ocrx_word' id='word_1_258' title='bbox 1457 2051 1794 2121; x_wconf 87' lang='lat' dir='ltr'><strong>imputamus</strong></span> 
     </span>
    </p>
   </div>
   <div class='ocr_carea' id='block_1_36' title="bbox 193 2137 755 2210">
    <p class='ocr_par' dir='ltr' id='par_1_36' title="bbox 193 2137 755 2210">
     <span class='ocr_line' id='line_1_36' title="bbox 193 2137 755 2210; baseline 0.004 -17"><span class='ocrx_word' id='word_1_259' title='bbox 193 2138 260 2194; x_wconf 87' lang='lat' dir='ltr'><strong>ad</strong></span> <span class='ocrx_word' id='word_1_260' title='bbox 291 2137 410 2210; x_wconf 88' lang='lat' dir='ltr'><strong>ejus</strong></span> <span class='ocrx_word' id='word_1_261' title='bbox 440 2139 700 2210; x_wconf 88' lang='lat' dir='ltr'><strong>injuriam</strong></span> <span class='ocrx_word' id='word_1_262' title='bbox 727 2140 755 2196; x_wconf 69' lang='lat'><strong>7</strong></span> 
     </span>
    </p>
   </div>
   <div class='ocr_carea' id='block_1_37' title="bbox 277 2227 1794 2301">
    <p class='ocr_par' dir='ltr' id='par_1_37' title="bbox 277 2227 1794 2301">
     <span class='ocr_line' id='line_1_37' title="bbox 277 2227 1794 2301; baseline 0.001 -19"><span class='ocrx_word' id='word_1_263' title='bbox 277 2253 296 2275; x_wconf 77' lang='grc' dir='ltr'>ι</span> <span class='ocrx_word' id='word_1_264' title='bbox 326 2229 441 2282; x_wconf 85' lang='lat' dir='ltr'><strong>Aut</strong></span> <span class='ocrx_word' id='word_1_265' title='bbox 483 2228 540 2282; x_wconf 89' lang='lat' dir='ltr'><strong>in</strong></span> <span class='ocrx_word' id='word_1_266' title='bbox 572 2228 796 2285; x_wconf 90' lang='lat' dir='ltr'><strong>nomine</strong></span> <span class='ocrx_word' id='word_1_267' title='bbox 822 2229 977 2286; x_wconf 88' lang='lat' dir='ltr'><strong>Pauli</strong></span> <span class='ocrx_word' id='word_1_268' title='bbox 1007 2229 1264 2301; x_wconf 88' lang='lat' dir='ltr'><strong>baptizati</strong></span> <span class='ocrx_word' id='word_1_269' title='bbox 1299 2228 1428 2284; x_wconf 89' lang='lat' dir='ltr'><strong>estis</strong></span> <span class='ocrx_word' id='word_1_270' title='bbox 1449 2227 1477 2284; x_wconf 83' lang='lat'><strong>?</strong></span> <span class='ocrx_word' id='word_1_271' title='bbox 1506 2253 1524 2276; x_wconf 80' lang='grc' dir='ltr'><strong><em>ι</em></strong></span> <span class='ocrx_word' id='word_1_272' title='bbox 1567 2228 1623 2283; x_wconf 94' lang='lat' dir='ltr'><strong>Si</strong></span> <span class='ocrx_word' id='word_1_273' title='bbox 1665 2243 1794 2283; x_wconf 88' lang='lat' dir='ltr'><strong>cre-</strong></span> 
     </span>
    </p>
   </div>
   <div class='ocr_carea' id='block_1_38' title="bbox 193 2316 1795 2395">
    <p class='ocr_par' dir='ltr' id='par_1_38' title="bbox 193 2316 1795 2395">
     <span class='ocr_line' id='line_1_38' title="bbox 193 2316 1795 2395; baseline -0.001 -21"><span class='ocrx_word' id='word_1_274' title='bbox 193 2316 385 2374; x_wconf 88' lang='lat' dir='ltr'><strong>dentes</strong></span> <span class='ocrx_word' id='word_1_275' title='bbox 426 2326 632 2386; x_wconf 90' lang='lat' dir='ltr'><strong>autem,</strong></span> <span class='ocrx_word' id='word_1_276' title='bbox 677 2317 881 2395; x_wconf 78' lang='lat' dir='ltr'><strong>inquit,</strong></span> <span class='ocrx_word' id='word_1_277' title='bbox 932 2319 988 2373; x_wconf 92' lang='lat' dir='ltr'><strong>in</strong></span> <span class='ocrx_word' id='word_1_278' title='bbox 1023 2318 1304 2376; x_wconf 89' lang='lat' dir='ltr'><strong>Christum</strong></span> <span class='ocrx_word' id='word_1_279' title='bbox 1337 2318 1700 2391; x_wconf 89' lang='lat' dir='ltr'><strong>baptizamur,</strong></span> <span class='ocrx_word' id='word_1_280' title='bbox 1733 2325 1795 2372; x_wconf 91' lang='lat' dir='ltr'><strong>ut</strong></span> 
     </span>
    </p>
   </div>
   <div class='ocr_carea' id='block_1_39' title="bbox 195 2408 1794 2482">
    <p class='ocr_par' dir='ltr' id='par_1_39' title="bbox 195 2408 1794 2482">
     <span class='ocr_line' id='line_1_39' title="bbox 195 2408 1794 2482; baseline 0.001 -20"><span class='ocrx_word' id='word_1_281' title='bbox 195 2408 251 2463; x_wconf 89' lang='lat' dir='ltr'><strong>in</strong></span> <span class='ocrx_word' id='word_1_282' title='bbox 283 2409 509 2464; x_wconf 90' lang='lat' dir='ltr'><strong>nomine</strong></span> <span class='ocrx_word' id='word_1_283' title='bbox 541 2409 657 2480; x_wconf 91' lang='lat' dir='ltr'><strong>ejus</strong></span> <span class='ocrx_word' id='word_1_284' title='bbox 681 2408 1072 2480; x_wconf 84' lang='lat' dir='ltr'><strong>justificemur,</strong></span> <span class='ocrx_word' id='word_1_285' title='bbox 1105 2410 1238 2482; x_wconf 88' lang='lat' dir='ltr'><strong>quid</strong></span> <span class='ocrx_word' id='word_1_286' title='bbox 1268 2417 1347 2466; x_wconf 89' lang='lat' dir='ltr'><strong>est</strong></span> <span class='ocrx_word' id='word_1_287' title='bbox 1378 2418 1438 2466; x_wconf 93' lang='lat' dir='ltr'><strong>ut</strong></span> <span class='ocrx_word' id='word_1_288' title='bbox 1470 2409 1594 2465; x_wconf 86' lang='lat' dir='ltr'><strong>fidei</strong></span> <span class='ocrx_word' id='word_1_289' title='bbox 1629 2408 1794 2480; x_wconf 89' lang='lat' dir='ltr'><strong>hujus</strong></span> 
     </span>
    </p>
   </div>
   <div class='ocr_carea' id='block_1_40' title="bbox 193 2495 1794 2567">
    <p class='ocr_par' dir='ltr' id='par_1_40' title="bbox 193 2495 1794 2567">
     <span class='ocr_line' id='line_1_40' title="bbox 193 2495 1794 2567; baseline 0.001 -16"><span class='ocrx_word' id='word_1_290' title='bbox 193 2495 449 2553; x_wconf 89' lang='lat' dir='ltr'><strong>homines</strong></span> <span class='ocrx_word' id='word_1_291' title='bbox 479 2498 636 2553; x_wconf 92' lang='lat' dir='ltr'><strong>nobis</strong></span> <span class='ocrx_word' id='word_1_292' title='bbox 666 2507 914 2553; x_wconf 89' lang='lat' dir='ltr'><strong>auctores</strong></span> <span class='ocrx_word' id='word_1_293' title='bbox 965 2498 1248 2567; x_wconf 85' lang='lat' dir='ltr'><strong>faciamus,</strong></span> <span class='ocrx_word' id='word_1_294' title='bbox 1281 2499 1632 2554; x_wconf 88' lang='lat' dir='ltr'><strong>immemores</strong></span> <span class='ocrx_word' id='word_1_295' title='bbox 1674 2514 1794 2553; x_wconf 86' lang='lat' dir='ltr'><strong>coe-</strong></span> 
     </span>
    </p>
   </div>
   <div class='ocr_carea' id='block_1_41' title="bbox 194 2587 693 2659">
    <p class='ocr_par' dir='ltr' id='par_1_41' title="bbox 194 2587 693 2659">
     <span class='ocr_line' id='line_1_41' title="bbox 194 2587 693 2659; baseline 0.004 -18"><span class='ocrx_word' id='word_1_296' title='bbox 194 2593 298 2659; x_wconf 87' lang='lat' dir='ltr'><strong>pta</strong></span> <span class='ocrx_word' id='word_1_297' title='bbox 329 2587 693 2643; x_wconf 87' lang='lat' dir='ltr'><strong>credulitatis.</strong></span> 
     </span>
    </p>
   </div>
   <div class='ocr_carea' id='block_1_42' title="bbox 268 2675 1791 2751">
    <p class='ocr_par' dir='ltr' id='par_1_42' title="bbox 268 2675 1791 2751">
     <span class='ocr_line' id='line_1_42' title="bbox 268 2675 1791 2751; baseline 0 -19"><span class='ocrx_word' id='word_1_298' title='bbox 268 2675 452 2746; x_wconf 91' lang='lat' dir='ltr'><strong>(Vers.</strong></span> <span class='ocrx_word' id='word_1_299' title='bbox 480 2676 706 2748; x_wconf 80' lang='grc'><strong>14-16.)</strong></span> <span class='ocrx_word' id='word_1_300' title='bbox 752 2702 769 2723; x_wconf 77' lang='grc' dir='ltr'>ι</span> <span class='ocrx_word' id='word_1_301' title='bbox 801 2677 1015 2733; x_wconf 90' lang='lat' dir='ltr'><strong>Gratias</strong></span> <span class='ocrx_word' id='word_1_302' title='bbox 1043 2694 1142 2750; x_wconf 90' lang='lat' dir='ltr'><strong>ago</strong></span> <span class='ocrx_word' id='word_1_303' title='bbox 1171 2680 1305 2744; x_wconf 89' lang='lat' dir='ltr'><strong>Deo,</strong></span> <span class='ocrx_word' id='word_1_304' title='bbox 1335 2675 1482 2751; x_wconf 90' lang='lat' dir='ltr'><strong>quod</strong></span> <span class='ocrx_word' id='word_1_305' title='bbox 1514 2676 1791 2732; x_wconf 89' lang='lat' dir='ltr'><strong>neminem</strong></span> 
     </span>
    </p>
   </div>
   <div class='ocr_carea' id='block_1_43' title="bbox 203 2765 1792 2839">
    <p class='ocr_par' dir='ltr' id='par_1_43' title="bbox 203 2765 1792 2839">
     <span class='ocr_line' id='line_1_43' title="bbox 203 2765 1792 2839; baseline 0.001 -20"><span class='ocrx_word' id='word_1_306' title='bbox 203 2772 447 2820; x_wconf 90' lang='lat' dir='ltr'><strong>vestrum</strong></span> <span class='ocrx_word' id='word_1_307' title='bbox 487 2765 782 2836; x_wconf 89' lang='lat' dir='ltr'><strong>baptizavi,</strong></span> <span class='ocrx_word' id='word_1_308' title='bbox 813 2766 918 2821; x_wconf 89' lang='lat' dir='ltr'><strong>nisi</strong></span> <span class='ocrx_word' id='word_1_309' title='bbox 949 2767 1200 2839; x_wconf 88' lang='lat' dir='ltr'><strong>Crispum</strong></span> <span class='ocrx_word' id='word_1_310' title='bbox 1230 2776 1282 2822; x_wconf 92' lang='lat' dir='ltr'><strong>et</strong></span> <span class='ocrx_word' id='word_1_311' title='bbox 1308 2766 1499 2822; x_wconf 86' lang='lat' dir='ltr'><strong>Caium</strong></span> <span class='ocrx_word' id='word_1_312' title='bbox 1525 2783 1538 2832; x_wconf 93' lang='lat'><strong>;</strong></span> <span class='ocrx_word' id='word_1_313' title='bbox 1573 2783 1640 2820; x_wconf 92' lang='lat' dir='ltr'><strong>ne</strong></span> <span class='ocrx_word' id='word_1_314' title='bbox 1669 2765 1792 2838; x_wconf 88' lang='lat' dir='ltr'><strong>quis</strong></span> 
     </span>
    </p>
   </div>
   <div class='ocr_carea' id='block_1_44' title="bbox 195 2851 1792 2927">
    <p class='ocr_par' dir='ltr' id='par_1_44' title="bbox 195 2851 1792 2927">
     <span class='ocr_line' id='line_1_44' title="bbox 195 2851 1792 2927; baseline 0.001 -20"><span class='ocrx_word' id='word_1_315' title='bbox 195 2851 343 2909; x_wconf 89' lang='lat' dir='ltr'><strong>dicat</strong></span> <span class='ocrx_word' id='word_1_316' title='bbox 375 2854 521 2927; x_wconf 90' lang='lat' dir='ltr'><strong>quod</strong></span> <span class='ocrx_word' id='word_1_317' title='bbox 554 2855 611 2910; x_wconf 94' lang='lat' dir='ltr'><strong>in</strong></span> <span class='ocrx_word' id='word_1_318' title='bbox 643 2856 866 2910; x_wconf 89' lang='lat' dir='ltr'><strong>nomine</strong></span> <span class='ocrx_word' id='word_1_319' title='bbox 892 2873 1012 2910; x_wconf 85' lang='lat' dir='ltr'><strong>meo</strong></span> <span class='ocrx_word' id='word_1_320' title='bbox 1043 2857 1313 2927; x_wconf 85' lang='lat' dir='ltr'><strong>baptizavi</strong></span> <span class='ocrx_word' id='word_1_321' title='bbox 1347 2856 1485 2926; x_wconf 80' lang='lat'>(75).</span> <span class='ocrx_word' id='word_1_322' title='bbox 1512 2853 1792 2926; x_wconf 88' lang='lat' dir='ltr'><strong>Baptizavi</strong></span> 
     </span>
    </p>
   </div>
   <div class='ocr_carea' id='block_1_45' title="bbox 195 2943 1790 3015">
    <p class='ocr_par' dir='ltr' id='par_1_45' title="bbox 195 2943 1790 3015">
     <span class='ocr_line' id='line_1_45' title="bbox 195 2943 1790 3015; baseline 0.001 -18"><span class='ocrx_word' id='word_1_323' title='bbox 195 2950 378 2998; x_wconf 88' lang='lat' dir='ltr'><strong>autem</strong></span> <span class='ocrx_word' id='word_1_324' title='bbox 425 2952 478 2998; x_wconf 85' lang='lat' dir='ltr'><strong>et</strong></span> <span class='ocrx_word' id='word_1_325' title='bbox 526 2943 813 3015; x_wconf 84' lang='lat' dir='ltr'><strong>Stephana</strong></span> <span class='ocrx_word' id='word_1_326' title='bbox 852 2944 1110 3000; x_wconf 88' lang='lat' dir='ltr'><strong>domum:</strong></span> <span class='ocrx_word' id='word_1_327' title='bbox 1160 2953 1480 3000; x_wconf 79' lang='lat' dir='ltr'><strong>caterorum</strong></span> <span class='ocrx_word' id='word_1_328' title='bbox 1533 2945 1717 3000; x_wconf 89' lang='lat' dir='ltr'><strong>nescio</strong></span> <span class='ocrx_word' id='word_1_329' title='bbox 1745 2944 1790 2999; x_wconf 91' lang='lat' dir='ltr'><strong>si</strong></span> 
     </span>
    </p>
   </div>
   <div class='ocr_carea' id='block_1_46' title="bbox 193 3030 1792 3105">
    <p class='ocr_par' dir='ltr' id='par_1_46' title="bbox 193 3030 1792 3105">
     <span class='ocr_line' id='line_1_46' title="bbox 193 3030 1792 3105; baseline 0.002 -22"><span class='ocrx_word' id='word_1_330' title='bbox 193 3045 354 3102; x_wconf 91' lang='lat' dir='ltr'><strong>quem</strong></span> <span class='ocrx_word' id='word_1_331' title='bbox 385 3030 557 3086; x_wconf 89' lang='lat' dir='ltr'><strong>alium</strong></span> <span class='ocrx_word' id='word_1_332' title='bbox 587 3032 998 3104; x_wconf 85' lang='lat' dir='ltr'><strong>baptizaverim.</strong></span> <span class='ocrx_word' id='word_1_333' title='bbox 1033 3058 1049 3080; x_wconf 78' lang='grc' dir='ltr'>ι</span> <span class='ocrx_word' id='word_1_334' title='bbox 1094 3033 1306 3089; x_wconf 74' lang='lat' dir='ltr'><strong>Gratias</strong></span> <span class='ocrx_word' id='word_1_335' title='bbox 1337 3034 1447 3105; x_wconf 90' lang='lat' dir='ltr'><strong>agit</strong></span> <span class='ocrx_word' id='word_1_336' title='bbox 1480 3033 1611 3100; x_wconf 89' lang='lat' dir='ltr'><strong>Deo,</strong></span> <span class='ocrx_word' id='word_1_337' title='bbox 1664 3031 1792 3104; x_wconf 86' lang='lat' dir='ltr'><strong>quia</strong></span> 
     </span>
    </p>
   </div>
   <div class='ocr_carea' id='block_1_47' title="bbox 193 3121 1791 3195">
    <p class='ocr_par' dir='ltr' id='par_1_47' title="bbox 193 3121 1791 3195">
     <span class='ocr_line' id='line_1_47' title="bbox 193 3121 1791 3195; baseline 0.001 -22"><span class='ocrx_word' id='word_1_338' title='bbox 193 3134 302 3174; x_wconf 90' lang='lat' dir='ltr'><strong>non</strong></span> <span class='ocrx_word' id='word_1_339' title='bbox 342 3121 547 3175; x_wconf 89' lang='lat' dir='ltr'><strong>multos</strong></span> <span class='ocrx_word' id='word_1_340' title='bbox 596 3138 666 3176; x_wconf 84' lang='lat' dir='ltr'><strong>ex</strong></span> <span class='ocrx_word' id='word_1_341' title='bbox 723 3123 836 3178; x_wconf 91' lang='lat' dir='ltr'><strong>illis</strong></span> <span class='ocrx_word' id='word_1_342' title='bbox 875 3122 1192 3194; x_wconf 89' lang='lat' dir='ltr'><strong>baptizavit,</strong></span> <span class='ocrx_word' id='word_1_343' title='bbox 1245 3139 1312 3177; x_wconf 92' lang='lat' dir='ltr'><strong>ne</strong></span> <span class='ocrx_word' id='word_1_344' title='bbox 1341 3123 1468 3195; x_wconf 90' lang='lat' dir='ltr'><strong>quia</strong></span> <span class='ocrx_word' id='word_1_345' title='bbox 1508 3138 1660 3177; x_wconf 91' lang='lat' dir='ltr'><strong>error</strong></span> <span class='ocrx_word' id='word_1_346' title='bbox 1690 3121 1791 3176; x_wconf 90' lang='lat' dir='ltr'><strong>sub</strong></span> 
     </span>
    </p>
   </div>
   <div class='ocr_carea' id='block_1_48' title="bbox 194 3206 1790 3284">
    <p class='ocr_par' dir='ltr' id='par_1_48' title="bbox 194 3206 1790 3284">
     <span class='ocr_line' id='line_1_48' title="bbox 194 3206 1790 3284; baseline 0.001 -22"><span class='ocrx_word' id='word_1_347' title='bbox 194 3206 296 3263; x_wconf 92' lang='lat' dir='ltr'><strong>hac</strong></span> <span class='ocrx_word' id='word_1_348' title='bbox 358 3225 415 3264; x_wconf 92' lang='lat' dir='ltr'><strong>re</strong></span> <span class='ocrx_word' id='word_1_349' title='bbox 470 3219 726 3282; x_wconf 85' lang='lat' dir='ltr'><strong>coeperat,</strong></span> <span class='ocrx_word' id='word_1_350' title='bbox 781 3229 850 3268; x_wconf 79' lang='lat' dir='ltr'><strong>ex</strong></span> <span class='ocrx_word' id='word_1_351' title='bbox 905 3212 1129 3268; x_wconf 87' lang='lat' dir='ltr'><strong>nomine</strong></span> <span class='ocrx_word' id='word_1_352' title='bbox 1187 3212 1304 3284; x_wconf 89' lang='lat' dir='ltr'><strong>ejus</strong></span> <span class='ocrx_word' id='word_1_353' title='bbox 1348 3228 1500 3267; x_wconf 89' lang='lat' dir='ltr'><strong>error</strong></span> <span class='ocrx_word' id='word_1_354' title='bbox 1546 3218 1684 3266; x_wconf 89' lang='lat' dir='ltr'><strong>esset</strong></span> <span class='ocrx_word' id='word_1_355' title='bbox 1732 3208 1790 3264; x_wconf 92' lang='lat' dir='ltr'><strong>in</strong></span> 
     </span>
    </p>
   </div>
   <div class='ocr_carea' id='block_1_49' title="bbox 197 3296 1796 3374">
    <p class='ocr_par' dir='ltr' id='par_1_49' title="bbox 197 3296 1796 3374">
     <span class='ocr_line' id='line_1_49' title="bbox 197 3296 1796 3374; baseline 0.003 -24"><span class='ocrx_word' id='word_1_356' title='bbox 197 3296 474 3368; x_wconf 88' lang='lat' dir='ltr'><strong>plurimis,</strong></span> <span class='ocrx_word' id='word_1_357' title='bbox 508 3316 603 3371; x_wconf 90' lang='lat' dir='ltr'><strong>per</strong></span> <span class='ocrx_word' id='word_1_358' title='bbox 641 3301 746 3356; x_wconf 90' lang='lat' dir='ltr'><strong>hoc</strong></span> <span class='ocrx_word' id='word_1_359' title='bbox 783 3303 1090 3374; x_wconf 84' lang='lat' dir='ltr'><strong>arguendos</strong></span> <span class='ocrx_word' id='word_1_360' title='bbox 1122 3304 1237 3374; x_wconf 84' lang='lat'>(76)</span> <span class='ocrx_word' id='word_1_361' title='bbox 1279 3310 1331 3357; x_wconf 92' lang='lat' dir='ltr'><strong>et</strong></span> <span class='ocrx_word' id='word_1_362' title='bbox 1360 3301 1699 3373; x_wconf 86' lang='lat' dir='ltr'><strong>baptizantes</strong></span> <span class='ocrx_word' id='word_1_363' title='bbox 1743 3309 1796 3355; x_wconf 91' lang='lat' dir='ltr'><strong>et</strong></span> 
     </span>
    </p>
   </div>
   <div class='ocr_carea' id='block_1_50' title="bbox 196 3383 1796 3462">
    <p class='ocr_par' dir='ltr' id='par_1_50' title="bbox 196 3383 1796 3462">
     <span class='ocr_line' id='line_1_50' title="bbox 196 3383 1796 3462; baseline 0.002 -22"><span class='ocrx_word' id='word_1_364' title='bbox 196 3383 518 3458; x_wconf 89' lang='lat' dir='ltr'><strong>baptizatos,</strong></span> <span class='ocrx_word' id='word_1_365' title='bbox 550 3389 644 3462; x_wconf 92' lang='lat' dir='ltr'><strong>qui</strong></span> <span class='ocrx_word' id='word_1_366' title='bbox 678 3390 745 3445; x_wconf 92' lang='lat' dir='ltr'><strong>ad</strong></span> <span class='ocrx_word' id='word_1_367' title='bbox 795 3390 1058 3461; x_wconf 90' lang='lat' dir='ltr'><strong>injuriam</strong></span> <span class='ocrx_word' id='word_1_368' title='bbox 1106 3392 1406 3446; x_wconf 78' lang='lat' dir='ltr'><strong>Salvatoris</strong></span> <span class='ocrx_word' id='word_1_369' title='bbox 1451 3390 1796 3461; x_wconf 90' lang='lat' dir='ltr'><strong>baptismatis</strong></span> 
     </span>
    </p>
   </div>
   <div class='ocr_carea' id='block_1_51' title="bbox 197 3473 1797 3550">
    <p class='ocr_par' dir='ltr' id='par_1_51' title="bbox 197 3473 1797 3550">
     <span class='ocr_line' id='line_1_51' title="bbox 197 3473 1797 3550; baseline 0.003 -22"><span class='ocrx_word' id='word_1_370' title='bbox 197 3473 315 3546; x_wconf 88' lang='lat' dir='ltr'><strong>ejus</strong></span> <span class='ocrx_word' id='word_1_371' title='bbox 359 3478 587 3549; x_wconf 78' lang='lat' dir='ltr'><strong>gratiam</strong></span> <span class='ocrx_word' id='word_1_372' title='bbox 641 3479 961 3534; x_wconf 90' lang='lat' dir='ltr'><strong>hominibus</strong></span> <span class='ocrx_word' id='word_1_373' title='bbox 990 3479 1344 3550; x_wconf 88' lang='lat' dir='ltr'><strong>deputabant,</strong></span> <span class='ocrx_word' id='word_1_374' title='bbox 1374 3478 1487 3532; x_wconf 91' lang='lat' dir='ltr'><strong>illis</strong></span> <span class='ocrx_word' id='word_1_375' title='bbox 1525 3478 1797 3533; x_wconf 91' lang='lat' dir='ltr'><strong>dissimu-</strong></span> 
     </span>
    </p>
   </div>
   <div class='ocr_carea' id='block_1_52' title="bbox 196 3561 1796 3638">
    <p class='ocr_par' dir='ltr' id='par_1_52' title="bbox 196 3561 1796 3638">
     <span class='ocr_line' id='line_1_52' title="bbox 196 3561 1796 3638; baseline 0.003 -21"><span class='ocrx_word' id='word_1_376' title='bbox 196 3561 440 3621; x_wconf 89' lang='lat' dir='ltr'><strong>lantibus</strong></span> <span class='ocrx_word' id='word_1_377' title='bbox 488 3567 674 3638; x_wconf 93' lang='lat' dir='ltr'><strong>gloria</strong></span> <span class='ocrx_word' id='word_1_378' title='bbox 722 3583 906 3623; x_wconf 90' lang='lat' dir='ltr'><strong>causa.</strong></span> <span class='ocrx_word' id='word_1_379' title='bbox 956 3566 1046 3622; x_wconf 89' lang='lat' dir='ltr'><strong>Sic</strong></span> <span class='ocrx_word' id='word_1_380' title='bbox 1099 3566 1244 3621; x_wconf 75' lang='lat' dir='ltr'><strong>enim</strong></span> <span class='ocrx_word' id='word_1_381' title='bbox 1277 3573 1452 3633; x_wconf 89' lang='lat' dir='ltr'><strong>erant,</strong></span> <span class='ocrx_word' id='word_1_382' title='bbox 1483 3565 1625 3620; x_wconf 91' lang='lat' dir='ltr'><strong>sicut</strong></span> <span class='ocrx_word' id='word_1_383' title='bbox 1649 3581 1796 3622; x_wconf 91' lang='lat' dir='ltr'><strong>nunc</strong></span> 
     </span>
    </p>
   </div>
   <div class='ocr_carea' id='block_1_53' title="bbox 194 3648 1796 3726">
    <p class='ocr_par' dir='ltr' id='par_1_53' title="bbox 194 3648 1796 3726">
     <span class='ocr_line' id='line_1_53' title="bbox 194 3648 1796 3726; baseline 0.003 -22"><span class='ocrx_word' id='word_1_384' title='bbox 194 3648 493 3708; x_wconf 84' lang='lat' dir='ltr'><strong>Novatiani</strong></span> <span class='ocrx_word' id='word_1_385' title='bbox 520 3663 574 3708; x_wconf 92' lang='lat' dir='ltr'><strong>et</strong></span> <span class='ocrx_word' id='word_1_386' title='bbox 611 3654 930 3722; x_wconf 89' lang='lat' dir='ltr'><strong>Donatiani,</strong></span> <span class='ocrx_word' id='word_1_387' title='bbox 962 3654 1055 3726; x_wconf 91' lang='lat' dir='ltr'><strong>qui</strong></span> <span class='ocrx_word' id='word_1_388' title='bbox 1098 3653 1433 3725; x_wconf 82' lang='lat' dir='ltr'><strong>baptismum</strong></span> <span class='ocrx_word' id='word_1_389' title='bbox 1465 3653 1568 3708; x_wconf 90' lang='lat' dir='ltr'><strong>sibi</strong></span> <span class='ocrx_word' id='word_1_390' title='bbox 1599 3653 1796 3709; x_wconf 88' lang='lat' dir='ltr'><strong>vindi-</strong></span> 
     </span>
    </p>
   </div>
   <div class='ocr_carea' id='block_1_54' title="bbox 193 3743 1795 3816">
    <p class='ocr_par' dir='ltr' id='par_1_54' title="bbox 193 3743 1795 3816">
     <span class='ocr_line' id='line_1_54' title="bbox 193 3743 1795 3816; baseline -0.001 -16"><span class='ocrx_word' id='word_1_391' title='bbox 193 3749 344 3809; x_wconf 85' lang='lat' dir='ltr'><strong>cant,</strong></span> <span class='ocrx_word' id='word_1_392' title='bbox 375 3759 406 3796; x_wconf 92' lang='lat' dir='ltr'><strong>a</strong></span> <span class='ocrx_word' id='word_1_393' title='bbox 434 3744 636 3799; x_wconf 89' lang='lat' dir='ltr'><strong>nostris</strong></span> <span class='ocrx_word' id='word_1_394' title='bbox 665 3743 965 3815; x_wconf 89' lang='lat' dir='ltr'><strong>baptizatos</strong></span> <span class='ocrx_word' id='word_1_395' title='bbox 1005 3744 1393 3816; x_wconf 86' lang='lat' dir='ltr'><strong>reprobantes:</strong></span> <span class='ocrx_word' id='word_1_396' title='bbox 1439 3753 1494 3800; x_wconf 91' lang='lat' dir='ltr'><strong>et</strong></span> <span class='ocrx_word' id='word_1_397' title='bbox 1537 3743 1795 3815; x_wconf 88' lang='lat' dir='ltr'><strong>baptizati</strong></span> 
     </span>
    </p>
   </div>
   <div class='ocr_carea' id='block_1_55' title="bbox 193 3833 1795 3911">
    <p class='ocr_par' dir='ltr' id='par_1_55' title="bbox 193 3833 1795 3911">
     <span class='ocr_line' id='line_1_55' title="bbox 193 3833 1795 3911; baseline 0.001 -23"><span class='ocrx_word' id='word_1_398' title='bbox 193 3834 262 3888; x_wconf 90' lang='lat' dir='ltr'><strong>ab</strong></span> <span class='ocrx_word' id='word_1_399' title='bbox 293 3833 382 3889; x_wconf 90' lang='lat' dir='ltr'><strong>his</strong></span> <span class='ocrx_word' id='word_1_400' title='bbox 411 3835 716 3911; x_wconf 87' lang='lat' dir='ltr'><strong>gloriantur</strong></span> <span class='ocrx_word' id='word_1_401' title='bbox 753 3835 809 3890; x_wconf 90' lang='lat' dir='ltr'><strong>in</strong></span> <span class='ocrx_word' id='word_1_402' title='bbox 845 3836 1093 3907; x_wconf 90' lang='lat' dir='ltr'><strong>personis</strong></span> <span class='ocrx_word' id='word_1_403' title='bbox 1127 3852 1337 3890; x_wconf 90' lang='lat' dir='ltr'><strong>eorum.</strong></span> <span class='ocrx_word' id='word_1_404' title='bbox 1363 3836 1609 3908; x_wconf 91' lang='lat' dir='ltr'><strong>Denique</strong></span> <span class='ocrx_word' id='word_1_405' title='bbox 1640 3835 1795 3892; x_wconf 91' lang='lat' dir='ltr'><strong>Chri-</strong></span> 
     </span>
    </p>
   </div>
   <div class='ocr_carea' id='block_1_56' title="bbox 193 3923 1797 3982">
    <p class='ocr_par' dir='ltr' id='par_1_56' title="bbox 193 3923 1797 3982">
     <span class='ocr_line' id='line_1_56' title="bbox 193 3923 1797 3982; baseline -0.001 -4"><span class='ocrx_word' id='word_1_406' title='bbox 193 3923 263 3978; x_wconf 87' lang='lat' dir='ltr'><strong>sti</strong></span> <span class='ocrx_word' id='word_1_407' title='bbox 297 3924 521 3979; x_wconf 89' lang='lat' dir='ltr'><strong>nomine</strong></span> <span class='ocrx_word' id='word_1_408' title='bbox 565 3924 818 3982; x_wconf 89' lang='lat' dir='ltr'><strong>abdicato</strong></span> <span class='ocrx_word' id='word_1_409' title='bbox 866 3925 1201 3981; x_wconf 89' lang='lat' dir='ltr'><strong>Novatianos</strong></span> <span class='ocrx_word' id='word_1_410' title='bbox 1232 3933 1285 3980; x_wconf 91' lang='lat' dir='ltr'><strong>et</strong></span> <span class='ocrx_word' id='word_1_411' title='bbox 1315 3925 1650 3980; x_wconf 90' lang='lat' dir='ltr'><strong>Donatianos</strong></span> <span class='ocrx_word' id='word_1_412' title='bbox 1689 3940 1797 3978; x_wconf 90' lang='lat' dir='ltr'><strong>vo-</strong></span> 
     </span>
    </p>
   </div>
   <div class='ocr_carea' id='block_1_57' title="bbox 195 4012 1793 4086">
    <p class='ocr_par' dir='ltr' id='par_1_57' title="bbox 195 4012 1793 4086">
     <span class='ocr_line' id='line_1_57' title="bbox 195 4012 1793 4086; baseline -0.001 -18"><span class='ocrx_word' id='word_1_413' title='bbox 195 4012 306 4068; x_wconf 85' lang='lat' dir='ltr'><strong>cari</strong></span> <span class='ocrx_word' id='word_1_414' title='bbox 333 4029 390 4068; x_wconf 90' lang='lat' dir='ltr'><strong>se</strong></span> <span class='ocrx_word' id='word_1_415' title='bbox 420 4013 744 4085; x_wconf 85' lang='lat' dir='ltr'><strong>gloriantur.</strong></span> <span class='ocrx_word' id='word_1_416' title='bbox 775 4013 999 4086; x_wconf 90' lang='lat' dir='ltr'><strong>Crispus</strong></span> <span class='ocrx_word' id='word_1_417' title='bbox 1043 4031 1170 4086; x_wconf 88' lang='lat' dir='ltr'><strong>ergo</strong></span> <span class='ocrx_word' id='word_1_418' title='bbox 1209 4023 1261 4070; x_wconf 88' lang='lat' dir='ltr'><strong>et</strong></span> <span class='ocrx_word' id='word_1_419' title='bbox 1304 4013 1468 4070; x_wconf 89' lang='lat' dir='ltr'><strong>Caius</strong></span> <span class='ocrx_word' id='word_1_420' title='bbox 1516 4012 1793 4070; x_wconf 90' lang='lat' dir='ltr'><strong>Corinthii</strong></span> 
     </span>
    </p>
   </div>
   <div class='ocr_carea' id='block_1_58' title="bbox 197 4101 1793 4176">
    <p class='ocr_par' dir='ltr' id='par_1_58' title="bbox 197 4101 1793 4176">
     <span class='ocr_line' id='line_1_58' title="bbox 197 4101 1793 4176; baseline 0.001 -20"><span class='ocrx_word' id='word_1_421' title='bbox 197 4107 343 4169; x_wconf 90' lang='lat' dir='ltr'><strong>sunt,</strong></span> <span class='ocrx_word' id='word_1_422' title='bbox 377 4118 514 4174; x_wconf 92' lang='lat' dir='ltr'><strong>quos</strong></span> <span class='ocrx_word' id='word_1_423' title='bbox 543 4101 612 4158; x_wconf 87' lang='lat' dir='ltr'><strong>ad</strong></span> <span class='ocrx_word' id='word_1_424' title='bbox 633 4103 1016 4159; x_wconf 88' lang='lat' dir='ltr'><strong>testimonium</strong></span> <span class='ocrx_word' id='word_1_425' title='bbox 1044 4103 1330 4170; x_wconf 90' lang='lat' dir='ltr'><strong>nominat;</strong></span> <span class='ocrx_word' id='word_1_426' title='bbox 1364 4103 1493 4176; x_wconf 90' lang='lat' dir='ltr'><strong>quia</strong></span> <span class='ocrx_word' id='word_1_427' title='bbox 1541 4103 1620 4158; x_wconf 88' lang='lat' dir='ltr'><strong>sic</strong></span> <span class='ocrx_word' id='word_1_428' title='bbox 1651 4101 1793 4173; x_wconf 90' lang='lat' dir='ltr'><strong>bap-</strong></span> 
     </span>
    </p>
   </div>
   <div class='ocr_carea' id='block_1_59' title="bbox 197 4190 1796 4265">
    <p class='ocr_par' dir='ltr' id='par_1_59' title="bbox 197 4190 1796 4265">
     <span class='ocr_line' id='line_1_59' title="bbox 197 4190 1796 4265; baseline 0.001 -19"><span class='ocrx_word' id='word_1_429' title='bbox 197 4190 350 4246; x_wconf 86' lang='lat' dir='ltr'><strong>tizati</strong></span> <span class='ocrx_word' id='word_1_430' title='bbox 399 4199 527 4247; x_wconf 90' lang='lat' dir='ltr'><strong>sunt</strong></span> <span class='ocrx_word' id='word_1_431' title='bbox 570 4193 638 4248; x_wconf 88' lang='lat' dir='ltr'><strong>ad</strong></span> <span class='ocrx_word' id='word_1_432' title='bbox 681 4195 970 4265; x_wconf 88' lang='lat' dir='ltr'><strong>Apostolo,</strong></span> <span class='ocrx_word' id='word_1_433' title='bbox 1006 4201 1068 4249; x_wconf 93' lang='lat' dir='ltr'><strong>ut</strong></span> <span class='ocrx_word' id='word_1_434' title='bbox 1111 4194 1319 4248; x_wconf 89' lang='lat' dir='ltr'><strong>nullam</strong></span> <span class='ocrx_word' id='word_1_435' title='bbox 1356 4194 1439 4248; x_wconf 91' lang='lat' dir='ltr'><strong>illi</strong></span> <span class='ocrx_word' id='word_1_436' title='bbox 1466 4192 1694 4264; x_wconf 90' lang='lat' dir='ltr'><strong>gloriam</strong></span> <span class='ocrx_word' id='word_1_437' title='bbox 1726 4208 1796 4248; x_wconf 84' lang='lat' dir='ltr'><strong>ex</strong></span> 
     </span>
    </p>
   </div>
   <div class='ocr_carea' id='block_1_60' title="bbox 197 4276 1794 4355">
    <p class='ocr_par' dir='ltr' id='par_1_60' title="bbox 197 4276 1794 4355">
     <span class='ocr_line' id='line_1_60' title="bbox 197 4276 1794 4355; baseline 0.001 -22"><span class='ocrx_word' id='word_1_438' title='bbox 197 4276 296 4335; x_wconf 89' lang='lat' dir='ltr'><strong>hac</strong></span> <span class='ocrx_word' id='word_1_439' title='bbox 322 4296 486 4336; x_wconf 88' lang='lat' dir='ltr'><strong>causa</strong></span> <span class='ocrx_word' id='word_1_440' title='bbox 523 4279 760 4337; x_wconf 86' lang='lat' dir='ltr'><strong>dandam</strong></span> <span class='ocrx_word' id='word_1_441' title='bbox 793 4291 1094 4339; x_wconf 87' lang='lat' dir='ltr'><strong>assererent</strong></span> <span class='ocrx_word' id='word_1_442' title='bbox 1128 4284 1219 4354; x_wconf 94' lang='lat'><strong>(77</strong></span> <span class='ocrx_word' id='word_1_443' title='bbox 1228 4285 1270 4350; x_wconf 94' lang='lat'><strong>).</strong></span> <span class='ocrx_word' id='word_1_444' title='bbox 1303 4282 1590 4355; x_wconf 85' lang='lat' dir='ltr'><strong>Stephana</strong></span> <span class='ocrx_word' id='word_1_445' title='bbox 1613 4289 1794 4336; x_wconf 91' lang='lat' dir='ltr'><strong>autem</strong></span> 
     </span>
    </p>
   </div>
   <div class='ocr_carea' id='block_1_61' title="bbox 198 4367 1796 4443">
    <p class='ocr_par' dir='ltr' id='par_1_61' title="bbox 198 4367 1796 4443">
     <span class='ocr_line' id='line_1_61' title="bbox 198 4367 1796 4443; baseline 0.001 -19"><span class='ocrx_word' id='word_1_446' title='bbox 198 4367 388 4424; x_wconf 88' lang='lat' dir='ltr'><strong>domus</strong></span> <span class='ocrx_word' id='word_1_447' title='bbox 431 4368 690 4442; x_wconf 88' lang='lat' dir='ltr'><strong>primitia</strong></span> <span class='ocrx_word' id='word_1_448' title='bbox 744 4379 873 4426; x_wconf 89' lang='lat' dir='ltr'><strong>sunt</strong></span> <span class='ocrx_word' id='word_1_449' title='bbox 921 4371 1164 4440; x_wconf 82' lang='lat' dir='ltr'><strong>Achaia,</strong></span> <span class='ocrx_word' id='word_1_450' title='bbox 1227 4372 1370 4428; x_wconf 87' lang='lat' dir='ltr'><strong>sicut</strong></span> <span class='ocrx_word' id='word_1_451' title='bbox 1418 4373 1474 4427; x_wconf 94' lang='lat' dir='ltr'><strong>in</strong></span> <span class='ocrx_word' id='word_1_452' title='bbox 1523 4379 1796 4443; x_wconf 89' lang='lat' dir='ltr'><strong>postrema</strong></span> 
     </span>
    </p>
   </div>
   <div class='ocr_carea' id='block_1_62' title="bbox 199 4459 1792 4534">
    <p class='ocr_par' dir='ltr' id='par_1_62' title="bbox 199 4459 1792 4534">
     <span class='ocr_line' id='line_1_62' title="bbox 199 4459 1792 4534; baseline 0.001 -18"><span class='ocrx_word' id='word_1_453' title='bbox 199 4469 345 4532; x_wconf 81' lang='lat' dir='ltr'><strong>parte</strong></span> <span class='ocrx_word' id='word_1_454' title='bbox 385 4460 630 4532; x_wconf 87' lang='lat' dir='ltr'><strong>epistola</strong></span> <span class='ocrx_word' id='word_1_455' title='bbox 665 4459 958 4531; x_wconf 81' lang='lat' dir='ltr'><strong>significat,</strong></span> <span class='ocrx_word' id='word_1_456' title='bbox 1009 4462 1211 4534; x_wconf 90' lang='lat' dir='ltr'><strong>quibus</strong></span> <span class='ocrx_word' id='word_1_457' title='bbox 1260 4461 1636 4518; x_wconf 88' lang='lat' dir='ltr'><strong>testimonium</strong></span> <span class='ocrx_word' id='word_1_458' title='bbox 1680 4462 1792 4531; x_wconf 89' lang='lat' dir='ltr'><strong>dat,</strong></span> 
     </span>
    </p>
   </div>
   <div class='ocr_carea' id='block_1_63' title="bbox 201 4549 1555 4620">
    <p class='ocr_par' dir='ltr' id='par_1_63' title="bbox 201 4549 1555 4620">
     <span class='ocr_line' id='line_1_63' title="bbox 201 4549 1555 4620; baseline 0.001 -15"><span class='ocrx_word' id='word_1_459' title='bbox 201 4564 304 4620; x_wconf 86' lang='lat' dir='ltr'><strong>quo</strong></span> <span class='ocrx_word' id='word_1_460' title='bbox 332 4550 390 4605; x_wconf 92' lang='lat' dir='ltr'><strong>in</strong></span> <span class='ocrx_word' id='word_1_461' title='bbox 418 4549 790 4606; x_wconf 88' lang='lat' dir='ltr'><strong>ministerium</strong></span> <span class='ocrx_word' id='word_1_462' title='bbox 821 4550 1025 4608; x_wconf 89' lang='lat' dir='ltr'><strong>sanctis</strong></span> <span class='ocrx_word' id='word_1_463' title='bbox 1054 4569 1109 4607; x_wconf 91' lang='lat' dir='ltr'><strong>se</strong></span> <span class='ocrx_word' id='word_1_464' title='bbox 1139 4552 1555 4608; x_wconf 88' lang='lat' dir='ltr'><strong>constituerant.</strong></span> 
     </span>
    </p>
   </div>
   <div class='ocr_carea' id='block_1_64' title="bbox 268 4639 1794 4713">
    <p class='ocr_par' dir='ltr' id='par_1_64' title="bbox 268 4639 1794 4713">
     <span class='ocr_line' id='line_1_64' title="bbox 268 4639 1794 4713; baseline -0.001 -16"><span class='ocrx_word' id='word_1_465' title='bbox 268 4639 449 4711; x_wconf 89' lang='lat' dir='ltr'><strong>(Vers.</strong></span> <span class='ocrx_word' id='word_1_466' title='bbox 488 4640 601 4711; x_wconf 82' lang='grc'>17.)</span> <span class='ocrx_word' id='word_1_467' title='bbox 647 4662 665 4685; x_wconf 76' lang='grc' dir='ltr'>ι</span> <span class='ocrx_word' id='word_1_468' title='bbox 695 4639 815 4696; x_wconf 89' lang='lat' dir='ltr'><strong>Non</strong></span> <span class='ocrx_word' id='word_1_469' title='bbox 842 4641 987 4696; x_wconf 90' lang='lat' dir='ltr'><strong>enim</strong></span> <span class='ocrx_word' id='word_1_470' title='bbox 1021 4641 1172 4697; x_wconf 89' lang='lat' dir='ltr'><strong>misit</strong></span> <span class='ocrx_word' id='word_1_471' title='bbox 1207 4658 1291 4696; x_wconf 89' lang='lat' dir='ltr'><strong>me</strong></span> <span class='ocrx_word' id='word_1_472' title='bbox 1320 4642 1571 4699; x_wconf 87' lang='lat' dir='ltr'><strong>Christus</strong></span> <span class='ocrx_word' id='word_1_473' title='bbox 1603 4641 1794 4713; x_wconf 87' lang='lat' dir='ltr'><strong>bapti-</strong></span> 
     </span>
    </p>
   </div>
   <div class='ocr_carea' id='block_1_65' title="bbox 200 4729 1797 4805">
    <p class='ocr_par' dir='ltr' id='par_1_65' title="bbox 200 4729 1797 4805">
     <span class='ocr_line' id='line_1_65' title="bbox 200 4729 1797 4805; baseline 0.002 -21"><span class='ocrx_word' id='word_1_474' title='bbox 200 4744 335 4796; x_wconf 87' lang='lat' dir='ltr'><strong>zare,</strong></span> <span class='ocrx_word' id='word_1_475' title='bbox 366 4729 462 4785; x_wconf 89' lang='lat' dir='ltr'><strong>sed</strong></span> <span class='ocrx_word' id='word_1_476' title='bbox 495 4731 888 4802; x_wconf 89' lang='lat' dir='ltr'><strong>evangelizare.</strong></span> <span class='ocrx_word' id='word_1_477' title='bbox 917 4757 934 4779; x_wconf 79' lang='lat'><strong><em>-</em></strong></span> <span class='ocrx_word' id='word_1_478' title='bbox 989 4731 1260 4800; x_wconf 89' lang='lat' dir='ltr'><strong>Quoniam</strong></span> <span class='ocrx_word' id='word_1_479' title='bbox 1299 4732 1478 4805; x_wconf 89' lang='lat' dir='ltr'><strong>majus</strong></span> <span class='ocrx_word' id='word_1_480' title='bbox 1508 4740 1589 4788; x_wconf 90' lang='lat' dir='ltr'><strong>est</strong></span> <span class='ocrx_word' id='word_1_481' title='bbox 1618 4749 1797 4788; x_wconf 83' lang='lat' dir='ltr'><strong>evan-</strong></span> 
     </span>
    </p>
   </div>
   <div class='ocr_carea' id='block_1_66' title="bbox 203 4819 1794 4893">
    <p class='ocr_par' dir='ltr' id='par_1_66' title="bbox 203 4819 1794 4893">
     <span class='ocr_line' id='line_1_66' title="bbox 203 4819 1794 4893; baseline 0.003 -20"><span class='ocrx_word' id='word_1_482' title='bbox 203 4819 443 4889; x_wconf 84' lang='lat' dir='ltr'><strong>gelizare,</strong></span> <span class='ocrx_word' id='word_1_483' title='bbox 498 4836 662 4891; x_wconf 88' lang='lat' dir='ltr'><strong>quam</strong></span> <span class='ocrx_word' id='word_1_484' title='bbox 718 4819 1031 4893; x_wconf 85' lang='lat' dir='ltr'><strong>baptizare;</strong></span> <span class='ocrx_word' id='word_1_485' title='bbox 1091 4822 1214 4878; x_wconf 90' lang='lat' dir='ltr'><strong>ideo</strong></span> <span class='ocrx_word' id='word_1_486' title='bbox 1273 4839 1383 4878; x_wconf 89' lang='lat' dir='ltr'><strong>non</strong></span> <span class='ocrx_word' id='word_1_487' title='bbox 1452 4839 1508 4878; x_wconf 90' lang='lat' dir='ltr'><strong>se</strong></span> <span class='ocrx_word' id='word_1_488' title='bbox 1566 4822 1794 4877; x_wconf 91' lang='lat' dir='ltr'><strong>missum</strong></span> 
     </span>
    </p>
   </div>
   <div class='ocr_carea' id='block_1_67' title="bbox 202 4909 1794 4986">
    <p class='ocr_par' dir='ltr' id='par_1_67' title="bbox 202 4909 1794 4986">
     <span class='ocr_line' id='line_1_67' title="bbox 202 4909 1794 4986; baseline 0.002 -20"><span class='ocrx_word' id='word_1_489' title='bbox 202 4909 469 4982; x_wconf 85' lang='lat' dir='ltr'><strong>baptizare</strong></span> <span class='ocrx_word' id='word_1_490' title='bbox 499 4911 654 4979; x_wconf 92' lang='lat' dir='ltr'><strong>dicit,</strong></span> <span class='ocrx_word' id='word_1_491' title='bbox 706 4911 797 4966; x_wconf 91' lang='lat' dir='ltr'><strong>sed</strong></span> <span class='ocrx_word' id='word_1_492' title='bbox 846 4913 1218 4985; x_wconf 89' lang='lat' dir='ltr'><strong>evangelizare</strong></span> <span class='ocrx_word' id='word_1_493' title='bbox 1248 4931 1259 4968; x_wconf 89' lang='lat'><strong>:</strong></span> <span class='ocrx_word' id='word_1_494' title='bbox 1293 4914 1423 4986; x_wconf 89' lang='lat' dir='ltr'><strong>quia</strong></span> <span class='ocrx_word' id='word_1_495' title='bbox 1454 4913 1509 4967; x_wconf 94' lang='lat' dir='ltr'><strong>in</strong></span> <span class='ocrx_word' id='word_1_496' title='bbox 1540 4913 1794 4985; x_wconf 89' lang='lat' dir='ltr'><strong>episcopo</strong></span> 
     </span>
    </p>
   </div>
   <div class='ocr_carea' id='block_1_68' title="bbox 203 5000 1792 5075">
    <p class='ocr_par' dir='ltr' id='par_1_68' title="bbox 203 5000 1792 5075">
     <span class='ocr_line' id='line_1_68' title="bbox 203 5000 1792 5075; baseline 0.002 -20"><span class='ocrx_word' id='word_1_497' title='bbox 203 5002 443 5056; x_wconf 89' lang='lat' dir='ltr'><strong>omnium</strong></span> <span class='ocrx_word' id='word_1_498' title='bbox 474 5000 887 5057; x_wconf 90' lang='lat' dir='ltr'><strong>ordinationum</strong></span> <span class='ocrx_word' id='word_1_499' title='bbox 915 5001 1156 5074; x_wconf 88' lang='lat' dir='ltr'><strong>dignitas</strong></span> <span class='ocrx_word' id='word_1_500' title='bbox 1191 5013 1272 5059; x_wconf 90' lang='lat' dir='ltr'><strong>est</strong></span> <span class='ocrx_word' id='word_1_501' title='bbox 1301 5022 1313 5070; x_wconf 94' lang='lat'><strong>;</strong></span> <span class='ocrx_word' id='word_1_502' title='bbox 1347 5011 1510 5075; x_wconf 89' lang='lat' dir='ltr'><strong>caput</strong></span> <span class='ocrx_word' id='word_1_503' title='bbox 1541 5013 1619 5059; x_wconf 86' lang='lat' dir='ltr'><strong>est</strong></span> <span class='ocrx_word' id='word_1_504' title='bbox 1647 5004 1792 5059; x_wconf 91' lang='lat' dir='ltr'><strong>enim</strong></span> 
     </span>
    </p>
   </div>
   <div class='ocr_carea' id='block_1_69' title="bbox 204 5091 1795 5165">
    <p class='ocr_par' dir='ltr' id='par_1_69' title="bbox 204 5091 1795 5165">
     <span class='ocr_line' id='line_1_69' title="bbox 204 5091 1795 5165; baseline 0.001 -18"><span class='ocrx_word' id='word_1_505' title='bbox 204 5099 516 5148; x_wconf 77' lang='lat' dir='ltr'><strong>caeterorum</strong></span> <span class='ocrx_word' id='word_1_506' title='bbox 567 5091 963 5147; x_wconf 88' lang='lat' dir='ltr'><strong>membrorum.</strong></span> <span class='ocrx_word' id='word_1_507' title='bbox 1019 5093 1121 5148; x_wconf 91' lang='lat' dir='ltr'><strong>Per</strong></span> <span class='ocrx_word' id='word_1_508' title='bbox 1150 5093 1296 5165; x_wconf 92' lang='lat' dir='ltr'><strong>quod</strong></span> <span class='ocrx_word' id='word_1_509' title='bbox 1327 5094 1489 5149; x_wconf 89' lang='lat' dir='ltr'><strong>etiam</strong></span> <span class='ocrx_word' id='word_1_510' title='bbox 1524 5094 1647 5149; x_wconf 91' lang='lat' dir='ltr'><strong>illos</strong></span> <span class='ocrx_word' id='word_1_511' title='bbox 1680 5093 1795 5148; x_wconf 91' lang='lat' dir='ltr'><strong>hu-</strong></span> 
     </span>
    </p>
   </div>
   <div class='ocr_carea' id='block_1_70' title="bbox 207 5181 1794 5267">
    <p class='ocr_par' dir='ltr' id='par_1_70' title="bbox 207 5181 1794 5267">
     <span class='ocr_line' id='line_1_70' title="bbox 207 5181 1794 5267; baseline 0.003 -30"><span class='ocrx_word' id='word_1_512' title='bbox 207 5182 396 5254; x_wconf 83' lang='lat' dir='ltr'><strong>miliat,</strong></span> <span class='ocrx_word' id='word_1_513' title='bbox 447 5183 649 5267; x_wconf 84' lang='lat' dir='ltr'><strong>quibus</strong></span> <span class='ocrx_word' id='word_1_514' title='bbox 683 5181 768 5241; x_wconf 84' lang='lat' dir='ltr'><strong>illi</strong></span> <span class='ocrx_word' id='word_1_515' title='bbox 809 5186 1046 5241; x_wconf 90' lang='lat' dir='ltr'><strong>multum</strong></span> <span class='ocrx_word' id='word_1_516' title='bbox 1078 5184 1302 5255; x_wconf 88' lang='lat' dir='ltr'><strong>dabant,</strong></span> <span class='ocrx_word' id='word_1_517' title='bbox 1335 5193 1620 5258; x_wconf 86' lang='lat' dir='ltr'><strong>propterea</strong></span> <span class='ocrx_word' id='word_1_518' title='bbox 1647 5184 1794 5259; x_wconf 90' lang='lat' dir='ltr'><strong>quod</strong></span> 
     </span>
    </p>
   </div>
   <div class='ocr_carea' id='block_1_71' title="bbox 273 5387 1793 5463">
    <p class='ocr_par' dir='ltr' id='par_1_71' title="bbox 273 5387 1793 5463">
     <span class='ocr_line' id='line_1_71' title="bbox 273 5387 1793 5463; baseline 0.001 -16"><span class='ocrx_word' id='word_1_519' title='bbox 273 5387 385 5463; x_wconf 73' lang='grc'>(74)</span> <span class='ocrx_word' id='word_1_520' title='bbox 437 5392 520 5447; x_wconf 86' lang='lat' dir='ltr'><strong>Ita</strong></span> <span class='ocrx_word' id='word_1_521' title='bbox 559 5391 693 5448; x_wconf 90' lang='lat' dir='ltr'><strong>edit.</strong></span> <span class='ocrx_word' id='word_1_522' title='bbox 744 5409 954 5462; x_wconf 89' lang='lat' dir='ltr'><strong>omnes,</strong></span> <span class='ocrx_word' id='word_1_523' title='bbox 1003 5401 1056 5448; x_wconf 90' lang='lat' dir='ltr'><strong>et</strong></span> <span class='ocrx_word' id='word_1_524' title='bbox 1099 5390 1220 5448; x_wconf 86' lang='lat' dir='ltr'><strong>cod.</strong></span> <span class='ocrx_word' id='word_1_525' title='bbox 1265 5391 1464 5459; x_wconf 87' lang='lat' dir='ltr'><strong>Corb.;</strong></span> <span class='ocrx_word' id='word_1_526' title='bbox 1517 5390 1613 5446; x_wconf 88' lang='lat' dir='ltr'><strong>alii</strong></span> <span class='ocrx_word' id='word_1_527' title='bbox 1661 5408 1793 5449; x_wconf 89' lang='lat' dir='ltr'><strong>vero</strong></span> 
     </span>
    </p>
   </div>
   <div class='ocr_carea' id='block_1_72' title="bbox 209 5463 1577 5535">
    <p class='ocr_par' dir='ltr' id='par_1_72' title="bbox 209 5463 1577 5535">
     <span class='ocr_line' id='line_1_72' title="bbox 209 5463 1577 5535; baseline 0.002 -20"><span class='ocrx_word' id='word_1_528' title='bbox 209 5475 412 5535; x_wconf 80' lang='lat' dir='ltr'><strong>summo</strong></span> <span class='ocrx_word' id='word_1_529' title='bbox 440 5479 732 5532; x_wconf 88' lang='lat' dir='ltr'><strong>consensu,</strong></span> <span class='ocrx_word' id='word_1_530' title='bbox 757 5482 957 5535; x_wconf 75' lang='lat' dir='ltr'><strong>parum</strong></span> <span class='ocrx_word' id='word_1_531' title='bbox 985 5465 1096 5518; x_wconf 80' lang='lat' dir='ltr'><strong>sine</strong></span> <span class='ocrx_word' id='word_1_532' title='bbox 1125 5481 1341 5534; x_wconf 80' lang='lat' dir='ltr'><strong>corpore</strong></span> <span class='ocrx_word' id='word_1_533' title='bbox 1359 5463 1577 5532; x_wconf 80' lang='lat' dir='ltr'><strong>fatetur.</strong></span> 
     </span>
    </p>
   </div>
   <div class='ocr_carea' id='block_1_73' title="bbox 162 5533 1788 5606">
    <p class='ocr_par' dir='ltr' id='par_1_73' title="bbox 162 5533 1788 5606">
     <span class='ocr_line' id='line_1_73' title="bbox 162 5533 1788 5606; baseline -0.001 -15"><span class='ocrx_word' id='word_1_534' title='bbox 162 5595 174 5602; x_wconf 65' lang='grc'><em>,</em></span> <span class='ocrx_word' id='word_1_535' title='bbox 228 5604 234 5606; x_wconf 81' lang='lat'><strong><em>_</em></strong></span> <span class='ocrx_word' id='word_1_536' title='bbox 276 5533 385 5606; x_wconf 76' lang='lat'>(75)</span> <span class='ocrx_word' id='word_1_537' title='bbox 415 5535 618 5591; x_wconf 91' lang='lat' dir='ltr'><strong>Omnes</strong></span> <span class='ocrx_word' id='word_1_538' title='bbox 646 5533 778 5592; x_wconf 51' lang='lat' dir='ltr'><strong>edit:</strong></span> <span class='ocrx_word' id='word_1_539' title='bbox 809 5552 874 5593; x_wconf 89' lang='lat' dir='ltr'><strong>ac</strong></span> <span class='ocrx_word' id='word_1_540' title='bbox 903 5553 1031 5592; x_wconf 91' lang='lat' dir='ltr'><strong>mss.</strong></span> <span class='ocrx_word' id='word_1_541' title='bbox 1065 5535 1341 5603; x_wconf 88' lang='lat' dir='ltr'><strong>nonnulli,</strong></span> <span class='ocrx_word' id='word_1_542' title='bbox 1370 5533 1626 5606; x_wconf 74' lang='lat' dir='ltr'><strong>baptizati</strong></span> <span class='ocrx_word' id='word_1_543' title='bbox 1647 5534 1788 5590; x_wconf 76' lang='lat' dir='ltr'><strong>estis.</strong></span> 
     </span>
    </p>
   </div>
   <div class='ocr_carea' id='block_1_74' title="bbox 207 5604 1792 5679">
    <p class='ocr_par' dir='ltr' id='par_1_74' title="bbox 207 5604 1792 5679">
     <span class='ocr_line' id='line_1_74' title="bbox 207 5604 1792 5679; baseline 0.003 -21"><span class='ocrx_word' id='word_1_544' title='bbox 207 5604 276 5659; x_wconf 85' lang='lat' dir='ltr'><strong>At</strong></span> <span class='ocrx_word' id='word_1_545' title='bbox 304 5604 442 5661; x_wconf 87' lang='lat' dir='ltr'><strong>infra</strong></span> <span class='ocrx_word' id='word_1_546' title='bbox 483 5624 582 5679; x_wconf 89' lang='lat' dir='ltr'><strong>pro</strong></span> <span class='ocrx_word' id='word_1_547' title='bbox 625 5613 931 5664; x_wconf 60' lang='lat' dir='ltr'><strong>cancrorum</strong></span> <span class='ocrx_word' id='word_1_548' title='bbox 979 5609 1166 5677; x_wconf 76' lang='lat' dir='ltr'><strong>nescio,</strong></span> <span class='ocrx_word' id='word_1_549' title='bbox 1198 5606 1369 5679; x_wconf 86' lang='lat' dir='ltr'><strong>aliqui</strong></span> <span class='ocrx_word' id='word_1_550' title='bbox 1407 5604 1596 5679; x_wconf 80' lang='lat' dir='ltr'><strong>legunt</strong></span> <span class='ocrx_word' id='word_1_551' title='bbox 1636 5612 1792 5662; x_wconf 62' lang='lat' dir='ltr'><strong>crete—</strong></span> 
     </span>
    </p>
   </div>
   <div class='ocr_carea' id='block_1_75' title="bbox 213 5688 668 5746">
    <p class='ocr_par' dir='ltr' id='par_1_75' title="bbox 213 5688 668 5746">
     <span class='ocr_line' id='line_1_75' title="bbox 213 5688 668 5746; baseline 0.013 -16"><span class='ocrx_word' id='word_1_552' title='bbox 213 5691 324 5730; x_wconf 86' lang='lat' dir='ltr'><strong>rum</strong></span> <span class='ocrx_word' id='word_1_553' title='bbox 349 5695 539 5746; x_wconf 75' lang='lat' dir='ltr'><strong>nemo,</strong></span> <span class='ocrx_word' id='word_1_554' title='bbox 561 5688 668 5736; x_wconf 86' lang='lat' dir='ltr'><strong>etc.</strong></span> 
     </span>
    </p>
   </div>
   <div class='ocr_carea' id='block_1_76' title="bbox 276 5747 1788 5825">
    <p class='ocr_par' dir='ltr' id='par_1_76' title="bbox 276 5747 1788 5825">
     <span class='ocr_line' id='line_1_76' title="bbox 276 5747 1788 5825; baseline 0.003 -21"><span class='ocrx_word' id='word_1_555' title='bbox 276 5747 385 5821; x_wconf 91' lang='lat'><strong>(76)</strong></span> <span class='ocrx_word' id='word_1_556' title='bbox 407 5751 563 5808; x_wconf 86' lang='lat' dir='ltr'><strong>Eras.</strong></span> <span class='ocrx_word' id='word_1_557' title='bbox 596 5759 652 5808; x_wconf 86' lang='lat' dir='ltr'><strong>et</strong></span> <span class='ocrx_word' id='word_1_558' title='bbox 681 5767 794 5825; x_wconf 85' lang='lat' dir='ltr'><strong>seq.</strong></span> <span class='ocrx_word' id='word_1_559' title='bbox 826 5751 982 5820; x_wconf 84' lang='lat' dir='ltr'><strong>edit.,</strong></span> <span class='ocrx_word' id='word_1_560' title='bbox 1016 5765 1117 5824; x_wconf 81' lang='lat' dir='ltr'><strong>per</strong></span> <span class='ocrx_word' id='word_1_561' title='bbox 1149 5752 1242 5808; x_wconf 84' lang='lat' dir='ltr'><strong>hoc</strong></span> <span class='ocrx_word' id='word_1_562' title='bbox 1270 5765 1534 5825; x_wconf 77' lang='lat' dir='ltr'><strong>arguens;</strong></span> <span class='ocrx_word' id='word_1_563' title='bbox 1560 5751 1788 5810; x_wconf 84' lang='lat' dir='ltr'><strong>Amerb.</strong></span> 
     </span>
    </p>
   </div>
   <div class='ocr_carea' id='block_1_77' title="bbox 1824 4588 1873 4646">
    <p class='ocr_par' dir='ltr' id='par_1_77' title="bbox 1824 4588 1873 4646">
     <span class='ocr_line' id='line_1_77' title="bbox 1824 4588 1873 4646; baseline 0 0"><span class='ocrx_word' id='word_1_564' title='bbox 1824 4588 1873 4646; x_wconf 91' lang='lat' dir='ltr'><strong>D</strong></span> 
     </span>
    </p>
   </div>
   <div class='ocr_carea' id='block_1_78' title="bbox 1904 1951 3504 2024">
    <p class='ocr_par' dir='ltr' id='par_1_78' title="bbox 1904 1951 3504 2024">
     <span class='ocr_line' id='line_1_78' title="bbox 1904 1951 3504 2024; baseline -0.003 -17"><span class='ocrx_word' id='word_1_565' title='bbox 1904 1951 2095 2007; x_wconf 86' lang='lat' dir='ltr'><strong>ctrina</strong></span> <span class='ocrx_word' id='word_1_566' title='bbox 2125 1952 2328 2007; x_wconf 89' lang='lat' dir='ltr'><strong>veritas</strong></span> <span class='ocrx_word' id='word_1_567' title='bbox 2359 1953 2475 2024; x_wconf 91' lang='lat' dir='ltr'><strong>ipsa</strong></span> <span class='ocrx_word' id='word_1_568' title='bbox 2515 1954 2632 2024; x_wconf 89' lang='grc'>(78)</span> <span class='ocrx_word' id='word_1_569' title='bbox 2665 1970 2721 2008; x_wconf 90' lang='lat' dir='ltr'><strong>se</strong></span> <span class='ocrx_word' id='word_1_570' title='bbox 2750 1953 3180 2018; x_wconf 89' lang='lat' dir='ltr'><strong>commendaret,</strong></span> <span class='ocrx_word' id='word_1_571' title='bbox 3209 1957 3347 2006; x_wconf 89' lang='lat' dir='ltr'><strong>teste</strong></span> <span class='ocrx_word' id='word_1_572' title='bbox 3377 1951 3504 2003; x_wconf 90' lang='lat' dir='ltr'><strong>vir-</strong></span> 
     </span>
    </p>
   </div>
   <div class='ocr_carea' id='block_1_79' title="bbox 1900 2040 3500 2106">
    <p class='ocr_par' dir='ltr' id='par_1_79' title="bbox 1900 2040 3500 2106">
     <span class='ocr_line' id='line_1_79' title="bbox 1900 2040 3500 2106; baseline -0.001 -12"><span class='ocrx_word' id='word_1_573' title='bbox 1900 2046 2054 2106; x_wconf 88' lang='lat' dir='ltr'><strong>tute;</strong></span> <span class='ocrx_word' id='word_1_574' title='bbox 2104 2057 2172 2096; x_wconf 89' lang='lat' dir='ltr'><strong>ne</strong></span> <span class='ocrx_word' id='word_1_575' title='bbox 2210 2041 2496 2098; x_wconf 89' lang='lat' dir='ltr'><strong>hominum</strong></span> <span class='ocrx_word' id='word_1_576' title='bbox 2526 2042 2769 2098; x_wconf 88' lang='lat' dir='ltr'><strong>versutia</strong></span> <span class='ocrx_word' id='word_1_577' title='bbox 2797 2052 2851 2098; x_wconf 91' lang='lat' dir='ltr'><strong>et</strong></span> <span class='ocrx_word' id='word_1_578' title='bbox 2897 2042 3198 2099; x_wconf 83' lang='lat' dir='ltr'><strong>calliditate</strong></span> <span class='ocrx_word' id='word_1_579' title='bbox 3243 2040 3500 2096; x_wconf 85' lang='lat' dir='ltr'><strong>humana</strong></span> 
     </span>
    </p>
   </div>
   <div class='ocr_carea' id='block_1_80' title="bbox 1901 2128 3503 2202">
    <p class='ocr_par' dir='ltr' id='par_1_80' title="bbox 1901 2128 3503 2202">
     <span class='ocr_line' id='line_1_80' title="bbox 1901 2128 3503 2202; baseline -0.001 -18"><span class='ocrx_word' id='word_1_580' title='bbox 1901 2128 2183 2200; x_wconf 85' lang='lat' dir='ltr'><strong>sapientia</strong></span> <span class='ocrx_word' id='word_1_581' title='bbox 2212 2132 2564 2202; x_wconf 85' lang='lat' dir='ltr'><strong>acceptabilis</strong></span> <span class='ocrx_word' id='word_1_582' title='bbox 2603 2132 2904 2197; x_wconf 88' lang='lat' dir='ltr'><strong>videretur,</strong></span> <span class='ocrx_word' id='word_1_583' title='bbox 2937 2147 3047 2186; x_wconf 92' lang='lat' dir='ltr'><strong>non</strong></span> <span class='ocrx_word' id='word_1_584' title='bbox 3077 2131 3328 2197; x_wconf 85' lang='lat' dir='ltr'><strong>veritate,</strong></span> <span class='ocrx_word' id='word_1_585' title='bbox 3358 2128 3503 2186; x_wconf 90' lang='lat' dir='ltr'><strong>sicut</strong></span> 
     </span>
    </p>
   </div>
   <div class='ocr_carea' id='block_1_81' title="bbox 1901 2216 3494 2290">
    <p class='ocr_par' dir='ltr' id='par_1_81' title="bbox 1901 2216 3494 2290">
     <span class='ocr_line' id='line_1_81' title="bbox 1901 2216 3494 2290; baseline 0.001 -18"><span class='ocrx_word' id='word_1_586' title='bbox 1901 2216 2210 2290; x_wconf 87' lang='lat' dir='ltr'><strong>disciplina</strong></span> <span class='ocrx_word' id='word_1_587' title='bbox 2257 2219 2324 2275; x_wconf 91' lang='lat' dir='ltr'><strong>ab</strong></span> <span class='ocrx_word' id='word_1_588' title='bbox 2370 2220 2691 2276; x_wconf 88' lang='lat' dir='ltr'><strong>hominibus</strong></span> <span class='ocrx_word' id='word_1_589' title='bbox 2738 2221 2998 2286; x_wconf 81' lang='lat' dir='ltr'><strong>inventa,</strong></span> <span class='ocrx_word' id='word_1_590' title='bbox 3051 2220 3110 2274; x_wconf 93' lang='lat' dir='ltr'><strong>in</strong></span> <span class='ocrx_word' id='word_1_591' title='bbox 3143 2219 3346 2290; x_wconf 89' lang='lat' dir='ltr'><strong>quibus</strong></span> <span class='ocrx_word' id='word_1_592' title='bbox 3383 2235 3494 2273; x_wconf 92' lang='lat' dir='ltr'><strong>non</strong></span> 
     </span>
    </p>
   </div>
   <div class='ocr_carea' id='block_1_82' title="bbox 1903 2309 3500 2384">
    <p class='ocr_par' dir='ltr' id='par_1_82' title="bbox 1903 2309 3500 2384">
     <span class='ocr_line' id='line_1_82' title="bbox 1903 2309 3500 2384; baseline -0.001 -18"><span class='ocrx_word' id='word_1_593' title='bbox 1903 2309 2063 2378; x_wconf 88' lang='lat' dir='ltr'><strong>ratio,</strong></span> <span class='ocrx_word' id='word_1_594' title='bbox 2096 2327 2208 2366; x_wconf 91' lang='lat' dir='ltr'><strong>non</strong></span> <span class='ocrx_word' id='word_1_595' title='bbox 2255 2311 2454 2380; x_wconf 90' lang='lat' dir='ltr'><strong>virtus,</strong></span> <span class='ocrx_word' id='word_1_596' title='bbox 2485 2313 2580 2368; x_wconf 91' lang='lat' dir='ltr'><strong>sed</strong></span> <span class='ocrx_word' id='word_1_597' title='bbox 2617 2312 2910 2369; x_wconf 88' lang='lat' dir='ltr'><strong>verborum</strong></span> <span class='ocrx_word' id='word_1_598' title='bbox 2945 2311 3210 2384; x_wconf 83' lang='lat' dir='ltr'><strong>quaritur</strong></span> <span class='ocrx_word' id='word_1_599' title='bbox 3233 2309 3500 2382; x_wconf 86' lang='lat' dir='ltr'><strong>composi-</strong></span> 
     </span>
    </p>
   </div>
   <div class='ocr_carea' id='block_1_83' title="bbox 1901 2396 3501 2471">
    <p class='ocr_par' dir='ltr' id='par_1_83' title="bbox 1901 2396 3501 2471">
     <span class='ocr_line' id='line_1_83' title="bbox 1901 2396 3501 2471; baseline 0 -19"><span class='ocrx_word' id='word_1_600' title='bbox 1901 2396 2014 2452; x_wconf 91' lang='lat' dir='ltr'><strong>tio:</strong></span> <span class='ocrx_word' id='word_1_601' title='bbox 2063 2413 2126 2452; x_wconf 89' lang='lat' dir='ltr'><strong>ac</strong></span> <span class='ocrx_word' id='word_1_602' title='bbox 2173 2414 2268 2468; x_wconf 90' lang='lat' dir='ltr'><strong>per</strong></span> <span class='ocrx_word' id='word_1_603' title='bbox 2319 2398 2426 2456; x_wconf 89' lang='lat' dir='ltr'><strong>hoc</strong></span> <span class='ocrx_word' id='word_1_604' title='bbox 2471 2399 2698 2470; x_wconf 83' lang='lat' dir='ltr'><strong>gloriam</strong></span> <span class='ocrx_word' id='word_1_605' title='bbox 2749 2416 2902 2455; x_wconf 90' lang='lat' dir='ltr'><strong>suam</strong></span> <span class='ocrx_word' id='word_1_606' title='bbox 2949 2400 3143 2471; x_wconf 90' lang='lat' dir='ltr'><strong>quari,</strong></span> <span class='ocrx_word' id='word_1_607' title='bbox 3198 2399 3292 2471; x_wconf 90' lang='lat' dir='ltr'><strong>qui</strong></span> <span class='ocrx_word' id='word_1_608' title='bbox 3336 2398 3501 2454; x_wconf 85' lang='lat' dir='ltr'><strong>ﬁdem</strong></span> 
     </span>
    </p>
   </div>
   <div class='ocr_carea' id='block_1_84' title="bbox 1902 2484 3496 2545">
    <p class='ocr_par' dir='ltr' id='par_1_84' title="bbox 1902 2484 3496 2545">
     <span class='ocr_line' id='line_1_84' title="bbox 1902 2484 3496 2545; baseline 0 -3"><span class='ocrx_word' id='word_1_609' title='bbox 1902 2484 2108 2542; x_wconf 88' lang='lat' dir='ltr'><strong>Christi</strong></span> <span class='ocrx_word' id='word_1_610' title='bbox 2139 2488 2322 2543; x_wconf 83' lang='lat' dir='ltr'><strong>verbis</strong></span> <span class='ocrx_word' id='word_1_611' title='bbox 2365 2504 2632 2544; x_wconf 86' lang='lat' dir='ltr'><strong>exornare</strong></span> <span class='ocrx_word' id='word_1_612' title='bbox 2665 2489 2807 2544; x_wconf 91' lang='lat' dir='ltr'><strong>vult.</strong></span> <span class='ocrx_word' id='word_1_613' title='bbox 2842 2488 3110 2545; x_wconf 89' lang='lat' dir='ltr'><strong>Obscurat</strong></span> <span class='ocrx_word' id='word_1_614' title='bbox 3147 2489 3296 2544; x_wconf 87' lang='lat' dir='ltr'><strong>enim</strong></span> <span class='ocrx_word' id='word_1_615' title='bbox 3345 2487 3496 2542; x_wconf 89' lang='lat' dir='ltr'><strong>illam</strong></span> 
     </span>
    </p>
   </div>
   <div class='ocr_carea' id='block_1_85' title="bbox 1900 2575 3498 2648">
    <p class='ocr_par' dir='ltr' id='par_1_85' title="bbox 1900 2575 3498 2648">
     <span class='ocr_line' id='line_1_85' title="bbox 1900 2575 3498 2648; baseline 0.001 -19"><span class='ocrx_word' id='word_1_616' title='bbox 1900 2575 2191 2645; x_wconf 87' lang='lat' dir='ltr'><strong>splendore</strong></span> <span class='ocrx_word' id='word_1_617' title='bbox 2222 2576 2538 2644; x_wconf 90' lang='lat' dir='ltr'><strong>verborum,</strong></span> <span class='ocrx_word' id='word_1_618' title='bbox 2569 2584 2631 2632; x_wconf 90' lang='lat' dir='ltr'><strong>ut</strong></span> <span class='ocrx_word' id='word_1_619' title='bbox 2660 2593 2769 2632; x_wconf 92' lang='lat' dir='ltr'><strong>non</strong></span> <span class='ocrx_word' id='word_1_620' title='bbox 2805 2578 2919 2644; x_wconf 88' lang='lat' dir='ltr'><strong>illa,</strong></span> <span class='ocrx_word' id='word_1_621' title='bbox 2953 2577 3047 2632; x_wconf 90' lang='lat' dir='ltr'><strong>sed</strong></span> <span class='ocrx_word' id='word_1_622' title='bbox 3078 2577 3191 2648; x_wconf 89' lang='lat' dir='ltr'><strong>ipse</strong></span> <span class='ocrx_word' id='word_1_623' title='bbox 3214 2575 3498 2643; x_wconf 87' lang='lat' dir='ltr'><strong>laudetur;</strong></span> 
     </span>
    </p>
   </div>
   <div class='ocr_carea' id='block_1_86' title="bbox 1901 2663 3497 2736">
    <p class='ocr_par' dir='ltr' id='par_1_86' title="bbox 1901 2663 3497 2736">
     <span class='ocr_line' id='line_1_86' title="bbox 1901 2663 3497 2736; baseline 0.001 -18"><span class='ocrx_word' id='word_1_624' title='bbox 1901 2663 2043 2719; x_wconf 88' lang='lat' dir='ltr'><strong>sicut</strong></span> <span class='ocrx_word' id='word_1_625' title='bbox 2069 2670 2124 2718; x_wconf 89' lang='lat' dir='ltr'><strong>et</strong></span> <span class='ocrx_word' id='word_1_626' title='bbox 2142 2664 2606 2736; x_wconf 89' lang='lat' dir='ltr'><strong>pseudoapostoli,</strong></span> <span class='ocrx_word' id='word_1_627' title='bbox 2639 2681 2707 2720; x_wconf 90' lang='lat' dir='ltr'><strong>ne</strong></span> <span class='ocrx_word' id='word_1_628' title='bbox 2731 2666 2887 2720; x_wconf 89' lang='lat' dir='ltr'><strong>stulti</strong></span> <span class='ocrx_word' id='word_1_629' title='bbox 2917 2665 3241 2720; x_wconf 87' lang='lat' dir='ltr'><strong>viderentur</strong></span> <span class='ocrx_word' id='word_1_630' title='bbox 3261 2664 3497 2736; x_wconf 90' lang='lat' dir='ltr'><strong>pruden-</strong></span> 
     </span>
    </p>
   </div>
   <div class='ocr_carea' id='block_1_87' title="bbox 1899 2750 3502 2824">
    <p class='ocr_par' dir='ltr' id='par_1_87' title="bbox 1899 2750 3502 2824">
     <span class='ocr_line' id='line_1_87' title="bbox 1899 2750 3502 2824; baseline 0.001 -17"><span class='ocrx_word' id='word_1_631' title='bbox 1899 2750 2050 2807; x_wconf 89' lang='lat' dir='ltr'><strong>tibus</strong></span> <span class='ocrx_word' id='word_1_632' title='bbox 2081 2752 2294 2820; x_wconf 91' lang='lat' dir='ltr'><strong>mundi,</strong></span> <span class='ocrx_word' id='word_1_633' title='bbox 2329 2753 2386 2806; x_wconf 92' lang='lat' dir='ltr'><strong>in</strong></span> <span class='ocrx_word' id='word_1_634' title='bbox 2416 2755 2685 2824; x_wconf 89' lang='lat' dir='ltr'><strong>sapientia</strong></span> <span class='ocrx_word' id='word_1_635' title='bbox 2715 2754 3003 2808; x_wconf 90' lang='lat' dir='ltr'><strong>hominum</strong></span> <span class='ocrx_word' id='word_1_636' title='bbox 3048 2753 3329 2810; x_wconf 90' lang='lat' dir='ltr'><strong>Christum</strong></span> <span class='ocrx_word' id='word_1_637' title='bbox 3360 2769 3502 2824; x_wconf 58' lang='lat' dir='ltr'><strong>pra.</strong></span> 
     </span>
    </p>
   </div>
   <div class='ocr_carea' id='block_1_88' title="bbox 1900 2842 3498 2916">
    <p class='ocr_par' dir='ltr' id='par_1_88' title="bbox 1900 2842 3498 2916">
     <span class='ocr_line' id='line_1_88' title="bbox 1900 2842 3498 2916; baseline 0.001 -18"><span class='ocrx_word' id='word_1_638' title='bbox 1900 2843 2157 2899; x_wconf 88' lang='lat' dir='ltr'><strong>dicabant</strong></span> <span class='ocrx_word' id='word_1_639' title='bbox 2177 2843 2384 2914; x_wconf 90' lang='lat' dir='ltr'><strong>duplici</strong></span> <span class='ocrx_word' id='word_1_640' title='bbox 2403 2859 2596 2916; x_wconf 88' lang='lat' dir='ltr'><strong>genere</strong></span> <span class='ocrx_word' id='word_1_641' title='bbox 2623 2863 2634 2910; x_wconf 92' lang='lat'><strong>;</strong></span> <span class='ocrx_word' id='word_1_642' title='bbox 2668 2851 2729 2898; x_wconf 89' lang='lat' dir='ltr'><strong>ut</strong></span> <span class='ocrx_word' id='word_1_643' title='bbox 2755 2842 3088 2916; x_wconf 86' lang='lat' dir='ltr'><strong>eloquentia</strong></span> <span class='ocrx_word' id='word_1_644' title='bbox 3116 2843 3424 2908; x_wconf 88' lang='lat' dir='ltr'><strong>studerent,</strong></span> <span class='ocrx_word' id='word_1_645' title='bbox 3445 2852 3498 2899; x_wconf 91' lang='lat' dir='ltr'><strong>et</strong></span> 
     </span>
    </p>
   </div>
   <div class='ocr_carea' id='block_1_89' title="bbox 1901 2933 3494 3005">
    <p class='ocr_par' dir='ltr' id='par_1_89' title="bbox 1901 2933 3494 3005">
     <span class='ocr_line' id='line_1_89' title="bbox 1901 2933 3494 3005; baseline 0.001 -16"><span class='ocrx_word' id='word_1_646' title='bbox 1901 2950 1964 2989; x_wconf 88' lang='lat' dir='ltr'><strong>ea</strong></span> <span class='ocrx_word' id='word_1_647' title='bbox 2009 2950 2130 3005; x_wconf 87' lang='lat' dir='ltr'><strong>qua</strong></span> <span class='ocrx_word' id='word_1_648' title='bbox 2180 2933 2420 2988; x_wconf 87' lang='lat' dir='ltr'><strong>mundus</strong></span> <span class='ocrx_word' id='word_1_649' title='bbox 2473 2934 2532 2988; x_wconf 91' lang='lat' dir='ltr'><strong>in</strong></span> <span class='ocrx_word' id='word_1_650' title='bbox 2567 2933 2727 2989; x_wconf 92' lang='lat' dir='ltr'><strong>nobis</strong></span> <span class='ocrx_word' id='word_1_651' title='bbox 2754 2934 2921 2990; x_wconf 84' lang='lat' dir='ltr'><strong>stulta</strong></span> <span class='ocrx_word' id='word_1_652' title='bbox 2944 2933 3158 3005; x_wconf 89' lang='lat' dir='ltr'><strong>judicat</strong></span> <span class='ocrx_word' id='word_1_653' title='bbox 3186 2933 3494 2990; x_wconf 88' lang='lat' dir='ltr'><strong>evitarent:</strong></span> 
     </span>
    </p>
   </div>
   <div class='ocr_carea' id='block_1_90' title="bbox 1900 3023 3500 3095">
    <p class='ocr_par' dir='ltr' id='par_1_90' title="bbox 1900 3023 3500 3095">
     <span class='ocr_line' id='line_1_90' title="bbox 1900 3023 3500 3095; baseline 0.001 -18"><span class='ocrx_word' id='word_1_654' title='bbox 1900 3031 1962 3078; x_wconf 89' lang='lat' dir='ltr'><strong>ut</strong></span> <span class='ocrx_word' id='word_1_655' title='bbox 1987 3039 2161 3095; x_wconf 90' lang='lat' dir='ltr'><strong>neque</strong></span> <span class='ocrx_word' id='word_1_656' title='bbox 2192 3024 2539 3079; x_wconf 90' lang='lat' dir='ltr'><strong>incarnatum</strong></span> <span class='ocrx_word' id='word_1_657' title='bbox 2563 3024 2658 3078; x_wconf 90' lang='lat' dir='ltr'><strong>Dei</strong></span> <span class='ocrx_word' id='word_1_658' title='bbox 2687 3024 2913 3090; x_wconf 88' lang='lat' dir='ltr'><strong>Filium,</strong></span> <span class='ocrx_word' id='word_1_659' title='bbox 2951 3032 3005 3078; x_wconf 90' lang='lat' dir='ltr'><strong>et</strong></span> <span class='ocrx_word' id='word_1_660' title='bbox 3033 3023 3100 3078; x_wconf 91' lang='lat' dir='ltr'><strong>de</strong></span> <span class='ocrx_word' id='word_1_661' title='bbox 3130 3023 3356 3094; x_wconf 84' lang='lat' dir='ltr'><strong>Virgine</strong></span> <span class='ocrx_word' id='word_1_662' title='bbox 3391 3038 3500 3078; x_wconf 82' lang='lat' dir='ltr'><strong>na-</strong></span> 
     </span>
    </p>
   </div>
   <div class='ocr_carea' id='block_1_91' title="bbox 1903 3112 3495 3184">
    <p class='ocr_par' dir='ltr' id='par_1_91' title="bbox 1903 3112 3495 3184">
     <span class='ocr_line' id='line_1_91' title="bbox 1903 3112 3495 3184; baseline -0.001 -16"><span class='ocrx_word' id='word_1_663' title='bbox 1903 3120 2022 3168; x_wconf 90' lang='lat' dir='ltr'><strong>tum</strong></span> <span class='ocrx_word' id='word_1_664' title='bbox 2046 3112 2328 3181; x_wconf 90' lang='lat' dir='ltr'><strong>docerent,</strong></span> <span class='ocrx_word' id='word_1_665' title='bbox 2351 3128 2526 3184; x_wconf 89' lang='lat' dir='ltr'><strong>neque</strong></span> <span class='ocrx_word' id='word_1_666' title='bbox 2555 3112 2734 3168; x_wconf 89' lang='lat' dir='ltr'><strong>carnis</strong></span> <span class='ocrx_word' id='word_1_667' title='bbox 2756 3113 2999 3168; x_wconf 87' lang='lat' dir='ltr'><strong>futuram</strong></span> <span class='ocrx_word' id='word_1_668' title='bbox 3031 3113 3495 3179; x_wconf 88' lang='lat' dir='ltr'><strong>resurectionem;</strong></span> 
     </span>
    </p>
   </div>
   <div class='ocr_carea' id='block_1_92' title="bbox 1822 3200 3494 3296">
    <p class='ocr_par' dir='ltr' id='par_1_92' title="bbox 1822 3200 3494 3296">
     <span class='ocr_line' id='line_1_92' title="bbox 1822 3200 3494 3296; baseline -0.001 -39"><span class='ocrx_word' id='word_1_669' title='bbox 1822 3235 1866 3296; x_wconf 74' lang='lat' dir='ltr'>C</span> <span class='ocrx_word' id='word_1_670' title='bbox 1903 3202 2034 3274; x_wconf 88' lang='lat' dir='ltr'><strong>quia</strong></span> <span class='ocrx_word' id='word_1_671' title='bbox 2064 3201 2257 3258; x_wconf 90' lang='lat' dir='ltr'><strong>mundi</strong></span> <span class='ocrx_word' id='word_1_672' title='bbox 2287 3203 2433 3258; x_wconf 91' lang='lat' dir='ltr'><strong>istud</strong></span> <span class='ocrx_word' id='word_1_673' title='bbox 2463 3202 2730 3274; x_wconf 87' lang='lat' dir='ltr'><strong>sapientia</strong></span> <span class='ocrx_word' id='word_1_674' title='bbox 2751 3210 2805 3257; x_wconf 91' lang='lat' dir='ltr'><strong>et</strong></span> <span class='ocrx_word' id='word_1_675' title='bbox 2825 3201 2966 3257; x_wconf 87' lang='lat' dir='ltr'><strong>ratio</strong></span> <span class='ocrx_word' id='word_1_676' title='bbox 2987 3202 3219 3257; x_wconf 86' lang='lat' dir='ltr'><strong>stultum</strong></span> <span class='ocrx_word' id='word_1_677' title='bbox 3261 3200 3494 3272; x_wconf 91' lang='lat' dir='ltr'><strong>judicat:</strong></span> 
     </span>
    </p>
   </div>
   <div class='ocr_carea' id='block_1_93' title="bbox 1905 3289 3499 3363">
    <p class='ocr_par' dir='ltr' id='par_1_93' title="bbox 1905 3289 3499 3363">
     <span class='ocr_line' id='line_1_93' title="bbox 1905 3289 3499 3363; baseline -0.001 -18"><span class='ocrx_word' id='word_1_678' title='bbox 1905 3307 1967 3347; x_wconf 91' lang='lat' dir='ltr'><strong>ac</strong></span> <span class='ocrx_word' id='word_1_679' title='bbox 1998 3307 2093 3363; x_wconf 89' lang='lat' dir='ltr'><strong>per</strong></span> <span class='ocrx_word' id='word_1_680' title='bbox 2121 3291 2229 3348; x_wconf 90' lang='lat' dir='ltr'><strong>hoc</strong></span> <span class='ocrx_word' id='word_1_681' title='bbox 2257 3293 2555 3363; x_wconf 85' lang='lat' dir='ltr'><strong>Apostolus</strong></span> <span class='ocrx_word' id='word_1_682' title='bbox 2589 3308 2700 3346; x_wconf 90' lang='lat' dir='ltr'><strong>non</strong></span> <span class='ocrx_word' id='word_1_683' title='bbox 2729 3307 2786 3346; x_wconf 91' lang='lat' dir='ltr'><strong>se</strong></span> <span class='ocrx_word' id='word_1_684' title='bbox 2817 3289 2874 3344; x_wconf 91' lang='lat' dir='ltr'><strong>in</strong></span> <span class='ocrx_word' id='word_1_685' title='bbox 2908 3289 3176 3361; x_wconf 88' lang='lat' dir='ltr'><strong>sapientia</strong></span> <span class='ocrx_word' id='word_1_686' title='bbox 3210 3289 3499 3345; x_wconf 89' lang='lat' dir='ltr'><strong>hominum</strong></span> 
     </span>
    </p>
   </div>
   <div class='ocr_carea' id='block_1_94' title="bbox 1904 3379 3497 3452">
    <p class='ocr_par' dir='ltr' id='par_1_94' title="bbox 1904 3379 3497 3452">
     <span class='ocr_line' id='line_1_94' title="bbox 1904 3379 3497 3452; baseline -0.001 -18"><span class='ocrx_word' id='word_1_687' title='bbox 1904 3380 2041 3436; x_wconf 91' lang='lat' dir='ltr'><strong>dicit</strong></span> <span class='ocrx_word' id='word_1_688' title='bbox 2070 3380 2352 3437; x_wconf 88' lang='lat' dir='ltr'><strong>Christum</strong></span> <span class='ocrx_word' id='word_1_689' title='bbox 2385 3380 2681 3452; x_wconf 88' lang='lat' dir='ltr'><strong>pradicare</strong></span> <span class='ocrx_word' id='word_1_690' title='bbox 2708 3399 2718 3434; x_wconf 91' lang='lat'><strong>:</strong></span> <span class='ocrx_word' id='word_1_691' title='bbox 2767 3402 2785 3426; x_wconf 76' lang='grc' dir='ltr'>ι</span> <span class='ocrx_word' id='word_1_692' title='bbox 2816 3380 2892 3434; x_wconf 91' lang='lat' dir='ltr'><strong>Ne</strong></span> <span class='ocrx_word' id='word_1_693' title='bbox 2927 3386 3242 3446; x_wconf 88' lang='lat' dir='ltr'><strong>evacuetur,</strong></span> <span class='ocrx_word' id='word_1_694' title='bbox 3294 3379 3497 3449; x_wconf 89' lang='lat' dir='ltr'><strong>inquit,</strong></span> 
     </span>
    </p>
   </div>
   <div class='ocr_carea' id='block_1_95' title="bbox 1904 3466 3501 3540">
    <p class='ocr_par' dir='ltr' id='par_1_95' title="bbox 1904 3466 3501 3540">
     <span class='ocr_line' id='line_1_95' title="bbox 1904 3466 3501 3540; baseline -0.004 -14"><span class='ocrx_word' id='word_1_695' title='bbox 1904 3485 2040 3526; x_wconf 82' lang='lat' dir='ltr'><strong>crux</strong></span> <span class='ocrx_word' id='word_1_696' title='bbox 2101 3469 2345 3536; x_wconf 90' lang='lat' dir='ltr'><strong>Christi;</strong></span> <span class='ocrx_word' id='word_1_697' title='bbox 2391 3494 2408 3516; x_wconf 76' lang='grc' dir='ltr'><strong><em>ι</em></strong></span> <span class='ocrx_word' id='word_1_698' title='bbox 2481 3468 2612 3539; x_wconf 90' lang='lat' dir='ltr'><strong>quia</strong></span> <span class='ocrx_word' id='word_1_699' title='bbox 2665 3467 2760 3540; x_wconf 86' lang='lat' dir='ltr'><strong>qui</strong></span> <span class='ocrx_word' id='word_1_700' title='bbox 2820 3467 2878 3521; x_wconf 89' lang='lat' dir='ltr'><strong>in</strong></span> <span class='ocrx_word' id='word_1_701' title='bbox 2933 3466 3201 3538; x_wconf 88' lang='lat' dir='ltr'><strong>sapientia</strong></span> <span class='ocrx_word' id='word_1_702' title='bbox 3258 3466 3501 3521; x_wconf 91' lang='lat' dir='ltr'><strong>hominis</strong></span> 
     </span>
    </p>
   </div>
   <div class='ocr_carea' id='block_1_96' title="bbox 1905 3561 3500 3634">
    <p class='ocr_par' dir='ltr' id='par_1_96' title="bbox 1905 3561 3500 3634">
     <span class='ocr_line' id='line_1_96' title="bbox 1905 3561 3500 3634; baseline -0.003 -13"><span class='ocrx_word' id='word_1_703' title='bbox 1905 3564 2188 3622; x_wconf 91' lang='lat' dir='ltr'><strong>Christum</strong></span> <span class='ocrx_word' id='word_1_704' title='bbox 2243 3562 2382 3617; x_wconf 85' lang='lat'><strong>115</strong></span> <span class='ocrx_word' id='word_1_705' title='bbox 2422 3561 2736 3626; x_wconf 84' lang='lat' dir='ltr'><strong>annuntiat,</strong></span> <span class='ocrx_word' id='word_1_706' title='bbox 2770 3569 2930 3632; x_wconf 89' lang='lat' dir='ltr'><strong>negat</strong></span> <span class='ocrx_word' id='word_1_707' title='bbox 2974 3561 3260 3617; x_wconf 87' lang='lat' dir='ltr'><strong>veritatem</strong></span> <span class='ocrx_word' id='word_1_708' title='bbox 3291 3562 3500 3634; x_wconf 80' lang='lat' dir='ltr'><strong>pradi—</strong></span> 
     </span>
    </p>
   </div>
   <div class='ocr_carea' id='block_1_97' title="bbox 1905 3650 2879 3723">
    <p class='ocr_par' dir='ltr' id='par_1_97' title="bbox 1905 3650 2879 3723">
     <span class='ocr_line' id='line_1_97' title="bbox 1905 3650 2879 3723; baseline -0.006 -14"><span class='ocrx_word' id='word_1_709' title='bbox 1905 3653 2159 3721; x_wconf 89' lang='lat' dir='ltr'><strong>cationis,</strong></span> <span class='ocrx_word' id='word_1_710' title='bbox 2190 3651 2333 3707; x_wconf 90' lang='lat' dir='ltr'><strong>sicut</strong></span> <span class='ocrx_word' id='word_1_711' title='bbox 2361 3668 2523 3723; x_wconf 91' lang='lat' dir='ltr'><strong>supra</strong></span> <span class='ocrx_word' id='word_1_712' title='bbox 2558 3650 2879 3706; x_wconf 89' lang='lat' dir='ltr'><strong>memoravi.</strong></span> 
     </span>
    </p>
   </div>
   <div class='ocr_carea' id='block_1_98' title="bbox 1979 3740 3500 3814">
    <p class='ocr_par' dir='ltr' id='par_1_98' title="bbox 1979 3740 3500 3814">
     <span class='ocr_line' id='line_1_98' title="bbox 1979 3740 3500 3814; baseline -0.001 -15"><span class='ocrx_word' id='word_1_713' title='bbox 1979 3743 2161 3814; x_wconf 90' lang='lat' dir='ltr'><strong>(Vers.</strong></span> <span class='ocrx_word' id='word_1_714' title='bbox 2221 3743 2333 3814; x_wconf 83' lang='grc'>18.)</span> <span class='ocrx_word' id='word_1_715' title='bbox 2385 3767 2404 3790; x_wconf 85' lang='grc'><em>‹</em></span> <span class='ocrx_word' id='word_1_716' title='bbox 2443 3741 2683 3801; x_wconf 82' lang='lat' dir='ltr'><strong>Verbum</strong></span> <span class='ocrx_word' id='word_1_717' title='bbox 2726 3742 2873 3796; x_wconf 89' lang='lat' dir='ltr'><strong>enim</strong></span> <span class='ocrx_word' id='word_1_718' title='bbox 2923 3740 3101 3797; x_wconf 87' lang='lat' dir='ltr'><strong>cmcis</strong></span> <span class='ocrx_word' id='word_1_719' title='bbox 3143 3741 3500 3812; x_wconf 88' lang='lat' dir='ltr'><strong>pereuntibus</strong></span> 
     </span>
    </p>
   </div>
   <div class='ocr_carea' id='block_1_99' title="bbox 1904 3832 3495 3908">
    <p class='ocr_par' dir='ltr' id='par_1_99' title="bbox 1904 3832 3495 3908">
     <span class='ocr_line' id='line_1_99' title="bbox 1904 3832 3495 3908; baseline 0 -19"><span class='ocrx_word' id='word_1_720' title='bbox 1904 3833 2123 3908; x_wconf 88' lang='lat' dir='ltr'><strong>quidem</strong></span> <span class='ocrx_word' id='word_1_721' title='bbox 2154 3835 2388 3890; x_wconf 91' lang='lat' dir='ltr'><strong>stultitia</strong></span> <span class='ocrx_word' id='word_1_722' title='bbox 2413 3841 2514 3889; x_wconf 90' lang='lat' dir='ltr'><strong>est.</strong></span> <span class='ocrx_word' id='word_1_723' title='bbox 2549 3859 2568 3882; x_wconf 73' lang='grc' dir='ltr'><strong><em>ι</em></strong></span> <span class='ocrx_word' id='word_1_724' title='bbox 2610 3833 2956 3888; x_wconf 89' lang='lat' dir='ltr'><strong>Manifestum</strong></span> <span class='ocrx_word' id='word_1_725' title='bbox 2988 3839 3091 3897; x_wconf 88' lang='lat' dir='ltr'><strong>est,</strong></span> <span class='ocrx_word' id='word_1_726' title='bbox 3131 3832 3263 3905; x_wconf 88' lang='lat' dir='ltr'><strong>quia</strong></span> <span class='ocrx_word' id='word_1_727' title='bbox 3291 3832 3495 3905; x_wconf 84' lang='lat' dir='ltr'><strong>quibus</strong></span> 
     </span>
    </p>
   </div>
   <div class='ocr_carea' id='block_1_100' title="bbox 1904 3921 3490 3993">
    <p class='ocr_par' dir='ltr' id='par_1_100' title="bbox 1904 3921 3490 3993">
     <span class='ocr_line' id='line_1_100' title="bbox 1904 3921 3490 3993; baseline -0.001 -14"><span class='ocrx_word' id='word_1_728' title='bbox 1904 3939 2042 3979; x_wconf 79' lang='lat' dir='ltr'><strong>crux</strong></span> <span class='ocrx_word' id='word_1_729' title='bbox 2071 3923 2277 3980; x_wconf 86' lang='lat' dir='ltr'><strong>Christi</strong></span> <span class='ocrx_word' id='word_1_730' title='bbox 2305 3923 2542 3978; x_wconf 87' lang='lat' dir='ltr'><strong>stultitia</strong></span> <span class='ocrx_word' id='word_1_731' title='bbox 2568 3930 2669 3990; x_wconf 87' lang='lat' dir='ltr'><strong>est,</strong></span> <span class='ocrx_word' id='word_1_732' title='bbox 2691 3923 2747 3976; x_wconf 89' lang='lat' dir='ltr'><strong>in</strong></span> <span class='ocrx_word' id='word_1_733' title='bbox 2769 3921 3079 3993; x_wconf 90' lang='lat' dir='ltr'><strong>perditione</strong></span> <span class='ocrx_word' id='word_1_734' title='bbox 3101 3931 3260 3989; x_wconf 89' lang='lat' dir='ltr'><strong>sunt;</strong></span> <span class='ocrx_word' id='word_1_735' title='bbox 3285 3921 3490 3978; x_wconf 88' lang='lat' dir='ltr'><strong>inferni</strong></span> 
     </span>
    </p>
   </div>
   <div class='ocr_carea' id='block_1_101' title="bbox 1905 4011 2926 4083">
    <p class='ocr_par' dir='ltr' id='par_1_101' title="bbox 1905 4011 2926 4083">
     <span class='ocr_line' id='line_1_101' title="bbox 1905 4011 2926 4083; baseline -0.003 -13"><span class='ocrx_word' id='word_1_736' title='bbox 1905 4014 2052 4070; x_wconf 89' lang='lat' dir='ltr'><strong>enim</strong></span> <span class='ocrx_word' id='word_1_737' title='bbox 2087 4021 2261 4070; x_wconf 91' lang='lat' dir='ltr'><strong>morte</strong></span> <span class='ocrx_word' id='word_1_738' title='bbox 2289 4013 2405 4083; x_wconf 88' lang='lat'><strong>(79)</strong></span> <span class='ocrx_word' id='word_1_739' title='bbox 2438 4029 2548 4068; x_wconf 92' lang='lat' dir='ltr'><strong>non</strong></span> <span class='ocrx_word' id='word_1_740' title='bbox 2578 4019 2707 4068; x_wconf 90' lang='lat' dir='ltr'><strong>sunt</strong></span> <span class='ocrx_word' id='word_1_741' title='bbox 2734 4011 2926 4083; x_wconf 90' lang='lat' dir='ltr'><strong>erepti.</strong></span> 
     </span>
    </p>
   </div>
   <div class='ocr_carea' id='block_1_102' title="bbox 1979 4100 3500 4174">
    <p class='ocr_par' dir='ltr' id='par_1_102' title="bbox 1979 4100 3500 4174">
     <span class='ocr_line' id='line_1_102' title="bbox 1979 4100 3500 4174; baseline -0.001 -15"><span class='ocrx_word' id='word_1_742' title='bbox 1979 4103 2162 4174; x_wconf 90' lang='lat' dir='ltr'><strong>(Vers.</strong></span> <span class='ocrx_word' id='word_1_743' title='bbox 2197 4103 2312 4174; x_wconf 84' lang='grc'>19.)</span> <span class='ocrx_word' id='word_1_744' title='bbox 2360 4126 2378 4148; x_wconf 77' lang='grc' dir='ltr'>ι</span> <span class='ocrx_word' id='word_1_745' title='bbox 2408 4103 2506 4158; x_wconf 88' lang='lat' dir='ltr'><strong>His</strong></span> <span class='ocrx_word' id='word_1_746' title='bbox 2554 4109 2736 4157; x_wconf 89' lang='lat' dir='ltr'><strong>autem</strong></span> <span class='ocrx_word' id='word_1_747' title='bbox 2777 4102 2872 4174; x_wconf 87' lang='lat' dir='ltr'><strong>qui</strong></span> <span class='ocrx_word' id='word_1_748' title='bbox 2913 4101 3052 4156; x_wconf 89' lang='lat' dir='ltr'><strong>salvi</strong></span> <span class='ocrx_word' id='word_1_749' title='bbox 3110 4100 3272 4169; x_wconf 84' lang='lat' dir='ltr'><strong>ﬁunt,</strong></span> <span class='ocrx_word' id='word_1_750' title='bbox 3323 4102 3500 4158; x_wconf 87' lang='lat' dir='ltr'><strong>virtus</strong></span> 
     </span>
    </p>
   </div>
   <div class='ocr_carea' id='block_1_103' title="bbox 1903 4190 3499 4263">
    <p class='ocr_par' dir='ltr' id='par_1_103' title="bbox 1903 4190 3499 4263">
     <span class='ocr_line' id='line_1_103' title="bbox 1903 4190 3499 4263; baseline -0.001 -15"><span class='ocrx_word' id='word_1_751' title='bbox 1903 4192 2001 4248; x_wconf 90' lang='lat' dir='ltr'><strong>Dei</strong></span> <span class='ocrx_word' id='word_1_752' title='bbox 2036 4199 2137 4247; x_wconf 89' lang='lat' dir='ltr'><strong>est.</strong></span> <span class='ocrx_word' id='word_1_753' title='bbox 2179 4218 2198 4241; x_wconf 79' lang='grc' dir='ltr'><strong><em>ι</em></strong></span> <span class='ocrx_word' id='word_1_754' title='bbox 2238 4193 2361 4249; x_wconf 89' lang='lat' dir='ltr'><strong>Non</strong></span> <span class='ocrx_word' id='word_1_755' title='bbox 2396 4201 2477 4248; x_wconf 89' lang='lat' dir='ltr'><strong>est</strong></span> <span class='ocrx_word' id='word_1_756' title='bbox 2507 4192 2802 4248; x_wconf 90' lang='lat' dir='ltr'><strong>obscurum</strong></span> <span class='ocrx_word' id='word_1_757' title='bbox 2833 4192 2962 4263; x_wconf 89' lang='lat' dir='ltr'><strong>quia</strong></span> <span class='ocrx_word' id='word_1_758' title='bbox 2992 4191 3079 4258; x_wconf 88' lang='lat' dir='ltr'><strong>iis,</strong></span> <span class='ocrx_word' id='word_1_759' title='bbox 3121 4190 3215 4263; x_wconf 88' lang='lat' dir='ltr'><strong>qui</strong></span> <span class='ocrx_word' id='word_1_760' title='bbox 3246 4190 3499 4260; x_wconf 89' lang='lat' dir='ltr'><strong>credunt,</strong></span> 
     </span>
    </p>
   </div>
   <div class='ocr_carea' id='block_1_104' title="bbox 1903 4281 3501 4350">
    <p class='ocr_par' dir='ltr' id='par_1_104' title="bbox 1903 4281 3501 4350">
     <span class='ocr_line' id='line_1_104' title="bbox 1903 4281 3501 4350; baseline -0.001 -12"><span class='ocrx_word' id='word_1_761' title='bbox 1903 4281 2002 4338; x_wconf 89' lang='lat' dir='ltr'><strong>Dei</strong></span> <span class='ocrx_word' id='word_1_762' title='bbox 2031 4282 2211 4339; x_wconf 89' lang='lat' dir='ltr'><strong>virtus</strong></span> <span class='ocrx_word' id='word_1_763' title='bbox 2238 4291 2356 4350; x_wconf 88' lang='lat' dir='ltr'><strong>est;</strong></span> <span class='ocrx_word' id='word_1_764' title='bbox 2391 4281 2624 4338; x_wconf 89' lang='lat' dir='ltr'><strong>credunt</strong></span> <span class='ocrx_word' id='word_1_765' title='bbox 2655 4283 2802 4338; x_wconf 88' lang='lat' dir='ltr'><strong>enim</strong></span> <span class='ocrx_word' id='word_1_766' title='bbox 2836 4299 2945 4338; x_wconf 91' lang='lat' dir='ltr'><strong>non</strong></span> <span class='ocrx_word' id='word_1_767' title='bbox 2977 4282 3354 4339; x_wconf 79' lang='lat' dir='ltr'><strong>infirmitatem</strong></span> <span class='ocrx_word' id='word_1_768' title='bbox 3386 4297 3501 4337; x_wconf 89' lang='lat' dir='ltr'><strong>esse</strong></span> 
     </span>
    </p>
   </div>
   <div class='ocr_carea' id='block_1_105' title="bbox 1905 4371 3497 4443">
    <p class='ocr_par' dir='ltr' id='par_1_105' title="bbox 1905 4371 3497 4443">
     <span class='ocr_line' id='line_1_105' title="bbox 1905 4371 3497 4443; baseline -0.001 -17"><span class='ocrx_word' id='word_1_769' title='bbox 1905 4387 2122 4428; x_wconf 90' lang='lat' dir='ltr'><strong>crucem</strong></span> <span class='ocrx_word' id='word_1_770' title='bbox 2153 4371 2381 4440; x_wconf 90' lang='lat' dir='ltr'><strong>Christi,</strong></span> <span class='ocrx_word' id='word_1_771' title='bbox 2413 4371 2506 4428; x_wconf 90' lang='lat' dir='ltr'><strong>sed</strong></span> <span class='ocrx_word' id='word_1_772' title='bbox 2537 4372 2823 4441; x_wconf 87' lang='lat' dir='ltr'><strong>virtutem,</strong></span> <span class='ocrx_word' id='word_1_773' title='bbox 2864 4371 3235 4443; x_wconf 87' lang='lat' dir='ltr'><strong>intelligentes</strong></span> <span class='ocrx_word' id='word_1_774' title='bbox 3264 4378 3497 4426; x_wconf 85' lang='lat' dir='ltr'><strong>mortem</strong></span> 
     </span>
    </p>
   </div>
   <div class='ocr_carea' id='block_1_106' title="bbox 1903 4456 3495 4533">
    <p class='ocr_par' dir='ltr' id='par_1_106' title="bbox 1903 4456 3495 4533">
     <span class='ocr_line' id='line_1_106' title="bbox 1903 4456 3495 4533; baseline -0.003 -16"><span class='ocrx_word' id='word_1_775' title='bbox 1903 4462 2109 4517; x_wconf 90' lang='lat' dir='ltr'><strong>victam</strong></span> <span class='ocrx_word' id='word_1_776' title='bbox 2152 4477 2268 4518; x_wconf 88' lang='lat' dir='ltr'><strong>esse</strong></span> <span class='ocrx_word' id='word_1_777' title='bbox 2315 4456 2372 4516; x_wconf 85' lang='lat' dir='ltr'><strong>in</strong></span> <span class='ocrx_word' id='word_1_778' title='bbox 2415 4477 2614 4517; x_wconf 89' lang='lat' dir='ltr'><strong>cruce:</strong></span> <span class='ocrx_word' id='word_1_779' title='bbox 2669 4460 2829 4532; x_wconf 91' lang='lat' dir='ltr'><strong>cujus</strong></span> <span class='ocrx_word' id='word_1_780' title='bbox 2875 4461 3092 4533; x_wconf 89' lang='lat' dir='ltr'><strong>signum</strong></span> <span class='ocrx_word' id='word_1_781' title='bbox 3130 4461 3224 4533; x_wconf 88' lang='lat' dir='ltr'><strong>qui</strong></span> <span class='ocrx_word' id='word_1_782' title='bbox 3271 4459 3495 4528; x_wconf 84' lang='lat' dir='ltr'><strong>habent,</strong></span> 
     </span>
    </p>
   </div>
   <div class='ocr_carea' id='block_1_107' title="bbox 1904 4551 3239 4624">
    <p class='ocr_par' dir='ltr' id='par_1_107' title="bbox 1904 4551 3239 4624">
     <span class='ocr_line' id='line_1_107' title="bbox 1904 4551 3239 4624; baseline -0.001 -17"><span class='ocrx_word' id='word_1_783' title='bbox 1904 4551 2041 4607; x_wconf 90' lang='lat' dir='ltr'><strong>salvi</strong></span> <span class='ocrx_word' id='word_1_784' title='bbox 2073 4559 2229 4619; x_wconf 90' lang='lat' dir='ltr'><strong>sunt;</strong></span> <span class='ocrx_word' id='word_1_785' title='bbox 2264 4551 2392 4624; x_wconf 90' lang='lat' dir='ltr'><strong>quia</strong></span> <span class='ocrx_word' id='word_1_786' title='bbox 2421 4552 2489 4608; x_wconf 90' lang='lat' dir='ltr'><strong>ab</strong></span> <span class='ocrx_word' id='word_1_787' title='bbox 2522 4553 2617 4608; x_wconf 90' lang='lat' dir='ltr'><strong>illa</strong></span> <span class='ocrx_word' id='word_1_788' title='bbox 2644 4553 2819 4608; x_wconf 89' lang='lat' dir='ltr'><strong>teneri</strong></span> <span class='ocrx_word' id='word_1_789' title='bbox 2851 4568 2961 4608; x_wconf 91' lang='lat' dir='ltr'><strong>non</strong></span> <span class='ocrx_word' id='word_1_790' title='bbox 2993 4560 3239 4624; x_wconf 89' lang='lat' dir='ltr'><strong>possunt.</strong></span> 
     </span>
    </p>
   </div>
   <div class='ocr_carea' id='block_1_108' title="bbox 1989 4639 3494 4714">
    <p class='ocr_par' dir='ltr' id='par_1_108' title="bbox 1989 4639 3494 4714">
     <span class='ocr_line' id='line_1_108' title="bbox 1989 4639 3494 4714; baseline -0.003 -17"><span class='ocrx_word' id='word_1_791' title='bbox 1989 4667 2006 4690; x_wconf 77' lang='grc' dir='ltr'>ι</span> <span class='ocrx_word' id='word_1_792' title='bbox 2043 4642 2319 4714; x_wconf 90' lang='lat' dir='ltr'><strong>Scriptum</strong></span> <span class='ocrx_word' id='word_1_793' title='bbox 2369 4649 2450 4697; x_wconf 90' lang='lat' dir='ltr'><strong>est</strong></span> <span class='ocrx_word' id='word_1_794' title='bbox 2493 4641 2640 4697; x_wconf 88' lang='lat' dir='ltr'><strong>enim</strong></span> <span class='ocrx_word' id='word_1_795' title='bbox 2687 4642 2745 4696; x_wconf 90' lang='lat' dir='ltr'><strong>in</strong></span> <span class='ocrx_word' id='word_1_796' title='bbox 2788 4642 2961 4697; x_wconf 87' lang='lat' dir='ltr'><strong>Isaia:</strong></span> <span class='ocrx_word' id='word_1_797' title='bbox 3008 4640 3233 4695; x_wconf 84' lang='lat' dir='ltr'><strong>Perdam</strong></span> <span class='ocrx_word' id='word_1_798' title='bbox 3266 4639 3494 4710; x_wconf 87' lang='lat' dir='ltr'><strong>sapien-</strong></span> 
     </span>
    </p>
   </div>
   <div class='ocr_carea' id='block_1_109' title="bbox 1903 4728 3494 4804">
    <p class='ocr_par' dir='ltr' id='par_1_109' title="bbox 1903 4728 3494 4804">
     <span class='ocr_line' id='line_1_109' title="bbox 1903 4728 3494 4804; baseline -0.003 -16"><span class='ocrx_word' id='word_1_799' title='bbox 1903 4733 2037 4788; x_wconf 89' lang='lat' dir='ltr'><strong>tiam</strong></span> <span class='ocrx_word' id='word_1_800' title='bbox 2067 4733 2399 4804; x_wconf 85' lang='lat' dir='ltr'><strong>sapientium</strong></span> <span class='ocrx_word' id='word_1_801' title='bbox 2433 4740 2486 4788; x_wconf 92' lang='lat' dir='ltr'><strong>et</strong></span> <span class='ocrx_word' id='word_1_802' title='bbox 2519 4733 2859 4789; x_wconf 89' lang='lat' dir='ltr'><strong>intellectum</strong></span> <span class='ocrx_word' id='word_1_803' title='bbox 2897 4728 3250 4802; x_wconf 89' lang='lat' dir='ltr'><strong>prudentium</strong></span> <span class='ocrx_word' id='word_1_804' title='bbox 3295 4743 3494 4800; x_wconf 84' lang='lat' dir='ltr'><strong>repro—</strong></span> 
     </span>
    </p>
   </div>
   <div class='ocr_carea' id='block_1_110' title="bbox 1903 4822 3497 4897">
    <p class='ocr_par' dir='ltr' id='par_1_110' title="bbox 1903 4822 3497 4897">
     <span class='ocr_line' id='line_1_110' title="bbox 1903 4822 3497 4897; baseline -0.003 -15"><span class='ocrx_word' id='word_1_805' title='bbox 1903 4826 2047 4882; x_wconf 89' lang='lat' dir='ltr'><strong>babo</strong></span> <span class='ocrx_word' id='word_1_806' title='bbox 2095 4828 2228 4897; x_wconf 87' lang='lat' dir='ltr'><strong>(Isa.</strong></span> <span class='ocrx_word' id='word_1_807' title='bbox 2275 4843 2435 4893; x_wconf 70' lang='grc' dir='ltr'><strong>χχιχ,</strong></span> <span class='ocrx_word' id='word_1_808' title='bbox 2469 4826 2580 4896; x_wconf 69' lang='lat' dir='ltr'><strong>lli).</strong></span> <span class='ocrx_word' id='word_1_809' title='bbox 2616 4850 2633 4872; x_wconf 79' lang='grc' dir='ltr'><strong><em>ι</em></strong></span> <span class='ocrx_word' id='word_1_810' title='bbox 2683 4824 2866 4879; x_wconf 90' lang='lat' dir='ltr'><strong>Perdit</strong></span> <span class='ocrx_word' id='word_1_811' title='bbox 2903 4822 3226 4893; x_wconf 87' lang='lat' dir='ltr'><strong>sapientiam</strong></span> <span class='ocrx_word' id='word_1_812' title='bbox 3270 4823 3497 4894; x_wconf 85' lang='lat' dir='ltr'><strong>sapien-</strong></span> 
     </span>
    </p>
   </div>
   <div class='ocr_carea' id='block_1_111' title="bbox 1903 4912 3497 4988">
    <p class='ocr_par' dir='ltr' id='par_1_111' title="bbox 1903 4912 3497 4988">
     <span class='ocr_line' id='line_1_111' title="bbox 1903 4912 3497 4988; baseline -0.001 -17"><span class='ocrx_word' id='word_1_813' title='bbox 1903 4917 2063 4984; x_wconf 92' lang='lat' dir='ltr'><strong>tium,</strong></span> <span class='ocrx_word' id='word_1_814' title='bbox 2105 4917 2236 4971; x_wconf 92' lang='lat' dir='ltr'><strong>dum</strong></span> <span class='ocrx_word' id='word_1_815' title='bbox 2280 4933 2401 4988; x_wconf 89' lang='lat' dir='ltr'><strong>qua</strong></span> <span class='ocrx_word' id='word_1_816' title='bbox 2452 4916 2548 4969; x_wconf 90' lang='lat' dir='ltr'><strong>illa</strong></span> <span class='ocrx_word' id='word_1_817' title='bbox 2595 4922 2754 4984; x_wconf 87' lang='lat' dir='ltr'><strong>negat</strong></span> <span class='ocrx_word' id='word_1_818' title='bbox 2804 4929 2956 4984; x_wconf 90' lang='lat' dir='ltr'><strong>posse</strong></span> <span class='ocrx_word' id='word_1_819' title='bbox 3001 4912 3143 4980; x_wconf 80' lang='lat' dir='ltr'><strong>fieri,</strong></span> <span class='ocrx_word' id='word_1_820' title='bbox 3210 4913 3378 4979; x_wconf 81' lang='lat' dir='ltr'><strong>facit;</strong></span> <span class='ocrx_word' id='word_1_821' title='bbox 3444 4923 3497 4970; x_wconf 89' lang='lat' dir='ltr'><strong>et</strong></span> 
     </span>
    </p>
   </div>
   <div class='ocr_carea' id='block_1_112' title="bbox 1904 5001 3491 5077">
    <p class='ocr_par' dir='ltr' id='par_1_112' title="bbox 1904 5001 3491 5077">
     <span class='ocr_line' id='line_1_112' title="bbox 1904 5001 3491 5077; baseline -0.004 -15"><span class='ocrx_word' id='word_1_822' title='bbox 1904 5007 2156 5077; x_wconf 89' lang='lat' dir='ltr'><strong>reprobat</strong></span> <span class='ocrx_word' id='word_1_823' title='bbox 2208 5006 2546 5060; x_wconf 88' lang='lat' dir='ltr'><strong>intellectum</strong></span> <span class='ocrx_word' id='word_1_824' title='bbox 2594 5001 2979 5071; x_wconf 89' lang='lat' dir='ltr'><strong>prudentium,</strong></span> <span class='ocrx_word' id='word_1_825' title='bbox 3031 5001 3253 5073; x_wconf 89' lang='lat' dir='ltr'><strong>quando</strong></span> <span class='ocrx_word' id='word_1_826' title='bbox 3296 5003 3491 5069; x_wconf 88' lang='lat' dir='ltr'><strong>Deum,</strong></span> 
     </span>
    </p>
   </div>
   <div class='ocr_carea' id='block_1_113' title="bbox 1904 5090 3495 5169">
    <p class='ocr_par' dir='ltr' id='par_1_113' title="bbox 1904 5090 3495 5169">
     <span class='ocr_line' id='line_1_113' title="bbox 1904 5090 3495 5169; baseline -0.003 -18"><span class='ocrx_word' id='word_1_827' title='bbox 1904 5112 2064 5169; x_wconf 89' lang='lat' dir='ltr'><strong>quem</strong></span> <span class='ocrx_word' id='word_1_828' title='bbox 2097 5093 2437 5151; x_wconf 89' lang='lat' dir='ltr'><strong>incuriosum</strong></span> <span class='ocrx_word' id='word_1_829' title='bbox 2469 5091 2685 5160; x_wconf 90' lang='lat' dir='ltr'><strong>dicunt,</strong></span> <span class='ocrx_word' id='word_1_830' title='bbox 2719 5107 3029 5164; x_wconf 89' lang='lat' dir='ltr'><strong>aggressum</strong></span> <span class='ocrx_word' id='word_1_831' title='bbox 3062 5090 3254 5164; x_wconf 88' lang='lat' dir='ltr'><strong>probat</strong></span> <span class='ocrx_word' id='word_1_832' title='bbox 3282 5106 3345 5146; x_wconf 85' lang='lat' dir='ltr'><strong>ea</strong></span> <span class='ocrx_word' id='word_1_833' title='bbox 3374 5106 3495 5166; x_wconf 75' lang='lat' dir='ltr'><strong>qua</strong></span> 
     </span>
    </p>
   </div>
   <div class='ocr_carea' id='block_1_114' title="bbox 1903 5178 3494 5256">
    <p class='ocr_par' dir='ltr' id='par_1_114' title="bbox 1903 5178 3494 5256">
     <span class='ocr_line' id='line_1_114' title="bbox 1903 5178 3494 5256; baseline -0.006 -15"><span class='ocrx_word' id='word_1_834' title='bbox 1903 5187 2070 5241; x_wconf 90' lang='lat' dir='ltr'><strong>stulta</strong></span> <span class='ocrx_word' id='word_1_835' title='bbox 2123 5191 2339 5256; x_wconf 87' lang='lat' dir='ltr'><strong>putant,</strong></span> <span class='ocrx_word' id='word_1_836' title='bbox 2375 5191 2437 5238; x_wconf 89' lang='lat' dir='ltr'><strong>ut</strong></span> <span class='ocrx_word' id='word_1_837' title='bbox 2479 5181 2579 5238; x_wconf 90' lang='lat' dir='ltr'><strong>Dei</strong></span> <span class='ocrx_word' id='word_1_838' title='bbox 2624 5181 2801 5238; x_wconf 90' lang='lat' dir='ltr'><strong>Filius</strong></span> <span class='ocrx_word' id='word_1_839' title='bbox 2827 5181 3144 5239; x_wconf 88' lang='lat' dir='ltr'><strong>incarnatus</strong></span> <span class='ocrx_word' id='word_1_840' title='bbox 3171 5180 3238 5236; x_wconf 90' lang='lat' dir='ltr'><strong>de</strong></span> <span class='ocrx_word' id='word_1_841' title='bbox 3267 5178 3494 5251; x_wconf 83' lang='lat' dir='ltr'><strong>Virgine</strong></span> 
     </span>
    </p>
   </div>
   <div class='ocr_carea' id='block_1_115' title="bbox 1902 5386 2935 5460">
    <p class='ocr_par' dir='ltr' id='par_1_115' title="bbox 1902 5386 2935 5460">
     <span class='ocr_line' id='line_1_115' title="bbox 1902 5386 2935 5460; baseline -0.003 -14"><span class='ocrx_word' id='word_1_842' title='bbox 1902 5400 1954 5447; x_wconf 93' lang='lat' dir='ltr'><strong>et</strong></span> <span class='ocrx_word' id='word_1_843' title='bbox 1983 5386 2169 5448; x_wconf 87' lang='lat' dir='ltr'><strong>cuncti</strong></span> <span class='ocrx_word' id='word_1_844' title='bbox 2203 5405 2357 5457; x_wconf 88' lang='lat' dir='ltr'><strong>mss.,</strong></span> <span class='ocrx_word' id='word_1_845' title='bbox 2373 5405 2472 5460; x_wconf 82' lang='lat' dir='ltr'><strong>per</strong></span> <span class='ocrx_word' id='word_1_846' title='bbox 2497 5388 2589 5443; x_wconf 87' lang='lat' dir='ltr'><strong>hoc</strong></span> <span class='ocrx_word' id='word_1_847' title='bbox 2613 5387 2935 5458; x_wconf 71' lang='lat' dir='ltr'><strong>unguendus.</strong></span> 
     </span>
    </p>
   </div>
   <div class='ocr_carea' id='block_1_116' title="bbox 1977 5460 3492 5533">
    <p class='ocr_par' dir='ltr' id='par_1_116' title="bbox 1977 5460 3492 5533">
     <span class='ocr_line' id='line_1_116' title="bbox 1977 5460 3492 5533; baseline -0.002 -16"><span class='ocrx_word' id='word_1_848' title='bbox 1977 5463 2093 5533; x_wconf 96' lang='grc'>(77)</span> <span class='ocrx_word' id='word_1_849' title='bbox 2153 5462 2356 5516; x_wconf 89' lang='lat' dir='ltr'><strong>Omnes</strong></span> <span class='ocrx_word' id='word_1_850' title='bbox 2419 5461 2577 5528; x_wconf 89' lang='lat' dir='ltr'><strong>edit.,</strong></span> <span class='ocrx_word' id='word_1_851' title='bbox 2634 5460 2866 5514; x_wconf 81' lang='lat' dir='ltr'><strong>dandam</strong></span> <span class='ocrx_word' id='word_1_852' title='bbox 2924 5462 3248 5522; x_wconf 76' lang='lat' dir='ltr'><strong>assererem;</strong></span> <span class='ocrx_word' id='word_1_853' title='bbox 3302 5471 3492 5514; x_wconf 83' lang='lat' dir='ltr'><strong>omnes</strong></span> 
     </span>
    </p>
   </div>
   <div class='ocr_carea' id='block_1_117' title="bbox 1904 5533 2686 5598">
    <p class='ocr_par' dir='ltr' id='par_1_117' title="bbox 1904 5533 2686 5598">
     <span class='ocr_line' id='line_1_117' title="bbox 1904 5533 2686 5598; baseline -0.006 -8"><span class='ocrx_word' id='word_1_854' title='bbox 1904 5550 2057 5598; x_wconf 89' lang='lat' dir='ltr'><strong>mss.,</strong></span> <span class='ocrx_word' id='word_1_855' title='bbox 2080 5533 2307 5588; x_wconf 86' lang='lat' dir='ltr'><strong>dandam</strong></span> <span class='ocrx_word' id='word_1_856' title='bbox 2341 5533 2686 5587; x_wconf 81' lang='lat' dir='ltr'><strong>addiscerent.</strong></span> 
     </span>
    </p>
   </div>
   <div class='ocr_carea' id='block_1_118' title="bbox 1975 5597 3489 5678">
    <p class='ocr_par' dir='ltr' id='par_1_118' title="bbox 1975 5597 3489 5678">
     <span class='ocr_line' id='line_1_118' title="bbox 1975 5597 3489 5678; baseline -0.003 -18"><span class='ocrx_word' id='word_1_857' title='bbox 1975 5597 2092 5678; x_wconf 90' lang='lat'>(78)</span> <span class='ocrx_word' id='word_1_858' title='bbox 2126 5607 2252 5662; x_wconf 84' lang='lat' dir='ltr'><strong>Mss.</strong></span> <span class='ocrx_word' id='word_1_859' title='bbox 2277 5621 2388 5660; x_wconf 90' lang='lat' dir='ltr'><strong>non</strong></span> <span class='ocrx_word' id='word_1_860' title='bbox 2414 5601 2933 5678; x_wconf 37' lang='lat' dir='ltr'><strong>pauciLut-doctrina</strong></span> <span class='ocrx_word' id='word_1_861' title='bbox 2959 5597 3200 5678; x_wconf 69' lang='lat' dir='ltr'><strong>veritatis</strong></span> <span class='ocrx_word' id='word_1_862' title='bbox 3222 5600 3358 5671; x_wconf 73' lang='lat' dir='ltr'><strong>ipsa,</strong></span> <span class='ocrx_word' id='word_1_863' title='bbox 3382 5607 3489 5656; x_wconf 79' lang='lat' dir='ltr'><strong>etc.</strong></span> 
     </span>
    </p>
   </div>
   <div class='ocr_carea' id='block_1_119' title="bbox 1973 5673 3262 5751">
    <p class='ocr_par' dir='ltr' id='par_1_119' title="bbox 1973 5673 3262 5751">
     <span class='ocr_line' id='line_1_119' title="bbox 1973 5673 3262 5751; baseline -0.007 -15"><span class='ocrx_word' id='word_1_864' title='bbox 1973 5673 2092 5751; x_wconf 88' lang='grc'>(79)</span> <span class='ocrx_word' id='word_1_865' title='bbox 2123 5678 2314 5735; x_wconf 90' lang='lat' dir='ltr'><strong>Plures</strong></span> <span class='ocrx_word' id='word_1_866' title='bbox 2345 5673 2472 5734; x_wconf 76' lang='lat' dir='ltr'><strong>mss.</strong></span> <span class='ocrx_word' id='word_1_867' title='bbox 2494 5720 2509 5746; x_wconf 91' lang='lat'><strong>,</strong></span> <span class='ocrx_word' id='word_1_868' title='bbox 2531 5675 2755 5746; x_wconf 67' lang='lat' dir='ltr'><strong>inferna</strong></span> <span class='ocrx_word' id='word_1_869' title='bbox 2782 5673 2920 5729; x_wconf 76' lang='lat' dir='ltr'><strong>enim</strong></span> <span class='ocrx_word' id='word_1_870' title='bbox 2945 5673 3131 5742; x_wconf 78' lang='lat' dir='ltr'><strong>morti,</strong></span> <span class='ocrx_word' id='word_1_871' title='bbox 3159 5679 3262 5731; x_wconf 80' lang='lat' dir='ltr'><strong>etc.</strong></span> 
     </span>
    </p>
   </div>
  </div>
