3976 6374
529 333 629 402 199

1493 347 1590 403 AD
1630 346 1866 406 OPERA
1904 349 1960 406 s.
1998 336 2334 410 AMBROSII
2371 345 2752 410 APPENDIX.

3715 355 3815 416 200

523 471 933 544 cruciﬁgeretur
975 489 1074 545 pro
1137 472 1384 528 humana
1439 473 1646 542 salute;
1702 474 1850 546 quod
1900 475 2108 533 factum
2141 480 2189 539 A
2224 487 2374 544 runt,
2406 485 2469 535 ut
2497 478 2707 552 aliquid
2755 481 2864 536 tale
2894 479 3139 550 videant,
3185 482 3347 555 quale
3391 490 3473 539 est
3504 481 3645 540 illud
3679 485 3818 558 quod

524 577 650 617 vere
673 568 905 618 testatur
935 560 1164 630 virtute,
1192 577 1304 617 non
1335 561 1536 617 verbis.

596 660 779 732 (Vers.
811 659 927 731 20.)
975 684 992 706 ι
1023 659 1128 716 Ubi
1159 659 1419 732 sapiens?
1449 659 1545 715 ubi
1577 660 1758 717 scriba
1778 661 1806 718 7
1841 661 1934 718 ubi
1981 679 2113 718 con-

523 747 760 824 quisitor
787 747 952 820 hujus
984 749 1220 805 saeculi?
1253 774 1269 795 ι
1316 749 1412 805 His
1456 749 1620 806 dictis
1660 759 1768 806 tam
1814 751 1870 806 in
1902 751 2117 808 Iudaeos

521 853 685 910 quam
717 839 776 894 in
808 839 1037 910 gentiles
1058 839 1362 908 invehitur,
1398 841 1527 913 quia
1551 849 1605 897 et
1625 842 1939 898 Judzeorum
1971 843 2118 898 scri—

522 925 605 981 bas
633 933 688 981 et
717 927 850 1000 legis
879 927 1129 985 doctores
1159 931 1334 985 Deum
1384 930 1587 985 Filium
1639 930 1838 986 habere
1885 934 2116 987 stultum

523 1023 718 1088 putant
747 1016 916 1073 credi.
955 1017 1134 1073 Simili
1167 1017 1332 1073 modo
1363 1025 1417 1073 et
1445 1027 1632 1090 gentes
1660 1018 1808 1075 istud
1840 1019 1976 1075 risui
2015 1020 2113 1076 de-

523 1110 736 1174 putant.
783 1103 888 1158 Sed
925 1103 1121 1169 Judaei,
1170 1105 1301 1176 quia
1346 1105 1451 1161 hoc
1509 1122 1619 1161 non
1664 1114 1777 1162 tam
1827 1117 2009 1180 aperte
2059 1108 2116 1163 in

522 1193 638 1265 lege
662 1193 1034 1266 signiﬁcatum
1065 1204 1166 1260 est,
1193 1195 1453 1251 difﬁdunt
1482 1213 1493 1250 :
1548 1197 1781 1267 gentiles
1807 1214 1959 1266 vero,
1991 1197 2120 1271 quia

521 1283 715 1339 mundi
753 1284 894 1340 ratio
936 1301 1047 1340 non
1090 1285 1240 1341 istud
1286 1285 1520 1357 recipit;
1574 1286 1715 1341 nihil
1770 1287 1919 1342 enim
1981 1285 2120 1344 dicit

524 1388 680 1444 posse
725 1372 844 1430 ﬁeri
899 1374 1016 1430 sine
1050 1375 1457 1443 commistione,
1503 1383 1559 1431 et
1586 1376 1816 1432 stultum
1842 1375 2115 1448 judicant.

523 1465 880 1539 Conquisitor
908 1475 1093 1524 tamen
1128 1469 1316 1525 saeculi
1352 1469 1445 1524 hic
1473 1478 1577 1540 est,
1607 1471 1702 1542 qui
1733 1471 2119 1528 constellatio-

521 1553 685 1612 nibus
729 1556 815 1628 agi
864 1558 1154 1627 mundum,
1209 1566 1264 1616 et
1309 1557 1599 1615 duodecim
1648 1559 1819 1632 signis
1866 1570 2020 1619 ortus
2066 1571 2120 1619 et

519 1659 745 1701 occasus
785 1645 904 1702 ﬁeri
944 1646 1193 1703 decernit
1233 1648 1482 1716 calculis,
1530 1648 1674 1704 nihil
1726 1650 1955 1706 omnino
1998 1650 2118 1707 sine

523 1731 724 1790 horum
754 1744 910 1792 motu
939 1744 1138 1809 putans
1176 1752 1330 1810 posse
1361 1735 1502 1794 ﬁeri.

2225 567 2370 624 vidit
2413 569 2646 642 Moyses,
2700 570 2871 625 Deum
2910 569 2969 625 in
3003 571 3164 642 igne;
3213 570 3360 628 unde
3389 570 3620 630 dicunt:
3669 597 3688 622 ι
3716 573 3819 631 Nos

2225 657 2430 714 scimus
2447 658 2593 732 quod
2623 657 2798 730 Moysi
2815 659 3030 715 locutus
3059 667 3141 716 est
3159 661 3302 716 Deus
3330 661 3512 732 (Joan.
3539 679 3619 730 Ix,
3642 662 3734 736 29)
3755 681 3768 732 ;
3789 688 3807 712 ι

2225 762 2351 804 cum
2382 747 2558 820 majus
2594 747 2685 815 sit,
2738 755 3017 804 mortuum
3051 748 3314 804 Lazarum
3367 747 3602 805 fetidum
3635 759 3818 823 quarto

2227 835 2317 891 die
2368 835 2558 892 vivum
2613 835 2680 892 de
2732 845 3091 893 monumento
3129 837 3312 894 exisse
3364 838 3548 905 (Joan.
3597 855 3679 908 χι,
3710 839 3816 913 44).

2229 924 2400 981 Graeci
2447 942 2578 982 vero
2615 927 2939 1000 sapientiam
2987 937 3262 1001 quaerunt,
3314 927 3445 1001 quia
3498 929 3697 985 nolunt
3723 947 3819 986 au-

2191 1015 2366 1085 'dire,
2425 1025 2786 1091 praeterquam
2846 1035 2966 1092 quas
3023 1017 3217 1074 mundi
3278 1019 3491 1074 ratione
3544 1017 3819 1092 possibilia

2228 1115 2376 1162 sunt.

2304 1193 2482 1265 (Vers.
2519 1195 2634 1268 23.)
2679 1221 2696 1244 ε
2728 1197 2836 1253 Nos
2893 1206 3076 1253 autem
3130 1194 3496 1269 praadicamus
3543 1195 3816 1253 Christum

2227 1283 2583 1349 cruciﬁxum,
2632 1285 2836 1342 Iudaeis
2893 1285 3120 1358 quidem
3171 1285 3516 1354 scandalum,
3577 1283 3820 1358 gentibus

2227 1381 2412 1429 autem
2467 1375 2837 1430 stultitiam.»
2900 1373 3230 1430 Scandalum
3289 1380 3372 1430 est
3415 1373 3640 1442 Iudaeis,
3698 1374 3818 1430 dum

2227 1461 2463 1518 audiunt
2517 1463 2798 1520 Christum
2852 1464 3057 1519 Filium
3099 1463 3196 1519 Dei
3256 1478 3313 1518 se
3359 1462 3728 1534 proﬁtentem,
3775 1472 3821 1519 et

2227 1551 2521 1609 Sabbatum
2567 1561 2972 1610 evacuantem:
3039 1578 3057 1600 ε
3101 1553 3370 1609 Gentibus
3417 1561 3604 1608 autem
3652 1553 3820 1609 stulti-

2228 1639 2322 1709 tia,
2356 1667 2373 1690 ι
2413 1643 2543 1715 quia
2571 1659 2633 1699 ea
2670 1642 2906 1699 audiunt
2937 1642 3248 1715 praedicari,
3281 1659 3401 1715 qua:
3441 1641 3576 1698 dum
3630 1641 3820 1698 rationi

2228 1729 2521 1788 mundanas
2568 1747 2676 1787 non
2732 1739 3065 1804 congruunt,
3118 1731 3393 1788 insensata
3441 1731 3726 1800 videntur,
3768 1740 3819 1786 ut

601 1846 619 1870 ι
649 1823 843 1880 Nonne
889 1827 1116 1882 stultam
1175 1825 1309 1884 fecit
1369 1828 1515 1886 Deus
1577 1828 1903 1902 sapientiam
1950 1825 2120 1901 hujus
2150 1845 2196 1906 Β
2225 1828 2416 1894 partus
2444 1820 2714 1894 Virginis,
2745 1831 2799 1879 et
2828 1821 3159 1879 resurrectio
3189 1830 3556 1879 mortuorum.

521 1915 762 1972 mundi?
790 1941 808 1966 ι
867 1918 1050 1974 Stulta
1091 1928 1174 1975 est
1220 1919 1364 1975 facta
1392 1920 1659 1992 sapientia
1690 1921 1857 1993 hujus
1886 1919 2116 1987 mundi;

519 2011 720 2077 putans
771 2007 920 2062 enim
978 2025 1034 2063 se
1087 2023 1296 2080 sapere,
1357 2010 1583 2065 inventa
1641 2017 1722 2066 est
1773 2011 2116 2084 imprudens.

519 2091 680 2158 Quod
733 2094 882 2149 enim
929 2095 1270 2166 impossibile
1309 2095 1595 2168 judicabat
1639 2099 1899 2170 possibile
1943 2099 2118 2155 decla-

524 2188 704 2235 ratum
775 2189 876 2250 est,
949 2183 1122 2238 Deum
1203 2184 1547 2240 incuriosum
1617 2185 1962 2243 existimans.
2023 2187 2120 2244 Est

528 2272 742 2344 aliquid
800 2277 900 2330 hac
957 2275 1359 2330 asseveratione
1430 2275 1698 2344 stultius,
1788 2286 1849 2332 ut
1925 2277 2119 2333 feci-se

526 2361 744 2416 dicatur
785 2361 1076 2430 mundum,
1137 2371 1192 2419 et
1237 2381 1425 2421 curam
1479 2364 1597 2436 ejus
1652 2381 1763 2420 non
1815 2367 2018 2438 agere?
2048 2366 2117 2421 Ut

524 2449 658 2522 quid
701 2451 854 2520 fecit,
902 2452 948 2507 si
981 2468 1091 2507 non
1133 2452 1202 2509 ad
1242 2454 1401 2508 illum
1452 2455 1707 2526 pertinet,
1760 2457 1906 2528 quod
1938 2456 2118 2512 fecit?

519 2539 625 2595 Sed
677 2541 806 2613 quia
856 2541 1048 2598 vident
1103 2543 1366 2615 quosdam
1432 2543 1668 2601 feliciter
1719 2546 1927 2600 mundo
1980 2545 2114 2614 frui,

522 2629 788 2702 quosdam
839 2630 1097 2702 deprimi,
1142 2640 1197 2687 et
1242 2632 1381 2688 bene
1427 2643 1648 2706 agentes
1675 2633 1903 2706 despici,
1936 2633 2118 2689 male-

524 2719 681 2775 volos
719 2720 978 2791 gloriari;
1026 2720 1233 2777 idcirco
1266 2723 1607 2778 incuriosum
1643 2725 1815 2779 Deum
1848 2739 1964 2779 esse
1993 2739 2109 2779 cre-

517 2807 796 2865 diderunt.
844 2809 952 2876 Qui
999 2808 1343 2867 incuriosum
1397 2813 1571 2867 Deum
1621 2811 1780 2880 dicit,
1813 2827 1924 2867 non
1955 2821 2115 2884 negat

517 2899 853 2953 malevolum
883 2907 977 2954 aut
1005 2898 1270 2970 injustum
1296 2919 1309 2967 ;
1339 2909 1434 2956 aut
1461 2902 1608 2956 enim
1635 2899 1988 2972 judicaturus
2030 2910 2113 2958 est

451 3061 456 3063 _
516 2987 810 3054 mundum,
846 2995 901 3042 et
928 2988 1166 3059 injustus
1213 2996 1316 3056 est,
1344 2989 1704 3045 dissimulans
1731 2989 1799 3044 de
1848 2988 2032 3058 bonis,
2060 2998 2115 3045 et

516 3073 729 3147 patiens
767 3073 886 3129 ﬁeri
936 3077 1095 3131 mala.
1148 3076 1204 3131 Si
1249 3077 1419 3148 igitur
1457 3076 1904 3132 animadvertant
1945 3093 2116 3148 sepo-

485 3189 488 3192 -
515 3163 624 3218 sito
653 3162 779 3218 odio
810 3163 1015 3218 divinae
1047 3163 1201 3236 legis,
1234 3171 1463 3236 possunt
1486 3163 1673 3219 videre
1701 3181 1920 3222 causam
1952 3167 2114 3224 istam

515 3267 548 3306 a
597 3252 756 3308 nobis
804 3253 1110 3323 terminari,
1141 3255 1237 3327 qui
1274 3254 1373 3310 Dei
1399 3252 1674 3325 judicium
1704 3263 2107 3328 exspectamus,

513 3342 572 3398 in
601 3358 710 3416 quo
754 3342 810 3398 vi
853 3342 1094 3416 depressi
1131 3343 1547 3412 exaltabuntur,
1580 3351 1635 3399 et
1665 3344 1894 3400 violenti
1928 3345 2108 3401 humi.

513 3431 819 3502 liabuntur,
863 3432 993 3507 quia
1055 3456 1075 3480 ι
1119 3448 1232 3489 non
1296 3441 1378 3490 est
1431 3450 1790 3507 personarum
1863 3435 2110 3508 acceptio

509 3521 655 3594 apud
681 3524 856 3579 Deum
886 3523 1068 3594 (Rom.
1099 3539 1162 3592 ιι,
1189 3523 1302 3594 Η).
1337 3548 1355 3571 ι

584 3619 766 3689 (Vers.
799 3619 914 3692 21.)
962 3643 980 3666 ι
1008 3619 1142 3674 Nam
1165 3619 1426 3692 quoniam
1481 3619 1539 3674 in
1569 3620 1838 3693 sapientia
1866 3621 1967 3677 Dei
1996 3637 2108 3677 non

507 3708 770 3780 cognovit
825 3707 1067 3764 mundus
1119 3724 1214 3780 per
1268 3708 1592 3779 sapientiam
1645 3710 1843 3777 Deum,
1901 3710 2110 3781 placuit

509 3799 625 3854 Deo
655 3812 752 3870 per
787 3797 1088 3853 stultitiam
1130 3795 1539 3868 praedicationis
1567 3798 1746 3854 salvos
1777 3799 1953 3855 facere
1980 3815 2109 3856 cre-

509 3885 722 3941 dentes.
755 3910 775 3933 ι
815 3883 938 3941 Non
967 3885 1228 3958 cognovit
1275 3884 1538 3952 mundus,
1587 3885 1645 3941 id
1685 3895 1788 3953 est,
1832 3886 2106 3957 homines,

509 3974 684 4030 Deum
734 3973 795 4030 in
845 3975 1116 4048 sapientia
1160 3974 1311 4048 ejus;
1344 3975 1474 4048 quia
1513 3975 1735 4033 unicam
1768 3976 2106 4049 majestatem

509 4061 630 4134 ejus
685 4062 963 4136 ﬁgmentis
1017 4064 1289 4122 dederunt
1346 4066 1434 4121 vel
1485 4066 1792 4136 elementis,
1848 4066 2107 4123 dissimu-

510 4152 687 4210 lantes
742 4154 810 4210 de
848 4170 934 4224 eo,
991 4170 1088 4227 per
1135 4155 1459 4226 sapientiam
1493 4156 1676 4212 carnis
1706 4165 1958 4228 putantes
1989 4157 2107 4216 hac

508 4242 706 4299 debere
754 4243 886 4312 coli,
929 4259 1050 4316 quas
1097 4243 1375 4300 videntur.
1425 4243 1718 4316 Propterea
1756 4245 1963 4317 placuit
1992 4249 2106 4303 Deo

510 4331 957 4404 praedicationem
987 4332 1266 4401 ordinare,
1305 4349 1425 4405 quae
1467 4333 1579 4387 illis
1622 4334 1858 4390 stultitia
1896 4335 2107 4394 videre.

508 4429 638 4489 tur;
671 4429 735 4477 ut
760 4421 1042 4478 credentes
1091 4437 1210 4494 quae
1259 4421 1342 4476 illi
1381 4421 1664 4490 ditﬁdunt,
1703 4424 1839 4478 salvi
1888 4424 2103 4495 ﬁerent,

507 4511 624 4567 illis
670 4511 966 4568 damnatis.
1004 4509 1343 4569 Vicissitudo
1371 4527 1499 4583 ergo
1538 4510 1659 4568 hac
1686 4519 1788 4581 est,
1816 4529 1912 4586 per
1939 4530 2102 4588 quam

505 4602 606 4659 Dei
636 4601 869 4660 consilio
899 4601 1097 4658 falsum
1127 4617 1160 4656 a
1189 4617 1319 4657 vero
1348 4601 1664 4658 damnatur.

581 4689 762 4764 (Vers.
815 4690 932 4764 22.)
997 4715 1016 4739 ι
1063 4689 1334 4758 Quoniam
1387 4689 1562 4746 Judaei
1601 4691 1756 4764 signa
1805 4699 2018 4764 petunt,
2051 4703 2106 4751 et

507 4779 682 4836 Graeci
712 4779 1036 4852 sapientiam
1076 4787 1352 4853 quaerunt.
1386 4803 1406 4828 ι
1452 4779 1630 4835 Judaai
1677 4780 1831 4852 signa
1861 4790 2055 4852 petunt
2084 4801 2098 4848 ;

508 4868 640 4939 quia
687 4883 798 4924 non
853 4868 1116 4925 diﬁidunt
1161 4867 1404 4941 potuisse
1458 4866 1601 4936 ﬁeri,
1673 4868 1768 4924 sed
1797 4884 1866 4924 an
1896 4869 2103 4926 factum

505 4955 600 5024 sit,
644 4968 943 5027 quaerunt;
995 4959 1228 5014 scientes
1280 4957 1492 5029 virgam
1533 4959 1719 5014 Aaron
1748 4959 1958 5014 aridam
1989 4977 2104 5032 ger-

508 5042 768 5114 minasse,
821 5053 874 5100 et
927 5045 1171 5102 fructum
1220 5047 1412 5102 tulisse
1455 5047 1644 5119 (Num.
1696 5063 1838 5114 xvu,
1891 5048 1991 5120 8):
2051 5058 2106 5105 et

505 5133 703 5190 Jonam
747 5150 780 5188 a
816 5139 937 5190 ceto
979 5134 1266 5205 glutitum,
1317 5137 1376 5190 in
1408 5145 1599 5192 ventre
1626 5135 1743 5209 ejus
1780 5136 1961 5192 tribus
1991 5136 2104 5192 die-

505 5222 609 5280 bus
659 5231 713 5280 et
774 5221 954 5280 tribus
999 5222 1255 5296 noctibus
1300 5222 1490 5293 fuisse,
1534 5233 1588 5281 et
1633 5225 1826 5281 vivum
1867 5223 2104 5297 ejectum

504 5331 620 5373 esse
671 5317 847 5390 (Jonas
885 5331 950 5385 ιι,
1001 5317 1051 5385 1,
1104 5315 1218 5388 II).
1259 5315 1403 5372 Illud
1446 5324 1631 5372 tamen
1663 5333 1933 5391 praecipue
1961 5335 2104 5390 quae-

580 5567 697 5640 (80)
729 5568 906 5639 Neque
930 5569 1064 5624 vidit
1084 5567 1273 5624 aberat
1296 5585 1328 5624 a
1349 5565 1566 5624 cunctis
1591 5565 1723 5624 edit.
1750 5587 1764 5638 ;
1795 5569 1890 5627 sed
1915 5586 1944 5626 e
1970 5586 2103 5631 mss.

508 5655 675 5768 prope
697 5642 956 5698 omnibus
983 5646 1300 5721 restitutum
1325 5647 1428 5696 est.
1541 5709 1552 5720 .

577 5713 597 5768 (
640 5711 695 5768 1)
737 5711 897 5768 Rom.
941 5712 1074 5768 edit.
1127 5712 1270 5768 sola.
1325 5725 1445 5766 cum
1497 5728 1551 5766 υι

577 5711 695 5788 (81)
737 5711 897 5770 Rom.
941 5711 1074 5769 edit.
1127 5712 1270 5782 sola,
1325 5725 1445 5766 cum
1497 5711 1832 5778 vinceretur;
1882 5719 1940 5770 et
1976 5729 2102 5772 cum

2314 1916 2452 1973 116
2486 1919 2668 1991 (Vers.
2725 1921 2841 1992 25.)
2912 1945 2930 1968 ι
2985 1921 3125 1994 Ipsis
3181 1938 3314 1978 vero
3369 1920 3582 1978 vocatis
3631 1919 3818 1977 Iudaeis

2229 2015 2390 2080 atque
2433 2009 2638 2065 Graecis
2686 2009 2970 2066 Christum
3014 2010 3112 2066 Dei
3154 2012 3441 2078 virtutem,
3492 2018 3547 2067 et
3595 2010 3696 2066 Dei
3737 2025 3818 2065 sa-

2229 2096 2514 2168 pientiam.
2551 2123 2568 2146 ι
2627 2097 2901 2153 Suadente
2948 2099 3178 2167 virtute,
3230 2116 3351 2172 qua:
3410 2099 3594 2170 potior
3649 2098 3816 2154 verbis

2229 2192 2329 2252 est,
2357 2184 2639 2240 credentes
2668 2186 2724 2240 in
2761 2185 3041 2243 Christum
3098 2187 3439 2258 intelligunt,
3491 2187 3671 2243 Judaei
3710 2185 3816 2259 pri-

2229 2290 2382 2328 mum
2439 2274 2534 2346 qui
2581 2274 2798 2345 signum
2857 2273 3194 2346 quaerebant,
3246 2274 3528 2331 Christum
3585 2274 3685 2330 Dei
3717 2289 3815 2330 esse

2229 2361 2511 2428 virtutem;
2533 2372 2586 2418 et
2602 2362 2775 2418 Graeci
2801 2361 3061 2417 similiter
3083 2361 3274 2417 vident
3291 2361 3575 2418 Christum
3599 2361 3696 2417 Dei
3717 2377 3814 2418 esse

2229 2450 2591 2523 sapientiam;
2649 2451 2802 2506 illam
2854 2458 3036 2507 autem
3084 2449 3442 2518 mundanam,
3476 2466 3645 2523 quam
3678 2450 3814 2522 prius

2227 2539 2493 2610 putabant
2554 2540 2926 2612 prudentiam,
2989 2539 3288 2596 maximam
3340 2555 3455 2595 esse
3510 2539 3812 2596 stultitiam.

2226 2629 2421 2686 Virtus
2467 2646 2594 2702 ergo
2642 2630 2740 2685 Dei
2788 2638 2892 2698 est,
2927 2629 3057 2702 quia
3101 2646 3197 2701 per
3244 2629 3424 2701 ipsum
3457 2628 3645 2684 omnia
3693 2627 3813 2684 fecit

2225 2719 2385 2775 Pater
2438 2722 2620 2777 Deus:
2685 2720 2950 2792 sapientia
3007 2729 3193 2776 autem
3253 2719 3482 2788 idcirco,
3539 2720 3672 2794 quia
3725 2735 3809 2792 per

2225 2810 2403 2883 ipsum
2435 2812 2688 2883 cognitus
2721 2820 2800 2867 est
2829 2813 2994 2867 Deus.
3027 2811 3138 2868 Nec
3175 2810 3321 2866 enim
3356 2818 3537 2883 posset
3570 2809 3809 2883 cognosci

2224 2903 2388 2969 Deus,
2423 2901 2530 2957 nisi
2577 2919 2672 2974 per
2699 2918 2823 2957 eum
2854 2901 2949 2973 qui
2993 2909 3134 2956 esset
3164 2900 3232 2955 de
3263 2916 3363 2967 eo;
3415 2900 3546 2972 quia
3590 2924 3608 2947 α
3648 2900 3804 2956 Nemo

2225 2991 2382 3045 novit
2428 2991 2544 3062 (80)
2596 3007 2770 3062 neque
2799 2989 2941 3045 vidit
2975 2990 3212 3057 Patrem,
3246 2989 3353 3044 nisi
3399 2989 3599 3058 Filius,
3633 2996 3684 3045 et
3729 2987 3806 3044 cui

2226 3079 2465 3136 voluerit
2497 3080 2670 3135 Filius
2703 3080 2948 3135 revelare
2979 3078 3193 3150 (Matth.
3231 3095 3310 3145 x1,
3343 3078 3458 3150 27).
3503 3103 3522 3126 ι

2309 3193 2326 3216 ι
2365 3169 2505 3237 Quia
2534 3168 2680 3242 quod
2726 3169 2957 3224 stultum
2990 3176 3072 3224 est
3102 3167 3225 3235 Dei,
3267 3167 3572 3240 sapientius
3603 3173 3683 3222 est
3712 3164 3804 3220 ho-

2218 3257 2482 3314 minibus.
2526 3285 2544 3307 ι
2612 3257 2855 3314 Stultum
2912 3258 3034 3322 Dei,
3083 3257 3286 3330 inquit,
3346 3271 3456 3311 non
3517 3255 3646 3328 quia
3695 3269 3807 3310 vere

2218 3349 2449 3404 stultum
2498 3355 2598 3416 est,
2650 3347 2745 3402 sed
2773 3346 2902 3420 quia
2953 3346 3021 3402 ab
3051 3345 3392 3414 hominibus,
3447 3344 3583 3401 dum
3615 3343 3801 3400 rationi

2219 3436 2511 3493 mundanae
2555 3452 2668 3492 non
2713 3435 2996 3504 convenit,
3048 3435 3280 3490 stultum
3311 3439 3558 3506 putatur,
3591 3446 3712 3489 cum
3742 3431 3805 3485 sit

2217 3527 2358 3583 ratio
2393 3526 2694 3598 spiritalis:
2731 3541 2795 3581 ac
2846 3541 2941 3596 per
2989 3523 3094 3580 hoc
3125 3522 3428 3595 sapientius
3475 3519 3808 3594 dignoscitur

2215 3634 2330 3674 esse
2373 3616 2714 3682 hominibus,
2771 3614 2902 3687 quia
2929 3612 3204 3685 spiritalia
3233 3613 3356 3684 plus
3399 3611 3623 3683 sapiunt
3653 3623 3800 3683 quam

2217 3706 2478 3764 carnalia.
2526 3706 2647 3762 Non
2699 3704 2846 3760 enim
2895 3701 3167 3775 spiritalia
3225 3717 3320 3774 per
3366 3701 3613 3758 carnalia
3669 3703 3802 3763 sunt,

2215 3796 2310 3852 sed
2353 3795 2594 3852 carnalia
2633 3799 2886 3850 constant
2918 3808 3013 3864 per
3060 3790 3372 3864 spiritalia;
3419 3789 3653 3863 ideoque
3693 3784 3805 3842 sub'

2210 3885 2358 3958 jecta
2385 3892 2514 3940 sunt
2541 3883 2780 3942 carnalia
2810 3881 3175 3955 spiritalibus.

2302 3999 2320 4022 ι
2357 3975 2429 4030 Et
2474 3973 2622 4048 quod
2669 3973 2951 4030 inﬁrmum
2983 3979 3065 4028 est
3115 3969 3236 4038 Dei,
3287 3969 3487 4026 fortius
3515 3975 3597 4026 est
3639 3962 3799 4021 homi-

2215 4065 2397 4122 nibus.
2431 4090 2448 4112 ι
2490 4064 2618 4122 Sine
2638 4063 2808 4120 dubio
2829 4060 3071 4119 cmlestia
3097 4061 3335 4117 vincunt
3358 4067 3597 4116 terrena.
3621 4057 3801 4126 Quam-

2215 4155 2400 4211 obrem
2433 4154 2714 4210 inﬁrmum
2754 4153 2855 4209 Dei
2903 4168 3015 4208 non
3064 4158 3145 4207 est
3203 4150 3525 4216 inﬁrmum;
3562 4147 3688 4222 quia
3731 4143 3802 4199 in.

2213 4242 2447 4298 ﬁrmitas
2488 4242 2694 4301 Christi
2747 4259 2941 4316 magna
2998 4239 3236 4297 victoria
3298 4247 3403 4297 est.
3465 4239 3617 4295 Vicit
3667 4234 3800 4292 enim

2214 4349 2341 4390 cum
2388 4331 2571 4388 victus
2619 4331 2899 4388 videretur
2959 4331 3102 4404 (81),
3163 4329 3308 4386 sicut
3374 4327 3452 4385 ait
3509 4327 3570 4383 in
3611 4324 3801 4400 psalmo

2211 4423 2693 4495 quinquagesimo:
2741 4445 2758 4468 ‹
2799 4422 2868 4476 Et
2900 4421 3091 4478 vincas
3125 4437 3252 4478 cum
3303 4418 3576 4492 judicaris
3634 4413 3797 4488 (Psal.

2212 4529 2264 4580 ιι,
2295 4512 2374 4583 6).
2419 4537 2434 4558 ι
2481 4512 2672 4570 Victor
2703 4513 2850 4568 enim
2881 4511 3121 4580 exsistit,
3155 4511 3251 4584 qui
3283 4509 3487 4581 injuste
3518 4505 3797 4568 occiditur,

2215 4619 2369 4658 reum
2400 4604 2742 4659 constituens
2769 4617 2800 4657 a
2827 4620 2935 4676 quo
2955 4601 3258 4659 occiditur.

2286 4692 2467 4764 (Vers.
2499 4692 2616 4764 26.)
2691 4719 2708 4738 ι
2746 4691 3048 4748 Intuemini
3077 4691 3251 4759 enim,
3315 4690 3538 4757 fratres,
3577 4681 3797 4742 vocatio-

2208 4798 2333 4838 nem
2365 4790 2621 4850 vestram,
2665 4782 2795 4854 quia
2828 4797 2939 4836 non
2991 4782 3156 4836 multi
3189 4779 3466 4851 sapientes
3513 4772 3796 4835 secundum

2211 4887 2452 4938 carnem,
2505 4887 2617 4926 non
2658 4871 2819 4925 multi
2851 4877 3122 4941 potentes,
3154 4885 3266 4924 non
3312 4869 3476 4924 multi
3508 4866 3733 4923 nobiles.
3770 4883 3786 4906 ι

2211 4961 2561 5018 Manifestum
2616 4967 2696 5015 est
2735 4959 2864 5033 quia
2915 4959 3072 5032 pauci
3104 4959 3236 5028 sint,
3272 4957 3368 5031 qui
3416 4956 3612 5013 mundi
3649 4950 3795 5009 ratio-

2212 5051 2378 5106 nibus
2424 5051 2600 5106 inﬁati
2629 5051 2800 5122 magis
2825 5067 2986 5123 quam
3019 5049 3224 5106 eruditi
3253 5055 3404 5117 sunt,
3442 5049 3548 5105 hoc
3576 5053 3676 5109 est,
3710 5037 3794 5112 qui

2213 5141 2494 5197 stellarum
2557 5149 2737 5196 motus
2788 5140 3093 5213 inspiciunt
3138 5147 3193 5196 et
3244 5139 3592 5196 discernunt.
3652 5134 3792 5204 Ipsos

2211 5239 2392 5286 autem
2423 5230 2560 5287 dicit
2613 5239 2668 5286 et
2701 5229 2869 5286 fortes
2914 5230 3216 5288 secundum
3273 5244 3518 5297 carnem,
3572 5237 3702 5298 quos
3746 5221 3794 5272 ei

2214 5321 2526 5394 prudentes.
2578 5321 2650 5376 Et
2706 5320 2829 5377 ideo
2875 5320 3065 5392 fortes,
3108 5319 3239 5394 quia
3280 5319 3586 5393 passionem
3631 5307 3793 5372 crucis

2215 5569 2372 5640 Gill.,
2429 5570 2561 5625 sicut
2589 5568 2702 5626 ait:
2763 5569 2836 5625 Et
2863 5569 3062 5638 vincas,
3093 5576 3250 5640 etc.;
3310 5556 3792 5640 alimiautemgdit-

2212 5658 2276 5700 ac
2320 5633 2449 5714 mss.
2484 5642 2628 5698 inter
2659 5633 3122 5714 segconsentiunt,
3146 5633 3276 5714 nisi
3305 5639 3452 5714 quod
3484 5654 3580 5712 pro
3607 5633 3787 5691 videre-

2215 5721 2328 5785 tur,
2355 5713 2490 5773 edit.
2522 5720 2577 5770 et
2607 5712 2830 5787 quidam
2861 5729 2992 5771 mss.
3027 5713 3294 5771 exhibent
3320 5712 3550 5772 uidetur.
