3976 6440
180 466 275 535 20!

1260 464 1625 532 comam.
1669 472 1741 532 IN
1772 423 1991 531 iam.
2023 468 2048 533 ι
2077 476 2175 533 AD
2214 470 2372 534 con.

3363 466 3473 536 202

180 599 382 663 Christi
424 598 712 656 inﬁrmam
752 605 1038 666 asserunt;
1090 598 1355 671 iniquitas
1397 599 1545 655 enim
1594 598 1773 668 fortis,
1802 601 1855 660 A
1887 599 2035 657 Iesu.
2069 626 2090 649 ι
2148 603 2395 672 Exipso,
2442 593 2498 655 id
2514 607 2615 667 est,
2633 616 2702 656 ex
2722 601 2857 667 Deo,
2879 599 2975 671 qui
2996 607 3079 656 est
3097 602 3479 673 omnipotens,

182 700 233 748 et
274 688 497 745 vincere
540 688 648 744 sibi
692 687 914 743 videtur
957 685 1026 742 ad
1057 694 1295 760 tempus.
1327 689 1433 760 Ipsi
1466 688 1631 743 etiam
1662 705 1774 743 no-

180 779 333 847 biles,
379 794 477 850 per
527 795 665 851 quos
709 774 1116 848 superstitionis
1164 795 1278 834 suae
1306 779 1576 851 originem
1619 777 1774 832 anti-

182 867 405 941 quitatis
461 866 756 939 assignant,
814 881 914 921 nos
986 867 1234 923 novellos
1302 868 1546 923 dicentes
1632 866 1772 937 (82).

176 959 297 1017 Non
326 974 454 1030 ergo
487 957 631 1013 hanc
673 957 1132 1013 asseverationem
1178 957 1344 1030 elegit
1371 959 1539 1023 Deus,
1572 974 1695 1030 quae
1718 957 1775 1011 in

182 1047 372 1121 paucis
399 1054 499 1104 est.

255 1163 434 1234 (Vers.
464 1162 579 1233 27.)
624 1186 641 1209 ι
672 1162 776 1219 Sed
819 1163 989 1219 stulta
1038 1162 1232 1218 mundi
1285 1162 1452 1234 elegit
1496 1163 1667 1227 Deus,
1717 1170 1779 1217 ut

182 1250 484 1309 confundat
506 1251 779 1323 sapientes
809 1253 949 1324 (83).
984 1277 1001 1300 ι
1041 1251 1219 1308 Stulta
1251 1250 1443 1307 mundi
1476 1258 1606 1306 sunt
1639 1249 1781 1307 Vir-

187 1340 367 1413 ginem
422 1340 714 1412 peperisse,
745 1348 799 1396 et
836 1340 936 1397 Dei
966 1339 1168 1396 Filium
1209 1339 1536 1395 cruciﬁxum
1574 1357 1585 1395 :
1632 1338 1781 1395 credi

183 1428 330 1483 enim
359 1428 597 1483 stultum
631 1428 735 1484 hoc
758 1437 950 1502 putat:
1000 1430 1123 1485 ideo
1150 1431 1315 1496 Deus,
1355 1436 1417 1483 ut
1464 1428 1614 1484 hunc
1641 1444 1784 1484 con-

186 1517 424 1586 fundat,
476 1518 578 1575 hos
633 1519 823 1592 elegit,
879 1518 973 1592 qui
1024 1519 1130 1575 hoc
1186 1518 1440 1588 credunt,
1489 1517 1637 1591 quod
1695 1517 1786 1574 hic

187 1608 423 1665 stultum
489 1608 722 1680 judicat.
787 1609 1221 1668 Confunduntur
1284 1610 1431 1666 enim
1490 1609 1783 1680 sapientes,

188 1698 323 1755 dum
356 1715 479 1772 quae
527 1699 687 1772 pauci
717 1708 937 1773 negant,
970 1702 1174 1756 multos
1219 1700 1413 1755 vident
1437 1697 1624 1765 fateri;
1675 1713 1785 1753 non

188 1795 273 1844 est
302 1788 452 1843 enim
484 1789 805 1861 ambiguum
835 1790 1139 1846 multorum
1170 1788 1468 1845 sententias
1488 1801 1785 1860 paucorum

185 1875 450 1948 anteponi
481 1877 793 1934 sententiis.

268 2017 286 2040 ι
317 1992 394 2048 Et
423 1991 644 2049 inﬁrma
696 1991 893 2049 mundi
946 1991 1109 2065 elegit
1164 1993 1330 2063 Deus,
1387 2000 1449 2049 ut
1483 1990 1785 2048 confundat

185 2081 378 2139 fortia.
410 2106 428 2128 ι
473 2080 624 2138 Idem
655 2097 845 2138 sensus
884 2088 991 2147 est;
1038 2081 1168 2155 quia
1219 2079 1367 2154 quod
1430 2080 1591 2153 pauci
1642 2078 1790 2136 inﬁr-

189 2189 349 2229 mum
402 2179 621 2243 putant,
664 2172 721 2227 hi
779 2171 874 2245 qui
920 2188 978 2228 se
1035 2172 1332 2244 prudentes
1379 2171 1704 2227 existimant
1733 2169 1791 2224 in

186 2261 421 2329 saeculo,
461 2259 773 2317 difﬁdentes
810 2259 877 2316 de
938 2277 1052 2332 spe,
1105 2276 1137 2315 a
1193 2260 1383 2315 multis
1426 2259 1605 2314 virtus
1641 2274 1795 2314 asse-

184 2352 358 2419 ritur,
424 2349 555 2422 quia
599 2351 785 2422 plures
843 2348 1094 2417 credunt,
1151 2365 1313 2421 quam
1374 2364 1486 2404 non
1541 2347 1793 2415 credunt,

189 2442 261 2499 ad
295 2442 529 2498 illorum
560 2439 839 2497 ruborem.
863 2439 1072 2496 Vident
1099 2440 1303 2495 etenim
1334 2437 1556 2494 inﬁrma
1585 2438 1796 2496 Christi

187 2531 489 2590 nominata
539 2528 679 2601 (84),
720 2527 1011 2585 ὰωωοηίὶε
1061 2527 1351 2600 imperare,
1411 2526 1659 2599 prodigia
1706 2526 1798 2581 fa-

189 2638 320 2679 cere
349 2637 361 2674 :
394 2618 617 2675 inﬁrma
646 2625 824 2674 autem
858 2626 989 2673 sunt
1028 2616 1235 2673 mundo
1262 2615 1504 2688 injuriae,
1542 2625 1594 2672 et
1620 2615 1799 2688 passio

190 2709 513 2768 Salvatoris
568 2706 837 2764 nescienti
877 2706 995 2763 hac
1049 2705 1118 2763 ad
1177 2705 1441 2761 virtutem
1498 2704 1794 2777 proﬁcere;

186 2801 323 2874 quia
360 2800 490 2855 ideo
516 2799 619 2854 ista
647 2798 760 2870 pati
790 2814 846 2852 se
875 2795 1144 2869 permisit,
1176 2804 1239 2852 ut
1266 2795 1514 2851 vinceret
1546 2793 1826 2859 mortem.'

193 2888 419 2961 Injuste
447 2888 593 2943 enim
614 2886 748 2959 pati,
777 2891 831 2941 et
868 2902 1025 2958 posse
1056 2886 1305 2941 resistere
1342 2892 1395 2940 et
1428 2885 1598 2951 nolle,
1631 2881 1803 2955 gloria

189 2986 275 3034 est
300 2975 592 3050 patientis,
622 2982 674 3030 et
696 2972 979 3029 damnatio
1002 2971 1326 3030 occidentis.

259 3091 461 3165 (Vers.
494 3092 610 3164 28.)
657 3117 676 3140 ι
703 3092 775 3147 Et
817 3091 1085 3164 ignobilia
1112 3089 1280 3161 hujus
1321 3086 1537 3155 mundi,
1579 3094 1632 3142 et
1660 3101 1803 3142 con-

192 3179 548 3253 temptibilia
576 3180 741 3253 elegit
766 3182 931 3248 Deus,
961 3188 1016 3236 et
1060 3194 1124 3235 ea
1169 3195 1289 3251 quae
1328 3194 1440 3233 non
1472 3184 1622 3243 sunt,
1653 3182 1715 3230 ut
1743 3190 1804 3230 ea

190 3288 322 3345 quae
371 3276 528 3336 sunt,
573 3268 895 3324 destrueret.
955 3294 975 3316 ι

190 3358 549 3432 temptibilia
578 3358 776 3430 elegit:
822 3373 935 3413 non
977 3356 1105 3429 quia
1136 3372 1262 3411 vere
1292 3352 1556 3427 ignobilia
1583 3358 1637 3407 et
1665 3367 1810 3408 con-

186 3446 548 3521 temptibilia
602 3454 757 3513 sunt,
817 3445 912 3501 sed
967 3445 1048 3501 sic
1088 3443 1414 3514 judicantur
1466 3457 1499 3495 a
1540 3439 1747 3495 mundo
1790 3457 1804 3505 ;

182 3536 327 3611 quia
401 3544 677 3607 spernunt
733 3534 974 3588 rationes
1037 3530 1364 3596 mundanas,
1422 3527 1694 3583 credendo
1751 3527 1808 3582 in

181 3622 519 3690 Christum,
556 3630 616 3678 ut
673 3638 736 3678 ea
790 3637 910 3692 quae
940 3626 1070 3675 sunt
1126 3634 1253 3673 vere
1282 3615 1554 3689 ignobilia
1586 3622 1640 3670 et
1668 3630 1809 3671 con-

178 3713 553 3789 temptibilia
593 3712 935 3776 destrueret;
979 3707 1108 3782 quia
1154 3708 1259 3780 ipsi
1310 3706 1483 3778 magis
1516 3704 1810 3777 judicandi

178 3811 238 3861 et
301 3799 729 3860 condemnandi
779 3805 909 3855 sunt
967 3797 1108 3869 (85),
1141 3796 1233 3869 qui
1260 3795 1533 3869 judicant.
1584 3794 1811 3850 Asseve-

181 3894 494 3950 rationem
542 3890 689 3946 enim
722 3888 949 3944 illorum
987 3902 1139 3941 error
1167 3886 1404 3952 invenit,
1436 3900 1538 3940 nec
1594 3882 1700 3939 fuit
1742 3882 1811 3938 ab

182 3980 368 4037 initio
410 3997 423 4034 :
473 3984 660 4034 nostra
686 3985 868 4032 autem
913 3973 1207 4046 disciplina
1234 3974 1303 4030 ab
1353 3972 1518 4028 initio
1563 3978 1664 4029 est.
1698 3972 1813 4027 De-

182 4070 449 4130 struitur
510 4084 658 4140 ergo,
714 4064 845 4121 dum
886 4063 1006 4121 sine
1052 4062 1370 4120 testimonio
1426 4060 1592 4117 nudis
1629 4058 1812 4115 verbis

185 4164 513 4225 asseritur:
548 4167 737 4217 nostra
761 4175 894 4216 vero
922 4174 1034 4215 non
1067 4156 1252 4214 verbis
1278 4155 1431 4225 solis,
1464 4153 1561 4211 sed
1589 4160 1643 4209 et
1674 4160 1812 4209 teste

186 4258 417 4315 virtute
439 4254 730 4327 probatur.

268 4365 474 4439 (Vers.
507 4361 625 4432 29.)
670 4384 689 4407 ι
726 4361 796 4418 Ut
850 4375 963 4415 non
1021 4357 1288 4430 glorietur
1344 4355 1525 4412 omnis
1570 4370 1697 4411 caro
1753 4353 1812 4408 in

190 4458 521 4526 conspectu
547 4447 686 4522 ejus.
718 4474 737 4496 ι
805 4446 866 4503 Id
914 4455 1014 4515 est,
1052 4454 1116 4502 ut
1144 4444 1415 4517 sapientia
1460 4443 1645 4501 carnis
1692 4440 1809 4514 (86)

190 4541 508 4600 erubescat
554 4537 613 4593 in
666 4552 849 4591 errore
896 4551 1019 4602 suo,
1042 4532 1231 4605 judice
1261 4534 1410 4599 Deo;
1446 4547 1636 4587 sensus
1665 4530 1812 4585 enim

191 4630 390 4690 carnis
422 4633 515 4684 est
556 4624 803 4681 difﬁdere
832 4623 968 4690 Dei;
1028 4621 1271 4694 potentia
1319 4620 1589 4692 virginem
1659 4634 1814 4691 pepe-

192 4725 365 4791 risse,
397 4727 546 4786 etc.,
574 4716 707 4790 quia
736 4715 842 4772 hoc
873 4712 1069 4770 mundi
1099 4713 1260 4774 ratio.
1283 4711 1378 4784 qui
1409 4710 1593 4767 carnis
1621 4724 1814 4781 cogna-

193 4822 290 4872 tus
322 4818 440 4881 est,
475 4824 595 4865 non
626 4805 839 4878 recipit.

1882 705 1997 745 esse
2026 706 2126 745 nos
2149 690 2205 745 in
2244 690 2353 745 ﬁde
2381 689 2584 748 Christi
2610 707 2624 756 ;
2684 690 2783 745 Dei
2828 687 2976 743 enim
3006 689 3345 760 propositum
3377 700 3479 761 est,

1885 787 1945 834 ut
1974 781 2260 836 veritatem
2291 780 2411 851 ejus
2440 788 2494 836 et
2540 777 2980 835 misericordiam
3017 784 3157 838 117
3187 793 3284 849 per
3315 778 3485 836 Chri-

1884 883 2030 932 stum
2079 876 2435 933 disceremus.
2485 877 2705 933 Veritas
2759 885 2842 931 est
2898 874 3224 947 mysterium
3282 874 3484 929 Trini—

1885 964 2049 1021 tatis:
2114 965 2497 1022 misericordia
2551 981 2703 1034 vero,
2758 964 2890 1036 quia
2936 980 3065 1021 cum
3108 978 3354 1020 essemus
3384 979 3485 1020 ca-

1885 1052 2048 1124 ptivi.
2078 1052 2313 1108 redemit
2344 1070 2465 1109 nos.

1961 1142 2142 1213 (Vers.
2177 1141 2297 1211 31.)
2365 1141 2514 1208 «Qui
2570 1140 2750 1197 factus
2804 1149 2885 1197 est
2941 1140 3211 1213 sapientia
3265 1140 3489 1197 nobisa

1887 1233 2023 1295 Deo,
2080 1239 2135 1286 et
2174 1230 2411 1302 justitia,
2461 1239 2516 1288 et
2557 1231 2942 1299 sanctiﬁcatio,
2987 1240 3039 1287 et
3096 1230 3421 1302 redemptio.
3456 1257 3475 1280 ι

1891 1321 1977 1377 Ad
2027 1322 2501 1378 conﬁrmationem
2533 1323 2902 1389 credentium,
2933 1321 3219 1378 Christum
3248 1321 3349 1377 Dei
3377 1336 3490 1376 vo-

1892 1411 2101 1467 luntate
2147 1411 2285 1467 dicit
2314 1412 2509 1484 egisse,
2541 1428 2663 1484 quae
2718 1412 2925 1483 gessit;
2979 1421 3041 1467 ut
3089 1412 3327 1466 sciamus
3355 1424 3488 1466 vere

1892 1516 1994 1556 nos
2040 1500 2369 1573 sapientiam
2400 1499 2688 1569 didicisse,
2741 1508 2795 1556 et
2826 1498 3198 1555 sanctiﬁcatos
3253 1512 3389 1566 esse,
3436 1506 3490 1554 et

1889 1586 2242 1660 justiﬁcatos,
2300 1597 2355 1644 et
2406 1586 2716 1659 redemptos
2768 1603 2801 1643 a
2841 1589 2960 1644 Deo
3012 1603 3108 1658 per
3157 1586 3487 1643 Christum:

1896 1694 2059 1733 nemo
2115 1678 2262 1733 enim
2294 1677 2538 1744 redimit,
2582 1677 2693 1733 nisi
2741 1675 2889 1749 quod
2939 1692 3100 1731 suum
3131 1676 3331 1732 fuerat.
3365 1674 3494 1730 Sive

1895 1766 2023 1838 ergo
2065 1766 2212 1839 quod
2269 1765 2536 1838 redempti
2601 1782 2809 1833 sumus,
2860 1765 2978 1821 sive
3032 1765 3181 1837 quod
3237 1762 3495 1842 sanctiﬁ-y

1896 1853 2025 1922 cati,
2058 1854 2114 1909 id
2162 1863 2263 1923 est,
2302 1854 2371 1909 ab
2417 1868 2577 1925 opere
2607 1853 2791 1909 carnis
2840 1860 2894 1908 et
2928 1852 3211 1909 idolorum
3243 1853 3497 1909 immun-

1824 1954 1867 2014 Β
1896 1941 2035 1997 ditia
2063 1942 2298 2013 purgati,
2332 1941 2449 1996 sive
2478 1941 2623 2013 quod
2648 1939 2935 2012 justiﬁéati
2972 1938 3207 2011 (justum
3239 1948 3321 1996 est
3348 1938 3497 1994 enim

1901 2028 2213 2087 Creatorem
2274 2030 2474 2097 colere,
2506 2029 2717 2086 caeteris
2755 2030 3001 2101 spretis),
3058 2029 3177 2084 sive
3208 2027 3356 2100 quod
3404 2043 3499 2083 sa-

1902 2118 2113 2191 pientes
2169 2134 2264 2190 per
2292 2118 2351 2173 id
2398 2118 2546 2191 quod
2603 2118 2910 2174 mundanos
2963 2117 3268 2173 didicimus
3316 2116 3502 2188 impe-

1902 2207 2039 2262 ritos
2072 2207 2215 2279 (87),
2249 2214 2428 2262 totum
2458 2206 2564 2263 hoc
2606 2206 2704 2262 Dei
2734 2205 3066 2262 beneficium
3096 2214 3178 2262 est
3204 2220 3301 2278 per
3329 2203 3503 2261 Chri-

1903 2301 2071 2351 stum.
2129 2294 2454 2367 Redemptio
2509 2302 2692 2350 tamen
2747 2302 2935 2350 nostra
2992 2293 3110 2350 haec
3156 2282 3274 2362 est;
3329 2291 3504 2349 obtu—

1905 2384 1973 2440 lit
2000 2384 2147 2441 enim
2204 2401 2260 2441 se
2290 2385 2547 2442 Christus
2602 2384 2826 2441 diabolo
2883 2383 3149 2457 cupienti,
3201 2390 3263 2439 ut
3294 2372 3501 2456 peccati

1904 2474 1965 2530 in
1990 2490 2046 2529 se
2077 2473 2569 2531 contradictionem
2599 2473 2858 2542 auferret,
2891 2482 2946 2530 et
2997 2472 3077 2530 sic
3104 2474 3352 2546 captivos
3380 2472 3505 2545 ejus

1908 2571 2123 2620 erueret
2131 2607 2143 2620 .

1993 2678 2012 2701 ι
2042 2655 2110 2710 Ut
2156 2655 2621 2728 quemadmodum
2674 2656 2940 2729 scriptum
2975 2663 3094 2712 est:
3140 2654 3247 2723 Qui
3287 2656 3501 2729 gloria—

1907 2749 2022 2808 tur,
2054 2741 2111 2797 in
2160 2744 2399 2798 Domino
2445 2743 2729 2814 glorietur.
2763 2767 2782 2791 ι
2841 2745 2957 2800 Hoc
3009 2743 3276 2814 scriptum
3334 2752 3416 2799 est
3445 2743 3504 2798 in

1908 2830 2144 2886 Ieremia
2174 2830 2440 2902 propheta
2470 2831 2685 2902 (Jerem.
2725 2847 2803 2899 1x,
2835 2830 2950 2901 24).
2982 2830 3220 2903 Dignum
3252 2840 3333 2887 est
3360 2828 3506 2911 quod

1911 2924 1989 2980 ait
2018 2923 2304 2996 prophela,
2352 2932 2412 2979 ut
2461 2924 2520 2979 in
2551 2925 2664 2979 Deo
2714 2924 3014 2996 gloriemur
3047 2940 3061 2991 ;
3096 2922 3225 2996 quia
3252 2938 3365 2980 non
3399 2938 3507 2997 po-

1912 3014 2041 3069 terit
2070 3011 2358 3080 confundi,
2389 3012 2481 3085 qui
2497 3011 2837 3083 gloriaturin
2858 3012 3098 3068 Domino
3126 3030 3139 3080 ;
3173 3027 3337 3085 opera
3356 3012 3506 3068 enim

1912 3102 2052 3175 ejus,
2103 3112 2156 3159 et
2211 3101 2618 3174 magniﬁcentia
2671 3101 2730 3156 in
2788 3101 2952 3158 rebus
2999 3102 3165 3174 gestis
3221 3110 3505 3173 apparent.

1913 3193 2150 3264 Ideoque
2206 3189 2641 3258 confundantur,
2690 3190 2892 3263 inquit,
2944 3189 3003 3245 in
3053 3189 3219 3245 idolis
3246 3190 3380 3258 suis,
3414 3189 3507 3263 qui

1038 3266 1312 3340 Ignobilia
1364 3282 1492 3337 ergo
1548 3270 1603 3319 et
1661 3278 1802 3318 con-

1919 3299 2025 3338 non
2059 3282 2279 3353 pluunt,
2312 3297 2413 3337 nec
2443 3280 2694 3337 fecerunt
2738 3282 2940 3337 crelum
2971 3288 3025 3335 et
3055 3289 3257 3351 terram
3289 3299 3301 3336 :
3333 3274 3507 3336 simili

1918 3371 2083 3427 modo
2111 3379 2166 3426 et
2211 3370 2306 3443 qui
2353 3370 2412 3424 in
2449 3368 2771 3425 hominibus
2812 3369 3118 3439 gloriantur
3147 3383 3285 3440 quos
3324 3367 3508 3422 sciunt

1916 3458 2107 3530 utique
2162 3458 2373 3513 nullius
2424 3473 2539 3513 esse
2593 3456 2852 3523 virtutis;
2912 3471 3079 3529 quare
3133 3464 3188 3510 et
3217 3454 3295 3510 ait
3349 3454 3508 3511 Scri-

1916 3555 2111 3621 ptura:
2181 3570 2200 3593 -
2230 3547 2388 3605 Vana
2414 3562 2537 3619 spes
2583 3554 2666 3602 est
2698 3545 2757 3601 in
2804 3544 3030 3602 homine
3089 3544 3303 3615 (Jerem.
3356 3558 3499 3610 xvrr,

1917 3636 1998 3707 δ).
2034 3662 2051 3683 .

2551 3790 2780 3849 CAPUT
2809 3789 2878 3847 Il.

1995 3926 2174 4000 (Vers.
2210 3928 2259 3996 1,
2292 3927 2373 3999 2.)
2418 3949 2437 3974 ε
2466 3927 2539 3982 Et
2564 3941 2665 3999 ego
2690 3942 2817 3982 cum
2846 3922 3119 3980 venissem
3150 3922 3219 3980 ad
3252 3940 3373 3992 vos,
3396 3923 3504 3980 fra-

1919 4022 2053 4085 tres,
2109 4015 2237 4070 veni
2292 4031 2406 4071 non
2454 4030 2581 4071 cum
2612 4012 2916 4069 eminentia
2969 4012 3241 4069 sermonis
3287 4020 3381 4069 aut
3409 4029 3506 4069 sa-

1926 4104 2170 4177 pientiae,
2203 4104 2506 4176 praedicans
2533 4102 2691 4159 vobis
2738 4102 3062 4175 mysterium
3096 4102 3197 4158 Dei
3230 4100 3370 4174 (88).
3402 4100 3519 4157 Ne-

1920 4211 2030 4268 que
2060 4195 2208 4251 enim
2234 4193 2485 4267 judicavi
2538 4210 2624 4250 me
2677 4194 2821 4258 scire
2848 4192 3061 4267 aliquid
3091 4193 3239 4249 inter
3265 4209 3385 4262 vos,
3416 4191 3507 4247 nis

1921 4284 2201 4344 Christum
2263 4286 2469 4354 Iesum,
2524 4294 2579 4342 et
2609 4284 2761 4342 hunc
2788 4283 3141 4341 cruciﬁxum.
3173 4308 3192 4330 ι
3244 4282 3517 4351 Quoniam

1921 4374 2172 4447 superius
2205 4374 2474 4447 gradatim
2512 4375 2748 4430 formam
2777 4372 3087 4444 disciplina
3116 4381 3318 4429 nostrae
3339 4379 3524 4428 osten-

1920 4462 2025 4532 dit,
2084 4480 2233 4520 nunc
2289 4481 2346 4520 se
2398 4479 2509 4518 non
2558 4462 2719 4518 aliter
2777 4460 2889 4517 illis
2951 4460 3244 4517 tradidisse
3300 4458 3521 4530 probat,

1922 4569 2085 4627 quam
2142 4571 2262 4627 quae
2300 4554 2572 4620 ostendit;
2637 4552 2768 4624 quia
2820 4560 2876 4607 et
2926 4551 2985 4606 in
3042 4549 3354 4605 humilitate
3397 4563 3525 4603 ser-

1843 4665 1893 4725 D
1928 4645 2128 4713 monis,
2160 4644 2299 4701 etin
2355 4643 2594 4700 stultitia
2646 4640 3079 4716 praedicationis,
3137 4638 3281 4694 sicut
3312 4635 3520 4725 mundo

1926 4735 2168 4804 videtur,
2229 4735 2447 4791 locutus
2477 4741 2561 4789 est
2621 4731 2734 4787 illis
2762 4731 2831 4787 de
2886 4728 3109 4786 Christo
3165 4724 3521 4798 mysterium.

1929 4821 2088 4891 Quod
2141 4822 2266 4880 ideo
2317 4823 2647 4894 mysterium
2686 4825 2865 4884 vocat,
2898 4815 3028 4887 quia
3076 4814 3223 4887 quod
3264 4814 3527 4869 incarna-

274 4928 479 5002 (Vers.
519 4924 635 4996 30.)
683 4948 701 4971 ε
729 4923 817 4978 Ex
856 4920 975 4993 ipso
1006 4919 1154 4977 enim
1187 4935 1285 4975 vos
1324 4913 1454 4974 estis
1500 4916 1559 4972 in
1602 4912 1823 4973 Christo
1929 4919 2051 4969 tum
2099 4919 2203 4981 est,
2256 4911 2537 4968 occultum
2586 4914 2702 4963 erat
2750 4921 2783 4960 a
2834 4902 3069 4970 saeculis,
3122 4900 3268 4973 apud
3323 4901 3518 4972 Deum,

1932 5087 2066 5127 vero
2094 5071 2253 5126 Rom.
2287 5067 2417 5123 edit.
2450 5065 2586 5130 sola,
2618 5079 2734 5133 qua:
2758 5061 2912 5117 carni
2939 5066 3161 5131 cognata
3190 5067 3283 5116 est.
3316 5063 3389 5133 At
3418 5076 3521 5133 ms.

1935 5142 2096 5200 Corb.
2155 5154 2186 5196 a
2240 5140 2490 5202 vocibus,
2518 5131 2697 5204 judice
2747 5134 2875 5200 Deo,
2918 5134 3098 5188 locum
3131 5132 3411 5188 contrahit
3466 5131 3525 5204 in

1935 5213 2086 5269 hunc
2110 5210 2333 5266 modum
2360 5227 2371 5264 :
2431 5202 2533 5264 E1!
2548 5208 2683 5277 ipso,
2715 5206 2769 5260 id
2822 5212 2914 5271 est,
2945 5221 3010 5259 ea:
3044 5204 3155 5259 Deo
3183 5220 3290 5258 esse
3345 5219 3441 5277 nos
3468 5202 3527 5255 in

1937 5285 2038 5357 [ide
2070 5283 2271 5357 Christi
2290 5298 2322 5357 ;_
2362 5281 2459 5335 Dei
2488 5274 2626 5357 enim
2649 5277 2980 5357 propositum
3021 5282 3117 5357 est,
3174 5282 3233 5329 ut
3260 5274 3529 5357 ueritatem

1938 5346 2050 5425 Ejus
2068 5372 2160 5426 per
2194 5353 2463 5409 Christum
2510 5346 2841 5406 disceremus.
2873 5348 2977 5416 Qui
3008 5346 3185 5418 factus
3204 5352 3279 5400 est
3305 5346 3530 5414 sapien-

1941 5428 2037 5491 tia,
2077 5434 2180 5481 etc.
2399 5494 2435 5496 μ
2690 5493 2703 5496 _
2887 5490 2924 5496 __
2962 5490 2972 5496 _
3145 5486 3156 5496 _
3316 5485 3326 5496 ,

2015 5485 2132 5569 (87)
2164 5498 2320 5554 Rom.
2352 5494 2511 5563 edit.,
2541 5493 2837 5569 mundanas
2868 5490 3089 5569 dicimus
3134 5485 3426 5569 imperitgs.
3460 5485 3533 5569 Et

1943 5558 2194 5635 inira,'ut
2214 5558 2547 5640 peccatorum
2595 5566 2654 5640 in
2680 5582 2731 5620 se
2774 5558 3237 5640 contradictionem
3264 5558 3529 5640 suﬁerret.

2017 5628 2134 5713 (88)
2155 5628 2281 5699 Mss.
2312 5655 2425 5697 non
2455 5638 2641 5712 pauci,
2669 5633 2997 5694 annuntians
3015 5630 3159 5688 vobis
3179 5628 3533 5687 testimonium

1949 5713 2168 5773 Christi.

279 5091 409 5164 (82)
446 5087 585 5164 Mss.
618 5084 952 5164 complures,
982 5080 1339 5164 non‘nooellos
1365 5078 1605 5164 dicentes.

455 5158 625 5235 Corb.
659 5145 859 5219 codex,
890 5145 962 5235 ut,
975 5151 1264 5235 confundat
1296 5149 1569 5220 sapientes.
1593 5145 1825 5217 Confun-

203 5226 421 5292 ἀνθιεαὲ
452 5230 596 5287 enim
625 5226 1075 5299 sapienles,_duu_i,
1104 5232 1210 5299 etc.
1415 5296 1424 5299 Α
1506 5295 1515 5299 Α

286 5305 415 5377 (84)
454 5302 612 5377 idem
647 5290 998 5377 uiss._C_orb.,
1029 5296 1302 5377 inﬁrmum
1326 5295 1542 5377 putant,
1569 5308 1602 5344 a
1643 5290 1829 5370 inultis

203 5360 409 5434 virtus,
430 5372 705 5430 disseritur
724 5370 795 5425 ad
822 5360 1043 5441 illorum
1064 5360 1339 5441 ruborem-.7
1363 5361 1544 5441 Vident
1570 5360 1705 5415 enim
1735 5360 1830 5441 in:-

437 5443 637 5501 mundi
682 5441 974 5497 nominata.
997 5440 1073 5494 Et
1106 5434 1360 5508 ignobilia
1411 5432 1569 5502 hujus
1624 5431 1831 5495 mundi,

210 5529 431 5665 etc(.85)
468 5590 637 5647 Rom.
670 5583 805 5642 edit.
836 5599 903 5639 ac
930 5597 1061 5637 mss.
1094 5576 1375 5646 nonnulli,
1405 5582 1454 5631 et
1479 5572 1835 5631 contemnendi

213 5671 419 5810 δεῖξέ)
456 5731 548 5789 Ita
576 5742 767 5786 omnes
797 5724 928 5783 edit.
960 5731 1017 5810 et
1045 5723 1268 5810 quidam
1300 5738 1433 5804 mss.
1458 5738 1472 5790 ;
1512 5717 1840 5810 ἑφθῇ-ξμς

214 5791 342 5867 teni
365 5791 584 5879 magno
614 5815 865 5867 numero,
914 5805 973 5853 ut
1000 5791 1253 5853 sententia
1281 5795 1479 5853 carnis.
1511 5791 1640 5849 Post
1669 5805 1842 5864 pauca

564 5900 809 5961 Panos.
845 5866 1022 5958 XVII.
2436 5972 2451 5983 ~
3398 5866 3431 5933 7
