3976 6366
505 419 608 484 203

504 634 898 710 gloriabantur,
932 631 1062 706 quia
1091 639 1146 688 et
1181 647 1276 704 per
1304 629 1675 704 eloquentiam
1713 630 1830 700 (89)
1865 645 2088 701 pravam

504 724 814 783 doctrinam
858 721 1336 789 commendabant,
1394 729 1448 777 et
1495 719 1844 792 prudentiam
1896 717 2090 775 mundi

503 821 791 883 sectantes,
823 830 1040 871 crucem
1071 811 1276 869 Christi
1318 811 1678 880 evacuabant,
1712 800 2093 867 erubescentes

504 905 662 963 stulti
682 904 942 977 appellari
968 920 998 959 a
1019 901 1226 958 mundo
1249 920 1263 970 ;
1284 909 1344 957 ut
1372 919 1548 974 neque
1578 909 1766 957 natum
1811 900 2091 957 Christum

505 1012 576 1052 ex
605 993 833 1067 Virgine
861 992 1239 1065 praedicarent,
1285 1009 1459 1064 neque
1491 1007 1615 1046 vere
1645 990 1974 1046 cruciﬁxum
1997 991 2091 1046 do-

505 1091 692 1143 cerent
726 1102 736 1140 :
766 1083 896 1156 quia
927 1083 1162 1139 stultum
1219 1081 1440 1138 videtur
1496 1081 1593 1138 Dei
1651 1080 1854 1136 Filium
1904 1089 2092 1135 natum

505 1173 788 1229 hominem
841 1170 1000 1226 fateri
1056 1180 1110 1226 et
1137 1170 1488 1227 cruciﬁxum.
1548 1171 1657 1225 Hos
1718 1176 1770 1225 et
1818 1167 2095 1240 apostolus

505 1262 741 1318 Joannes
770 1259 1019 1332 designat
1072 1259 1262 1315 dicens
1289 1278 1300 1315 :
1351 1283 1368 1306 ι
1398 1259 1504 1327 Qui
1536 1267 1694 1330 negat
1724 1257 2004 1315 Christum
2036 1256 2094 1310 in

504 1368 666 1410 carne
724 1349 960 1417 venisse,
1019 1349 1378 1405 antichristus
1413 1357 1532 1416 est;
1593 1356 1646 1403 et
1674 1347 1769 1420 qui
1796 1355 1956 1417 negat
1988 1345 2094 1400 Fi—

506 1440 666 1507 lium,
699 1455 800 1495 nec
827 1438 1041 1493 Patrem
1073 1435 1239 1493 habet
1269 1437 1325 1507 (I
1352 1437 1508 1492 Joan.
1545 1454 1607 1505 II,
1638 1438 1729 1504 22,
1751 1436 1869 1507 23),
1902 1461 1919 1482 ι
1966 1434 2098 1508 quia

506 1530 687 1603 ipsum
714 1528 928 1585 Patrem
959 1527 1066 1584 sibi
1096 1527 1299 1582 Filium
1330 1527 1663 1598 appellatum
1693 1525 1983 1593 dicebant;
2027 1541 2097 1582 ex

507 1621 709 1695 quibus
738 1621 981 1676 Marcion
1010 1618 1181 1675 traxit
1227 1634 1488 1674 errorem.
1522 1619 1653 1686 Quae
1683 1619 1882 1690 arguit,
1915 1618 2099 1674 clausa

505 1710 766 1767 videntur
788 1709 928 1780 (90),
951 1709 1081 1782 quia
1099 1725 1211 1764 non
1240 1708 1338 1764 illa
1367 1709 1702 1776 manifestat,
1737 1709 1831 1764 sed
1860 1707 2098 1779 intelligi

504 1800 627 1856 vult
657 1815 726 1855 ex
755 1814 840 1867 eo,
881 1795 1029 1871 quod
1058 1794 1351 1868 prudentia
1397 1795 1593 1852 mundi
1641 1797 1944 1866 invenitur,
1977 1813 2098 1870 quae

1497 415 1594 473 ΑΙ)
1633 416 1868 474 ΟΡΕΒΑ
1905 416 1961 471 S.
2003 409 2337 471 AMBROSII
2386 408 2765 468 APPENDIX.

502 551 647 606 Deus
698 543 966 604 Verbum.
1026 542 1324 602 Haereticos
1375 549 1557 598 autem
1614 557 1730 598 esse
1778 540 1837 596 in
1894 539 2097 612 quibus
2125 540 2175 598 A
2203 538 2300 606 ait,
2341 564 2358 585 ι
2386 537 2712 609 sapientiam
2745 551 2858 592 non
2890 532 3055 604 hujus
3084 530 3291 598 seaculi,
3325 554 3343 578 ι

3717 397 3821 461 204

3385 529 3486 586 sed
3521 527 3734 597 futuri,
3765 529 3820 584 in

2200 644 2310 700 quo
2336 627 2539 684 veritas
2581 625 2679 682 Dei
2733 622 3059 696 negantibus
3116 619 3441 693 apparebit;
3489 618 3607 674 hoc
3671 617 3819 673 enim

2199 718 2459 772 saeculum
2490 715 2756 771 rationem
2790 713 2933 768 hanc
2958 728 3068 767 non
3112 711 3261 782 capit
3291 708 3632 764 inﬁrmitate
3679 706 3820 780 cogi-

2199 804 2427 860 tationis
2472 811 2723 859 terrenas.
2783 826 2802 850 ι
2830 802 3017 872 Neque
3047 798 3369 872 principum
3402 796 3583 868 hujus
3611 795 3819 864 saeculi,

2201 893 2296 964 qui
2325 891 2702 948 destruuntur.
2739 917 2757 938 ι
2795 889 3146 946 Manifestum
3176 895 3259 943 est
3288 903 3402 942 non
3436 901 3561 942 esse
3591 885 3822 956 sapien-

2200 982 2331 1037 tiam
2365 982 2506 1037 hanc
2534 981 2849 1053 principum
2903 978 3068 1051 hujus
3105 976 3330 1046 mundi,
3360 975 3495 1049 quia
3526 974 3821 1031 destruunt

2203 1077 2292 1126 tur
2320 1070 2387 1126 ab
2414 1071 2527 1125 illa.
2571 1067 2963 1127 Christianitas
3025 1067 3174 1122 enim
3211 1082 3444 1134 errores,
3477 1081 3626 1137 quos
3655 1063 3715 1118 hi
3744 1063 3819 1119 in-

2203 1173 2514 1233 seruerunt,
2561 1163 2794 1232 excidit,
2820 1162 2876 1218 id
2897 1171 2999 1231 est,
3018 1160 3412 1228 idololatriam,
3438 1159 3745 1217 avaritiam
3773 1165 3822 1214 et

2203 1263 2398 1312 caetera
2425 1254 2582 1323 vitia,
2619 1254 2763 1310 sicut
2791 1252 2936 1309 dicit
2972 1252 3209 1307 Joannes
3234 1251 3545 1324 apostolus.
3595 1250 3822 1321 Propter

2206 1343 2310 1402 hoc
2364 1344 2516 1400 venit
2563 1344 2738 1399 Filius
2782 1343 2902 1412 Dei,
2967 1349 3037 1398 ut
3094 1342 3332 1399 solveret
3383 1357 3556 1414 opera
3615 1337 3821 1395 diaboli

2208 1436 2265 1506 (Ι
2289 1436 2447 1490 Joan.
2473 1451 2557 1500 In,
2589 1434 2670 1506 8).

2281 1524 2461 1596 (Vers.
2497 1524 2574 1596 7.)
2621 1548 2638 1570 ι
2669 1523 2774 1580 Sed
2808 1523 3094 1597 loquimur
3123 1522 3221 1578 Dei
3253 1522 3590 1595 sapientiam
3616 1520 3678 1576 in
3709 1535 3818 1592 my-

2207 1615 2398 1683 sterio,
2429 1631 2551 1689 quae
2580 1614 2904 1671 abscondita
2934 1621 3035 1670 est.
3071 1638 3089 1661 ι
3134 1614 3424 1671 Occultum
3446 1628 3685 1670 sensum
3717 1625 3819 1665 ma-

2209 1706 2473 1763 nifestare
2514 1724 2572 1763 se
2618 1707 2847 1763 missum
2878 1713 3134 1775 testatur,
3177 1722 3342 1778 quem
3399 1717 3588 1777 neque
3621 1701 3818 1775 princio

2207 1811 2322 1867 pes,
2355 1813 2534 1870 neque
2580 1804 2874 1868 potestates
2921 1796 3146 1864 scirent,
3178 1810 3354 1867 neque
3383 1793 3637 1850 mundus
3669 1789 3818 1846 audi-

505 1900 587 1947 est
614 1887 869 1961 religioni
922 1885 1167 1942 inimica.
1202 1885 1334 1952 Quae
1365 1894 1546 1941 autem
1577 1895 1727 1955 sunt,
1757 1903 1878 1959 quae
1916 1886 2099 1942 corri—
2136 1906 2181 1964 Β
2211 1895 2356 1954 erat;
2390 1903 2453 1942 ac
2507 1903 2603 1958 per
2632 1885 2738 1943 hoc
2768 1887 3001 1942 stultum
3046 1885 3250 1958 putari,
3295 1885 3424 1958 quia
3467 1882 3815 1954 incognitum

505 1978 609 2051 pit,
640 1993 708 2032 ex
767 1975 883 2046 ejus
929 1972 1142 2044 judicio
1172 1975 1296 2029 vult
1350 1973 1490 2030 disci
1524 1992 1535 2029 :
1574 1983 1635 2030 ut
1663 1991 1891 2046 quaeque
1922 1983 2106 2030 nostra

505 2063 722 2122 deridet
748 2064 902 2119 velut
931 2061 1116 2130 stulta,
1171 2077 1236 2116 ea
1265 2078 1322 2117 se
1349 2062 1537 2117 omnia
1561 2063 1620 2117 in
1677 2061 1982 2118 Corinthiis
2011 2078 2106 2117 re-

507 2151 846 2228 prehendere
872 2148 1140 2206 ostendat.
1170 2149 1383 2222 Corpus
1411 2149 1561 2204 enim
1599 2151 1778 2222 ipsum
1813 2158 2103 2218 memorat,

508 2250 572 2299 ut
593 2258 664 2298 ex
692 2257 757 2296 eo
792 2237 1167 2296 membrorum
1213 2237 1332 2309 ejus
1372 2239 1514 2293 ratio
1568 2238 1926 2311 dignoscatur
1957 2257 1968 2294 :
2005 2239 2104 2296 Co-

509 2331 735 2389 rinthiis
785 2337 967 2386 tamen
1039 2328 1329 2385 manifesta
1376 2337 1563 2386 erant:
1625 2331 1755 2403 quia
1811 2346 2001 2388 causas
2045 2330 2103 2388 in

509 2421 713 2496 quibus
751 2419 1136 2492 arguebantur,
1169 2435 1281 2474 non
1303 2418 1647 2490 ignorabant.

585 2512 768 2584 (Vers.
801 2510 883 2582 3.)
928 2534 946 2557 ‹
977 2510 1048 2565 Et
1094 2525 1192 2582 ego
1225 2510 1281 2564 in
1333 2509 1674 2578 inﬁrmitate,
1708 2517 1760 2566 et
1807 2511 2028 2579 timore,
2053 2521 2108 2568 et

515 2608 756 2656 tremore
797 2598 973 2654 multo
1003 2597 1082 2653 fui
1113 2596 1258 2668 apud
1287 2613 1405 2653 vos.
1439 2623 1456 2646 ι
1529 2597 1812 2655 Christum
1869 2599 2016 2654 enim
2047 2597 2105 2653 in

511 2687 749 2744 stultitia
801 2687 1054 2743 humanm
1107 2685 1390 2758 sapientiae
1425 2686 1748 2758 praedicans,
1779 2687 1968 2743 odium
1999 2687 2106 2742 sibi

515 2786 569 2835 et
590 2776 996 2851 persecutiones
1046 2775 1398 2847 provocabat,
1435 2776 1590 2850 quasi
1621 2793 1736 2832 rem
1766 2794 1964 2832 vanam
1995 2793 2105 2831 an-

511 2869 796 2938 nuntians,
825 2876 879 2924 et
907 2867 1189 2924 inimicam
1218 2866 1422 2923 Judais
1473 2876 1633 2940 atque
1676 2866 1928 2939 gentibus
1963 2866 2101 2936 (9i).

588 2958 770 3030 (Vers.
807 2956 888 3029 4.)
931 2980 948 3006 ι
1005 2956 1076 3010 Et
1109 2972 1289 3012 sermo
1324 2973 1500 3024 meus,
1551 2963 1603 3010 et
1636 2954 1956 3027 pradicatio
1987 2970 2107 3009 mea

512 3064 623 3104 non
654 3047 712 3102 in
742 3043 1093 3118 persuasione
1149 3044 1404 3100 humanae
1459 3045 1758 3116 sapientiai.
1790 3069 1809 3093 ι
1854 3042 2106 3100 Ostendit

513 3153 626 3194 non
655 3153 711 3192 se
739 3143 803 3191 ut
857 3133 1148 3190 hominum
1191 3134 1436 3190 favorem
1469 3136 1796 3207 acquireret,
1849 3134 2106 3190 humanis

513 3224 795 3299 sapientiae
823 3223 1114 3296 placuisse,
1137 3240 1316 3297 neque
1344 3225 1640 3281 verborum
1669 3225 1773 3281 arti
1804 3224 2104 3293 studuisse,

513 3314 608 3373 sed
638 3313 812 3400 ﬁdem‘
832 3313 1041 3370 auctori
1085 3313 1424 3385 exhibuisse,
1458 3315 1554 3389 qui
1611 3315 1919 3372 doctrinam
1954 3333 2107 3373 suam

510 3423 622 3464 non
643 3413 841 3462 ornatu
870 3403 1184 3461 traditionis
1214 3405 1468 3464 humana
1516 3407 1902 3478 acceptabilem
1934 3407 2112 3462 voluit

509 3512 625 3553 esse
676 3495 974 3551 verborum
1030 3494 1283 3570 strepitu,
1314 3496 1410 3552 sed
1464 3496 1600 3569 ipsis
1631 3497 1831 3556 rebus:
1866 3497 1999 3570 quia
2027 3514 2112 3554 res

509 3595 637 3643 ante
666 3585 835 3642 verba
863 3592 1012 3640 sunt.
1931 3608 1934 3610 ·

597 3699 615 3722 ‹
644 3672 750 3729 Sed
777 3673 835 3728 in
861 3672 1173 3730 ostensione
1202 3675 1428 3744 spiritus
1457 3684 1511 3732 et
1540 3676 1764 3732 virtutis
1794 3677 1891 3734 Dei
1917 3679 2056 3750 (92).
2079 3702 2097 3724 ι

512 3763 654 3831 Quia
683 3769 742 3816 ut
801 3760 987 3817 verbis
1043 3777 1163 3834 quae
1193 3761 1415 3818 inﬁrma
1454 3762 1620 3835 juxta
1663 3765 1927 3822 virtutem
1960 3773 2111 3834 sunt,

514 3868 599 3908 res
628 3849 794 3906 fatua
829 3859 1060 3922 comptae
1099 3850 1396 3924 prudentes
1449 3852 1745 3921 videntur;
1787 3857 1932 3910 Deus
1963 3871 2114 3926 prae—

515 3939 848 3999 dicationem
880 3956 1035 3996 suam
1091 3956 1203 3996 non
1249 3941 1570 3999 testimonio
1611 3943 1904 4000 verborum
1936 3945 2117 4001 voluit

512 4030 911 4101 commendari,
944 4030 1039 4089 sed
1066 4032 1313 4102 virtutis,
1347 4041 1409 4089 ut
1455 4033 1612 4092 verbi
1642 4035 1878 4092 stultitia
1907 4035 2114 4091 indica-

512 4132 589 4193 ta,
646 4121 808 4180 factis
864 4139 921 4178 se
976 4123 1303 4197 sapientiam
1337 4123 1739 4182 demonstraret
1767 4123 2003 4197 Spiritali
2031 4140 2112 4180 ra-

513 4212 663 4270 tione
697 4211 945 4269 fundata.
1205 4277 1212 4283 _

591 4301 774 4374 (Vers.
813 4301 868 4370 5,
901 4301 982 4375 6.)
1030 4325 1049 4352 ι
1084 4301 1156 4359 Ut
1182 4300 1319 4357 ﬁdes
1353 4309 1536 4358 vestra
1562 4317 1674 4357 non
1706 4302 1777 4358 sit
1805 4302 1864 4358 in
1903 4303 2114 4376 sapien-

514 4391 592 4449 tia
619 4390 934 4460 hominum,
986 4391 1082 4448 sed
1120 4391 1179 4447 in
1210 4390 1416 4448 virtute
1450 4395 1591 4453 118
1620 4391 1757 4460 Dei;
1792 4391 2114 4464 sapientiam

513 4497 696 4547 autem
719 4488 1002 4564 loquimur
1023 4489 1168 4546 inter
1197 4489 1465 4562 perfectos
1489 4510 1502 4559 ;
1529 4516 1546 4539 ι
1592 4490 1700 4546 hoc
1729 4498 1832 4555 est,
1864 4489 2010 4547 inter
2025 4506 2116 4547 eos

511 4580 609 4654 qui
633 4595 852 4637 crucem
880 4578 1085 4636 Christi
1114 4579 1339 4635 virtutis
1396 4580 1720 4638 testimonio
1778 4579 2108 4651 sapientiam

511 4670 774 4727 fatentur.
836 4669 905 4724 Hi
935 4669 1085 4724 enim
1143 4669 1416 4742 sapientes
1465 4677 1518 4726 et
1570 4669 1800 4742 perfecti
1828 4677 1978 4738 sunt,
2014 4671 2109 4744 qui

515 4757 677 4814 ﬁdem
709 4774 819 4813 non
852 4757 1025 4830 magis
1065 4757 1251 4814 verbis
1280 4757 1503 4826 habent,
1538 4775 1700 4831 quam
1731 4758 1914 4814 rebus.

600 4872 619 4894 ι
647 4847 984 4918 Sapientiam
1048 4855 1233 4903 autem
1265 4863 1376 4903 non
1408 4847 1576 4920 hujus
1631 4847 1838 4904 saeculi.
1872 4872 1889 4896 ι
1948 4848 2110 4904 Recte

573 4968 902 5094 ὲεξῖὶαῒξοὼ.
934 4971 1130 5041 codex,
1162 4969 1260 5027 Dei
1289 4971 1575 5028 Verbum...
1593 4968 1688 5040 qui
1713 4975 1761 5025 et
1774 4975 1972 5041 prater
1995 4971 2112 5026 elo-

515 5057 804 5113 quemm-

591 5112 707 5193 (90)
741 5111 944 5193 omnes
994 5111 1128 5193 edit.
1159 5113 1508 5193 acnonnulli
1535 5131 1700 5193 mss.,_
1724 5114 1982 5193 dicebant.
2019 5116 2112 5170 Ea:

515 5183 708 5267 quibus
771 5183 1013 5267 Marcion
1052 5185 1243 5267 traxit
1293 5201 1545 5267 errorem,
1607 5187 1700 5266 qui
1745 5187 2112 5267 .arguit:quaz

514 5255 697 5312 clausa
752 5255 1018 5312 videntur.
1050 5255 1180 5310 Mss.
1234 5271 1364 5328 vero
1409 5255 1838 5328 frequentissimi
1886 5255 2110 5325 rectius,

515 5336 577 5384 ut
607 5345 706 5385 nos
733 5327 792 5384 in
821 5334 1017 5394 textu;
1069 5343 1230 5383 voces
1260 5326 1408 5383 enim
1441 5326 1557 5397 qua
1585 5329 1767 5398 arguit
1796 5329 2113 5385 referuntur

516 5398 584 5453 ad
641 5399 991 5472 Apostolum.
1050 5398 1198 5454 Infra
1228 5415 1379 5472 vero,
1423 5398 1518 5453 ubi
1550 5398 1682 5472 edit.
1713 5409 1767 5455 et
1800 5417 1925 5472 pars
1955 5418 2109 5469 mss.,

516 5471 656 5543 quod
677 5469 986 5542 prudentia,
1017 5477 1121 5526 etc.
1157 5489 1172 5538 ;
1231 5471 1339 5527 alia
1365 5486 1491 5541 pars
1530 5469 1776 5540 exhibet,
1800 5469 1943 5542 quod
1967 5489 2113 5543 pru-

516 5541 744 5596 dentiam
773 5543 960 5599 mundi
992 5543 1278 5600 invehitur.

592 5612 709 5692 (9i)
742 5615 821 5670 Ita
852 5614 985 5671 edit.
1043 5630 1256 5692 omnes,
1287 5627 1510 5692 aemss.
1547 5611 1796 5692 aliquot:
1833 5616 1930 5671 alii
1979 5633 2112 5692 vero

518 5683 713 5754 majori
759 5700 1007 5752 numero,
1053 5693 1100 5741 et
1141 5683 1479 5740 inimicitiam
1531 5683 1830 5754 gentibus...
1889 5689 2115 5743 ostendit

517 5756 645 5824 quia
673 5772 737 5810 ne
764 5755 1034 5811 hominum
1061 5756 1298 5826 favorem
1341 5754 1656 5824 acquireret,
1687 5756 1884 5814 idcirco
1915 5759 2114 5815 huma—

2144 4631 2192 4688 D

2213 1980 2331 2029 est:
2366 1989 2481 2029 esse
2511 1968 2692 2030 autem
2726 1974 2994 2030 rationale
3022 1982 3075 2029 et
3123 1974 3382 2039 salutare,
3414 1979 3560 2027 teste
3593 1970 3816 2035 virtute,

2214 2060 2304 2116 cui
2361 2061 2544 2116 omnis
2591 2062 2828 2117 intentio
2878 2061 3026 2117 cedit
3064 2059 3509 2116 ratiocinationis
3542 2057 3813 2113 humanae.

2218 2149 2556 2204 Abscondita
2585 2157 2666 2205 est
2697 2167 2824 2221 ergo
2848 2151 2948 2206 Dei
2982 2149 3275 2222 sapientia,
3307 2148 3439 2203 dum
3472 2164 3593 2202 non
3623 2147 3684 2201 in
3715 2161 3816 2199 ver-

2215 2240 2322 2308 bis,
2353 2240 2446 2297 sed
2481 2240 2540 2295 in
2571 2241 2776 2296 virtute
2805 2250 2916 2308 est;
2965 2257 3078 2296 non
3114 2239 3355 2295 humana
3395 2238 3622 2295 ratione
3653 2235 3810 2310 possi-

2215 2331 2367 2396 bilis,
2401 2331 2496 2386 sed
2526 2330 2753 2404 spiritus
2782 2331 3027 2387 eﬁicacia
3053 2329 3360 2386 credibilis.

2299 2445 2318 2466 ι
2349 2420 2524 2487 Quam
2555 2420 2969 2492 praedestinavit
2994 2421 3143 2475 Deus
3173 2426 3302 2474 ante
3335 2417 3538 2474 szecula
3572 2417 3634 2473 in
3663 2415 3814 2489 glori-

2215 2525 2301 2564 am
2331 2518 2595 2566 nostram.
2633 2534 2652 2558 ι
2721 2510 2901 2582 Usque
2928 2508 3065 2564 adeo
3095 2524 3226 2563 vera
3270 2507 3564 2578 sapientia,
3599 2513 3655 2562 et
3697 2521 3812 2562 cum

2214 2599 2326 2654 Deo
2355 2615 2568 2671 semper
2621 2599 2789 2656 fuisse
2820 2599 3148 2666 declaratur,
3181 2605 3241 2653 ut
3287 2605 3412 2652 ante
3454 2598 3662 2652 saecula
3693 2612 3812 2668 prae-

2216 2688 2487 2745 destinata
2517 2689 2574 2744 in
2623 2690 2852 2760 gloriam
2904 2697 3153 2745 nostram
3211 2687 3445 2755 dicatur,
3505 2685 3605 2758 qui
3636 2684 3812 2742 credi-

2215 2793 2355 2834 mus.
2397 2779 2662 2836 Przescius
2692 2779 2840 2834 enim
2869 2780 3015 2834 Deus
3053 2794 3270 2834 errores
3310 2777 3529 2832 futuros
3561 2775 3620 2831 in
3652 2790 3812 2831 mun-

2169 2925 2176 2929 .
2214 2870 2306 2938 do,
2339 2884 2501 2942 quem
2532 2876 2647 2924 erat
2699 2869 2946 2925 facturus
2984 2867 3127 2941 (93),
3157 2867 3261 2924 hoc
3289 2866 3538 2923 decrevit
3587 2865 3658 2922 ad
3688 2881 3810 2922 con-

2213 2959 2487 3014 fusionem
2544 2958 2790 3026 illorum,
2849 2959 2943 3030 qui
2971 2957 3078 3013 sibi
3135 2956 3430 3013 stultitiam
3487 2955 3808 3027 sapientiam

2215 3049 2415 3106 facturi
2442 3057 2631 3104 erant:
2684 3047 2750 3104 ad
2782 3056 3026 3104 nostram
3058 3054 3239 3103 autem
3290 3045 3551 3117 gloriam,
3583 3046 3676 3119 qui
3708 3059 3808 3100 cre-

2215 3138 2389 3195 dituri
2417 3153 2657 3204 eramus,
2687 3145 2743 3192 et
2768 3136 3065 3193 credimus.
3120 3151 3129 3177 δ

2292 3236 2475 3307 (Vers.
2510 3235 2592 3306 8.)
2627 3258 2646 3282 ι
2676 3234 2850 3301 Quam
2881 3249 3042 3289 nemo
3062 3232 3399 3306 principium
3430 3231 3603 3303 hujus
3632 3227 3806 3287 saeculi

2220 3325 2523 3398 cognovit;
2579 3324 2624 3380 si
2663 3322 2811 3378 enim
2851 3322 3256 3395 cognovissent,
3307 3337 3596 3394 nunquam
3636 3317 3809 3376 Domi-

2196 3433 2354 3478 num
2420 3414 2721 3488 majestatis
2750 3414 3192 3471 cruciﬁxissent.
3227 3438 3247 3462 ι
3313 3413 3604 3484 Principes
3657 3409 3810 3479 hujus

2221 3506 2408 3562 saeculi
2462 3521 2572 3560 non
2607 3505 2786 3560 solum
2838 3503 3091 3559 homines
3119 3501 3475 3574 accipiendos
3505 3501 3809 3557 Iudaeorum

2222 3611 2285 3650 ac
2337 3596 2748 3651 Romanorum:
2808 3593 2901 3648 sed
2956 3602 3010 3650 et
3039 3593 3138 3648 hos
3170 3592 3452 3664 principes
3497 3607 3561 3646 ac
3590 3595 3808 3662 potesta-

2225 3696 2324 3754 tes,
2355 3701 2492 3757 quos
2530 3701 2695 3756 supra
2721 3683 2885 3751 dixit,
2919 3684 2987 3739 ad
3018 3701 3154 3756 quos
3182 3699 3308 3739 vere
3338 3683 3582 3755 pertinet
3613 3679 3808 3735 dictum

2223 3773 2350 3841 hoc,
2383 3773 2649 3828 adversus
2679 3788 2816 3844 quos
2857 3771 3018 3828 nobis
3073 3771 3390 3828 colluctatio
3420 3779 3507 3827 est
3561 3763 3810 3842 spiritalis

2222 3862 2484 3936 nequitiae
2515 3861 2571 3916 in
2603 3861 2919 3919 caelestibus
2953 3861 3176 3934 (Ephes.
3211 3878 3289 3929 vr,
3324 3860 3412 3933 l2)
3441 3879 3455 3929 ;
3491 3861 3621 3934 quia
3649 3851 3808 3913 consi-

2223 3953 2298 4008 lio
2327 3969 2390 4009 ac
2440 3953 2725 4009 voluntate
2783 3952 3009 4008 illorum
3063 3949 3366 4008 cruciﬁxus
3412 3959 3498 4007 est
3547 3947 3804 4007 Christus.

2223 4042 2470 4115 Denique
2522 4049 2644 4115 post
2698 4041 3034 4098 tentationes
3102 4064 3121 4087 ι
3149 4040 3404 4097 diabolus
3445 4039 3691 4104 recessit,
3720 4032 3808 4099 ait,

2224 4147 2396 4204 usque
2426 4130 2494 4186 ad
2542 4139 2759 4204 tempus
2791 4131 2908 4204 (94)
2945 4132 3097 4203 (Luc.
3132 4148 3209 4198 IV,
3245 4130 3357 4202 13).
3390 4155 3409 4178 ι
3473 4130 3545 4184 Et
3577 4129 3689 4200 ipse
3716 4125 3808 4180 Do-

2225 4221 2445 4278 minus:
2494 4243 2512 4266 ι
2548 4220 2828 4292 Princeps,
2875 4220 3081 4292 inquit,
3137 4216 3304 4289 hujus
3334 4218 3531 4274 mundi
3560 4214 3728 4282 venit,
3759 4216 3806 4266 et

2225 4309 2283 4365 in
2315 4325 2400 4365 me
2415 4309 2632 4365 invenit
2661 4309 2804 4366 nihil
2825 4310 3008 4382 (Joan.
3032 4325 3152 4377 xxv,
3177 4309 3294 4379 30).
3323 4332 3341 4356 ι
3386 4307 3668 4378 Principes
3694 4315 3808 4371 ergo

2225 4398 2390 4470 hujus
2417 4399 2604 4454 saeculi
2647 4416 2744 4472 per
2798 4399 3164 4473 ignorantiam
3194 4398 3498 4461 Dominum
3528 4389 3807 4465 majestatis

2223 4488 2661 4558 cruciﬁxerunt;
2699 4507 2824 4547 nam
2855 4490 3172 4546 Iudaeorum
3204 4488 3500 4560 principes,
3551 4479 3808 4560 quomodo

2224 4579 2497 4650 principes
2525 4578 2691 4651 hujus
2744 4582 2932 4638 saeculi
2964 4587 3203 4652 possunt
3236 4577 3498 4649 intelligi,
3531 4576 3624 4649 qui
3669 4574 3808 4627 erant

2223 4670 2455 4742 subjecti
2507 4687 2674 4743 regno
2725 4670 3022 4728 Romano?
3079 4671 3152 4726 Et
3209 4685 3387 4742 neque
3450 4669 3804 4725 Romanorum

2215 4758 2489 4831 principes
2535 4758 2933 4815 cruciﬁxerunt
2979 4757 3267 4816 Christum
3299 4777 3313 4826 ;
3353 4758 3558 4832 quippe
3586 4767 3706 4812 cum
3733 4745 3804 4802 di-

2220 4849 2364 4905 xerit
2391 4850 2636 4906 Pilatus:
2705 4872 2724 4896 ι
2754 4848 2975 4906 Nullam
3034 4865 3258 4906 causam
3287 4848 3483 4905 mortis
3540 4847 3803 4902 inventam

2217 4991 2301 5029 me
2330 4974 2603 5044 sapientia:
2629 4974 2834 5044 placere
2864 4974 3113 5031 noluisse.

2293 5041 2409 5118 (972—)
2442 5045 2586 5118 Mss.
2605 5041 2934 5118 complures,
2973 5048 3071 5102 Sed
3099 5048 3172 5102 ad
3202 5047 3547 5103 ostens-ionem
3574 5041 3797 5118 spiritus,

2226 5114 2522 5190 et‘oirtutis
2556 5117 2666 5172 Dei.
2731 5114 3159 5190 Cousequenter
3207 5128 3390 5176 autem
3425 5114 3799 5190 Com.’edit..31

2221 5186 2385 5242 habet
2411 5189 2567 5264 :_Ho_c
2609 5196 2700 5255 est,
2735 5191 2862 5264 quia
2891 5186 3010 5260 quae
3048 5193 3219 5246 verbis
3250 5193 3492 5264 inﬁrma,
3517 5190 3680 5260 juxta
3705 5186 3800 5264 ρρν·

2222 5265 2378 5314 tatem
2415 5258 2600 5328 fortia,
2635 5278 2716 5315 res
2743 5258 2977 5331 fatuae...
3011 5270 3071 5318 ut
3106 5264 3277 5318 verbis
3306 5258 3601 5319 stultitia...
3633 5258 3800 5312 ratio—

2220 5347 2284 5386 ne
2313 5331 2614 5400 fundatam.

2292 5392 2409 5474 (93)
2438 5403 2599 5460 Corb.
2634 5403 2828 5474 codex,
2856 5405 2914 5460 in
2934 5405 3151 5471 mundo,
3185 5407 3247 5462 de
3291 5407 3372 5462 his
3401 5422 3518 5477 quae
3570 5405 3687 5456 erat
3713 5392 3801 5464 fa‘

2222 5481 2424 5530 cturus.

2294 5547 2410 5622 (94)
2469 5547 2618 5622 Idem
2671 5547 2866 5614 codex,
2919 5556 3042 5622 post
3092 5551 3401 5606 tentationes
3430 5563 3561 5620 quas
3593 5533 3799 5622 ρονηίῗιξζ

2221 5606 2465 5694 (ἕξάῥοξιιδ
2494 5618 2695 5688 inferre
2742 5606 2936 5694 ausus‘
2959 5628 3052 5688 est,
3084 5623 3163 5679 ait
3189 5606 3539 5694 evangelista:
3597 5606 3803 5672 Recessit

2221 5689 2465 5746 diabolus
2491 5707 2655 5762 usque
2683 5693 2758 5752 ad
2786 5699 3006 5764 tempus.
