3976 6428
158 425 256 488 205

157 571 216 612 eo
256 555 433 626 (Joan.
476 574 600 626 xxx,
632 558 714 631 4).
763 585 782 609 ι

160 645 351 703 Iudaeis
376 664 388 702 ε
439 672 457 694 ι
487 649 760 706 Innocens
788 665 888 723 ego
915 666 1034 706 sum
1059 667 1089 706 a
1109 651 1376 724 sanguine
1397 650 1535 722 justi
1558 651 1748 724 hujus,

159 755 250 793 vos
275 737 530 794 videritis
562 742 775 811 (Matth.
801 757 981 806 xxvu,
1014 741 1130 813 24).
1175 767 1192 790 ι
1256 743 1324 797 Hi
1373 760 1500 815 ergo
1549 744 1748 815 princi-

158 841 244 898 pes
272 826 671 885 cruciﬁxerunt
695 829 975 886 Christum
1016 831 1336 898 Dominum,
1371 848 1507 904 quos
1540 832 1751 887 trium—

96 988 104 994 _
157 913 346 986 phavit
377 916 546 972 libere
577 917 631 972 in
661 918 952 989 semetipso
983 920 1213 987 (Coloss.
1245 938 1306 989 ιι,
1351 921 1474 990 15);
1501 921 1751 993 quamvis

156 1003 300 1061 dicat
345 1006 558 1064 Marcus
604 1010 938 1082 evangelista
984 1009 1051 1064 de
1093 1010 1481 1068 daemonibus:
1545 1038 1562 1059 -
1594 1011 1752 1068 Scie-

155 1094 288 1151 bant
333 1096 478 1151 enim
519 1095 799 1153 Christum
852 1097 1032 1169 ipsum
1081 1116 1197 1156 esse
1246 1101 1432 1156 Jesum
1481 1103 1675 1169 (Marc.
1711 1118 1748 1163 ι,

156 1182 271 1254 34).
303 1207 320 1230 ν
349 1184 599 1240 Scierunt
629 1187 849 1258 quidem
883 1187 1063 1259 ipsum
1096 1205 1230 1256 esse,
1266 1189 1359 1245 sed
1386 1190 1479 1262 qui
1533 1190 1591 1244 in
1634 1190 1750 1260 lege

157 1271 454 1342 promissus
479 1281 597 1328 erat
629 1291 640 1328 :
677 1275 1001 1346 mysterium
1034 1283 1216 1332 tamen
1256 1275 1394 1348 ejus,
1428 1294 1537 1350 quo
1577 1277 1752 1332 Filius

156 1361 251 1418 Dei
280 1370 382 1428 est,
415 1363 747 1422 nesciebant.
783 1368 898 1424 Hoc
926 1369 1093 1424 etiam
1126 1378 1178 1425 et
1225 1370 1417 1426 Petrus
1471 1369 1751 1441 apostolus

156 1449 221 1507 ad
255 1452 516 1523 populum
558 1452 847 1510 Iudaicum
898 1455 1044 1513 dixit
1093 1475 1104 1512 :
1152 1481 1169 1503 ι
1215 1458 1361 1525 Scio,
1385 1458 1598 1524 fratres,
1623 1458 1753 1529 quia

154 1556 246 1612 per
275 1541 637 1612 ignorantiam
670 1545 857 1616 egistis
889 1545 995 1602 hoc
1027 1547 1251 1615 malum,
1297 1553 1351 1601 et
1393 1547 1537 1602 sicut
1590 1546 1752 1618 prin-

155 1629 299 1701 cipes
328 1632 496 1687 vestri
531 1633 671 1703 (Act.
702 1651 789 1699 Ill,
826 1636 941 1706 17),
971 1661 989 1682 ι
1052 1653 1162 1691 non
1202 1643 1386 1691 tamen
1432 1635 1640 1690 saeculi.
1695 1633 1751 1694 Si

158 1733 284 1790 ergo
315 1734 412 1790 per
456 1720 824 1793 ignorantiam
867 1723 1014 1780 servi
1062 1724 1387 1780 occiderunt
1427 1722 1750 1792 Dominum,

154 1817 436 1880 peccatum
470 1811 551 1867 eis
579 1813 782 1870 ascribi
812 1829 922 1868 non
954 1813 1136 1869 debet.
1185 1813 1290 1869 Sed
1335 1829 1445 1868 non
1492 1812 1618 1868 licet
1649 1812 1753 1867 hoc

153 1897 422 1969 ignorare.
472 1901 542 1955 Et
601 1901 854 1973 quamvis
909 1900 1208 1957 Dominum
1264 1917 1378 1957 esse
1433 1899 1747 1967 nescierint,

154 1987 322 2042 nescii
353 1995 539 2044 tamen
569 2006 678 2044 non
705 1997 860 2045 erant
886 1991 1015 2063 quia
1045 2006 1158 2046 rem
1190 1991 1416 2062 impiam
1451 1989 1745 2045 faciebant.

149 2078 426 2136 Dominus
457 2088 639 2137 tamen
671 2081 968 2153 majestatis
1019 2083 1319 2139 cruciﬁxus
1367 2082 1593 2149 dicitur,
1626 2097 1749 2136 cum

151 2167 288 2222 mori
320 2169 575 2224 nesciat:
623 2169 718 2225 sed
759 2170 889 2243 quia
934 2171 1177 2226 Verbum
1227 2187 1351 2227 caro
1400 2170 1604 2226 factum
1650 2176 1752 2240 est,

150 2253 202 2312 id
234 2266 338 2324 est,
381 2259 478 2313 Dei
512 2259 687 2315 Filius
717 2259 1034 2315 incarnatus
1063 2259 1230 2315 homo
1278 2259 1456 2315 factus
1495 2267 1598 2327 est,
1650 2257 1755 2330 ipsi

149 2345 392 2417 ascripta
429 2355 514 2402 est
541 2364 690 2404 mors
719 2366 730 2404 :
764 2350 890 2421 quia
919 2348 1093 2404 Judaei
1124 2365 1235 2404 non
1293 2348 1486 2421 utique
1535 2363 1753 2404 carnem

158 2437 436 2508 persecuti
468 2445 618 2506 sunt,
648 2437 745 2494 sed
774 2454 895 2494 eum
929 2438 1022 2510 qui
1053 2437 1383 2510 operabatur
1398 2454 1491 2509 per
1512 2453 1755 2505 carnem;

152 2541 212 2582 ac
267 2541 368 2598 per
412 2525 518 2582 hoc
560 2527 816 2599 quamvis
859 2527 1129 2583 Dominus
1177 2525 1476 2598 majestatis
1529 2535 1758 2582 mortem

156 2613 394 2686 ignoret,
425 2623 688 2687 quantum
721 2623 902 2670 tamen
936 2617 1003 2671 ad
1031 2615 1342 2671 Judmorum
1373 2623 1564 2671 votum
1598 2615 1760 2686 perti-

155 2712 269 2772 net,
305 2713 362 2760 et
394 2705 464 2760 ad
493 2705 806 2778 principum
829 2705 995 2777 hujus
1023 2706 1230 2775 saaculi,
1263 2707 1561 2762 Dominum
1607 2707 1763 2762 occi-

159 2793 364 2850 derunt
396 2793 455 2849 in
484 2811 665 2851 carne.

229 2903 426 2976 (Vers.
461 2904 542 2976 9.)
589 2929 608 2951 ι
636 2903 740 2960 Sed
767 2904 911 2962 sicut
938 2907 1205 2977 scriptum
1233 2913 1318 2962 est
1347 2924 1358 2962 :
1393 2906 1551 2974 Quod
1573 2906 1766 2962 oculus

159 3008 269 3048 non
296 2992 468 3061 vidit,
522 3008 624 3050 nec
668 2993 817 3048 auris
865 2994 1100 3060 audivit,
1146 3011 1247 3052 nec
1290 2995 1348 3050 in
1388 3011 1485 3051 cor
1523 2995 1764 3050 hominis

155 3082 442 3150 ascendit,
469 3098 588 3154 quae
627 3084 953 3155 przeparavit
982 3087 1124 3140 Deus
1154 3085 1514 3157 diligentibus
1541 3101 1686 3140 eum.
1729 3108 1748 3132 ι

159 3172 277 3229 Hoc
340 3179 428 3228 est
487 3173 751 3244 scriptum
816 3173 874 3228 in
922 3175 1256 3247 Apocalypsi
1308 3175 1476 3230 Heliae
1519 3175 1575 3229 in
1625 3191 1764 3246 apo-

1243 433 1602 491 COMMENT.
1645 435 1716 491 IN
1755 433 1970 491 EPIST.
2014 433 2037 490 Ι
2070 435 2167 491 AD
2207 433 2362 492 COR.

842 558 994 616 Unde
1039 565 1093 615 et
1137 575 1330 615 manus
1360 561 1516 630 lavit,
1546 561 1734 618 dicens
1763 569 1814 626 Α
1843 561 2194 617 ﬁrmamenti.
2252 561 2353 617 Hic
2426 577 2554 632 ergo
2618 559 2914 632 singularis
2986 531 3264 634 apostolus
3336 572 3443 633 est,

3340 434 3447 495 206

1859 651 1952 722 qui
1996 650 2139 705 hanc
2184 650 2412 722 gratiam
2463 657 2786 707 consecutus
2834 658 2948 718 est;
2994 652 3123 724 quia
3161 652 3448 710 Trinitatis

1860 741 2183 809 mysterium
2217 753 2247 793 a
2293 739 2447 794 nullo
2489 738 2568 795 sic
2616 739 2796 811 potuit
2840 740 3122 811 explanari
3156 758 3168 795 :
3204 741 3350 796 unde
3395 751 3450 798 et

1861 842 1956 882 vas
1983 827 2267 883 electionis
2299 828 2490 885 divino
2514 827 2730 901 judicio
2760 829 3033 886 vocitatus
3060 837 3143 886 est
3196 831 3341 903 (Act.
3366 848 3448 901 ιχ,

1864 916 1974 986 15).

1948 1030 1964 1050 ε
1995 1004 2232 1075 Spiritus
2258 1006 2404 1061 enim
2437 1007 2622 1064 omnia
2661 1016 2954 1076 scrutatur,
2998 1009 3162 1066 etiam
3213 1010 3452 1082 profun-

1860 1093 1928 1149 da
1958 1095 2076 1150 Dei.
2110 1120 2128 1141 ι
2169 1094 2307 1161 Quia
2336 1097 2484 1152 enim
2513 1097 2582 1153 de
2609 1100 2721 1154 Deo
2749 1105 2832 1154 est
2865 1098 2956 1155 hic
2985 1098 3243 1171 Spiritus,
3268 1101 3456 1157 omnia

1861 1184 2038 1238 novit.
2086 1209 2102 1229 -
2136 1185 2234 1239 Dei
2267 1186 2575 1256 profunda,
2615 1195 2795 1243 autem
2819 1187 2941 1244 ideo
2967 1189 3063 1257 ait,
3087 1189 3217 1262 quia
3232 1205 3454 1246 omnem

1861 1271 2121 1328 virtutem
2155 1280 2208 1328 et
2241 1276 2633 1346 praescientiam
2677 1277 2794 1349 ejus
2834 1280 2991 1335 novit
3024 1296 3035 1334 :
3068 1277 3215 1352 quod
3261 1278 3453 1335 omni—

1861 1377 1932 1416 no
1961 1369 2220 1418 creaturze
2251 1364 2589 1437 impossibile
2620 1374 2719 1423 est.

1935 1451 2116 1521 (Vers.
2155 1452 2267 1521 11.)
2317 1479 2333 1500 ι
2363 1454 2497 1520 Quis
2545 1456 2692 1512 enim
2738 1456 2840 1513 scit
2899 1455 3184 1513 hominum
3219 1473 3279 1513 ea
3312 1457 3452 1528 (96),

1861 1555 1980 1612 quae
2011 1548 2156 1608 sunt,
2190 1541 2454 1611 hominis,
2502 1543 2608 1599 nisi
2653 1545 2883 1616 spiritus
2933 1545 3198 1615 hominis,
3252 1547 3345 1618 qui
3396 1546 3454 1601 in

1863 1628 1980 1699 ipso
2010 1636 2091 1683 est
2121 1629 2147 1684 ‘i
2188 1655 2205 1676 ›
2258 1632 2607 1688 Manifestum
2655 1641 2736 1689 est
2776 1635 3134 1706 cogitationes
3185 1645 3401 1692 nostras
3429 1651 3461 1690 a

1861 1717 2015 1772 nullo
2036 1718 2188 1785 sciri,
2241 1719 2347 1774 nisi
2396 1720 2465 1776 ab
2508 1721 2694 1778 animo
2736 1732 2945 1791 nostro,
2990 1739 3151 1797 quem
3200 1724 3457 1796 spiritum

1861 1804 2024 1862 dixit.
2060 1809 2306 1880 Denique
2338 1809 2394 1863 in
2440 1811 2744 1883 Evangelio
2793 1814 2935 1868 inter
2971 1821 3166 1870 caetera
3209 1813 3290 1869 sic
3335 1815 3454 1870 ait:

1877 1896 1994 1986 cmEt
2028 1897 2258 1968 spiritus
2287 1896 2404 1968 ejus
2433 1914 2684 1956 reversus
2713 1908 2795 1956 est
2831 1901 2898 1958 ad
2946 1902 3099 1958 illam
3133 1903 3286 1973 (Luc.
3337 1920 3457 1986 vm,

1860 1984 2028 2055 55)..

1951 2109 1967 2130 σ
1995 2083 2084 2140 Sic
2115 2092 2167 2140 et
2197 2103 2316 2158 qua:
2347 2089 2442 2143 Dei
2472 2099 2620 2156 sunt,
2652 2105 2814 2145 nemo
2839 2089 3015 2157 novit,
3065 2089 3173 2144 nisi
3222 2089 3460 2162 Spiritus

1867 2174 1984 2230 Dei.
2021 2200 2038 2221 ι
2075 2176 2177 2232 Hic
2205 2177 2443 2248 Spiritus
2472 2179 2570 2234 Dei
2598 2178 2786 2234 docuit
2816 2195 2936 2246 nos,
2963 2177 3110 2250 quod
3151 2177 3256 2234 scit
3299 2185 3455 2234 natu-

1867 2263 2077 2333 raliter,
2112 2283 2221 2322 non
2253 2266 2449 2323 doctus
2484 2268 2599 2339 (97)
2626 2287 2639 2336 ;
2681 2277 2734 2324 et
2761 2267 2949 2324 docuit
2976 2284 3076 2323 nos
3095 2267 3164 2323 de
3196 2269 3461 2339 mysterio

1868 2349 2111 2421 Christi;
2162 2372 2290 2428 quia
2332 2372 2443 2412 non
2483 2357 2662 2412 solum
2711 2357 2947 2428 Spiritus
2992 2357 3090 2412 Dei
3136 2363 3236 2424 est,
3268 2357 3361 2412 sed
3410 2366 3462 2414 et

1868 2443 2098 2502 Christi.

1944 2545 2126 2615 (Vers.
2182 2546 2295 2618 12.)
2359 2572 2376 2593 ι
2426 2547 2535 2604 Nos
2581 2564 2692 2602 non
2747 2557 2928 2603 autem
2987 2549 3242 2620 spiritum
3296 2547 3464 2620 hujus

1874 2634 2066 2688 mundi
2100 2635 2412 2706 accepimus
2440 2653 2453 2702 ;
2489 2635 2581 2690 sed
2611 2637 2875 2707 Spiritum
2914 2637 3008 2709 qui
3051 2654 3120 2693 ex
3150 2639 3264 2693 Deo
3291 2646 3390 2694 est.
3432 2662 3450 2684 ι

1874 2721 2015 2779 Hinc
2041 2724 2249 2778 scimus
2277 2724 2404 2795 quia
2435 2724 2725 2794 Spiritum,
2758 2725 2853 2796 qui
2896 2725 2962 2780 de
3010 2727 3120 2780 Deo
3171 2734 3272 2792 est,
3299 2741 3463 2780 acce-

1873 2812 2075 2883 pimus,
2105 2811 2234 2883 quia
2264 2811 2456 2866 mundi
2485 2812 2711 2883 spiritus
2756 2829 2866 2867 non
2909 2821 3089 2884 potest
3135 2815 3294 2880 scire,
3341 2830 3462 2887 quae

1872 2899 1940 2954 ab
1971 2899 2076 2955 hoc
2108 2899 2268 2955 nobis
2302 2900 2579 2956 insinuata
2615 2907 2763 2956 sunt.
2796 2901 3034 2972 Spiritus
3053 2909 3236 2958 tamen
3270 2901 3460 2958 mundi

1873 2988 1966 3044 hic
2012 2995 2112 3056 est,
2159 3005 2257 3060 per
2304 3005 2465 3062 quem
2517 2989 2859 3060 arripiuntur
2899 2989 3144 3057 fanatici,
3199 2991 3290 3063 qui
3345 2992 3465 3047 sine

1871 3081 1984 3136 Deo
2019 3090 2184 3148 sunt;
2217 3089 2299 3136 est
2327 3080 2473 3136 enim
2505 3081 2648 3136 inter
2677 3080 3222 3152 mundanosspiritus
3252 3081 3465 3152 potior;
3545 3100 3570 3114 δ

1872 3173 2018 3228 unde
2045 3173 2183 3228 solet
2211 3171 2565 3243 conjecturis,
2611 3189 2732 3245 quae
2779 3171 2973 3227 mundi
3020 3179 3149 3228 sunt
3191 3172 3462 3241 divinare,

156 3262 399 3334 cryphis
435 3263 572 3333 (95).
605 3262 707 3318 Per
751 3261 859 3319 hoc
904 3266 1219 3336 exemplum
1267 3265 1605 3337 inopinatam
1647 3281 1762 3320 rem
1798 3302 1841 3362 Ο
1872 3278 2030 3336 quem
2068 3261 2366 3333 pythonem
2386 3262 2802 3362 appellantJlic
2819 3262 3120 3362 estper
3139 3263 3468 3362 verisimilia

154 3351 364 3408 factam
399 3351 556 3419 dicit,
583 3360 638 3407 et
665 3369 786 3426 quae
813 3369 925 3408 non
963 3355 1142 3410 solum
1183 3354 1241 3409 in
1280 3355 1583 3410 humanum
1622 3370 1758 3409 sen—

150 3455 274 3495 sum
309 3456 430 3496 non
459 3441 695 3509 caderet,
728 3442 820 3498 sed
855 3451 909 3498 et
945 3444 1192 3500 caelestes
1223 3445 1493 3514 potentias
1543 3445 1756 3512 lateret,

147 3529 249 3585 Dei
291 3530 514 3587 scilicet
537 3531 741 3586 Filium
775 3539 809 3592 1
826 3537 915 3592 19
940 3531 1315 3597 incarnatum;
1349 3540 1409 3586 ut
1429 3532 1576 3603 quod
1597 3547 1758 3602 supra

145 3625 400 3695 dixerat,
458 3627 721 3694 ﬁrmaret,
770 3627 899 3700 quia
944 3628 991 3682 si
1040 3628 1315 3700 principes
1359 3627 1525 3699 hujus
1571 3629 1757 3685 saeculi

144 3716 329 3772 Deum
367 3715 654 3771 hominem
688 3715 890 3771 factum
942 3731 1051 3771 non
1100 3716 1512 3786 intellexerunt,
1555 3725 1759 3790 quanto

142 3805 328 3876 magis
393 3803 702 3858 hominesl
765 3804 870 3860 Sed
921 3804 965 3858 si
1022 3803 1188 3859 verba
1239 3805 1631 3862 offendiculum
1671 3805 1759 3861 vel

142 3893 485 3950 scandalum
533 3891 836 3959 faciebant;
887 3891 1188 3948 virtutibus
1242 3901 1422 3950 tamen
1481 3903 1535 3950 et
1589 3895 1760 3967 signis

144 3981 282 4039 ﬁdes
331 3998 453 4038 non
495 3981 758 4037 debuerat
796 3981 1072 4054 denegari.
1137 3983 1450 4040 Inﬁrmitati
1503 3985 1648 4040 enim
1707 3995 1760 4042 et

145 4073 490 4145 ignorantiae
547 4072 805 4129 humanm
859 4073 1035 4129 virtus
1089 4072 1352 4131 debuerat
1390 4075 1674 4146 ,praeponi,
1705 4083 1759 4131 et

144 4165 297 4221 credi
331 4162 490 4236 quod
515 4163 768 4218 humanas
797 4162 995 4218 rationi
1048 4162 1390 4234 impossibile
1425 4165 1752 4227 videbatur;

149 4254 396 4328 ideoque
437 4253 798 4324 diligentibus
824 4255 1021 4323 Deum,
1045 4253 1099 4310 id
1121 4261 1223 4323 est,
1255 4255 1606 4313 credentibus
1627 4273 1757 4329 prae-

147 4344 371 4416 paravit
413 4341 624 4398 donum
654 4343 778 4400 hoc.

218 4451 414 4522 (Vers.
457 4447 574 4521 10.)
618 4473 636 4496 ι
666 4450 836 4506 Nobis
863 4467 994 4506 vero
1025 4450 1290 4507 revelavit
1321 4453 1465 4508 Deus
1505 4469 1601 4524 per
1627 4451 1762 4526 Spi-

148 4541 316 4595 ritum
351 4555 544 4596 suum.
576 4564 594 4588 ι
640 4541 711 4595 Et
740 4540 869 4612 quia
899 4540 1173 4613 principes
1194 4541 1381 4596 saeculi
1414 4541 1521 4598 hoc
1548 4542 1760 4614 ignora-

146 4629 298 4698 bant,
339 4631 497 4686 Deus
548 4628 654 4686 hoc
687 4646 780 4701 per
826 4629 1091 4702 Spiritum
1135 4647 1292 4685 suum
1345 4630 1760 4687 revelavitcre-

146 4718 452 4784 dentibus;
491 4719 619 4790 quia
649 4733 732 4773 res
760 4718 856 4774 Dei
889 4735 999 4774 non
1035 4727 1209 4790 potest
1239 4718 1356 4773 sine
1404 4720 1612 4791 Spiritu
1657 4721 1756 4776 Dei

147 4808 386 4865 addisci.
423 4809 566 4864 Nam
616 4823 726 4862 non
775 4809 952 4864 solum
997 4805 1318 4862 hominibus
1357 4817 1759 4866 sacramentum

146 4896 293 4953 istud
323 4898 565 4952 missum
593 4913 652 4952 se
690 4895 827 4952 dicit
857 4897 1152 4965 declarare,
1185 4896 1279 4953 sed
1314 4905 1368 4952 et
1410 4897 1758 4969 principibus

145 4992 197 5041 et
260 4985 637 5059 potestatibus
692 4986 1028 5053 coelestibus,
1087 4987 1178 5059 qui
1235 4987 1532 5041 Dominum
1576 4989 1760 5044 cruci-

147 5074 431 5144 ﬁxerunt;
470 5083 534 5130 ut
563 5075 666 5132 hoc
711 5075 1040 5147 praedicante
1081 5076 1138 5130 in
1188 5078 1370 5144 terris,
1422 5076 1636 5133 discant
1664 5077 1758 5149 qui

146 5175 272 5224 sunt
306 5167 370 5224 in
395 5165 719 5224 carnalibus
747 5166 921 5235 caelis,
954 5164 1049 5238 qui
1091 5163 1296 5236 degunt
1329 5165 1430 5221 sub
1468 5166 1756 5224 elementis

220 5366 340 5450 (95)
374 5366 475 5450 Sic
494 5383 693 5448 omnes
741 5362 1182 5450 mss.,“exceptis
1220 5362 1440 5450 'ljhuan.
1481 5370 1536 5419 et
1581 5364 1752 5450 Laud.

146 5435 240 5510 ubi
286 5435 439 5495 sicut
491 5439 551 5494 in
596 5437 810 5496 cunctis
850 5437 985 5493 edit.
1047 5435 1210 5510 legas,
1241 5437 1300 5490 in
1328 5435 1474 5492 Isaia
1497 5437 1756 5507 propheta

145 5509 268 5564 aliis
286 5511 493 5566 verbis.

218 5581 338 5652 (96)
374 5583 544 5639 Rom.
582 5579 716 5637 edit.
747 5597 808 5638 ac
852 5595 981 5636 mss.
1015 5579 1292 5647 nonnulli,
1319 5579 1448 5648 Quis
1485 5579 1621 5633 enim
1649 5581 1753 5652 lto—-

145 5651 348 5708 minam
391 5653 499 5708 scit
543 5653 770 5708 hominis
810 5653 1140 5708 absconditos
1165 5669 1182 5706 :
1230 5660 1340 5707 vet.
1392 5657 1575 5708 autem
1615 5651 1747 5707 edit.

146 5731 196 5782 et
233 5742 368 5797 mss.
407 5723 871 5797 frequentissimi,
903 5730 964 5779 ut
990 5723 1047 5778 in
1077 5731 1359 5780 contextu.

215 5796 336 5871 (97)
372 5795 545 5856 Rom‘.
577 5795 710 5866 edit,
742 5812 868 5857 cum
895 5797 1084 5869 paucis
1108 5811 1263 5864 mss.,
1293 5795 1433 5866 quod
1464 5795 1562 5853 scit
1580 5799 1750 5852 natu-

1873 3351 2087 3406 fallitur
2107 3359 2161 3405 et
2190 3351 2369 3406 fallit:
2404 3350 2497 3406 hic
2526 3358 2608 3406 est
2650 3351 2744 3422 qui
2793 3366 2889 3420 per
2931 3349 3199 3421 Sibyllam
3250 3351 3466 3407 locutus

1869 3445 1972 3505 est,
2022 3455 2242 3493 sensum
2291 3447 2543 3494 nostrum
2594 3445 2832 3504 secutus,
2883 3436 3064 3493 locum
3095 3439 3286 3494 volens
3318 3438 3466 3494 inter

1870 3526 2114 3582 caelestes
2145 3525 2362 3581 habere.

1957 3648 1976 3672 ι
2014 3625 2082 3680 Ut
2115 3625 2353 3680 sciamus
2381 3641 2502 3697 quas
2545 3641 2576 3679 a
2619 3626 2732 3681 Deo
2778 3624 2981 3681 donata
3026 3633 3158 3680 sunt
3204 3623 3385 3680 nobis.
3431 3649 3447 3669 ι

1871 3713 2009 3781 Quia
2055 3713 2200 3769 enim
2248 3714 2348 3770 Dei
2397 3713 2634 3786 Spiritus
2681 3713 2839 3770 datus
2900 3721 2983 3770 est
3036 3713 3217 3782 nobis,
3259 3713 3464 3770 scimus

1870 3819 1989 3876 quae
2019 3820 2049 3859 a
2079 3805 2191 3860 Deo
2219 3804 2420 3860 donata
2451 3811 2580 3861 sunt
2609 3804 2790 3860 nobis.
2824 3804 2944 3861 Non
2975 3805 3122 3861 enim
3169 3804 3286 3861 haec
3329 3821 3464 3877 pos-

1871 3909 2052 3949 semus
2081 3894 2242 3960 scire,
2271 3894 2316 3949 si
2357 3894 2550 3950 mundi
2594 3894 2850 3966 spiritum
2912 3893 3277 3962 haberemus;
3335 3894 3465 3967 quia

1872 3999 1982 4039 non
2040 3991 2217 4055 potest
2275 3983 2467 4039 mundi
2527 3984 2669 4040 scire
2725 3984 2952 4057 spiritus
3019 3983 3160 4055 (98).
3233 3985 3463 4041 Sensum

1871 4073 2018 4129 enim
2048 4073 2146 4128 Dei
2178 4089 2336 4128 nemo
2367 4073 2542 4141 novit,
2591 4074 2698 4130 nisi
2741 4074 2837 4148 qui
2883 4074 2949 4130 de
2993 4076 3106 4131 Deo
3153 4083 3253 4143 est,
3296 4076 3464 4147 Spiri-

1871 4169 1960 4217 tus
1999 4160 2123 4227 Dei;
2178 4161 2439 4218 inferiora
2484 4163 2633 4218 enim
2678 4179 2791 4219 non
2841 4170 3069 4236 possunt
3117 4165 3464 4236 superiorum

1871 4251 2009 4307 scire
2083 4251 2400 4320 consilium,
2477 4268 2652 4326 neque
2717 4260 2965 4310 creatura
3021 4253 3324 4311 conditoris
3378 4255 3463 4310 sui

1873 4339 2191 4412 dignoscere
2218 4343 2578 4397 voluntatem.

1944 4437 2124 4511 (Vers.
2159 4438 2244 4507 13,
2291 4439 2402 4510 tu.)
2466 4438 2644 4506 «Quae
2698 4445 2752 4494 et
2804 4439 3102 4513 loquimur.
3151 4466 3169 4488 ι
3215 4440 3285 4496 Ut
3331 4438 3463 4494 hinc

1871 4531 2223 4586 manifestum
2253 4532 2324 4585 sit
2354 4532 2494 4587 scire
2537 4547 2636 4586 nos
2681 4547 2801 4604 qum
2839 4547 2870 4585 a
2901 4533 3014 4586 Deo
3061 4531 3220 4586 nobis
3262 4529 3461 4584 donata

1871 4627 2030 4687 sunt;
2065 4619 2194 4691 quia
2225 4619 2341 4674 hac
2367 4627 2421 4674 et
2453 4619 2752 4692 loquimur,
2782 4626 2844 4674 ut
2869 4627 2922 4674 et
2949 4619 3043 4674 alii
3097 4618 3311 4673 discant
3365 4631 3460 4686 per

1865 4706 2169 4762 doctrinam
2201 4708 2527 4779 spiritalem.
2576 4707 3034 4763 Praedicatorihus
3075 4705 3243 4769 enim,
3280 4702 3335 4757 id
3376 4711 3459 4758 est

1871 4797 2131 4868 apostolis
2175 4796 2457 4851 insinuata
2503 4796 2774 4852 divinitus
2821 4801 2966 4861 sunt,
3013 4809 3132 4865 quae
3180 4790 3459 4848 traderent

1869 4887 2106 4957 populis,
2137 4893 2190 4940 et
2210 4885 2552 4942 addiscerent
2586 4883 2859 4956 principes
2889 4880 3056 4953 hujus
3103 4880 3293 4938 saeculi
3323 4881 3457 4954 quid

1868 4974 2220 5031 admisissent
2254 4975 2404 5029 mali.

1951 5086 1969 5110 ι
2018 5065 2139 5120 Non
2190 5063 2246 5117 in
2294 5062 2544 5116 doctrina
2588 5058 2882 5116 verborum
2931 5060 3184 5117 humana
3246 5063 3457 5135 sapien-

1867 5152 1975 5220 tiae,
2009 5152 2102 5208 sed
2133 5151 2189 5206 in
2219 5150 2469 5207 doctrina
2494 5150 2757 5223 spiritus;
2792 5176 2810 5199 ι
2858 5151 3026 5208 verba
3054 5152 3200 5209 enim
3249 5151 3458 5210 huma-

1861 5364 2053 5418 raliter
2085 5379 2190 5417 non
2217 5361 2429 5426 doctos;
2451 5359 2676 5433 reliqua;
2704 5359 2835 5417 edit.
2866 5377 2928 5420 ac
2957 5379 3087 5419 mss.
3121 5376 3324 5433 magno
3354 5375 3453 5416 nu-

1863 5451 2034 5502 mero,
2060 5435 2200 5503 quod
2243 5435 2339 5488 scit
2384 5432 2708 5504 naturaliter
2747 5451 2853 5488 non
2897 5435 3098 5504 doctus,
3127 5432 3183 5487 id
3209 5440 3308 5499 est,
3341 5448 3454 5488 non

1861 5521 1957 5578 per
1985 5505 2290 5578 doctrinam
2320 5503 2542 5578 aliunde
2563 5513 2862 5578 acceptam.

1933 5577 2048 5649 (98)
2081 5578 2163 5633 Ita
2201 5587 2304 5633 vet.
2339 5576 2469 5632 edit.
2492 5592 2556 5632 ac
2584 5573 2713 5649 mss'.
2745 5577 2903 5648 longe
2933 5573 3178 5647 plurimi;
3201 5581 3258 5630 at
3287 5575 3448 5632 Rom.

1859 5647 1991 5705 edit.
2026 5647 2152 5706 cum
2191 5649 2313 5705 aliis
2352 5648 2637 5704 nonnullis
2689 5647 2978 5717 mss.,non
3017 5653 3187 5719 potest
3229 5664 3291 5704 ea
3337 5662 3456 5717 quos

1856 5728 1978 5778 sunt
2005 5721 2104 5779 Dei
2129 5722 2261 5778 scire
2289 5721 2473 5778 mundi
2495 5720 2737 5792 spiritus.
