3976 6390
551 406 657 470 207

1577 415 1674 471 AD
1714 407 1946 475 OPERA
1985 417 2042 475 S.
2085 417 2416 475 AMBROSII
2456 416 2834 475 APPENDIX.

3749 417 3838 481 208

551 551 636 592 naa
663 533 943 607 sapientiae
972 534 1123 592 hunc
1150 551 1369 592 sensum
1398 552 1510 594 non
1532 538 1745 608 vident,
1778 557 1952 612 neque
1997 541 2140 597 litte-
2178 545 2230 603 Α
2258 540 2316 596 ni
2347 541 2374 596 ?
2425 542 2548 613 quis
2605 542 2869 597 instruxit
2920 557 3044 598 eum
3104 542 3238 613 (Isa.
3271 559 3365 610 XL,
3401 542 3488 614 13)
3521 543 3550 599 7
3578 568 3596 592 ι
3656 544 3838 604 Sensus

549 633 750 682 raturas
777 626 976 684 studiis
1003 628 1434 700 apprehenditur
1478 629 1594 701 (99)
1654 631 1792 687 .sed
1840 649 1936 704 per
1987 631 2150 688 ﬁdem

548 716 788 789 spiritali
821 719 1032 774 ratione
1079 718 1409 791 concipitur,
1442 719 1657 777 dicente
1687 722 1822 777 Isaia
1853 723 2145 794 propheta:

560 829 579 852 ε
611 806 728 862 Nisi
761 807 1130 875 credideritis,
1162 824 1338 881 neque
1367 810 1685 881 intelligetis
1717 812 1849 880 (Isa.
1890 830 1987 877 vn,
2015 812 2095 881 9).
2122 837 2139 859 -

545 895 794 951 Naturali
827 896 974 951 enim
1002 898 1174 968 magis
1204 897 1342 968 lege,
1375 915 1536 970 quam
1589 915 1756 955 cursu
1803 899 2068 967 siderum,
2100 907 2153 954 et

547 984 778 1041 calculis
827 985 1131 1057 signorum,
1179 1002 1299 1060 quae
1339 988 1397 1042 in
1442 988 1790 1044 ﬁrmamento
1836 988 2148 1056 denotatur,

545 1071 868 1130 addiscitur.
901 1075 1148 1147 Denique
1174 1076 1457 1132 credentes
1487 1094 1594 1132 non
1647 1077 1904 1133 humanis
1946 1077 2148 1144 verbis,

545 1162 640 1219 sed
670 1171 880 1220 naturae
910 1181 1020 1220 suae
1071 1164 1265 1222 vident
1307 1183 1630 1238 congruere,
1681 1167 1827 1240 quod
1875 1167 2146 1232 credunt;

547 1269 683 1325 opus
727 1253 874 1309 enim
906 1254 1151 1324 agnoscit
1179 1255 1431 1326 opiﬁcem
1467 1273 1478 1310 :
1522 1254 1752 1328 ideoque
1791 1256 2147 1326 Evangelium

546 1341 748 1397 animis
779 1343 982 1396 nostris
1021 1343 1269 1415 loquitur
1315 1344 1604 1415 spiritalia,
1638 1344 1883 1400 excitans
1917 1345 2037 1398 illos
2083 1343 2150 1400 ad

548 1430 923 1502 cognitionem
953 1430 1036 1486 sui
1068 1430 1363 1488 Creatoris.

635 1543 653 1567 ι
680 1521 1035 1592 Spiritalibus
1065 1521 1335 1594 spiritalia
1382 1531 1776 1596 comparantes.
1809 1548 1828 1571 ι
1883 1524 1997 1581 Hoc
2045 1530 2146 1592 est,

549 1608 618 1664 iis
649 1609 745 1682 qui
778 1609 1113 1666 mundanam
1145 1611 1488 1684 prudentiam
1537 1612 1794 1679 refutant,
1845 1612 2146 1684 spiritalem

547 1697 846 1753 efﬁcaciam
875 1698 1108 1766 tradere,
1143 1717 1264 1772 quae
1313 1701 1576 1772 mysterio
1625 1701 1754 1756 ﬁdei
1808 1703 2146 1776 continetur,

545 1785 612 1840 ad
661 1785 1089 1842 illuminandum
1135 1804 1327 1845 sensus
1375 1789 1774 1846 benevolorum
1819 1789 2142 1862 hominum;

544 1871 830 1976 credentes
860 1875 1007 1930 enim
1038 1892 1159 1948 qua;
1188 1876 1380 1932 mundi
1411 1877 1682 1949 sapientia
1710 1879 1880 1935 stulta
1901 1877 2139 1951 judicat,
2171 1917 2218 1976 Β

545 1961 820 2032 spiritales
853 1972 999 2020 sunt.

631 2075 650 2099 ι
700 2053 976 2110 Animalis
1025 2063 1207 2112 autem
1257 2055 1426 2114 homo
1472 2075 1584 2114 non
1630 2058 1863 2131 percipit
1910 2075 1973 2115 ea
2022 2077 2143 2133 quae

545 2156 675 2204 sunt
716 2149 956 2221 Spiritus
1001 2152 1148 2219 Dei;
1207 2152 1446 2208 stultitia
1492 2152 1640 2208 enim
1690 2161 1772 2209 est
1820 2152 1906 2208 illi
1959 2153 2065 2224 (1).
2111 2179 2129 2200 ι

545 2235 845 2294 Pecoribus
874 2239 1021 2295 enim
1051 2239 1254 2297 similis
1299 2247 1440 2304 120
1489 2257 1708 2297 sensum
1743 2257 1901 2297 suum
1934 2241 1993 2296 in
2023 2249 2143 2297 ter-

542 2350 659 2391 ram
706 2336 970 2409 deprimit
1019 2357 1030 2395 :
1079 2339 1311 2412 ideoque
1357 2357 1468 2395 non
1515 2339 1824 2412 assequitur
1869 2338 1977 2394 nisi
2023 2356 2142 2412 quae

541 2425 730 2482 videt:
766 2443 866 2484 nec
895 2435 1048 2500 putat
1074 2427 1285 2500 aliquid
1314 2444 1468 2500 posse
1499 2427 1616 2484 ﬁeri
1657 2445 1820 2501 quam
1867 2427 2143 2499 quomodo

541 2512 664 2569 scit.
697 2513 826 2570 Ideo
858 2514 1130 2586 quidquid
1160 2515 1320 2570 aliter
1359 2515 1534 2581 audit,
1586 2531 1747 2588 quam
1793 2515 1972 2583 novit,
2006 2517 2141 2571 stul-

541 2609 659 2658 tum
687 2603 940 2677 judicat;
975 2603 1119 2658 nihil
1155 2604 1304 2659 enim
1335 2604 1617 2660 existimat
1662 2620 1818 2676 posse
1857 2602 1973 2658 ﬁeri
2024 2604 2142 2660 sine

541 2692 951 2749 commistione.
1013 2691 1169 2748 Unde
1226 2692 1368 2748 ridet
1429 2692 1656 2749 audiens
1722 2693 1896 2748 Deum
1961 2692 2139 2750 ﬁlium

539 2781 814 2853 genuisse,
847 2797 1006 2854 quem
1033 2782 1136 2837 scit
1166 2781 1472 2854 simplicem
1505 2790 1557 2836 et
1589 2783 1970 2854 incorporeum
2016 2801 2028 2849 ;
2086 2791 2139 2838 et

538 2871 826 2944 Virginem
883 2873 1174 2943 peperisse,
1224 2880 1277 2929 et
1337 2874 1577 2928 resoluta
1631 2889 1862 2945 corpora
1919 2889 2135 2928 rursum

537 2959 785 3015 revocari
843 2959 912 3013 ad
965 2960 1180 3028 vitam;
1231 2977 1358 3015 cum
1407 2961 1525 3016 haec
1577 2961 1748 3032 magis
1801 2960 1869 3016 ad
1920 2961 2135 3017 laudem

441 3082 450 3088 -
538 3048 639 3103 Dei
689 3047 999 3118 proﬁciant,
1050 3057 1112 3103 ut
1158 3048 1412 3103 credatur
1460 3048 1672 3118 fecisse,
1738 3049 1897 3121 cujus
1958 3051 2140 3123 operis

544 3138 688 3194 ratio
718 3136 1039 3209 investigari
1088 3153 1198 3192 non
1245 3137 1416 3208 possit
1471 3155 1483 3192 :
1534 3139 1679 3194 Deus
1725 3149 1806 3196 est
1835 3141 2006 3209 enim,
2039 3142 2136 3213 qui

531 3226 682 3283 fecit.
741 3226 1097 3282 Imbecillitas
1162 3226 1309 3282 enim
1366 3226 1607 3282 humana
1669 3229 1899 3284 stultum
1962 3237 2136 3300 putat,

2263 629 2360 684 Dei
2390 637 2490 698 est,
2523 631 2668 704 quod
2698 631 2817 687 haec
2843 631 3166 703 spiritaliter
3201 631 3368 703 jussit
3407 632 3551 702 ﬁeri,
3600 651 3693 706 per
3734 652 3837 708 quia

2263 719 2456 773 mundi
2514 721 2780 791 sapientia
2831 721 3000 777 stulta
3063 719 3410 792 probaretur,
3456 738 3657 795 negans
3702 741 3838 796 posse

2263 807 2378 862 ﬁeri
2440 808 2586 880 quod
2640 809 2845 864 factum
2894 817 2996 865 est.
3030 809 3201 876 Quem
3253 826 3472 865 sensum
3530 812 3719 867 nullus
3767 820 3836 868 est

2262 897 2354 970 qui
2387 899 2730 968 cognoverit,
2760 906 2814 954 et
2843 899 3132 970 displiceat
3165 899 3269 967 illi,
3301 907 3362 955 ut
3390 901 3642 956 emendet
3668 903 3839 958 consi-

2263 985 2399 1040 lium
2455 986 2586 1052 Dei;
2647 986 2777 1058 quia
2831 987 2925 1059 qui
2973 989 3254 1060 cognovit,
3313 988 3499 1044 laudat
3557 992 3835 1062 potentiam

2261 1073 2382 1141 Dei,
2429 1089 2588 1145 quem
2625 1075 2719 1146 qui
2762 1076 2948 1130 omnia
3002 1083 3163 1147 negat
3221 1093 3396 1147 posse,
3439 1093 3540 1132 nec
3589 1078 3834 1134 mundum

2261 1162 2436 1218 credit
2493 1163 2703 1219 fecisse.
2760 1163 2906 1230 Quid
2949 1165 3097 1220 enim
3148 1181 3407 1236 magnum
3460 1173 3562 1236 est,
3597 1175 3657 1222 ut
3705 1167 3836 1223 dese

2260 1250 2517 1306 credatur
2547 1268 2850 1324 generasse,
2901 1253 2996 1326 qui
3048 1269 3158 1308 non
3200 1253 3501 1326 ambigitur
3548 1263 3741 1310 cuncta
3779 1271 3837 1310 ex

2261 1338 2440 1393 nihilo
2469 1339 2661 1395 fecisse
2684 1340 2712 1396 ἳ
2734 1341 2935 1413 quippe
2965 1359 3088 1398 cum
3122 1341 3270 1399 dicat
3300 1344 3550 1399 Salvator
3582 1361 3594 1399 :
3650 1367 3669 1392 ι
3695 1339 3836 1415 Apud

2259 1428 2433 1482 Deum
2491 1437 2672 1484 autem
2730 1431 2917 1485 omnia
2969 1431 3255 1504 possibilia
3310 1439 3439 1486 sunt
3496 1433 3706 1505 (Matth.
3733 1450 3832 1500 xxx,

2259 1514 2374 1587 26).
2416 1541 2435 1564 .

2345 1631 2362 1654 ι
2388 1606 2499 1662 Nos
2525 1615 2706 1663 autem
2747 1623 2964 1664 sensum
2994 1607 3216 1664 Domini
3248 1608 3532 1668 habemus.
3567 1636 3584 1660 ι
3629 1612 3741 1668 Hoc
3765 1611 3834 1667 di-

2257 1696 2352 1763 cit,
2386 1696 2515 1768 quia
2563 1697 2847 1754 credentes
2893 1698 3187 1772 participes
3234 1715 3425 1756 sumus
3475 1700 3722 1773 ejusdem
3768 1701 3834 1757 di-

2257 1784 2400 1840 vinae
2430 1787 2715 1842 sententiae
2757 1787 2862 1859 (2).

2876 1938 3104 1998 CAPUT
3142 1942 3236 1999 III.

2330 2060 2511 2131 (Vers.
2547 2062 2626 2131 1.)
2672 2085 2690 2109 ι
2717 2063 2790 2117 Et
2817 2077 2938 2134 ego,
2972 2064 3188 2134 fratres,
3225 2082 3336 2122 non
3377 2069 3533 2139 potui
3578 2068 3736 2125 vobis
3770 2069 3827 2124 lo-

2257 2149 2351 2220 qui
2373 2149 2526 2220 quasi
2549 2150 2910 2220 spiritalibus,
2940 2153 3033 2208 sed
3065 2158 3220 2226 quasi
3252 2157 3588 2214 carnalibus.
3625 2183 3644 2207 n
3695 2160 3828 2216 Nunc

2256 2236 2344 2292 his
2373 2238 2638 2309 loquitur,
2667 2239 2762 2312 qui
2802 2250 3087 2314 propterea
3115 2243 3262 2316 quod
3291 2246 3480 2301 saeculi
3531 2247 3714 2306 adhuc
3753 2265 3827 2303 vo-

2257 2325 2562 2396 luptatibus
2589 2328 2920 2398 serviebant,
2951 2335 3197 2388 carnales
3225 2341 3398 2390 erant.
3441 2336 3706 2402 Quamvis
3732 2337 3825 2409 jam

2253 2411 2511 2485 baptizati
2554 2427 2756 2486 essent,
2785 2426 2840 2474 et
2868 2419 3135 2491 Spiritum
3179 2433 3427 2478 sanctum
3472 2426 3823 2497 accepissent;

2253 2511 2437 2558 tamen
2487 2505 2616 2577 quia
2669 2515 2792 2578 post
2848 2508 3182 2581 baptismum
3240 2512 3426 2568 statim
3481 2514 3550 2570 ad
3608 2524 3824 2571 veterem

2253 2590 2538 2651 hominem
2597 2596 2817 2654 fuerant
2873 2601 3100 2668 reversi,
3153 2601 3245 2656 cui
3301 2601 3825 2670 abrenuntiaverant,

2253 2683 2813 2751 dicunturcarnales.
2845 2689 3083 2761 Spiritus
3107 2691 3253 2747 enim
3287 2701 3508 2748 sanctus
3550 2701 3685 2751 tunc
3729 2709 3826 2765 per-

2253 2784 2437 2830 manet
2487 2776 2545 2831 in
2596 2793 2680 2846 eo,
2713 2778 2805 2834 cui
2861 2794 2917 2834 se
2974 2779 3274 2850 infuderat,
3311 2782 3357 2837 si
3417 2793 3731 2854 permaneat
3779 2783 3825 2837 in

2251 2865 2530 2934 proposito
2559 2868 2985 2938 regenerationis
3019 2886 3031 2924 :
3066 2870 3112 2925 si
3160 2886 3269 2941 quo
3315 2871 3519 2940 minus,
3551 2871 3823 2937 abscedit;

2250 2954 2328 3009 ita
2383 2965 2565 3011 tamen
2593 2965 2656 3012 ut
2691 2958 2737 3012 si
2777 2975 2832 3014 se
2888 2959 3270 3015 reformaverit
3328 2960 3515 3030 homo,
3547 2962 3729 3017 redeat
3769 2959 3826 3015 ad

2250 3041 2430 3097 illum.
2464 3045 2688 3116 Semper
2711 3047 2860 3102 enim
2889 3057 3111 3120 paratus
3141 3050 3210 3107 ad
3236 3051 3445 3106 bonum
3477 3059 3582 3119 est,
3611 3051 3826 3122 diligens

2250 3133 2648 3202 pmnitentiam.

2333 3246 2351 3268 ι
2387 3223 2551 3290 Quasi
2580 3226 2824 3296 parvulis
2855 3226 2913 3282 in
2964 3226 3182 3284 Christo
3213 3230 3296 3286 lac
3325 3229 3483 3287 vobis
3534 3239 3725 3304 potum
3751 3229 3826 3290 de-

1820 3283 1840 3284 η
2394 3283 2426 3290 τ
2580 3283 2598 3296 ,
2982 3283 2989 3284 ,
3109 3283 3115 3284 ,
3160 3283 3172 3284 ,
3215 3283 3290 3286 η-
3341 3283 3480 3287 .____
3535 3283 3803 3304 τμη-η-

530 3316 678 3390 quod
728 3316 957 3373 scientia
985 3333 1081 3374 sua
1109 3332 1219 3372 non
1249 3317 1529 3372 concludit
1571 3335 1583 3384 ;
1640 3334 1763 3373 cum
1813 3318 1916 3374 hoc
1966 3320 2137 3391 magis
2168 3283 2210 3342 Ο
2246 3312 2322 3380 di,
2358 3331 2468 3370 non
2499 3332 2696 3372 escam.
2732 3341 2751 3364 ι
2788 3317 3053 3384 Quamvis
3082 3322 3254 3376 renati
3285 3332 3466 3378 essent
3495 3323 3555 3378 in
3599 3323 3820 3388 Christo,

528 3406 760 3462 stultum
789 3406 1012 3463 deberet
1041 3405 1260 3475 habere,
1283 3413 1338 3462 et
1367 3406 1507 3462 illud
1539 3405 1798 3478 prudens,
1823 3406 1968 3480 quod
2001 3408 2132 3480 quia

523 3496 623 3552 Dei
659 3497 863 3554 factum
895 3497 1120 3566 dicitur,
1153 3513 1263 3553 non
1294 3506 1470 3570 potest
1490 3497 1917 3568 comprehendi.

613 3611 629 3632 ι
677 3587 748 3642 Et
798 3603 910 3642 non
963 3594 1142 3657 potest
1189 3586 1619 3659 scire,quoniam
1671 3585 1996 3659 spiritaliter
2043 3584 2130 3656 ju-

525 3671 764 3728 dicatur.
806 3697 824 3718 ι
878 3673 1184 3728 Humanam
1215 3673 1574 3729 traditionem
1637 3682 1946 3745 sequentes,
1997 3673 2129 3730 dum

525 3759 693 3815 unius
721 3751 819 3815 Dei
851 3759 1016 3815 ﬁdem
1048 3761 1342 3832 abnegant,
1373 3761 1736 3834 spiritualiter
1779 3761 1984 3816 factum
2026 3769 2127 3830 est,

525 3847 673 3920 quod
701 3847 915 3904 ratione
942 3850 1125 3906 carnis
1153 3847 1330 3905 inﬂati
1366 3857 1562 3922 putant
1589 3849 1710 3905 ﬁeri
1761 3867 1871 3906 non
1914 3867 2070 3923 posse
2104 3870 2116 3908 :

527 3947 581 3994 et
634 3938 714 3996 sic
762 3938 983 4011 reprobi
1039 3940 1310 4009 annotati,
1385 3939 1714 4013 spiritaliter
1775 3940 2125 3998 condemnati

523 4033 672 4083 sunt.

599 4123 782 4198 (Vers.
819 4127 931 4200 15.)
977 4153 996 4176 ι
1025 4127 1301 4200 Spiritalis
1347 4143 1482 4184 vero
1523 4126 1792 4199 dijudicat
1836 4127 2044 4195 omnia,
2074 4135 2128 4183 et

523 4215 638 4290 ipse
667 4233 699 4272 a
725 4217 944 4273 nemine
967 4216 1274 4289 judicatur.
1307 4241 1324 4264 ι
1372 4216 1643 4284 Quoniam
1675 4233 1804 4273 vera
1832 4217 1972 4274 ratio
2003 4217 2126 4288 spi-

523 4305 807 4362 ritualium
852 4315 953 4375 est,
1002 4306 1059 4362 id
1108 4313 1211 4376 est,
1253 4305 1589 4364 credendum
1625 4324 1638 4374 ;
1674 4305 1780 4362 hoc
1819 4305 1965 4361 enim
2001 4306 2125 4377 quis

525 4401 901 4468 nuncupatur,
933 4395 1082 4470 quod
1111 4395 1288 4453 credit
1319 4414 1330 4451 :
1370 4395 1494 4451 ideo
1518 4395 1621 4467 ipsi
1641 4396 1829 4451 omnia
1848 4394 2119 4467 judicant.

523 4484 776 4557 Ipsorum
829 4485 978 4542 enim
1023 4485 1279 4556 exemplo
1324 4483 1624 4540 inﬁdelitas
1675 4483 2116 4556 dijudicabitur:

521 4573 636 4647 ipsi.
656 4583 840 4632 autem
869 4593 900 4631 a
928 4575 1148 4632 nemine
1162 4573 1584 4646 judicabuntur.
1617 4575 1752 4642 Quis
1781 4575 1927 4630 enim
1978 4590 2121 4631 con-

2243 3410 2425 3458 tamen
2456 3421 2566 3460 non
2598 3405 2707 3461 fuit
2757 3406 2986 3478 dignum
3035 3408 3176 3464 tradi
3225 3411 3564 3482 spiritualia;
3628 3416 3828 3482 accepta

2241 3493 2388 3549 enim
2426 3494 2553 3564 ﬁde,
2586 3512 2707 3568 quae
2756 3508 2836 3553 est
2885 3500 3037 3554 velut
3089 3515 3276 3555 semen
3327 3499 3599 3573 spiritale,
3630 3500 3826 3556 nullum

2239 3583 2481 3640 fructum
2542 3587 2655 3641 Deo
2721 3585 2949 3658 dignum
3026 3589 3294 3657 fecerunt,
3353 3597 3415 3645 ut
3488 3586 3827 3661 perfectionis

2241 3674 2406 3730 verba
2463 3683 2805 3731 mererentur
2861 3677 3141 3734 addiscere
3203 3697 3215 3734 :
3272 3679 3367 3734 sed
3419 3680 3575 3752 quasi
3626 3676 3824 3754 parvuli

2239 3763 2672 3835 imperfectionis
2723 3765 2973 3822 sensibus
3025 3765 3340 3824 studebant.
3401 3771 3698 3841 Apostolus
3737 3783 3818 3824 au-

2237 3858 2348 3907 tem
2389 3852 2476 3908 vir
2521 3851 2766 3922 divinus,
2807 3862 2861 3909 et
2907 3854 3156 3911 medicus
3202 3855 3489 3928 spiritalis,
3539 3859 3821 3930 unicuique

2237 3943 2539 4000 secundum
2589 3943 2736 4000 vires
2793 3960 2918 4001 suas
2974 3944 3256 4014 tradebat;
3308 3962 3377 4002 ne
3431 3964 3526 4019 per
3584 3947 3820 4021 imperfe-

2235 4033 2474 4090 ctionem
2519 4043 2572 4091 et
2605 4033 2936 4114 imperitiam
2994 4034 3118 4107 quis
3173 4035 3240 4091 de
3280 4035 3443 4092 rebus
3489 4038 3820 4110 spiritalibus

2234 4123 2552 4179 scandalum
2586 4131 2882 4196 pateretur.

2308 4215 2491 4286 (Vers.
2524 4214 2605 4287 2)
2652 4240 2669 4263 ι
2699 4215 2956 4273 Nondum
2988 4216 3135 4272 enim
3180 4218 3462 4288 poteratis.
3506 4242 3526 4267 ι
3582 4214 3820 4275 Ostendit

2232 4309 2416 4373 aperte
2447 4319 2559 4359 non
2604 4303 2730 4360 illos
2771 4303 3026 4360 debuisse
3075 4303 3287 4372 audire,
3329 4321 3448 4379 quae
3497 4305 3821 4362 conﬁrmatis

2231 4391 2464 4449 dicenda
2493 4401 2641 4450 sunt.

2315 4506 2333 4528 ε
2372 4483 2476 4539 Sed
2507 4499 2683 4556 neque
2712 4500 2862 4540 nunc
2918 4482 3146 4555 potestis
3176 4501 3190 4551 ;
3245 4483 3428 4541 adhuc
3453 4485 3601 4541 enim
3633 4500 3820 4543 carna—

2230 4571 2307 4628 les
2334 4571 2483 4628 estis.
2515 4595 2534 4619 ι
2579 4573 2679 4628 Hic
2730 4571 2891 4629 valde
2942 4573 3123 4644 arguit
3169 4573 3534 4630 temeritatem
3583 4575 3816 4640 illorum,

521 4667 744 4725 demuet
772 4683 903 4724 vera
933 4665 1255 4723 dicentem?
1299 4665 1436 4724 Cum
1487 4665 1632 4722 enim
1682 4674 1894 4724 constet
1932 4682 2124 4722 omnes
2153 4648 2202 4706 D
2234 4660 2328 4733 qui
2361 4660 2732 4733 querebantur
2758 4661 2966 4718 dudum
3003 4678 3059 4718 se
3109 4677 3220 4717 non
3267 4662 3486 4720 audisse
3533 4663 3814 4736 spiritalia.

522 4759 781 4815 inimicos
806 4757 932 4816 ﬁdei
966 4757 1102 4814 falsa
1132 4765 1316 4813 tenere
1346 4772 1444 4829 pro
1479 4755 1644 4825 veris,
1675 4757 1952 4813 accusatio
2001 4756 2120 4811 illo-

525 4863 648 4902 rum
677 4848 735 4902 in
767 4846 986 4903 irritum
1007 4846 1123 4919 jam
1156 4845 1394 4902 deducta
1438 4853 1540 4914 est,
1574 4847 1689 4900 veri
1732 4845 1947 4917 judicio
1993 4861 2119 4902 cou-

524 4933 782 4991 demnata
812 4953 826 5002 ;
860 4935 988 5008 quia
1021 4935 1118 5008 qui
1143 4952 1256 4992 non
1275 4934 1596 5004 crediderit,
1618 4934 2116 5008 inquit,Dominus,

522 5021 635 5094 jam
661 5021 942 5093 judicatus
971 5031 1054 5079 est
1085 5025 1263 5095 (Ιοαη.
1290 5042 1373 5093 1n,
1406 5025 1518 5095 18).

603 5111 787 5185 (Vers.
825 5111 938 5184 16.)
982 5135 999 5158 ι
1031 5111 1164 5180 Quis
1193 5113 1341 5168 enim
1367 5113 1625 5186 cognovit
1666 5128 1886 5170 sensum
1934 5111 2119 5168 Domi-

600 5348 720 5419 (99)
753 5347 912 5404 Rom.
944 5345 1076 5403 edit.
1113 5362 1238 5403 cum
1288 5364 1416 5403 mss.
1467 5346 1707 5419 uno_vel
1749 5348 1920 5402 altero
1959 5365 1970 5403 :
2001 5348 2120 5402 Non

527 5418 585 5472 in
605 5417 848 5474 Suasione
871 5419 1114 5474 humana:
1142 5419 1430 5490 sapientiai,
1456 5419 1546 5490 sed
1587 5417 1645 5470 in
1691 5419 1977 5474 ostensione
2002 5420 2121 5490 spi-

528 5491 734 5561 ritus...
774 5507 936 5561 neque
968 5489 1268 5546 litterarum
1298 5489 1491 5561 studiis
1517 5490 1948 5559 apprehenditur.
1983 5489 2120 5546 Aliae

529 5559 664 5634 edit.
699 5570 752 5616 et
781 5559 909 5618 mss.
963 5563 1107 5619 inter
1151 5579 1208 5618 se
1245 5559 1619 5627 consentiunt,
1666 5562 1974 5634 nisiLquod
2023 5579 2120 5634 pro

531 5629 845 5705 litteratum
870 5635 1080 5701 studiis,
1117 5651 1245 5690 mss.
1279 5633 1489 5703 aliquot
1517 5647 1578 5686 ac
1603 5640 1714 5705 vet.
1745 5629 1878 5690 edit.
1909 5629 2116 5705 legunt,

530 5702 834 5758 litteratura
869 5705 1080 5769 studiis,
1111 5705 1253 5760 forte
1280 5705 1459 5760 littera
1482 5719 1544 5757 ac
1565 5704 1772 5759 studiis.

601 5775 682 5845 (1)
717 5774 875 5830 Rom.
904 5774 1038 5831 edit.
1071 5782 1124 5830 et
1154 5791 1283 5830 mss.
1329 5774 1608 5842 nonnulli,
1657 5775 1926 5831 Animalis
1982 5775 2120 5829 enim

2231 4767 2356 4807 cum
2385 4751 2568 4808 adhuc
2628 4751 2842 4822 indigni
2898 4761 3079 4808 essent
3133 4752 3345 4809 audire.
3382 4751 3815 4826 Pseudoapostoli

2229 4841 2373 4897 enim
2435 4843 2745 4913 promiscue
2801 4842 3058 4898 omnibus
3108 4860 3220 4900 uno
3275 4852 3438 4917 atque
3496 4844 3687 4900 eodem
3738 4858 3815 4915 ge-

2228 4947 2357 4986 nere
2383 4931 2690 5000 tradebant,
2739 4931 2948 4989 nullius
2986 4949 3271 5004 personam
3304 4933 3705 4999 discernentes;
3760 4939 3814 4986 ut

2229 5020 2589 5092 acceptabiles
2644 5020 2837 5077 ﬁerent
2888 5039 2984 5093 per
3031 5022 3352 5095 hypocrisin
3385 5021 3750 5081 commendati
3790 5037 3805 5073 :

2229 5125 2354 5165 cum
2385 5117 2598 5166 constet
2621 5099 2916 5167 Dominum
2949 5119 3003 5167 et
3046 5121 3327 5168 auctorem
3376 5121 3625 5169 nostrum
3668 5106 3811 5166 Chri-

2229 5347 2380 5400 homo
2428 5362 2544 5415 qua:
2566 5351 2688 5398 sunt
2719 5345 2954 5416 Spiritus
3008 5347 3125 5414 Dei,
3166 5345 3346 5414 nescit,
3377 5353 3424 5400 et
3469 5343 3700 5400 stultitia
3745 5346 3812 5396 est

2230 5417 2353 5482 illi;
2377 5426 2486 5472 vet.
2509 5416 2642 5472 edit.
2676 5433 2738 5472 ac
2768 5417 2964 5489 reliqui
2996 5435 3122 5473 mss.
3155 5418 3312 5474 nobis
3349 5417 3702 5489 umifaciuut.

2303 5490 2384 5561 (2)
2418 5491 2497 5544 Ita
2526 5504 2654 5543 mss.
2690 5489 2873 5561 plures
2887 5483 3268 5561 potioresque,
3291 5505 3320 5543 a
3349 5488 3548 5561 quibus
3568 5488 3673 5542 hoc
3700 5483 3808 5561 solo

2229 5560 2493 5640 dilierpnt
2523 5568 2647 5640 vet.
2663 5557 2795 5614 edit.
2821 5557 2973 5640 quod
2996 5557 3216 5640 habent,
3248 5557 3304 5615 id
3333 5557 3427 5626 est,
3448 5561 3643 5640 divinis
3659 5557 3808 5640 scien-

2229 5633 2340 5697 tice;
2374 5632 2531 5687 Rom.
2561 5637 2742 5705 autem
2773 5631 2906 5705 edit.
2939 5641 2991 5688 et
3019 5633 3240 5705 quidam
3275 5649 3425 5700 mss.,
3449 5632 3577 5705 quia
3596 5631 3691 5701 qui
3709 5643 3807 5683 cre-

2227 5705 2401 5832 gzigtes
2428 5718 2628 5767 sumus,
2650 5701 2896 5770 ejusdem,
2930 5705 2988 5758 id
3014 5701 3106 5771 est,
3138 5705 3331 5761 divina:
3357 5701 3582 5759 scientiae
3610 5713 3808 5756 sensum

2329 5788 2490 5830 emus.

2329 5788 2490 5830 emus.
