3976 6388
170 432 273 494 209

1249 439 1610 497 COMMENT.
1651 441 1722 498 [Ν
1759 439 1976 496 EPIST.
2002 441 2025 496 Ι
2055 441 2151 497 AD
2190 441 2346 498 COR.

3353 444 3458 503 210

168 577 313 624 stum
351 566 510 624 aliter
541 569 783 642 populis,
825 569 982 626 aliter
1009 567 1299 641 discipulis
1329 569 1667 638 interfatum,
1701 577 1756 627 et
1785 571 1835 630 A
1865 568 2231 627 ministerium
2264 569 2520 643 pertinet,
2551 571 2893 626 necessarius
2925 580 3040 639 est;
3080 581 3142 628 ut
3176 573 3458 632 honoriﬁ-

169 656 310 712 inter
339 658 485 729 ipsos
521 661 798 731 apostolos
829 659 995 715 fuisse
1026 660 1346 718 distantiam
1371 681 1385 726 ;
1426 662 1603 718 tribus
1632 670 1757 718 ete-

169 746 280 802 nim
330 747 620 820 discipulis
658 749 886 821 gloriam
933 766 1086 804 suam
1140 751 1197 806 in
1247 761 1432 807 monte
1479 751 1753 821 ostendit,

166 833 354 890 dicens
384 834 496 891 illis
535 847 596 893 ut
627 846 868 894 tacerent
900 838 1106 909 visum,
1154 841 1402 914 quandiu
1447 858 1478 896 a
1524 841 1756 897 mortuis

165 932 472 996 resurgeret
503 927 713 995 (Matth.
739 943 878 993 xvu,
913 929 994 999 9).

253 1017 385 1074 121
433 1023 611 1092 (Vers.
644 1023 724 1093 3.)
773 1048 789 1069 -
821 1023 958 1082 Cum
987 1025 1134 1080 enim
1166 1025 1224 1081 in
1255 1025 1413 1082 vobis
1437 1027 1754 1082 aemulatio-

166 1125 263 1165 nes
307 1117 361 1167 et
405 1111 783 1168 contentiones
812 1112 945 1181 sint,
998 1130 1181 1170 nonne
1224 1115 1468 1171 carnales
1501 1115 1651 1185 estis,
1701 1122 1754 1170 et

164 1198 465 1254 secundum
504 1198 784 1256 hominem
817 1201 1155 1259 ambulatis?
1185 1227 1202 1250 ι
1242 1202 1590 1274 lndignitatis
1616 1220 1756 1259 cau—

164 1303 277 1343 sam
309 1287 576 1355 ostendit;
611 1289 740 1360 quia
765 1289 858 1362 qui
890 1289 958 1346 de
989 1289 1212 1346 homine
1243 1301 1422 1363 sperat
1455 1292 1749 1360 auxilium,

163 1377 399 1433 carnalis
429 1387 528 1435 est.
561 1377 666 1444 Qui
698 1387 900 1446 autem,
939 1389 1117 1452 spreta
1149 1381 1514 1448 humanitate,
1546 1381 1612 1437 de
1640 1384 1752 1439 Deo

163 1475 362 1539 sperat,
395 1467 660 1539 spiritalis
686 1475 799 1536 est;
835 1469 965 1542 quia
992 1471 1138 1526 Deus
1168 1469 1394 1543 spiritus
1423 1479 1524 1526 est.

235 1556 418 1625 (Vers.
447 1555 528 1626 4.)
574 1581 591 1604 ι
621 1556 757 1614 Cum
787 1558 934 1613 enim
962 1559 1085 1631 quis
1113 1559 1260 1616 dicat
1285 1579 1296 1616 :
1329 1560 1445 1630 Ego
1475 1577 1594 1614 sum
1617 1560 1752 1614 Pau-

163 1643 237 1710 li;
293 1644 436 1700 alius
487 1653 716 1700 autem:
777 1646 894 1717 Ego
959 1647 1192 1718 Apollo;
1263 1663 1445 1703 nonne
1502 1646 1752 1702 homines

161 1733 291 1789 estis
317 1733 345 1788 ?
385 1757 402 1780 ι
451 1732 605 1790 Sicut
642 1733 790 1789 enim
835 1734 1128 1806 gloriantes
1175 1735 1231 1790 in
1278 1737 1410 1802 Deo,
1441 1742 1494 1790 et
1524 1734 1590 1790 de
1633 1733 1752 1806 ipso

161 1839 380 1878 omnem
411 1823 639 1895 gratiam
674 1833 953 1896 sperantes
984 1825 1090 1894 (3),
1121 1825 1201 1881 dii
1245 1824 1529 1893 dicuntur,
1578 1842 1610 1881 a
1639 1827 1751 1881 Deo

1864 666 2018 714 cetur
2047 659 2198 732 quasi
2233 675 2458 726 servus,
2489 675 2598 715 non
2630 666 2689 714 ut
2717 659 2929 732 aliquid
2959 659 3025 715 de
3068 660 3166 716 illo
3210 672 3456 734 speretur

1864 748 1931 805 ad
1962 749 2222 821 injuriam
2252 750 2372 806 Dei.

1936 857 2116 927 (Vers.
2140 857 2222 927 8.)
2266 881 2283 903 ι
2314 857 2419 924 Qui
2449 857 2594 912 enim
2629 857 2857 928 plantat,
2885 863 2939 912 et
2965 857 3058 929 qui
3099 857 3256 929 rigat,
3281 864 3454 916 unum

1863 951 2010 1000 sunt.
2046 970 2063 992 -
2097 945 2276 1000 Unum
2306 953 2454 1012 sunt,
2490 946 2621 1016 quia
2650 944 2811 1000 ambo
2844 945 3165 1000 mercenarii
3195 954 3323 1001 sunt
3347 947 3450 1018 (4);

1863 1033 2114 1104 quamvis
2134 1033 2351 1089 diversa
2380 1035 2491 1090 sint
2517 1034 2739 1089 illorum
2763 1034 2942 1090 olIicia
2970 1051 2980 1088 :
3021 1058 3038 1080 ι
3070 1035 3456 1109 Unusquisque

1861 1129 2042 1176 autem
2073 1123 2344 1195 propriam
2378 1123 2679 1178 mercedem
2703 1123 2934 1193 accipiet
2963 1123 3263 1179 secundum
3291 1141 3452 1181 suum

1865 1210 2125 1267 laborem.
2169 1237 2187 1259 ι
2245 1211 2508 1279 Quamvis
2554 1213 2700 1267 enim
2751 1228 2922 1267 unum
2980 1211 3124 1280 sint,
3179 1213 3272 1268 sed
3323 1213 3455 1286 quia

1864 1298 2038 1370 major
2085 1309 2187 1368 est,
2236 1301 2332 1374 qui
2382 1301 2751 1370 evangelizat,
2801 1316 2965 1372 quam
3021 1301 3115 1373 qui
3171 1301 3448 1373 baptizat;

1861 1387 1986 1443 ideo
2014 1388 2280 1444 discrevit
2322 1389 2598 1446 mercedes
2626 1388 2888 1454 illorum;
2925 1396 2980 1445 et
3027 1405 3136 1444 non
3173 1391 3349 1446 solum
3382 1391 3452 1447 ad

1862 1476 1998 1544 hoc,
2048 1478 2142 1533 sed
2188 1477 2255 1533 ad
2311 1478 2575 1534 doctrinae
2627 1478 2997 1534 sinceritatem
3051 1479 3330 1551 pertinet:
3390 1487 3454 1536 ut

1863 1563 2058 1636 majori
2101 1566 2343 1622 mercede
2383 1568 2454 1622 sit
2500 1566 2719 1639 dignus,
2771 1567 2867 1640 qui
2916 1567 3238 1624 inviolatam
3285 1568 3453 1626 tradit

1861 1651 2188 1710 doctrinam.

1933 1759 2113 1830 (Vers.
2139 1760 2221 1830 9.)
2258 1784 2275 1806 ι
2300 1760 2397 1816 Dei
2425 1759 2572 1815 enim
2601 1777 2791 1817 sumus
2817 1761 2998 1834 operis
3027 1761 3318 1833 participes
3343 1763 3449 1833 (5);

1859 1849 1956 1904 Dei
1985 1851 2220 1916 cultura,
2247 1849 2344 1906 Dei
2375 1849 2667 1906 aediﬁcatio
2696 1849 2846 1905 estis.
2878 1871 2897 1896 ι
2934 1850 3049 1905 Hoc
3077 1849 3144 1905 ad
3167 1852 3454 1922 apostolo-

159 1911 443 2013 δξίορίθῑίξ
487 1911 646 2013 “af”
695 1911 752 2013 ill
783 1911 1008 2013 homin?
1050 1915 1368 2013 gif’ﬁiniesa
1400 1923 1454 1970 et
1482 1913 1751 2013 _h°_mi“e§
1782 1923 1827 1984 Β
1860 1957 1981 1996 rum
2018 1911 2304 2013 personam
2336 1940 2592 2011 pertinet,
2635 1957 2770 2013 quos
2805 1948 3019 1996 constat
3063 1941 3163 1996 Dei
3192 1911 3308 1996 esse
3346 1939 3454 1996 ad-

158 2007 210 2055 et
252 2001 505 2057 carnales
551 2001 833 2069 dicuntur,
885 2003 1157 2058 sententia
1199 2002 1298 2058 Dei
1340 2003 1606 2070 conclusi,
1655 2003 1750 2076 qui

158 2087 233 2142 ait
260 2105 271 2143 :
317 2113 338 2136 c
368 2089 484 2160 Ego
509 2088 652 2156 dixi,
677 2088 755 2144 dii
785 2090 917 2146 estis
943 2109 956 2157 ;
990 2107 1088 2145 vos
1115 2097 1297 2146 autem
1327 2090 1471 2145 sicut
1500 2089 1752 2147 homines

160 2176 476 2232 moriemini
525 2179 697 2248 (Psal.
743 2195 936 2244 Lxxxr,
966 2179 1020 2245 6,
1064 2180 1140 2247 7).
1185 2204 1201 2226 -
1247 2179 1294 2233 A
1325 2195 1424 2234 sua
1463 2195 1591 2251 ergo
1621 2197 1754 2252 per-

157 2280 290 2320 sona
312 2264 543 2337 incipit;
584 2282 652 2321 ne
680 2265 820 2321 forte
846 2275 1131 2338 putaretur
1152 2284 1248 2339 per
1276 2268 1544 2324 invidiam
1580 2269 1752 2340 magis

160 2369 416 2425 personas
446 2355 667 2410 illorum
698 2355 995 2423 destruere,
1028 2357 1323 2413 ostendens
1363 2375 1621 2430 magnum
1655 2374 1753 2413 er—

158 2458 332 2498 rorem
381 2451 436 2498 et
479 2443 547 2498 ad
594 2443 691 2498 Dei
739 2444 1131 2500 contumeliam
1185 2445 1480 2517 pertinere,
1531 2446 1752 2519 quando

157 2533 266 2588 Deo
296 2531 612 2604 praedicato,
663 2533 837 2604 gloria
866 2533 1028 2588 datur
1057 2533 1399 2590 hominibus.
1435 2534 1581 2602 Quid
1623 2550 1752 2606 ergo

158 2620 342 2677 minus
373 2630 455 2677 est
483 2638 514 2676 a
540 2621 867 2695 gentilitate,
909 2621 1042 2678 dum
1071 2621 1255 2677 adhuc
1290 2622 1502 2695 aliquid
1529 2623 1598 2678 de
1642 2622 1754 2678 ho—

161 2709 407 2766 minibus
435 2717 686 2781 speratur
707 2711 734 2766 ?

229 2799 416 2869 (Vers.
448 2799 530 2866 5.)
574 2821 592 2845 ι
633 2798 778 2864 Quid
822 2798 990 2870 igitur
1029 2807 1111 2854 est
1155 2798 1405 2868 Apollo?
1449 2799 1594 2866 Quid
1624 2816 1756 2856 vero

161 2888 412 2944 Paulus?
457 2887 695 2943 Mnistri
740 2885 877 2957 ejus,
921 2888 1011 2944 cui
1059 2890 1394 2946 credidistis.
1438 2915 1456 2938 ι
1511 2889 1580 2944 Ut
1628 2889 1758 2961 quia

163 2975 405 3032 ministri
437 2983 596 3042 sunt,
627 2991 748 3046 spes
778 2975 836 3029 in
871 2974 958 3030 his
987 2993 1096 3032 non
1129 2979 1229 3046 sit,
1261 2978 1355 3034 sed
1387 2978 1443 3033 in
1477 2979 1619 3045 Deo,
1651 2995 1758 3034 cu—

156 3065 244 3137 jus
280 3065 526 3120 ministri
569 3074 715 3120 sunt.
762 3065 849 3120 Illi
885 3066 1030 3121 enim
1075 3067 1373 3136 gratiarum
1407 3068 1552 3123 actio
1591 3067 1759 3124 defe-

162 3155 328 3212 renda
370 3163 471 3223 est,
517 3154 675 3227 cujus
716 3153 923 3210 donum
957 3163 1073 3222 est;
1130 3155 1188 3211 hi
1234 3173 1364 3212 vero
1407 3156 1573 3224 servi,
1622 3173 1759 3228 quos

163 3245 327 3300 etiam
386 3245 592 3301 invitos
641 3252 856 3316 oportet
912 3244 1249 3317 dispensare.
1306 3245 1586 3318 Numquid
1643 3261 1753 3300 non
1785 3278 1830 3339 Ο

164 3335 379 3404 Moyses
408 3340 628 3400 coactus
657 3343 738 3388 est
776 3332 853 3389 ire
883 3333 949 3388 ad
982 3333 1344 3402 Pharaonem,
1375 3344 1428 3390 et
1457 3334 1621 3390 Jonas
1659 3333 1758 3388 in-

165 3427 311 3480 vitus
333 3424 532 3480 missus
551 3432 631 3479 est
663 3423 957 3494 praedicare
978 3423 1263 3491 Ninivitis,
1289 3432 1342 3478 et
1364 3425 1606 3479 Ananias
1627 3440 1754 3480 con-

165 3514 438 3570 tradicens
470 3513 670 3568 missus
698 3519 779 3566 est
818 3510 983 3565 Saulo
1013 3527 1237 3564 manum
1267 3511 1548 3582 imponere
1568 3513 1596 3567 ?

245 3630 263 3653 ι
304 3607 375 3661 Et
421 3602 722 3673 unicuique
765 3601 906 3656 sicut
950 3601 1220 3656 Dominus
1262 3601 1449 3668 dedit;
1494 3628 1510 3649 ι
1555 3603 1611 3659 id
1652 3612 1754 3672 est,

163 3693 306 3750 sicut
336 3693 518 3748 voluit
546 3699 600 3746 et
641 3690 826 3757 scivit,
867 3689 1062 3745 divisit
1103 3689 1336 3762 singulis
1365 3691 1546 3748 ofﬁcia
1581 3692 1757 3747 mini-

163 3783 339 3838 sterii.

236 3870 423 3939 (Vers.
465 3869 545 3938 6.)
600 3891 618 3914 σ
659 3869 774 3939 Ego
820 3867 1099 3938 plantavi,
1147 3868 1348 3939 Apollo
1387 3869 1625 3940 rigavit,
1664 3871 1758 3927 sed

169 3960 311 4015 Deus
356 3959 755 4013 incrementum
790 3955 961 4012 dedit.
994 3979 1012 4002 ι
1056 3956 1308 4011 Plantare
1353 3965 1434 4012 est
1472 3959 1761 4029 evangeli-

169 4063 303 4113 zare,
337 4053 391 4102 et
424 4045 492 4100 ad
528 4044 692 4100 [idem
725 4043 998 4099 attrahere
1025 4063 1036 4100 :
1085 4044 1259 4115 rigare
1291 4061 1442 4112 vero,
1485 4045 1759 4118 baptizare

170 4133 506 4189 solemnibus
550 4131 735 4186 verbis
771 4149 782 4186 :
844 4139 1062 4202 peccata
1113 4140 1294 4187 autem
1345 4133 1661 4202 dimittere,
1706 4145 1761 4192 et

173 4225 433 4295 Spiritum
466 4222 615 4289 dare,
662 4221 760 4278 Dei
800 4221 991 4277 solius.
1039 4222 1095 4279 Si
1125 4239 1253 4293 ergo
1281 4222 1534 4279 effectum
1566 4225 1760 4281 salutis

174 4314 309 4368 Deus
332 4312 446 4379 dat,
479 4311 634 4366 nulla
663 4311 837 4382 gloria
867 4311 924 4366 in
957 4311 1058 4366 hac
1103 4327 1158 4366 re
1191 4311 1434 4367 hominis
1478 4320 1577 4368 est.
1632 4313 1760 4368 Sci-

177 4415 288 4454 mus
320 4399 468 4454 enim
512 4405 567 4454 et
608 4398 877 4469 Spiritum
909 4407 1157 4454 sanctum
1196 4399 1315 4455 sine
1345 4416 1541 4456 manus
1572 4402 1760 4472 impo-

176 4488 362 4544 sitione
391 4488 581 4544 datum
614 4504 644 4543 a
671 4490 785 4544 Deo
818 4489 960 4558 (Act.
994 4505 1054 4555 ιι,
1087 4487 1166 4558 4),
1197 4497 1250 4544 et
1279 4505 1391 4544 non
1423 4488 1758 4561 baptizatum

178 4585 520 4634 consecutum
562 4577 942 4632 remissionem
987 4584 1331 4648 peccatorum
1377 4578 1517 4648 (Act.
1552 4595 1608 4646 χ,
1642 4578 1757 4649 44).

180 4665 446 4739 Numquid
470 4681 579 4721 non
602 4665 692 4722 hic
714 4665 1073 4721 invisibiliter
1094 4665 1402 4736 baptizatus
1417 4673 1520 4733 est,
1543 4665 1760 4738 quando

181 4752 368 4810 donum
400 4754 746 4826 baptismatis
777 4763 1104 4810 consecutus
1132 4755 1264 4810 est?

247 4845 422 4912 (Vers.
450 4845 528 4914 7.)
558 4870 575 4891 ι
599 4846 785 4916 Itaque
816 4860 991 4917 neque
1023 4843 1116 4916 qui
1141 4845 1370 4915 plantat,
1401 4850 1483 4900 est
1512 4844 1753 4916 aliquid;

185 4947 344 5005 neque
368 4933 463 5006 qui
505 4933 644 5005 rigat
671 4950 682 4988 :
725 4933 818 4989 sed
845 4933 939 5006 qui
971 4933 1370 4990 incrementum
1401 4932 1493 4989 dat
1530 4935 1692 4988 Deus.
1727 4957 1746 4980 ι

187 5023 247 5078 Et
290 5026 530 5095 plantata
561 5022 709 5078 enim
744 5023 924 5078 solent
972 5022 1164 5088 emori,
1197 5029 1250 5076 et
1298 5022 1470 5093 rigata
1508 5022 1574 5078 ad
1622 5023 1761 5077 effe-

187 5118 319 5166 ctum
347 5110 705 5168 fecunditatis
736 5109 964 5165 minime
995 5110 1281 5181 pervenire
1301 5153 1314 5177 ,
1344 5111 1452 5166 nisi
1483 5111 1576 5168 det
1617 5114 1761 5167 Deus

190 5207 414 5270 vegetam
448 5201 640 5256 vitam.
682 5200 958 5266 Quantum
990 5215 1118 5270 ergo
1166 5198 1235 5253 ad
1280 5198 1758 5256 honoriﬁcentiam

191 5286 275 5342 Dei
302 5291 556 5362 pertinet,
590 5289 732 5344 nihil
778 5297 860 5344 est
906 5288 1072 5343 homo
1107 5306 1118 5343 :
1165 5295 1433 5360 quantum
1466 5296 1647 5344 autem
1690 5288 1760 5344 ad

257 5466 329 5534 (3)
376 5468 503 5523 Mss.
553 5466 783 5539 aliquot,
840 5466 1069 5539 gloriam
1116 5471 1401 5539 sperantes.
1451 5466 1760 5539 Et_rursus

195 5549 279 5604 pro
306 5539 552 5593 sententia
586 5537 685 5594 Dé-i
719 5538 968 5606 conclusi,
1011 5555 1120 5593 non
1165 5537 1320 5610 panci
1372 5554 1500 5592 mss.
1533 5537 1756 5610 habent,

195 5611 424 5666 sententia
461 5610 559 5666 Dei
604 5610 884 5678 concludit,
930 5625 1094 5678 unus,
1141 5609 1281 5681 quod
1320 5626 1422 5664 uno
1467 5609 1618 5663 verbo
1663 5610 1760 5665 Dei

197 5681 423 5736 sententia
451 5681 729 5736 concludit.

261 5748 334 5822 (4)
371 5751 638 5810 Nonnulli
669 5769 824 5820 mss.,
855 5751 981 5826 quia
1010 5752 1159 5807 ambo
1192 5752 1473 5808 necessarii
1508 5759 1649 5808 sunt.

1853 2028 2096 2101 jutores;
2135 2028 2265 2101 quia
2297 2028 2489 2084 vicarii
2529 2035 2660 2084 sunt
2689 2027 2917 2085 Christi.

1935 2118 2116 2189 (Vers.
2152 2118 2264 2187 10.)
2310 2141 2327 2164 ι
2369 2117 2682 2172 Secundum
2723 2117 2952 2189 gratiam
2997 2116 3116 2185 Dei,
3167 2133 3286 2189 quae
3329 2117 3456 2174 data

1861 2215 1941 2264 est
1972 2206 2144 2273 mihi,
2177 2214 2238 2261 ut
2279 2206 2494 2278 sapiens
2522 2205 2855 2262 architectus
2893 2206 3315 2264 fundamentum
3348 2224 3457 2280 po-

1860 2297 1968 2352 sui.
2005 2318 2022 2342 »
2076 2294 2320 2352 Gratiam
2368 2295 2475 2351 sibi
2521 2293 2703 2350 datam
2750 2294 2916 2363 dicit,
2965 2302 3027 2350 ut
3074 2295 3273 2368 dignus
3318 2306 3459 2353 esset

1862 2386 2156 2460 praedicare
2187 2384 2586 2456 Evangelium;
2634 2391 2695 2439 ut
2742 2393 2795 2441 et
2843 2383 2947 2441 hoc
2989 2386 3089 2442 Dei
3118 2402 3234 2442 esse
3262 2395 3457 2444 osten-

1861 2476 2035 2543 deret,
2084 2491 2193 2530 non
2245 2473 2508 2530 hominis.
2556 2472 2871 2529 Secundum
2913 2473 3055 2531 hanc
3097 2475 3282 2548 itaque
3325 2492 3458 2547 gra-

1865 2564 2016 2631 tiam,
2069 2571 2131 2618 ut
2179 2561 2477 2633 sapientem
2523 2560 2885 2618 architectum
2932 2563 3354 2620 fundamentum
3401 2580 3459 2619 se

1862 2652 2001 2708 dicit
2047 2649 2311 2723 posuisse.
2365 2650 2591 2722 Sapiens
2637 2650 2972 2706 architectus
3001 2659 3101 2719 est,
3148 2652 3244 2724 qui
3293 2651 3461 2722 juxta

1863 2741 2211 2812 disciplinam
2244 2740 2484 2795 auctoris
2523 2742 2759 2796 collocat
2791 2741 3232 2808 fundamentum,
3269 2741 3326 2796 id
3357 2747 3458 2808 est,

1865 2831 1960 2902 qui
1989 2829 2288 2885 secundum
2318 2828 2670 2884 traditionem
2701 2829 3002 2886 Salvatoris
3025 2829 3387 2902 evangelizat.

1949 2953 1968 2974 ι
1989 2927 2149 2984 Alius
2169 2936 2350 2983 autem
2372 2926 2791 2999 superaediﬁcat.
2818 2952 2835 2973 ι
2875 2928 3246 2999 εαρθτιεάἱίίοἰ
3261 2945 3292 2984 a
3311 2938 3460 2998 sunt,

1866 3033 1986 3089 quae
2034 3024 2154 3088 post
2207 3015 2653 3087 praedicationem
2703 3018 3075 3088 apostolorum
3122 3033 3155 3072 a
3203 3035 3461 3090 superve-

1868 3105 2147 3161 nientibus
2175 3104 2470 3160 traduntur
2495 3114 2590 3160 aut
2620 3105 2780 3160 malis
2809 3115 2904 3162 aut
2932 3105 3094 3161 bonis
3120 3105 3460 3164 doctoribus.

1954 3228 1970 3250 ι
1999 3202 2383 3276 Unusquisque
2413 3210 2593 3257 autem
2627 3201 2834 3271 videat,
2867 3203 3331 3274 quemadmodum
3361 3222 3465 3261 su-

1865 3293 2196 3364 peraadificet
2217 3294 2322 3365 (6),
2351 3317 2368 3339 ι
2416 3293 2471 3348 id
2501 3301 2600 3359 est,
2634 3301 2695 3348 ut
2727 3293 3125 3364 superadiﬁcia
3156 3305 3465 3367 congruant

1864 3381 2256 3449 fundamento;
2299 3400 2367 3438 ne
2408 3382 2453 3438 si
2481 3382 2704 3453 obliqua
2736 3382 2944 3438 fuerint
2972 3390 3025 3437 et
3065 3381 3288 3450 frivola,
3335 3385 3465 3440 rui-

1864 3487 1990 3525 nam
2022 3471 2247 3539 faciant,
2299 3476 2549 3525 manente
2593 3469 2864 3525 incolumi
2897 3469 3286 3537 fundamento;
3335 3472 3466 3544 quia

1864 3558 1910 3613 si
1943 3560 2084 3613 male
2111 3559 2396 3624 docuerit,
2445 3557 2653 3615 Christi
2705 3572 2907 3612 nomen
2955 3567 3264 3629 permanet,
3315 3559 3464 3632 quod

1866 3655 1948 3703 est
1995 3647 2452 3703 fundamentum:
2509 3645 2762 3702 doctrina
2810 3653 2993 3702 autem
3051 3648 3195 3702 mala
3240 3647 3461 3719 peribit,

1866 3737 2009 3792 sicut
2037 3737 2172 3793 dicit
2198 3737 2500 3792 Dominus:
2552 3761 2569 3783 ι
2601 3735 2794 3792 Omnis
2823 3736 3114 3808 plantatio,
3147 3752 3310 3808 quam
3350 3753 3462 3794 non

1867 3827 2135 3898 plantavit
2164 3827 2322 3882 Pater
2352 3841 2506 3881 meus
2547 3824 2804 3893 caelestis,
2837 3823 3212 3881 eradicabitur
3245 3825 3457 3897 (Matth.

1867 3934 1962 3983 xv,
1998 3917 2108 3990 13).
2152 3940 2169 3963 ι

1941 4023 2122 4094 (Vers.
2168 4023 2281 4092 11.)
2339 4045 2357 4068 ι
2401 4021 2845 4078 Fundamentum
2896 4020 3044 4076 enim
3094 4019 3249 4075 aliud
3301 4036 3463 4075 nemo

1870 4120 2046 4184 potest
2089 4129 2289 4184 ponere
2333 4119 2528 4184 preter
2573 4111 2631 4166 id
2677 4109 2825 4182 quod
2873 4109 3113 4182 positum
3165 4117 3266 4176 est,
3315 4109 3462 4180 quod

1873 4207 2013 4262 122
2043 4217 2122 4265 est
2153 4208 2405 4264 Christus
2430 4209 2603 4264 Jesus.
2637 4232 2654 4254 ι
2697 4208 2825 4263 Ideo
2855 4224 3020 4262 nemo
3053 4215 3230 4280 potest
3261 4223 3462 4279 ponere

1869 4299 2019 4354 aliud
2073 4297 2523 4367 fundamentum,
2574 4297 2704 4370 quia
2749 4296 3000 4370 quamvis
3052 4295 3295 4352 haeretici
3350 4295 3464 4351 sint

1869 4390 2062 4462 aliqui,
2094 4405 2203 4444 non
2232 4396 2416 4444 tamen
2446 4389 2674 4456 docent,
2706 4385 2812 4442 nisi
2843 4385 2945 4442 sub
2977 4385 3182 4441 Christi
3215 4383 3458 4440 nomine.

1870 4483 2046 4538 Aliter
2091 4481 2237 4536 enim
2293 4487 2603 4536 commenta
2656 4479 2856 4534 erroris
2909 4477 3296 4535 commendare
3349 4492 3458 4530 non

1870 4578 2116 4644 possunt,
2149 4569 2254 4625 nisi
2285 4569 2608 4640 interposito
2635 4565 2934 4623 Salvatoris
2985 4565 3210 4620 nomine
3256 4561 3460 4634 praedi-

1867 4669 1993 4717 cent
2016 4679 2029 4728 ;
2064 4669 2124 4716 ut
2154 4676 2236 4714 res
2258 4658 2558 4714 contrarias
2580 4665 2634 4713 et
2661 4655 2924 4711 absurdas
2955 4652 3195 4708 nominis
3221 4650 3460 4722 dignitas

1871 4750 2033 4806 faciat
2061 4748 2438 4819 acceptabiles.

1942 4839 2122 4910 (Vers.
2161 4838 2274 4906 l2.)
2322 4863 2338 4883 -
2379 4836 2431 4892 Si
2465 4836 2588 4908 quis
2633 4843 2814 4890 autem
2863 4828 3259 4902 supermdiﬁcat
3295 4847 3460 4902 supra

1870 4928 2284 4983 fundamentum
2317 4926 2441 4992 hoc,
2474 4940 2688 4989 aurum,
2723 4927 3031 4994 argentum,
3079 4919 3284 4991 lapides
3327 4935 3459 4991 pre-

1869 5021 2055 5076 tiosos.
2089 5043 2106 5066 ι
2151 5016 2380 5089 Lapides
2411 5013 2633 5086 pretiosi
2665 5020 2814 5080 sunt,
2845 5028 2983 5085 quos
3013 5027 3123 5066 non
3154 5009 3461 5081 corrumpit

1869 5109 2030 5181 ignis.
2081 5108 2208 5162 Tria
2246 5121 2441 5178 genera
2478 5103 2662 5176 posuit
2710 5104 2969 5176 praeclara
3018 5102 3073 5157 in
3125 5101 3350 5168 mundo,
3401 5100 3457 5155 in

1869 5199 2068 5271 quibus
2096 5197 2295 5251 bonam
2327 5193 2629 5249 doctrinam
2673 5190 3038 5264 significavit,
3092 5214 3110 5237 ι
3153 5191 3328 5263 ligna,
3367 5188 3458 5242 fe-

1869 5303 2023 5354 num,
2055 5285 2348 5357 stipulam;
2396 5307 2414 5331 ι
2466 5282 2573 5339 tria
2600 5281 2708 5337 alia
2751 5295 2948 5352 genera
2977 5278 3180 5350 posuit,
3222 5275 3315 5332 sed
3347 5274 3457 5330 fri-

1942 5466 2022 5537 (5)
2064 5466 2144 5520 Ita
2173 5471 2282 5519 vet.
2317 5461 2545 5538 edit._a_c
2573 5478 2712 5538 mss._
2738 5461 2894 5538 longe
2925 5456 3182 5529 plurimi;
3215 5463 3271 5511 at
3296 5456 3455 5514 Rom.

1868 5532 2010 5592 edit.
2023 5545 2078 5592 et
2108 5552 2234 5592 mss.
2264 5534 2544 5607 nonnulli,
2565 5533 2738 5607 operis
2762 5532 3054 5607 adjutores.
3124 5605 3132 5607 _
3218 5600 3247 5607 Α
3422 5597 3432 5607 ο

1940 5608 2022 5678 (6)
2063 5607 2225 5665 Corb.
2271 5606 2417 5673 cod.,
2457 5600 2714 5678 quomodo
2760 5600 3154 5678 superwdiﬁcel.
3207 5600 3460 5678 Quanta!)

1868 5669 2077 5734 diuersa
2124 5679 2228 5733 sint
2275 5669 2492 5734 illorum
2539 5676 2740 5748 oﬁicia,
2788 5669 2982 5726 necesse
3029 5677 3086 5725 ut
3133 5669 3460 5743 superrediﬁ-

1867 5752 1970 5820 cia,
2001 5759 2106 5808 etc.
