3976 6372
525 423 630 484 211

1565 425 1664 482 ΑΙ)
1689 424 1923 482 OPERA
1959 422 2015 482 S.
2055 421 2390 482 AMBROSII
2428 423 2807 484 APPENDIX.

3723 425 3819 486 212

530 549 677 608 vola.
724 548 789 607 In
829 546 920 606 his
957 555 1220 624 corrupta
1257 553 1314 606 et
1355 563 1500 608 vana
1543 547 1798 608 doctrina
1841 548 2122 626 designata
2148 549 2200 612 A
2227 557 2337 621 est,
2367 549 2514 626 quod
2543 551 2674 610 estis
2702 568 2822 609 vos.
2853 577 2873 600 ι
2916 551 3043 610 Hac
3080 550 3288 610 idcirco
3316 550 3586 627 prmmisit
3616 559 3680 610 ut
3706 552 3822 614 illos

529 638 874 714 dignoscitur
911 638 1018 712 (7).

604 732 788 805 (Vers.
813 731 926 804 13.)
971 755 992 778 ι
1020 731 1125 800 Qui
1157 729 1292 789 facit
1319 729 1427 788 hoc
1444 746 1603 804 opus,
1636 728 1962 788 manifestus
1987 729 2121 799 erit;

531 820 650 880 dies
681 821 832 879 enim
877 819 1202 889 declarabit,
1247 819 1379 894 quia
1424 819 1485 878 in
1531 819 1658 893 igne
1704 820 2061 877 revelabitur.
2094 845 2113 870 ι

531 911 649 970 Hoc
673 921 774 980 est,
809 911 953 968 mala
977 909 1232 968 doctrina
1267 909 1328 966 in
1358 909 1483 982 igne
1509 909 1774 966 omnibus
1807 909 2124 982 apparebit;

532 1017 682 1058 nunc
727 1001 875 1058 enim
923 997 1187 1073 quosdam
1252 997 1444 1056 fallit:
1509 1023 1528 1047 ι
1575 999 1647 1055 Et
1693 998 2130 1074 uniuscujusque

531 1109 669 1166 opus
710 1091 872 1164 quale
916 1089 1024 1155 sit,
1076 1087 1222 1160 ignis
1264 1087 1538 1161 probabit.
1583 1113 1602 1138 ι
1648 1087 1792 1157 Quia
1835 1089 1984 1145 enim
2032 1105 2130 1162 per

531 1187 713 1254 ignem
744 1177 1081 1236 examinatio
1109 1176 1226 1245 ﬁet,
1258 1176 1305 1234 si
1352 1176 1412 1233 in
1449 1176 1638 1250 aliquo
1681 1194 1795 1234 non
1829 1178 2128 1247 invenerit,

531 1271 677 1346 quod
705 1277 935 1340 exurat,
967 1269 1285 1328 manifestat
1318 1267 1480 1326 illum
1511 1269 1717 1325 bonum
1747 1269 1916 1327 fuisse
1943 1269 2128 1326 docto.

530 1379 681 1429 rem;
733 1361 878 1418 mala
921 1360 1071 1417 enim
1115 1365 1170 1415 et
1215 1357 1467 1416 adultera
1509 1358 1766 1416 doctrina
1811 1359 2023 1416 idcirco
2070 1359 2130 1416 in

533 1451 706 1525 ligno,
735 1449 882 1518 feno,
915 1455 970 1505 et
1005 1447 1212 1521 stipula
1251 1446 1562 1521 signiﬁcata
1587 1454 1691 1516 est,
1721 1453 1784 1503 ut
1816 1447 2129 1504 ostendere-

534 1549 627 1601 tur
653 1542 799 1616 ignis
825 1557 940 1599 esse
963 1557 1104 1598 esca.

609 1633 794 1706 (Vers.
821 1631 933 1704 14.)
975 1655 994 1679 ι
1029 1631 1086 1689 Si
1115 1630 1276 1704 cujus
1301 1647 1439 1704 opus
1468 1627 1750 1697 manserit,
1772 1625 1921 1702 quod
1947 1642 2132 1701 super-

538 1721 915 1798 adiﬁcaverit,
968 1721 1274 1778 mercedem
1320 1717 1572 1792 accipiet.
1605 1741 1624 1766 ι
1669 1716 1806 1775 Cum
1852 1716 2001 1774 enim
2050 1715 2132 1773 ni-

534 1811 619 1870 hil
659 1811 718 1868 in
761 1811 862 1868 illo
887 1810 1066 1868 sordis
1109 1810 1399 1867 inventum
1434 1809 1601 1865 fuerit
1629 1823 1812 1882 pravae
1841 1807 2132 1875 doctrinm,

2235 649 2586 716 compungat,
2616 642 2710 717 qui
2743 642 2978 718 turpiter
2999 643 3272 713 viventes,
3311 660 3544 718 corpora
3583 660 3684 702 sua
3717 645 3822 704 vio-

2235 731 2402 788 lando
2423 739 2808 805 corruperant;
2835 732 3077 791 maxime
3107 733 3268 790 illum
3291 733 3385 808 qui
3406 751 3642 793 uxorem
3665 735 3824 810 patris

2237 819 2506 888 habebat;
2554 828 2616 877 ut
2647 829 2773 878 ante
2819 829 2959 878 esset
3004 839 3149 892 reus,
3185 840 3351 897 quam
3383 841 3550 882 causa
3587 824 3739 883 illius
3772 826 3822 883 in

2239 910 2481 967 medium
2523 919 2924 984 prorumperet.
2977 911 3226 986 Denique
3267 913 3462 983 simili,
3500 913 3620 972 imo
3645 913 3823 972 eodem

2238 1001 2423 1071 modo,
2455 1017 2580 1058 cum
2621 1017 2838 1059 causam
2871 1001 3023 1058 illius
3059 1001 3293 1075 judicat,
3324 1004 3579 1077 loquitur
3607 1003 3820 1063 dicens:

2251 1111 2271 1136 ‹
2302 1091 2388 1146 An
2435 1090 2661 1147 nescitis
2708 1090 2840 1164 quia
2884 1107 3116 1164 corpora
3162 1101 3344 1148 vestra
3389 1093 3664 1166 templum
3708 1099 3825 1150 sunt

2239 1177 2475 1251 Spiritus
2505 1179 2700 1248 sancti,
2752 1179 2846 1253 qui
2894 1181 2949 1236 in
2982 1179 3143 1236 vobis
3187 1189 3290 1252 est,
3339 1199 3503 1256 quem
3554 1181 3769 1240 habetis
3798 1199 3825 1238 a

2238 1267 2350 1324 Deo
2382 1269 2440 1338 (Ι
2453 1268 2578 1325 Cor.
2609 1286 2690 1338 vI,
2715 1269 2803 1340 19)
2828 1269 2857 1326 7
2887 1294 2905 1318 ι
2946 1269 3210 1343 Superius
3237 1273 3505 1345 templum
3529 1273 3629 1329 Dei
3659 1271 3822 1339 dixit;

2240 1357 2346 1414 hoc
2367 1365 2550 1415 autem
2592 1358 2712 1415 loco
2739 1357 3012 1432 templum'
3037 1359 3277 1433 Spiritus
3312 1361 3484 1418 sancti
3521 1361 3666 1436 (10).
3705 1361 3828 1430 Quis

2240 1447 2334 1504 hic
2361 1448 2597 1518 dubitet,
2644 1450 2775 1522 quia
2821 1449 3089 1524 Spiritum
3128 1460 3380 1510 sanctum
3409 1453 3591 1510 Deum
3635 1449 3826 1526 signiﬁ-

2240 1538 2389 1595 cavit
2410 1538 2440 1594 Ῡ

2317 1629 2500 1700 (Vers.
2534 1627 2649 1700 l8.)
2699 1653 2718 1678 ι
2755 1630 2930 1687 Nemo
2977 1647 3035 1687 se
3081 1631 3341 1702 seducat;
3384 1657 3403 1682 ι
3446 1631 3504 1688 id
3533 1637 3640 1699 est,
3681 1645 3830 1686 nemo

2242 1718 2465 1791 proprio
2489 1719 2576 1775 vel
2612 1719 2856 1776 humano
2885 1721 3124 1780 consilio
3152 1731 3308 1796 putet
3336 1740 3393 1780 se
3422 1721 3531 1780 sibi
3564 1721 3826 1794 prodesse.

2242 1810 2326 1866 Ad
2357 1811 2696 1884 superiorem
2743 1827 2964 1869 sensum
2996 1812 3176 1870 redit:
3223 1837 3242 1862 α
3272 1813 3328 1871 Si
3360 1813 3484 1886 quis
3512 1811 3739 1868 videtur
3762 1824 3829 1867 sa-

535 1911 600 1961 ut
627 1902 688 1959 in
713 1902 862 1960 bono
887 1917 1056 1969 auro;
1103 1901 1181 1958 ita
1210 1900 1316 1958 erit
1345 1907 1407 1956 ut
1447 1907 1557 1956 tres
1599 1898 1794 1956 fratres
1826 1897 1884 1953 in
1912 1896 2132 1954 camino
2162 1912 2209 1974 Β
2243 1899 2398 1971 piens
2426 1916 2542 1957 esse
2571 1899 2718 1956 inter
2741 1917 2842 1957 vos
2889 1900 2948 1958 in
2981 1901 3089 1958 hoc
3116 1903 3343 1971 saeculo,
3389 1903 3597 1959 stultus
3639 1899 3754 1966 ﬁat,
3777 1903 3829 1953 ut

536 1991 683 2064 ignis
715 1991 881 2062 (Dan.
911 2007 995 2059 III,
1027 1990 1144 2062 23),
1175 1988 1483 2046 mercedem
1514 1988 1688 2044 vitam
1721 1994 1980 2043 aeternam
2005 1999 2132 2042 cum

539 2080 717 2156 gloria
743 2087 1064 2154 accepturus
1087 2098 1102 2148 ;
1149 2079 1278 2154 quia
1307 2079 1454 2136 sicut
1480 2093 1696 2146 aurum,
1729 2083 1783 2132 et
1822 2081 2133 2148 argentum,

538 2179 594 2228 et
623 2169 850 2244 lapides,
883 2186 1020 2244 quos
1062 2169 1206 2242 ignis
1236 2185 1350 2226 non
1379 2167 1658 2226 consumit
1690 2184 1702 2223 :
1739 2164 1818 2221 ita
1857 2171 1912 2222 et
1956 2162 2136 2220 bonus

541 2261 801 2333 magister
829 2257 1270 2332 incorruptibilis
1297 2255 1662 2332 permanebit.

615 2361 800 2434 (Vers.
835 2361 949 2434 15.)
995 2384 1014 2409 α
1045 2359 1101 2417 Si
1132 2359 1294 2432 cujus
1321 2375 1458 2431 opus
1485 2355 1709 2423 arserit,
1742 2351 2134 2411 detrimentum

541 2450 802 2525 patietur.
835 2473 854 2499 ›
897 2449 1049 2522 Opus
1077 2448 1228 2522 quod
1246 2447 1436 2504 ardere
1465 2444 1689 2512 dicitur,
1721 2443 1868 2498 mala
1886 2439 2139 2498 doctrina

541 2547 646 2609 est,
679 2557 800 2614 quae
845 2538 1114 2598 interibit.
1144 2537 1356 2596 Cuncta
1383 2534 1531 2592 enim
1570 2534 1714 2589 mala
1742 2530 2023 2604 peribunt,
2067 2529 2136 2585 si-

543 2637 641 2688 cut
666 2629 772 2686 iter
805 2629 1138 2702 impiorum;
1189 2627 1320 2700 quia
1346 2640 1460 2681 non
1504 2630 1633 2683 sunt
1670 2619 2012 2688 substantiae,
2043 2617 2140 2675 sed

545 2720 976 2778 asseverationes
1018 2731 1308 2790 perversae.
1355 2715 1630 2772 Damnum
1673 2720 1856 2769 autem
1899 2709 2013 2782 pati
2058 2713 2140 2764 est

547 2828 734 2884 pmnas
762 2808 993 2884 perpeti.
1024 2807 1160 2876 Quis
1195 2806 1344 2864 enim
1387 2805 1446 2861 in
1485 2820 1646 2878 poena
1685 2805 1920 2876 positus,
1963 2801 2139 2874 jactu-

547 2918 666 2958 ram
711 2917 824 2958 non
869 2897 1051 2955 facit?
1092 2920 1112 2946 ι
1150 2898 1270 2970 Ipse
1311 2903 1492 2954 autem
1535 2897 1720 2952 salvus
1763 2895 1888 2962 erit,
1939 2892 2018 2962 sic
2060 2898 2139 2946 ta-

552 3005 681 3045 men
725 2987 882 3060 quasi
936 3001 1033 3058 per
1077 2985 1280 3056 ignem.
1328 3009 1346 3032 ι
1403 2983 1628 3040 Salvum
1677 2982 1838 3038 illum
1886 2981 2138 3036 futurum

548 3074 718 3144 dixit,
751 3073 882 3146 quia
919 3088 1032 3128 non
1079 3071 1328 3128 interibit
1375 3071 1702 3140 substantia,
1750 3087 1860 3143 qua
1905 3076 2138 3138 constat,

551 3165 698 3222 sicut
725 3171 780 3220 et
809 3160 1062 3219 doctrina
1089 3161 1233 3218 mala
1261 3160 1484 3234 peribit,
1529 3160 1660 3234 quia
1702 3159 1956 3217 accidens
1980 3175 2145 3216 causa

2247 1989 2318 2044 sit
2346 1988 2580 2062 sapiens.
2616 2012 2635 2037 ι
2680 1989 2796 2047 Hoc
2823 1989 2982 2059 dicit,
3015 1991 3142 2064 quia
3176 1991 3224 2048 si
3252 1991 3377 2064 quis
3411 1989 3680 2064 intelligit
3705 1988 3828 2045 salu—

2244 2087 2356 2137 tem
2388 2078 2736 2152 promissam,
2761 2089 2816 2136 et
2844 2081 3170 2153 mysterium
3204 2079 3606 2137 incarnationis
3623 2075 3826 2137 Domini

2245 2170 2421 2228 nostri
2450 2170 2578 2226 Iesu
2613 2168 2842 2236 Christi,
2894 2169 3098 2225 stultus
3136 2169 3252 2238 fiat,
3300 2169 3358 2226 id
3395 2177 3476 2225 est
3517 2166 3828 2240 sapientiam

2245 2257 2439 2316 mundi
2479 2257 2674 2330 fugiat,
2717 2265 2780 2313 ut
2819 2258 3024 2314 stultus
3067 2257 3136 2314 ab
3181 2274 3242 2314 ea
3283 2256 3588 2329 judicetur,
3627 2264 3683 2314 et
3715 2264 3830 2313 tunc

2245 2347 2352 2404 erit
2378 2346 2651 2420 prudens;
2699 2345 2829 2420 quia
2861 2347 3065 2403 stultus
3094 2347 3296 2404 saeculo
3321 2345 3564 2420 prudens
3593 2354 3678 2402 est
3711 2347 3828 2410 Deo,

2246 2445 2378 2503 dum
2422 2444 2599 2502 credit
2637 2445 2812 2500 Deum
2856 2441 2997 2499 123
3034 2443 3248 2513 fecisse,
3297 2461 3416 2517 quae
3463 2444 3610 2500 ratio
3655 2439 3827 2500 mundi

2247 2553 2357 2593 non
2407 2533 2572 2607 capit,
2621 2533 2765 2590 sicut
2814 2550 2978 2606 supra
3023 2533 3346 2589 memoravi.
3394 2528 3828 2606 Pseudoapostoli

2247 2634 2430 2684 autem
2459 2623 2758 2698 prudentes
2787 2623 3038 2680 volentes
3066 2622 3244 2679 videri
3293 2623 3350 2679 in
3394 2623 3628 2692 mundo,
3672 2633 3830 2694 neque

2248 2718 2422 2774 Deum
2452 2714 2659 2770 Filium
2701 2712 2920 2780 habere,
2967 2729 3142 2785 neque
3189 2713 3631 2770 incarnationem
3663 2724 3829 2767 veram

2249 2823 2386 2874 esse,
2418 2821 2594 2878 neque
2619 2819 2837 2859 carnem
2877 2819 3032 2876 posse
3061 2819 3340 2874 resurgere
3369 2802 3756 2876 praedicabant.

2323 2896 2504 2969 (Vers.
2533 2893 2646 2965 l9.)
2683 2918 2699 2939 -
2727 2892 3004 2965 Sapientia
3027 2891 3175 2948 enim
3203 2891 3370 2964 hujus
3391 2891 3587 2948 mundi
3615 2886 3832 2948 stultitia

2249 2994 2331 3045 est
2359 2984 2502 3057 apud
2531 2986 2727 3040 Deum.
2770 3007 2789 3031 ι
2835 2981 2924 3040 Sic
2971 2982 3211 3038 stultitia
3249 2991 3330 3038 est
3376 2981 3648 3056 sapientia
3684 2976 3830 3050 hujus

2251 3073 2446 3131 mundi
2477 3073 2622 3146 apud
2656 3074 2854 3140 Deum,
2891 3071 3022 3128 dum
3059 3070 3192 3127 facit
3223 3072 3388 3139 Deus,
3423 3069 3573 3142 quod
3613 3065 3832 3124 mundus

2251 3166 2369 3223 ﬁeri
2393 3181 2548 3238 posse
2565 3171 2753 3234 negat;
2785 3161 3108 3234 sapientiam
3127 3161 3280 3218 illius
3301 3161 3599 3218 stultitiam
3628 3156 3829 3234 probat;

550 3261 653 3312 est.
713 3251 840 3308 Ideo
893 3257 1075 3307 autem
1135 3248 1282 3306 dixit
1317 3267 1330 3306 ε
1395 3273 1412 3298 ε
1459 3248 1549 3307 Sic
1604 3258 1788 3306 tamen
1843 3247 2000 3322 quasi
2049 3264 2144 3321 Per
2173 3258 2217 3319 C
2247 3263 2300 3313 et
2327 3272 2452 3312 cum
2492 3253 2697 3310 multos
2726 3253 2856 3308 deos
2882 3251 3102 3319 dicant,
3137 3251 3273 3308 ﬁdes
3302 3259 3488 3307 autem
3523 3265 3694 3307 unum
3726 3261 3832 3320 pro-

550 3342 768 3416 iguem;
801 3365 821 3390 ι
857 3346 922 3398 ut
951 3340 1099 3396 salus
1128 3338 1248 3396 haec
1276 3355 1389 3395 non
1418 3339 1535 3395 sine
1565 3354 1724 3412 pmna
1753 3337 1845 3405 sit,
1876 3336 2006 3410 quia
2033 3352 2144 3392 non

550 3432 737 3490 dixit:
775 3431 974 3489 Salvus
1017 3430 1124 3486 erit
1172 3445 1269 3502 per
1307 3429 1530 3502 ignem;
1585 3437 1646 3485 ut
1692 3427 1888 3483 merito
1935 3443 2034 3482 suo
2075 3425 2145 3482 ab

551 3523 664 3596 igni
693 3538 806 3578 non
835 3519 1156 3578 combustus
1187 3518 1292 3590 (8),
1338 3520 1524 3576 salvus
1555 3517 1650 3574 ﬁat
1677 3516 2025 3573 examinatus
2050 3531 2146 3586 per

551 3612 774 3684 ignem;
834 3609 931 3666 sed
979 3625 1106 3665 cum
1158 3607 1341 3665 dicit:
1403 3633 1422 3656 ι
1458 3608 1550 3666 Sic
1605 3614 1790 3663 tamen
1839 3605 1994 3680 quasi
2052 3620 2147 3678 per

551 3700 757 3773 ignem,
788 3722 808 3746 ι
857 3695 1100 3753 ostendit
1146 3696 1362 3752 salvum
1410 3695 1570 3752 illum
1601 3695 1824 3768 quidem
1870 3693 2142 3760 futurum,

551 3787 648 3845 sed
675 3801 863 3859 pmnas
899 3784 1044 3857 ignis
1071 3799 1398 3858 passurum;
1440 3789 1506 3840 ut
1546 3799 1640 3855 per
1676 3783 1856 3855 ignem
1885 3789 2148 3854 purgatus

551 3875 648 3932 ﬁat
666 3875 873 3940 salvus,
893 3882 948 3930 et
968 3890 1080 3930 non
1101 3873 1246 3932 sicut
1267 3871 1466 3944 perﬁdi
1486 3881 1694 3928 aeterno
1725 3872 1850 3944 igne
1875 3871 1933 3927 in
1960 3886 2146 3943 perpe-

553 3973 713 4022 tuum
741 3969 1091 4036 torqueatur;
1124 3969 1187 4017 ut
1217 3977 1286 4017 ex
1315 3961 1500 4036 aliqua
1529 3968 1682 4034 parte
1704 3977 1880 4033 opera:
1911 3959 2144 4032 pretium

553 4051 627 4110 sit
655 4050 950 4110 credidisse
989 4050 1048 4106 in
1077 4049 1382 4108 Christum.
1432 4050 1658 4121 Semper
1685 4047 1834 4103 enim
1865 4045 2149 4102 erubescat

553 4156 772 4198 necesse
793 4149 894 4208 est,
919 4137 1016 4212 qui
1045 4155 1101 4195 se
1121 4137 1274 4194 videt
1299 4137 1498 4193 falsum
1527 4136 1834 4192 defendisse
1862 4151 1963 4207 pro
1984 4150 2142 4200 vero;

551 4239 608 4288 et
633 4229 807 4288 simili
856 4229 1022 4286 modo
1058 4243 1271 4300 semper
1308 4225 1564 4283 ﬁduciam
1607 4225 1831 4280 habebit
1871 4223 2002 4292 Dei;
2052 4223 2147 4297 qui

553 4319 766 4394 abjecto
788 4319 949 4387 falso,
971 4325 1192 4375 secutus
1216 4323 1298 4372 est
1317 4330 1533 4382 verum,
1557 4321 1609 4370 et
1637 4321 1816 4386 spreta
1845 4313 2144 4384 impietate,

552 4409 846 4468 succubuit
882 4406 1094 4480 pietati.
1134 4406 1310 4462 Extra
1337 4401 1666 4460 catholicam
1699 4402 1780 4476 (9)
1814 4402 1962 4458 enim
1991 4402 2147 4476 quid-

551 4501 685 4578 quid
715 4508 816 4570 est,
849 4496 1190 4558 contrarium
1221 4502 1324 4553 est.
1363 4571 1373 4579 ἢ

622 4601 806 4675 (Vers.
841 4597 954 4672 16.)
998 4620 1018 4645 «
1057 4592 1292 4653 Nescitis
1323 4592 1453 4667 quia
1483 4592 1750 4666 templum
1780 4591 1881 4648 Dei
1911 4591 2064 4658 estis.
2093 4598 2147 4649 et

547 4691 787 4766 Spiritus
811 4690 912 4748 Dei
955 4687 1168 4746 habitat
1211 4685 1269 4742 in
1299 4683 1506 4741 vobis?
1537 4709 1555 4732 ι
1598 4682 1884 4754 Templum
1915 4682 2014 4739 Dei
2045 4700 2145 4741 nos

547 4799 663 4840 esse
693 4781 852 4850 dicit,
882 4785 945 4837 ut
985 4779 1161 4836 Deum
1192 4774 1250 4832 in
1289 4773 1449 4831 nobis
1478 4772 1726 4829 habitare
1758 4772 2031 4840 sciamus;
2084 4773 2142 4830 in

547 4871 754 4942 templo
781 4869 929 4925 enim
959 4885 1059 4925 suo
1105 4864 1318 4923 habitet
1345 4879 1562 4920 necesse
1591 4871 1692 4919 est.
1741 4861 1812 4918 Et
1840 4862 1970 4935 quia
2009 4862 2142 4935 Spi-

547 4957 717 5014 ritum
744 4958 844 5014 Dei
873 4957 1011 5014 dicit
1040 4956 1290 5013 habitare
1330 4953 1388 5012 in
1431 4953 1616 5022 nobis,
1664 4953 1837 5010 Deum
1869 4951 2142 5026 signiﬁcat

547 5047 968 5119 intelligendum
997 5046 1264 5118 Spiritum
1293 5052 1564 5102 sanctum.

621 5141 806 5216 (Vers.
844 5141 959 5212 17.)
1022 5163 1042 5187 ι
1089 5140 1148 5198 Si
1194 5139 1318 5212 quis
1363 5139 1629 5210 templum
1677 5138 1778 5196 Dei
1819 5136 2134 5207 violaverit,

545 5229 828 5308 disperdet
857 5245 986 5288 eum
1026 5230 1194 5297 Deus,
1238 5228 1505 5300 templum
1539 5227 1689 5286 enim
1738 5228 1838 5285 Dei
1883 5235 2137 5286 sanctum

620 5369 702 5442 (7)
734 5369 892 5427 Rom.
925 5361 1540 5448 edit.”et_pauci.mss.,
1575 5362 1919 5436 dignoscitur.
1947 5363 2138 5434 Cuius-

545 5433 746 5512 θανὶιιίιθ
775 5456 907 5512 opus
933 5433 1276 5516 manifestum
1304 5433 1422 5489 erit.
1636 5433 1648 5436 '

619 5513 701 5586 (8)
739 5511 927 5586 Codex
956 5506 1368 5586 Yall.,_ab_ignc
1391 5503 1706 5586 combustus.

642 5576 702 5648 9)
743 5584 901 5639 Rom.
932 5580 1090 5648 edit.,
1123 5576 1305 5636 Extra
1332 5576 1684 5648 catholicum;
1718 5577 1841 5636 alim
1875 5594 1938 5636 ac
1975 5595 2130 5647 mss.,

542 5647 728 5714 Eaitr'a
753 5647 1101 5710 catholicam
1141 5649 1236 5708 ubi
1285 5647 1651 5720 supplendum
1689 5658 1790 5719 est,
1819 5649 2130 5720 Ecclesium,

581 5743 708 5784 uam
740 5740 942 5796 vocem,
969 5721 1234 5796 exprimit
1269 5718 1420 5796 splus
1461 5736 1565 5796 ms.
1599 5718 1898 5796 Coi-hbeo
1925 5719 2124 5796 modo:

581 5743 708 5784 nam
740 5743 932 5782 vocem
969 5743 1234 5796 exprimit
1269 5743 1420 5778 801118
1463 5743 1565 5776 IIIS.
1599 5743 1762 5779 noro.
1792 5743 1898 5779 [100
1925 5743 2124 5778 ωοιιοῖ

539 5743 723 5859 Extra
749 5795 1058 5855 catholicam
1095 5795 1234 5856 enim
1267 5791 1560 5854 Ecclesium
1599 5793 1862 5866 quidquid
1887 5797 1981 5863 est,
2021 5793 2132 5849 im-

2251 3346 2365 3414 bet,
2398 3353 2533 3401 teste
2564 3343 2790 3410 virtute,
2835 3341 2891 3397 in
2937 3341 3230 3414 prudentia
3277 3357 3378 3397 sua
3415 3337 3831 3397 confundentur.

2329 3435 2512 3507 (Vers.
2545 3431 2662 3502 20.)
2712 3457 2728 3479 ι
2767 3431 3044 3503 Scriptum
3075 3439 3156 3488 est
3189 3431 3336 3487 enim
3373 3449 3384 3487 :
3427 3424 3834 3502 Reprehendeus

2255 3525 2530 3599 sapientes
2559 3521 2618 3578 in
2648 3521 2849 3577 astutia
2878 3538 3067 3578 eorum
3101 3521 3242 3591 (11).
3274 3520 3346 3576 Et
3378 3519 3580 3576 iterum
3607 3537 3618 3575 :
3651 3510 3833 3574 Domi—

2253 3635 2360 3676 nus
2389 3615 2548 3673 novit
2593 3612 2954 3685 cogitationes
3000 3611 3354 3684 sapientium,
3403 3610 3666 3684 quoniam
3693 3617 3831 3661 vana

2255 3713 2402 3764 sunt.
2436 3730 2455 3754 ι
2497 3703 2650 3761 Istud
2690 3702 2748 3757 in
2778 3703 2988 3774 psalmo
3019 3701 3254 3757 habetur
3278 3699 3635 3772 nonagesimo
3663 3693 3829 3752 tertio.

2255 3795 2503 3868 Denique
2530 3792 2675 3848 idem
2703 3807 2894 3846 sensus
2921 3797 3003 3844 est
3028 3807 3042 3856 ;
3075 3790 3253 3846 sciens
3281 3790 3432 3844 enim
3452 3804 3624 3844 vanas
3651 3780 3832 3855 cogita-

2253 3889 2434 3943 tiones
2460 3882 2705 3949 illorum,
2737 3887 2798 3935 ut
2828 3881 3025 3935 stultos
3054 3879 3181 3936 illos
3217 3878 3492 3952 probaret,
3525 3871 3831 3950 sapientiam

2257 3975 2479 4030 illorum
2505 3967 2877 4043 reprehendit,
2908 3967 3200 4025 ostendens
3222 3983 3412 4023 verum
3435 3983 3552 4022 esse
3578 3961 3720 4038 quod
3747 3956 3832 4014 fal-

2257 4081 2377 4120 sum
2401 4060 2683 4127 dicebant;
2713 4067 2766 4114 et
2795 4058 3016 4125 falsum,
3048 4057 3195 4130 quod
3223 4073 3416 4112 verum
3447 4055 3734 4128 putabant.

2331 4151 2510 4224 (Vers.
2543 4148 2662 4220 21.)
2709 4172 2726 4194 ε
2752 4149 2939 4220 Itaque
2963 4163 3126 4203 nemo
3156 4145 3422 4218 glorietur
3448 4145 3506 4201 in
3537 4139 3774 4200 homine.
3803 4159 3820 4184 ι

2256 4240 2526 4312 Quoniam
2583 4239 2730 4296 enim
2793 4238 3048 4294 humana:
3102 4237 3459 4310 cogitationes
3509 4242 3566 4292 et
3619 4224 3832 4290 consilia

2257 4329 2568 4405 improvida
2598 4337 2650 4384 et
2697 4324 2917 4382 inﬁrma
2962 4331 3113 4393 sunt,
3166 4340 3278 4382 non
3325 4339 3441 4380 esse
3499 4316 3828 4396 gloriandum

2255 4423 2313 4480 in
2344 4419 2569 4477 homine
2599 4418 2778 4486 docet,
2809 4415 2904 4472 sed
2933 4415 2992 4470 in
3021 4416 3154 4483 Deo,
3177 4413 3336 4486 cujus
3356 4413 3650 4470 consilium
3681 4413 3828 4465 retra-

2255 4512 2388 4571 ctari
2420 4526 2530 4566 non
2561 4517 2773 4582 potest:
2807 4503 3080 4580 quidquid
3104 4503 3254 4562 enim
3291 4503 3546 4560 homines
3585 4501 3701 4560 sine
3728 4495 3830 4553 Deo

2175 4624 2223 4684 D
2255 4601 2495 4674 sapiunt,
2529 4598 2759 4656 stultum
2792 4602 2890 4652 est.

2325 4671 2506 4761 (Vere.
2541 4687 2656 4759 22.)
2701 4710 2719 4732 ι
2760 4682 2963 4741 Omnia
3006 4697 3243 4754 namque
3283 4686 3467 4738 vestra
3509 4684 3677 4745 sunt,
3723 4671 3828 4761 sive

2249 4757 2470 4847 Paulus,
2506 4757 2874 4848 sive-Apollo,
2903 4770 3020 4827 sive
3041 4769 3276 4844 Cephas,
3297 4769 3414 4827 sive
3437 4767 3674 4826 mundus
3697 4757 3823 4834 (12)»

2249 4870 2366 4925 sive
2393 4868 2530 4934 vita,
2575 4865 2693 4921 sive
2732 4878 2898 4927 mors,
2943 4859 3060 4916 sive
3105 4859 3413 4933 praesentia,
3461 4858 3579 4914 sive
3613 4856 3822 4912 futura:

2249 4957 2435 5014 omnia
2463 4960 2677 5021 vestra,
2722 4967 2821 5006 vos
2860 4959 3043 5004 autem
3083 4949 3322 5017 Christi,
3373 4946 3624 5006 Christus
3659 4948 3824 5000 autem

2247 5046 2368 5103 Dei.
2403 5072 2421 5093 ι
2456 5043 2583 5100 Alio
2613 5043 2733 5099 loco
2763 5039 2902 5098 dicit
2922 5038 2988 5096 de
3019 5039 3209 5096 eodem
3239 5055 3402 5095 sensu
3431 5055 3444 5094 :
3481 5059 3500 5085 ε
3529 5037 3638 5094 Nos
3657 5037 3822 5090 autem

2247 5151 2434 5192 servos
2451 5141 2664 5190 vestros
2684 5139 2906 5205 propter
2926 5129 3112 5187 Jesum
3139 5129 3228 5201 (ΙΙ
3243 5128 3368 5184 Cor.
3395 5144 3472 5196 IV,
3489 5127 3571 5200 5).
3595 5151 3612 5174 ι
3641 5125 3824 5180 Servos

2247 5241 2345 5299 pro
2363 5224 2632 5281 ministris
2649 5221 2851 5296 posuit;
2877 5221 2940 5278 u’t
2959 5235 3072 5276 non
3092 5217 3338 5293 singulos
3359 5216 3466 5275 sibi
3486 5208 3823 5273 defenderent

2239 5361 2392 5434 pium
2419 5367 2492 5418 est
2519 5366 2568 5416 et
2593 5359 2878 5434 funestam.
3381 5429 3416 5434 _
3777 5414 3789 5434 ,

2319 5433 2435 5506 (10)
2484 5434 2565 5506 Ita
2593 5423 2718 5506 ve_t_._
2750 5429 2883 5486 edit.
3060 5435 3330 5506 mss.;__at
3381 5429 3540 5506 Rom.
3580 5423 3822 5506 edit._si0

2243 5497 2596 5633 immutati/it:
2644 5503 2746 5559 Hic
2785 5502 3032 5574 templum
3066 5501 3167 5557 Dei
3193 5499 3340 5571 dicit,
3387 5499 3539 5571 infra
3566 5511 3684 5555 vero
3714 5497 3820 5546 tem-

2243 5593 2275 5633 υ
2301 5595 2413 5633 um.
2441 5592 2469 5632 e
2497 5591 2546 5632 c.

2301 5595 2413 5642 um,
2441 5583 2546 5632 etc.

2237 5593 2628 5719 ΡἺῃδθὲξὸπλ·
2662 5644 2823 5713 edit»
2866 5644 3279 5719 Αρρνεὲιεηάαγη
3308 5643 3680 5718 sapientes"...
3729 5646 3821 5687 εα-

2234 5716 2741 5792 pientiamjlloram
2768 5716 3131 5792 apprehendit.

2313 5789 2429 5864 (12)
2471 5789 2599 5850 Mss.
2626 5785 2858 5862 aliquot,
2899 5787 3006 5843 sive
3039 5785 3262 5860 Cephas,
3291 5786 3387 5860 qui
3414 5792 3490 5844 est
3512 5786 3720 5846 Petrus.
