  <div class='ocr_page' id='page_1' title='image "/cluster/home/n/w/nwhite01/storage/ocr_20150623/17/umn.31951002477311b/114.png"; bbox 0 0 3976 6386; ppageno 0'>
   <div class='ocr_carea' id='block_1_1' title="bbox 180 413 282 471">
    <p class='ocr_par' dir='ltr' id='par_1_1' title="bbox 180 413 282 471">
     <span class='ocr_line' id='line_1_1' title="bbox 180 413 282 471; baseline -0.01 0"><span class='ocrx_word' id='word_1_1' title='bbox 180 413 282 471; x_wconf 85' lang='lat'><strong>213</strong></span> 
     </span>
    </p>
   </div>
   <div class='ocr_carea' id='block_1_2' title="bbox 1267 403 2380 465">
    <p class='ocr_par' dir='ltr' id='par_1_2' title="bbox 1267 403 2380 465">
     <span class='ocr_line' id='line_1_2' title="bbox 1267 403 2380 465; baseline -0.003 0"><span class='ocrx_word' id='word_1_2' title='bbox 1267 406 1629 465; x_wconf 83' lang='lat' dir='ltr'><strong>COMMENT.</strong></span> <span class='ocrx_word' id='word_1_3' title='bbox 1667 405 1739 462; x_wconf 85' lang='lat' dir='ltr'><strong>IN</strong></span> <span class='ocrx_word' id='word_1_4' title='bbox 1775 403 1993 463; x_wconf 86' lang='lat' dir='ltr'><strong>EPIST.</strong></span> <span class='ocrx_word' id='word_1_5' title='bbox 2035 407 2058 462; x_wconf 92' lang='grc' dir='ltr'>Ι</span> <span class='ocrx_word' id='word_1_6' title='bbox 2098 407 2193 462; x_wconf 79' lang='lat' dir='ltr'><strong>AD</strong></span> <span class='ocrx_word' id='word_1_7' title='bbox 2224 407 2380 464; x_wconf 82' lang='lat' dir='ltr'><strong>COR.</strong></span> 
     </span>
    </p>
   </div>
   <div class='ocr_carea' id='block_1_3' title="bbox 3367 408 3475 468">
    <p class='ocr_par' dir='ltr' id='par_1_3' title="bbox 3367 408 3475 468">
     <span class='ocr_line' id='line_1_3' title="bbox 3367 408 3475 468; baseline -0.009 -1"><span class='ocrx_word' id='word_1_8' title='bbox 3367 408 3475 468; x_wconf 77' lang='grc'><strong>214</strong></span> 
     </span>
    </p>
   </div>
   <div class='ocr_carea' id='block_1_4' title="bbox 183 533 3470 610">
    <p class='ocr_par' dir='ltr' id='par_1_4' title="bbox 183 533 3470 610">
     <span class='ocr_line' id='line_1_4' title="bbox 183 533 3470 610; baseline 0.001 -15"><span class='ocrx_word' id='word_1_9' title='bbox 183 537 459 610; x_wconf 86' lang='lat' dir='ltr'><strong>(13),cum</strong></span> <span class='ocrx_word' id='word_1_10' title='bbox 485 536 1058 602; x_wconf 87' lang='lat' dir='ltr'><strong>omnibusuterentur,</strong></span> <span class='ocrx_word' id='word_1_11' title='bbox 1081 536 1224 592; x_wconf 99' lang='lat' dir='ltr'><strong>sicut</strong></span> <span class='ocrx_word' id='word_1_12' title='bbox 1250 541 1305 592; x_wconf 93' lang='lat' dir='ltr'><strong>et</strong></span> <span class='ocrx_word' id='word_1_13' title='bbox 1320 533 1761 591; x_wconf 89' lang='lat' dir='ltr'><strong>Dominusdicit:</strong></span> <span class='ocrx_word' id='word_1_14' title='bbox 1793 536 1843 595; x_wconf 88' lang='lat' dir='ltr'><strong>A</strong></span> <span class='ocrx_word' id='word_1_15' title='bbox 1874 533 2080 590; x_wconf 90' lang='lat' dir='ltr'><strong>mundo</strong></span> <span class='ocrx_word' id='word_1_16' title='bbox 2117 533 2341 591; x_wconf 79' lang='lat' dir='ltr'><strong>creditis</strong></span> <span class='ocrx_word' id='word_1_17' title='bbox 2365 533 2700 607; x_wconf 86' lang='lat' dir='ltr'><strong>judicandus</strong></span> <span class='ocrx_word' id='word_1_18' title='bbox 2726 543 2861 592; x_wconf 90' lang='lat' dir='ltr'><strong>erat.</strong></span> <span class='ocrx_word' id='word_1_19' title='bbox 2897 536 3283 610; x_wconf 87' lang='lat' dir='ltr'><strong>Supergressus</strong></span> <span class='ocrx_word' id='word_1_20' title='bbox 3321 540 3470 597; x_wconf 91' lang='lat' dir='ltr'><strong>enim</strong></span> 
     </span>
    </p>
   </div>
   <div class='ocr_carea' id='block_1_5' title="bbox 195 625 1771 702">
    <p class='ocr_par' dir='ltr' id='par_1_5' title="bbox 195 625 1771 702">
     <span class='ocr_line' id='line_1_5' title="bbox 195 625 1771 702; baseline -0.004 -17"><span class='ocrx_word' id='word_1_21' title='bbox 195 652 213 676; x_wconf 72' lang='grc' dir='ltr'><strong>ι</strong></span> <span class='ocrx_word' id='word_1_22' title='bbox 241 628 356 702; x_wconf 89' lang='lat' dir='ltr'><strong>Ego</strong></span> <span class='ocrx_word' id='word_1_23' title='bbox 395 644 517 684; x_wconf 91' lang='lat' dir='ltr'><strong>sum</strong></span> <span class='ocrx_word' id='word_1_24' title='bbox 573 626 633 683; x_wconf 92' lang='lat' dir='ltr'><strong>in</strong></span> <span class='ocrx_word' id='word_1_25' title='bbox 687 625 870 684; x_wconf 86' lang='lat' dir='ltr'><strong>medio</strong></span> <span class='ocrx_word' id='word_1_26' title='bbox 901 633 1164 692; x_wconf 88' lang='lat' dir='ltr'><strong>vestrum,</strong></span> <span class='ocrx_word' id='word_1_27' title='bbox 1198 641 1309 682; x_wconf 91' lang='lat' dir='ltr'><strong>non</strong></span> <span class='ocrx_word' id='word_1_28' title='bbox 1356 633 1420 682; x_wconf 90' lang='lat' dir='ltr'><strong>ut</strong></span> <span class='ocrx_word' id='word_1_29' title='bbox 1467 625 1771 693; x_wconf 90' lang='lat' dir='ltr'><strong>ministrer,</strong></span> 
     </span>
    </p>
   </div>
   <div class='ocr_carea' id='block_1_6' title="bbox 181 715 1770 786">
    <p class='ocr_par' dir='ltr' id='par_1_6' title="bbox 181 715 1770 786">
     <span class='ocr_line' id='line_1_6' title="bbox 181 715 1770 786; baseline -0.003 -13"><span class='ocrx_word' id='word_1_30' title='bbox 181 716 276 773; x_wconf 88' lang='lat' dir='ltr'><strong>sed</strong></span> <span class='ocrx_word' id='word_1_31' title='bbox 347 723 408 773; x_wconf 90' lang='lat' dir='ltr'><strong>ut</strong></span> <span class='ocrx_word' id='word_1_32' title='bbox 493 716 800 773; x_wconf 91' lang='lat' dir='ltr'><strong>ministrem</strong></span> <span class='ocrx_word' id='word_1_33' title='bbox 874 715 894 786; x_wconf 90' lang='lat'><strong>(</strong></span> <span class='ocrx_word' id='word_1_34' title='bbox 943 715 1068 772; x_wconf 80' lang='lat' dir='ltr'><strong>Luc.</strong></span> <span class='ocrx_word' id='word_1_35' title='bbox 1126 731 1268 782; x_wconf 75' lang='lat' dir='ltr'><strong>XXII,</strong></span> <span class='ocrx_word' id='word_1_36' title='bbox 1299 715 1420 786; x_wconf 86' lang='lat'><strong>27)</strong></span> <span class='ocrx_word' id='word_1_37' title='bbox 1469 757 1482 770; x_wconf 95' lang='lat'><strong>.</strong></span> <span class='ocrx_word' id='word_1_38' title='bbox 1535 737 1554 762; x_wconf 81' lang='grc'>›</span> <span class='ocrx_word' id='word_1_39' title='bbox 1635 715 1770 770; x_wconf 89' lang='lat' dir='ltr'><strong>Nam</strong></span> 
     </span>
    </p>
   </div>
   <div class='ocr_carea' id='block_1_7' title="bbox 181 801 1770 879">
    <p class='ocr_par' dir='ltr' id='par_1_7' title="bbox 181 801 1770 879">
     <span class='ocr_line' id='line_1_7' title="bbox 181 801 1770 879; baseline -0.002 -19"><span class='ocrx_word' id='word_1_40' title='bbox 181 804 422 862; x_wconf 90' lang='lat' dir='ltr'><strong>mundus</strong></span> <span class='ocrx_word' id='word_1_41' title='bbox 474 806 665 879; x_wconf 90' lang='lat' dir='ltr'><strong>utique</strong></span> <span class='ocrx_word' id='word_1_42' title='bbox 732 811 917 860; x_wconf 89' lang='lat' dir='ltr'><strong>noster</strong></span> <span class='ocrx_word' id='word_1_43' title='bbox 984 810 1085 870; x_wconf 88' lang='lat' dir='ltr'><strong>est,</strong></span> <span class='ocrx_word' id='word_1_44' title='bbox 1143 802 1236 858; x_wconf 92' lang='lat' dir='ltr'><strong>sed</strong></span> <span class='ocrx_word' id='word_1_45' title='bbox 1294 810 1354 858; x_wconf 91' lang='lat' dir='ltr'><strong>ut</strong></span> <span class='ocrx_word' id='word_1_46' title='bbox 1406 802 1475 858; x_wconf 90' lang='lat' dir='ltr'><strong>de</strong></span> <span class='ocrx_word' id='word_1_47' title='bbox 1530 801 1629 858; x_wconf 92' lang='lat' dir='ltr'><strong>illo</strong></span> <span class='ocrx_word' id='word_1_48' title='bbox 1684 818 1770 857; x_wconf 88' lang='lat' dir='ltr'><strong>se-</strong></span> 
     </span>
    </p>
   </div>
   <div class='ocr_carea' id='block_1_8' title="bbox 180 891 1773 953">
    <p class='ocr_par' dir='ltr' id='par_1_8' title="bbox 180 891 1773 953">
     <span class='ocr_line' id='line_1_8' title="bbox 180 891 1773 953; baseline -0.003 -3"><span class='ocrx_word' id='word_1_49' title='bbox 180 895 424 951; x_wconf 88' lang='lat' dir='ltr'><strong>cundum</strong></span> <span class='ocrx_word' id='word_1_50' title='bbox 456 895 556 953; x_wconf 89' lang='lat' dir='ltr'><strong>Dei</strong></span> <span class='ocrx_word' id='word_1_51' title='bbox 586 895 925 949; x_wconf 83' lang='lat' dir='ltr'><strong>voluntatem</strong></span> <span class='ocrx_word' id='word_1_52' title='bbox 951 892 1251 949; x_wconf 90' lang='lat' dir='ltr'><strong>sentiamus</strong></span> <span class='ocrx_word' id='word_1_53' title='bbox 1279 901 1333 948; x_wconf 91' lang='lat' dir='ltr'><strong>et</strong></span> <span class='ocrx_word' id='word_1_54' title='bbox 1359 891 1605 948; x_wconf 86' lang='lat' dir='ltr'><strong>decretos</strong></span> <span class='ocrx_word' id='word_1_55' title='bbox 1651 907 1773 946; x_wconf 89' lang='lat' dir='ltr'><strong>cur-</strong></span> 
     </span>
    </p>
   </div>
   <div class='ocr_carea' id='block_1_9' title="bbox 181 981 1772 1056">
    <p class='ocr_par' dir='ltr' id='par_1_9' title="bbox 181 981 1772 1056">
     <span class='ocr_line' id='line_1_9' title="bbox 181 981 1772 1056; baseline -0.002 -16"><span class='ocrx_word' id='word_1_56' title='bbox 181 1001 276 1040; x_wconf 90' lang='lat' dir='ltr'><strong>sus</strong></span> <span class='ocrx_word' id='word_1_57' title='bbox 303 983 423 1056; x_wconf 86' lang='lat' dir='ltr'><strong>ejus</strong></span> <span class='ocrx_word' id='word_1_58' title='bbox 454 985 508 1039; x_wconf 91' lang='lat' dir='ltr'><strong>in</strong></span> <span class='ocrx_word' id='word_1_59' title='bbox 538 984 634 1048; x_wconf 90' lang='lat' dir='ltr'><strong>Dei</strong></span> <span class='ocrx_word' id='word_1_60' title='bbox 664 984 948 1038; x_wconf 84' lang='lat' dir='ltr'><strong>voluntate</strong></span> <span class='ocrx_word' id='word_1_61' title='bbox 980 998 1265 1054; x_wconf 86' lang='lat' dir='ltr'><strong>ponamus.</strong></span> <span class='ocrx_word' id='word_1_62' title='bbox 1291 982 1362 1036; x_wconf 91' lang='lat' dir='ltr'><strong>Et</strong></span> <span class='ocrx_word' id='word_1_63' title='bbox 1392 981 1508 1036; x_wconf 90' lang='lat' dir='ltr'><strong>vita</strong></span> <span class='ocrx_word' id='word_1_64' title='bbox 1537 998 1772 1053; x_wconf 76' lang='lat' dir='ltr'><strong>praesens</strong></span> 
     </span>
    </p>
   </div>
   <div class='ocr_carea' id='block_1_10' title="bbox 180 1071 1771 1138">
    <p class='ocr_par' dir='ltr' id='par_1_10' title="bbox 180 1071 1771 1138">
     <span class='ocr_line' id='line_1_10' title="bbox 180 1071 1771 1138; baseline -0.003 -7"><span class='ocrx_word' id='word_1_65' title='bbox 180 1090 436 1131; x_wconf 86' lang='lat' dir='ltr'><strong>concessa</strong></span> <span class='ocrx_word' id='word_1_66' title='bbox 484 1073 644 1128; x_wconf 88' lang='lat' dir='ltr'><strong>nobis</strong></span> <span class='ocrx_word' id='word_1_67' title='bbox 677 1080 780 1138; x_wconf 88' lang='lat' dir='ltr'><strong>est,</strong></span> <span class='ocrx_word' id='word_1_68' title='bbox 837 1071 932 1128; x_wconf 90' lang='lat' dir='ltr'><strong>sed</strong></span> <span class='ocrx_word' id='word_1_69' title='bbox 962 1079 1022 1126; x_wconf 90' lang='lat' dir='ltr'><strong>ut</strong></span> <span class='ocrx_word' id='word_1_70' title='bbox 1064 1071 1306 1127; x_wconf 89' lang='lat' dir='ltr'><strong>modeste</strong></span> <span class='ocrx_word' id='word_1_71' title='bbox 1355 1071 1506 1126; x_wconf 86' lang='lat' dir='ltr'><strong>illam</strong></span> <span class='ocrx_word' id='word_1_72' title='bbox 1537 1078 1593 1127; x_wconf 91' lang='lat' dir='ltr'><strong>et</strong></span> <span class='ocrx_word' id='word_1_73' title='bbox 1645 1088 1771 1127; x_wconf 90' lang='lat' dir='ltr'><strong>cum</strong></span> 
     </span>
    </p>
   </div>
   <div class='ocr_carea' id='block_1_11' title="bbox 180 1160 1771 1233">
    <p class='ocr_par' dir='ltr' id='par_1_11' title="bbox 180 1160 1771 1233">
     <span class='ocr_line' id='line_1_11' title="bbox 180 1160 1771 1233; baseline -0.002 -14"><span class='ocrx_word' id='word_1_74' title='bbox 180 1163 280 1219; x_wconf 91' lang='lat' dir='ltr'><strong>Dei</strong></span> <span class='ocrx_word' id='word_1_75' title='bbox 334 1161 505 1233; x_wconf 77' lang='lat' dir='ltr'><strong>gloria</strong></span> <span class='ocrx_word' id='word_1_76' title='bbox 558 1161 943 1232; x_wconf 90' lang='lat' dir='ltr'><strong>transigamus.</strong></span> <span class='ocrx_word' id='word_1_77' title='bbox 1013 1160 1186 1216; x_wconf 74' lang='lat' dir='ltr'><strong>«Sive</strong></span> <span class='ocrx_word' id='word_1_78' title='bbox 1244 1176 1390 1215; x_wconf 89' lang='lat' dir='ltr'><strong>mors</strong></span> <span class='ocrx_word' id='word_1_79' title='bbox 1441 1161 1614 1230; x_wconf 84' lang='lat' dir='ltr'><strong>(Rom.</strong></span> <span class='ocrx_word' id='word_1_80' title='bbox 1647 1177 1771 1228; x_wconf 86' lang='lat' dir='ltr'><strong>vm,</strong></span> 
     </span>
    </p>
   </div>
   <div class='ocr_carea' id='block_1_12' title="bbox 180 1247 1774 1320">
    <p class='ocr_par' dir='ltr' id='par_1_12' title="bbox 180 1247 1774 1320">
     <span class='ocr_line' id='line_1_12' title="bbox 180 1247 1774 1320; baseline -0.003 -14"><span class='ocrx_word' id='word_1_81' title='bbox 180 1249 295 1320; x_wconf 87' lang='lat'><strong>38),</strong></span> <span class='ocrx_word' id='word_1_82' title='bbox 327 1272 344 1295; x_wconf 76' lang='grc' dir='ltr'><strong>ι</strong></span> <span class='ocrx_word' id='word_1_83' title='bbox 390 1256 450 1304; x_wconf 90' lang='lat' dir='ltr'><strong>ut</strong></span> <span class='ocrx_word' id='word_1_84' title='bbox 504 1264 601 1320; x_wconf 91' lang='lat' dir='ltr'><strong>pro</strong></span> <span class='ocrx_word' id='word_1_85' title='bbox 631 1248 852 1306; x_wconf 88' lang='lat' dir='ltr'><strong>Christo</strong></span> <span class='ocrx_word' id='word_1_86' title='bbox 884 1247 1025 1303; x_wconf 90' lang='lat' dir='ltr'><strong>mori</strong></span> <span class='ocrx_word' id='word_1_87' title='bbox 1081 1247 1316 1303; x_wconf 84' lang='lat' dir='ltr'><strong>libenter</strong></span> <span class='ocrx_word' id='word_1_88' title='bbox 1345 1247 1645 1304; x_wconf 88' lang='lat' dir='ltr'><strong>habeamus</strong></span> <span class='ocrx_word' id='word_1_89' title='bbox 1681 1263 1774 1320; x_wconf 89' lang='lat' dir='ltr'><strong>spe</strong></span> 
     </span>
    </p>
   </div>
   <div class='ocr_carea' id='block_1_13' title="bbox 181 1338 1773 1412">
    <p class='ocr_par' dir='ltr' id='par_1_13' title="bbox 181 1338 1773 1412">
     <span class='ocr_line' id='line_1_13' title="bbox 181 1338 1773 1412; baseline 0 -18"><span class='ocrx_word' id='word_1_90' title='bbox 181 1338 562 1412; x_wconf 88' lang='lat' dir='ltr'><strong>promissionis</strong></span> <span class='ocrx_word' id='word_1_91' title='bbox 591 1339 812 1395; x_wconf 64' lang='lat' dir='ltr'><strong>futurae.</strong></span> <span class='ocrx_word' id='word_1_92' title='bbox 868 1362 885 1384; x_wconf 76' lang='grc' dir='ltr'><strong>ι</strong></span> <span class='ocrx_word' id='word_1_93' title='bbox 912 1339 1039 1394; x_wconf 89' lang='lat' dir='ltr'><strong>Sive</strong></span> <span class='ocrx_word' id='word_1_94' title='bbox 1079 1338 1368 1408; x_wconf 63' lang='lat' dir='ltr'><strong>prasentia</strong></span> <span class='ocrx_word' id='word_1_95' title='bbox 1399 1338 1617 1409; x_wconf 81' lang='lat' dir='ltr'><strong>(Ibid.),</strong></span> <span class='ocrx_word' id='word_1_96' title='bbox 1648 1362 1666 1385; x_wconf 75' lang='grc' dir='ltr'><strong>ι</strong></span> <span class='ocrx_word' id='word_1_97' title='bbox 1712 1346 1773 1394; x_wconf 91' lang='lat' dir='ltr'><strong>ut</strong></span> 
     </span>
    </p>
   </div>
   <div class='ocr_carea' id='block_1_14' title="bbox 181 1426 1775 1500">
    <p class='ocr_par' dir='ltr' id='par_1_14' title="bbox 181 1426 1775 1500">
     <span class='ocr_line' id='line_1_14' title="bbox 181 1426 1775 1500; baseline 0 -18"><span class='ocrx_word' id='word_1_98' title='bbox 181 1428 259 1484; x_wconf 90' lang='lat' dir='ltr'><strong>sic</strong></span> <span class='ocrx_word' id='word_1_99' title='bbox 275 1427 637 1500; x_wconf 65' lang='lat' dir='ltr'><strong>praesentibus</strong></span> <span class='ocrx_word' id='word_1_100' title='bbox 658 1435 897 1494; x_wconf 87' lang='lat' dir='ltr'><strong>utamur,</strong></span> <span class='ocrx_word' id='word_1_101' title='bbox 927 1443 995 1484; x_wconf 88' lang='lat' dir='ltr'><strong>ne</strong></span> <span class='ocrx_word' id='word_1_102' title='bbox 1011 1426 1368 1483; x_wconf 72' lang='lat' dir='ltr'><strong>offendamus.</strong></span> <span class='ocrx_word' id='word_1_103' title='bbox 1405 1451 1422 1474; x_wconf 77' lang='grc' dir='ltr'><strong>ι</strong></span> <span class='ocrx_word' id='word_1_104' title='bbox 1438 1427 1564 1483; x_wconf 89' lang='lat' dir='ltr'><strong>Sive</strong></span> <span class='ocrx_word' id='word_1_105' title='bbox 1589 1427 1775 1483; x_wconf 89' lang='lat' dir='ltr'><strong>futura</strong></span> 
     </span>
    </p>
   </div>
   <div class='ocr_carea' id='block_1_15' title="bbox 187 1515 1774 1588">
    <p class='ocr_par' dir='ltr' id='par_1_15' title="bbox 187 1515 1774 1588">
     <span class='ocr_line' id='line_1_15' title="bbox 187 1515 1774 1588; baseline -0.001 -16"><span class='ocrx_word' id='word_1_106' title='bbox 187 1516 404 1587; x_wconf 57' lang='lat' dir='ltr'><strong>(Ibid),</strong></span> <span class='ocrx_word' id='word_1_107' title='bbox 426 1540 444 1562; x_wconf 77' lang='grc' dir='ltr'><strong>ι</strong></span> <span class='ocrx_word' id='word_1_108' title='bbox 486 1523 549 1571; x_wconf 89' lang='lat' dir='ltr'><strong>ut</strong></span> <span class='ocrx_word' id='word_1_109' title='bbox 579 1516 766 1572; x_wconf 87' lang='lat' dir='ltr'><strong>futura</strong></span> <span class='ocrx_word' id='word_1_110' title='bbox 797 1515 1102 1583; x_wconf 89' lang='lat' dir='ltr'><strong>credentes,</strong></span> <span class='ocrx_word' id='word_1_111' title='bbox 1136 1515 1270 1588; x_wconf 90' lang='lat' dir='ltr'><strong>ipsis</strong></span> <span class='ocrx_word' id='word_1_112' title='bbox 1293 1531 1394 1572; x_wconf 90' lang='lat' dir='ltr'><strong>nos</strong></span> <span class='ocrx_word' id='word_1_113' title='bbox 1426 1516 1619 1586; x_wconf 87' lang='lat' dir='ltr'><strong>magis,</strong></span> <span class='ocrx_word' id='word_1_114' title='bbox 1645 1515 1774 1588; x_wconf 86' lang='lat' dir='ltr'><strong>quia</strong></span> 
     </span>
    </p>
   </div>
   <div class='ocr_carea' id='block_1_16' title="bbox 180 1604 1762 1671">
    <p class='ocr_par' dir='ltr' id='par_1_16' title="bbox 180 1604 1762 1671">
     <span class='ocr_line' id='line_1_16' title="bbox 180 1604 1762 1671; baseline 0.001 -12"><span class='ocrx_word' id='word_1_115' title='bbox 180 1604 410 1660; x_wconf 89' lang='lat' dir='ltr'><strong>meliora</strong></span> <span class='ocrx_word' id='word_1_116' title='bbox 437 1613 588 1671; x_wconf 91' lang='lat' dir='ltr'><strong>sunt,</strong></span> <span class='ocrx_word' id='word_1_117' title='bbox 619 1605 1093 1661; x_wconf 88' lang='lat' dir='ltr'><strong>commendemus.</strong></span> <span class='ocrx_word' id='word_1_118' title='bbox 1759 1657 1762 1661; x_wconf 87' lang='lat'><strong>.</strong></span> 
     </span>
    </p>
   </div>
   <div class='ocr_carea' id='block_1_17' title="bbox 251 1690 1774 1765">
    <p class='ocr_par' dir='ltr' id='par_1_17' title="bbox 251 1690 1774 1765">
     <span class='ocr_line' id='line_1_17' title="bbox 251 1690 1774 1765; baseline 0 -18"><span class='ocrx_word' id='word_1_119' title='bbox 251 1691 435 1764; x_wconf 81' lang='lat' dir='ltr'><strong>(Vera.</strong></span> <span class='ocrx_word' id='word_1_120' title='bbox 461 1691 576 1764; x_wconf 86' lang='lat'><strong>23.)</strong></span> <span class='ocrx_word' id='word_1_121' title='bbox 646 1716 663 1738; x_wconf 77' lang='grc' dir='ltr'><strong>ι</strong></span> <span class='ocrx_word' id='word_1_122' title='bbox 698 1693 806 1748; x_wconf 91' lang='lat' dir='ltr'><strong>Vos</strong></span> <span class='ocrx_word' id='word_1_123' title='bbox 834 1700 1017 1749; x_wconf 92' lang='lat' dir='ltr'><strong>autem</strong></span> <span class='ocrx_word' id='word_1_124' title='bbox 1064 1690 1271 1748; x_wconf 89' lang='lat' dir='ltr'><strong>Christi</strong></span> <span class='ocrx_word' id='word_1_125' title='bbox 1297 1710 1310 1759; x_wconf 92' lang='lat'><strong>;</strong></span> <span class='ocrx_word' id='word_1_126' title='bbox 1334 1716 1352 1738; x_wconf 77' lang='grc' dir='ltr'><strong>ι</strong></span> <span class='ocrx_word' id='word_1_127' title='bbox 1397 1699 1459 1747; x_wconf 91' lang='lat' dir='ltr'><strong>ut</strong></span> <span class='ocrx_word' id='word_1_128' title='bbox 1499 1691 1774 1765; x_wconf 92' lang='lat' dir='ltr'><strong>quomodo</strong></span> 
     </span>
    </p>
   </div>
   <div class='ocr_carea' id='block_1_18' title="bbox 181 1779 1776 1852">
    <p class='ocr_par' dir='ltr' id='par_1_18' title="bbox 181 1779 1776 1852">
     <span class='ocr_line' id='line_1_18' title="bbox 181 1779 1776 1852; baseline 0 -16"><span class='ocrx_word' id='word_1_129' title='bbox 181 1780 296 1837; x_wconf 63' lang='lat' dir='ltr'><strong>haec</strong></span> <span class='ocrx_word' id='word_1_130' title='bbox 319 1779 534 1852; x_wconf 92' lang='lat' dir='ltr'><strong>judicio</strong></span> <span class='ocrx_word' id='word_1_131' title='bbox 565 1789 754 1838; x_wconf 91' lang='lat' dir='ltr'><strong>nostro</strong></span> <span class='ocrx_word' id='word_1_132' title='bbox 781 1797 1038 1838; x_wconf 88' lang='lat' dir='ltr'><strong>concessa</strong></span> <span class='ocrx_word' id='word_1_133' title='bbox 1064 1790 1192 1836; x_wconf 91' lang='lat' dir='ltr'><strong>sunt</strong></span> <span class='ocrx_word' id='word_1_134' title='bbox 1229 1790 1282 1836; x_wconf 88' lang='lat' dir='ltr'><strong>et</strong></span> <span class='ocrx_word' id='word_1_135' title='bbox 1302 1779 1569 1852; x_wconf 89' lang='lat' dir='ltr'><strong>subjecta,</strong></span> <span class='ocrx_word' id='word_1_136' title='bbox 1616 1781 1694 1836; x_wconf 91' lang='lat' dir='ltr'><strong>ita</strong></span> <span class='ocrx_word' id='word_1_137' title='bbox 1721 1788 1776 1836; x_wconf 87' lang='lat' dir='ltr'><strong>et</strong></span> 
     </span>
    </p>
   </div>
   <div class='ocr_carea' id='block_1_19' title="bbox 1881 622 3474 700">
    <p class='ocr_par' dir='ltr' id='par_1_19' title="bbox 1881 622 3474 700">
     <span class='ocr_line' id='line_1_19' title="bbox 1881 622 3474 700; baseline 0.006 -22"><span class='ocrx_word' id='word_1_138' title='bbox 1881 623 2176 680; x_wconf 88' lang='lat' dir='ltr'><strong>humanam</strong></span> <span class='ocrx_word' id='word_1_139' title='bbox 2200 622 2498 696; x_wconf 88' lang='lat' dir='ltr'><strong>justitiam,</strong></span> <span class='ocrx_word' id='word_1_140' title='bbox 2528 623 2737 682; x_wconf 66' lang='lat' dir='ltr'><strong>caelesti</strong></span> <span class='ocrx_word' id='word_1_141' title='bbox 2763 622 2994 698; x_wconf 76' lang='lat' dir='ltr'><strong>justitiae</strong></span> <span class='ocrx_word' id='word_1_142' title='bbox 3022 625 3300 700; x_wconf 81' lang='lat' dir='ltr'><strong>studebat,</strong></span> <span class='ocrx_word' id='word_1_143' title='bbox 3330 629 3474 686; x_wconf 89' lang='lat' dir='ltr'><strong>sicut</strong></span> 
     </span>
    </p>
   </div>
   <div class='ocr_carea' id='block_1_20' title="bbox 1881 711 3476 786">
    <p class='ocr_par' dir='ltr' id='par_1_20' title="bbox 1881 711 3476 786">
     <span class='ocr_line' id='line_1_20' title="bbox 1881 711 3476 786; baseline 0.004 -19"><span class='ocrx_word' id='word_1_144' title='bbox 1881 711 2018 769; x_wconf 90' lang='lat' dir='ltr'><strong>dicit</strong></span> <span class='ocrx_word' id='word_1_145' title='bbox 2058 714 2326 771; x_wconf 90' lang='lat' dir='ltr'><strong>Dominus</strong></span> <span class='ocrx_word' id='word_1_146' title='bbox 2359 731 2370 769; x_wconf 89' lang='lat'>:</span> <span class='ocrx_word' id='word_1_147' title='bbox 2433 740 2451 761; x_wconf 77' lang='grc' dir='ltr'><strong>ι</strong></span> <span class='ocrx_word' id='word_1_148' title='bbox 2476 714 2592 771; x_wconf 87' lang='lat' dir='ltr'><strong>Nisi</strong></span> <span class='ocrx_word' id='word_1_149' title='bbox 2635 712 2999 770; x_wconf 87' lang='lat' dir='ltr'><strong>abundaverit</strong></span> <span class='ocrx_word' id='word_1_150' title='bbox 3033 713 3252 786; x_wconf 90' lang='lat' dir='ltr'><strong>justitia</strong></span> <span class='ocrx_word' id='word_1_151' title='bbox 3297 725 3476 774; x_wconf 82' lang='lat' dir='ltr'><strong>vestra</strong></span> 
     </span>
    </p>
   </div>
   <div class='ocr_carea' id='block_1_21' title="bbox 1882 803 3477 877">
    <p class='ocr_par' dir='ltr' id='par_1_21' title="bbox 1882 803 3477 877">
     <span class='ocr_line' id='line_1_21' title="bbox 1882 803 3477 877; baseline 0.003 -19"><span class='ocrx_word' id='word_1_152' title='bbox 1882 805 2002 875; x_wconf 90' lang='lat' dir='ltr'><strong>plus</strong></span> <span class='ocrx_word' id='word_1_153' title='bbox 2033 820 2194 877; x_wconf 90' lang='lat' dir='ltr'><strong>quam</strong></span> <span class='ocrx_word' id='word_1_154' title='bbox 2217 804 2528 861; x_wconf 90' lang='lat' dir='ltr'><strong>Scribarum</strong></span> <span class='ocrx_word' id='word_1_155' title='bbox 2551 813 2602 861; x_wconf 92' lang='lat' dir='ltr'><strong>et</strong></span> <span class='ocrx_word' id='word_1_156' title='bbox 2622 803 3041 871; x_wconf 69' lang='lat' dir='ltr'><strong>Pharisaeorum,</strong></span> <span class='ocrx_word' id='word_1_157' title='bbox 3066 819 3174 860; x_wconf 92' lang='lat' dir='ltr'><strong>non</strong></span> <span class='ocrx_word' id='word_1_158' title='bbox 3197 803 3477 862; x_wconf 90' lang='lat' dir='ltr'><strong>intrabitis</strong></span> 
     </span>
    </p>
   </div>
   <div class='ocr_carea' id='block_1_22' title="bbox 1882 891 3476 968">
    <p class='ocr_par' dir='ltr' id='par_1_22' title="bbox 1882 891 3476 968">
     <span class='ocr_line' id='line_1_22' title="bbox 1882 891 3476 968; baseline 0.003 -21"><span class='ocrx_word' id='word_1_159' title='bbox 1882 891 1938 947; x_wconf 93' lang='lat' dir='ltr'><strong>in</strong></span> <span class='ocrx_word' id='word_1_160' title='bbox 1988 907 2214 963; x_wconf 85' lang='lat' dir='ltr'><strong>regnum</strong></span> <span class='ocrx_word' id='word_1_161' title='bbox 2262 893 2358 949; x_wconf 91' lang='lat' dir='ltr'><strong>Dei</strong></span> <span class='ocrx_word' id='word_1_162' title='bbox 2409 893 2622 963; x_wconf 84' lang='lat' dir='ltr'><strong>(Matth.</strong></span> <span class='ocrx_word' id='word_1_163' title='bbox 2676 909 2732 948; x_wconf 91' lang='lat' dir='ltr'><strong>v.</strong></span> <span class='ocrx_word' id='word_1_164' title='bbox 2778 892 2932 962; x_wconf 76' lang='grc'><strong>20).»</strong></span> <span class='ocrx_word' id='word_1_165' title='bbox 2994 893 3308 950; x_wconf 83' lang='lat' dir='ltr'><strong>Humanum</strong></span> <span class='ocrx_word' id='word_1_166' title='bbox 3349 911 3476 968; x_wconf 88' lang='lat' dir='ltr'><strong>ergo</strong></span> 
     </span>
    </p>
   </div>
   <div class='ocr_carea' id='block_1_23' title="bbox 1885 981 3477 1056">
    <p class='ocr_par' dir='ltr' id='par_1_23' title="bbox 1885 981 3477 1056">
     <span class='ocr_line' id='line_1_23' title="bbox 1885 981 3477 1056; baseline -0.001 -15"><span class='ocrx_word' id='word_1_167' title='bbox 1885 983 2029 1041; x_wconf 79' lang='lat'><strong>124</strong></span> <span class='ocrx_word' id='word_1_168' title='bbox 2057 981 2204 1038; x_wconf 90' lang='lat' dir='ltr'><strong>diem</strong></span> <span class='ocrx_word' id='word_1_169' title='bbox 2232 999 2359 1038; x_wconf 93' lang='lat' dir='ltr'><strong>cum</strong></span> <span class='ocrx_word' id='word_1_170' title='bbox 2392 981 2545 1048; x_wconf 90' lang='lat' dir='ltr'><strong>dicit,</strong></span> <span class='ocrx_word' id='word_1_171' title='bbox 2575 981 2850 1054; x_wconf 88' lang='lat' dir='ltr'><strong>signiﬁcat</strong></span> <span class='ocrx_word' id='word_1_172' title='bbox 2873 989 2927 1038; x_wconf 89' lang='lat' dir='ltr'><strong>et</strong></span> <span class='ocrx_word' id='word_1_173' title='bbox 2956 982 3208 1038; x_wconf 90' lang='lat' dir='ltr'><strong>divinum</strong></span> <span class='ocrx_word' id='word_1_174' title='bbox 3232 1001 3252 1048; x_wconf 85' lang='lat'><strong>;</strong></span> <span class='ocrx_word' id='word_1_175' title='bbox 3280 983 3336 1038; x_wconf 92' lang='lat' dir='ltr'><strong>in</strong></span> <span class='ocrx_word' id='word_1_176' title='bbox 3369 1000 3477 1056; x_wconf 94' lang='lat' dir='ltr'><strong>quo</strong></span> 
     </span>
    </p>
   </div>
   <div class='ocr_carea' id='block_1_24' title="bbox 1875 1078 3476 1152">
    <p class='ocr_par' dir='ltr' id='par_1_24' title="bbox 1875 1078 3476 1152">
     <span class='ocr_line' id='line_1_24' title="bbox 1875 1078 3476 1152; baseline 0 -18"><span class='ocrx_word' id='word_1_177' title='bbox 1875 1079 2224 1151; x_wconf 86' lang='lat' dir='ltr'><strong>judicaturus</strong></span> <span class='ocrx_word' id='word_1_178' title='bbox 2270 1087 2351 1135; x_wconf 90' lang='lat' dir='ltr'><strong>est</strong></span> <span class='ocrx_word' id='word_1_179' title='bbox 2381 1079 2650 1147; x_wconf 90' lang='lat' dir='ltr'><strong>Christus,</strong></span> <span class='ocrx_word' id='word_1_180' title='bbox 2707 1079 2837 1152; x_wconf 88' lang='lat' dir='ltr'><strong>quia</strong></span> <span class='ocrx_word' id='word_1_181' title='bbox 2900 1078 3044 1136; x_wconf 88' lang='lat' dir='ltr'><strong>sicut</strong></span> <span class='ocrx_word' id='word_1_182' title='bbox 3094 1078 3476 1151; x_wconf 89' lang='lat' dir='ltr'><strong>jurisconsulti</strong></span> 
     </span>
    </p>
   </div>
   <div class='ocr_carea' id='block_1_25' title="bbox 1882 1167 3480 1240">
    <p class='ocr_par' dir='ltr' id='par_1_25' title="bbox 1882 1167 3480 1240">
     <span class='ocr_line' id='line_1_25' title="bbox 1882 1167 3480 1240; baseline 0.001 -17"><span class='ocrx_word' id='word_1_183' title='bbox 1882 1185 1975 1224; x_wconf 89' lang='lat' dir='ltr'><strong>seu</strong></span> <span class='ocrx_word' id='word_1_184' title='bbox 2007 1167 2312 1240; x_wconf 87' lang='lat' dir='ltr'><strong>pontiﬁces,</strong></span> <span class='ocrx_word' id='word_1_185' title='bbox 2353 1183 2488 1240; x_wconf 88' lang='lat' dir='ltr'><strong>quos</strong></span> <span class='ocrx_word' id='word_1_186' title='bbox 2536 1175 2734 1223; x_wconf 86' lang='lat' dir='ltr'><strong>vocant</strong></span> <span class='ocrx_word' id='word_1_187' title='bbox 2769 1167 3094 1236; x_wconf 84' lang='lat' dir='ltr'><strong>sacerdotes,</strong></span> <span class='ocrx_word' id='word_1_188' title='bbox 3143 1177 3319 1226; x_wconf 91' lang='lat' dir='ltr'><strong>certos</strong></span> <span class='ocrx_word' id='word_1_189' title='bbox 3362 1169 3480 1226; x_wconf 88' lang='lat' dir='ltr'><strong>dies</strong></span> 
     </span>
    </p>
   </div>
   <div class='ocr_carea' id='block_1_26' title="bbox 1882 1258 3478 1333">
    <p class='ocr_par' dir='ltr' id='par_1_26' title="bbox 1882 1258 3478 1333">
     <span class='ocr_line' id='line_1_26' title="bbox 1882 1258 3478 1333; baseline 0.001 -19"><span class='ocrx_word' id='word_1_190' title='bbox 1882 1259 2082 1333; x_wconf 90' lang='lat' dir='ltr'><strong>quibus</strong></span> <span class='ocrx_word' id='word_1_191' title='bbox 2125 1258 2426 1330; x_wconf 86' lang='lat' dir='ltr'><strong>judicatur,</strong></span> <span class='ocrx_word' id='word_1_192' title='bbox 2475 1258 2837 1316; x_wconf 89' lang='lat' dir='ltr'><strong>decreverunt</strong></span> <span class='ocrx_word' id='word_1_193' title='bbox 2869 1277 2880 1315; x_wconf 91' lang='lat'>:</span> <span class='ocrx_word' id='word_1_194' title='bbox 2924 1259 3001 1315; x_wconf 91' lang='lat' dir='ltr'><strong>ita</strong></span> <span class='ocrx_word' id='word_1_195' title='bbox 3028 1268 3081 1318; x_wconf 90' lang='lat' dir='ltr'><strong>et</strong></span> <span class='ocrx_word' id='word_1_196' title='bbox 3109 1259 3226 1318; x_wconf 90' lang='lat' dir='ltr'><strong>dies</strong></span> <span class='ocrx_word' id='word_1_197' title='bbox 3255 1260 3478 1316; x_wconf 90' lang='lat' dir='ltr'><strong>Domini</strong></span> 
     </span>
    </p>
   </div>
   <div class='ocr_carea' id='block_1_27' title="bbox 1881 1349 3173 1423">
    <p class='ocr_par' dir='ltr' id='par_1_27' title="bbox 1881 1349 3173 1423">
     <span class='ocr_line' id='line_1_27' title="bbox 1881 1349 3173 1423; baseline 0.001 -16"><span class='ocrx_word' id='word_1_198' title='bbox 1881 1350 2142 1407; x_wconf 90' lang='lat' dir='ltr'><strong>deﬁnitus</strong></span> <span class='ocrx_word' id='word_1_199' title='bbox 2167 1357 2266 1416; x_wconf 90' lang='lat' dir='ltr'><strong>est,</strong></span> <span class='ocrx_word' id='word_1_200' title='bbox 2300 1367 2409 1423; x_wconf 93' lang='lat' dir='ltr'><strong>quo</strong></span> <span class='ocrx_word' id='word_1_201' title='bbox 2425 1349 2774 1422; x_wconf 89' lang='lat' dir='ltr'><strong>judicaturus</strong></span> <span class='ocrx_word' id='word_1_202' title='bbox 2806 1358 2888 1407; x_wconf 91' lang='lat' dir='ltr'><strong>est</strong></span> <span class='ocrx_word' id='word_1_203' title='bbox 2916 1351 3173 1408; x_wconf 88' lang='lat' dir='ltr'><strong>mundus.</strong></span> 
     </span>
    </p>
   </div>
   <div class='ocr_carea' id='block_1_28' title="bbox 1955 1439 3480 1514">
    <p class='ocr_par' dir='ltr' id='par_1_28' title="bbox 1955 1439 3480 1514">
     <span class='ocr_line' id='line_1_28' title="bbox 1955 1439 3480 1514; baseline 0.001 -18"><span class='ocrx_word' id='word_1_204' title='bbox 1955 1440 2232 1512; x_wconf 69' lang='lat' dir='ltr'><strong>(Vers.’i.)</strong></span> <span class='ocrx_word' id='word_1_205' title='bbox 2255 1440 2392 1496; x_wconf 74' lang='lat' dir='ltr'><strong>«Sed</strong></span> <span class='ocrx_word' id='word_1_206' title='bbox 2424 1456 2599 1512; x_wconf 90' lang='lat' dir='ltr'><strong>neque</strong></span> <span class='ocrx_word' id='word_1_207' title='bbox 2631 1456 2715 1495; x_wconf 89' lang='lat' dir='ltr'><strong>me</strong></span> <span class='ocrx_word' id='word_1_208' title='bbox 2738 1441 2915 1512; x_wconf 90' lang='lat' dir='ltr'><strong>ipsum</strong></span> <span class='ocrx_word' id='word_1_209' title='bbox 2939 1439 3163 1512; x_wconf 87' lang='lat' dir='ltr'><strong>judico;</strong></span> <span class='ocrx_word' id='word_1_210' title='bbox 3196 1440 3338 1496; x_wconf 89' lang='lat' dir='ltr'><strong>nihil</strong></span> <span class='ocrx_word' id='word_1_211' title='bbox 3361 1440 3480 1514; x_wconf 87' lang='lat' dir='ltr'><strong>qui-</strong></span> 
     </span>
    </p>
   </div>
   <div class='ocr_carea' id='block_1_29' title="bbox 1881 1529 3482 1600">
    <p class='ocr_par' dir='ltr' id='par_1_29' title="bbox 1881 1529 3482 1600">
     <span class='ocr_line' id='line_1_29' title="bbox 1881 1529 3482 1600; baseline -0.001 -14"><span class='ocrx_word' id='word_1_212' title='bbox 1881 1529 2003 1586; x_wconf 89' lang='lat' dir='ltr'><strong>dem</strong></span> <span class='ocrx_word' id='word_1_213' title='bbox 2035 1529 2172 1585; x_wconf 90' lang='lat' dir='ltr'><strong>mihi</strong></span> <span class='ocrx_word' id='word_1_214' title='bbox 2203 1531 2455 1585; x_wconf 89' lang='lat' dir='ltr'><strong>conscius</strong></span> <span class='ocrx_word' id='word_1_215' title='bbox 2482 1545 2624 1584; x_wconf 93' lang='lat' dir='ltr'><strong>sum.</strong></span> <span class='ocrx_word' id='word_1_216' title='bbox 2657 1553 2675 1575; x_wconf 76' lang='grc' dir='ltr'><strong>ι</strong></span> <span class='ocrx_word' id='word_1_217' title='bbox 2735 1530 3001 1600; x_wconf 86' lang='lat' dir='ltr'><strong>Apertum</strong></span> <span class='ocrx_word' id='word_1_218' title='bbox 3040 1537 3122 1585; x_wconf 90' lang='lat' dir='ltr'><strong>est</strong></span> <span class='ocrx_word' id='word_1_219' title='bbox 3166 1529 3296 1600; x_wconf 89' lang='lat' dir='ltr'><strong>quia</strong></span> <span class='ocrx_word' id='word_1_220' title='bbox 3336 1545 3482 1585; x_wconf 86' lang='lat' dir='ltr'><strong>con-</strong></span> 
     </span>
    </p>
   </div>
   <div class='ocr_carea' id='block_1_30' title="bbox 1883 1616 3476 1688">
    <p class='ocr_par' dir='ltr' id='par_1_30' title="bbox 1883 1616 3476 1688">
     <span class='ocr_line' id='line_1_30' title="bbox 1883 1616 3476 1688; baseline 0 -14"><span class='ocrx_word' id='word_1_221' title='bbox 1883 1617 2167 1674; x_wconf 89' lang='lat' dir='ltr'><strong>scientiam</strong></span> <span class='ocrx_word' id='word_1_222' title='bbox 2215 1633 2408 1688; x_wconf 88' lang='lat' dir='ltr'><strong>puram</strong></span> <span class='ocrx_word' id='word_1_223' title='bbox 2457 1616 2662 1672; x_wconf 90' lang='lat' dir='ltr'><strong>habens</strong></span> <span class='ocrx_word' id='word_1_224' title='bbox 2707 1616 2980 1674; x_wconf 90' lang='lat' dir='ltr'><strong>sollicitus</strong></span> <span class='ocrx_word' id='word_1_225' title='bbox 3009 1617 3077 1674; x_wconf 90' lang='lat' dir='ltr'><strong>de</strong></span> <span class='ocrx_word' id='word_1_226' title='bbox 3105 1634 3162 1674; x_wconf 89' lang='lat' dir='ltr'><strong>se</strong></span> <span class='ocrx_word' id='word_1_227' title='bbox 3200 1634 3310 1674; x_wconf 91' lang='lat' dir='ltr'><strong>non</strong></span> <span class='ocrx_word' id='word_1_228' title='bbox 3341 1625 3476 1674; x_wconf 89' lang='lat' dir='ltr'><strong>erat.</strong></span> 
     </span>
    </p>
   </div>
   <div class='ocr_carea' id='block_1_31' title="bbox 1898 1705 3480 1778">
    <p class='ocr_par' dir='ltr' id='par_1_31' title="bbox 1898 1705 3480 1778">
     <span class='ocr_line' id='line_1_31' title="bbox 1898 1705 3480 1778; baseline -0.001 -14"><span class='ocrx_word' id='word_1_229' title='bbox 1898 1733 1915 1756; x_wconf 78' lang='grc' dir='ltr'><strong>ι</strong></span> <span class='ocrx_word' id='word_1_230' title='bbox 1945 1707 2050 1764; x_wconf 88' lang='lat' dir='ltr'><strong>Sed</strong></span> <span class='ocrx_word' id='word_1_231' title='bbox 2081 1723 2190 1763; x_wconf 91' lang='lat' dir='ltr'><strong>non</strong></span> <span class='ocrx_word' id='word_1_232' title='bbox 2222 1708 2279 1763; x_wconf 91' lang='lat' dir='ltr'><strong>in</strong></span> <span class='ocrx_word' id='word_1_233' title='bbox 2309 1707 2414 1762; x_wconf 91' lang='lat' dir='ltr'><strong>hoc</strong></span> <span class='ocrx_word' id='word_1_234' title='bbox 2437 1705 2772 1778; x_wconf 88' lang='lat' dir='ltr'><strong>justiﬁcatus</strong></span> <span class='ocrx_word' id='word_1_235' title='bbox 2798 1723 2939 1762; x_wconf 89' lang='lat' dir='ltr'><strong>sum.</strong></span> <span class='ocrx_word' id='word_1_236' title='bbox 2973 1731 2991 1755; x_wconf 78' lang='grc' dir='ltr'><strong>ι</strong></span> <span class='ocrx_word' id='word_1_237' title='bbox 3033 1708 3192 1764; x_wconf 86' lang='lat' dir='ltr'><strong>Nunc</strong></span> <span class='ocrx_word' id='word_1_238' title='bbox 3217 1707 3480 1764; x_wconf 88' lang='lat' dir='ltr'><strong>humiliat</strong></span> 
     </span>
    </p>
   </div>
   <div class='ocr_carea' id='block_1_32' title="bbox 1883 1794 3481 1869">
    <p class='ocr_par' dir='ltr' id='par_1_32' title="bbox 1883 1794 3481 1869">
     <span class='ocr_line' id='line_1_32' title="bbox 1883 1794 3481 1869; baseline 0 -17"><span class='ocrx_word' id='word_1_239' title='bbox 1883 1814 1959 1864; x_wconf 91' lang='lat' dir='ltr'><strong>se,</strong></span> <span class='ocrx_word' id='word_1_240' title='bbox 1991 1804 2044 1852; x_wconf 92' lang='lat' dir='ltr'><strong>et</strong></span> <span class='ocrx_word' id='word_1_241' title='bbox 2075 1797 2318 1869; x_wconf 87' lang='lat' dir='ltr'><strong>loquitur</strong></span> <span class='ocrx_word' id='word_1_242' title='bbox 2349 1802 2408 1850; x_wconf 90' lang='lat' dir='ltr'><strong>ut</strong></span> <span class='ocrx_word' id='word_1_243' title='bbox 2439 1795 2624 1862; x_wconf 88' lang='lat' dir='ltr'><strong>homo,</strong></span> <span class='ocrx_word' id='word_1_244' title='bbox 2648 1795 2741 1868; x_wconf 88' lang='lat' dir='ltr'><strong>qui</strong></span> <span class='ocrx_word' id='word_1_245' title='bbox 2764 1795 2934 1867; x_wconf 90' lang='lat' dir='ltr'><strong>possit</strong></span> <span class='ocrx_word' id='word_1_246' title='bbox 2953 1794 3170 1868; x_wconf 89' lang='lat' dir='ltr'><strong>culpam</strong></span> <span class='ocrx_word' id='word_1_247' title='bbox 3203 1797 3481 1853; x_wconf 87' lang='lat' dir='ltr'><strong>incurrere</strong></span> 
     </span>
    </p>
   </div>
   <div class='ocr_carea' id='block_1_33' title="bbox 180 1870 3480 1956">
    <p class='ocr_par' dir='ltr' id='par_1_33' title="bbox 180 1870 3480 1956">
     <span class='ocr_line' id='line_1_33' title="bbox 180 1870 3480 1956; baseline -0.002 -11"><span class='ocrx_word' id='word_1_248' title='bbox 180 1888 279 1927; x_wconf 73' lang='lat' dir='ltr'><strong>nos</strong></span> <span class='ocrx_word' id='word_1_249' title='bbox 321 1870 544 1929; x_wconf 49' lang='grc' dir='ltr'><strong>(ληίδῑο</strong></span> <span class='ocrx_word' id='word_1_250' title='bbox 601 1871 998 1944; x_wconf 57' lang='lat' dir='ltr'><strong>subjiciam”;</strong></span> <span class='ocrx_word' id='word_1_251' title='bbox 1050 1872 1252 1944; x_wconf 68' lang='lat' dir='ltr'><strong>quippe</strong></span> <span class='ocrx_word' id='word_1_252' title='bbox 1298 1889 1424 1928; x_wconf 70' lang='lat' dir='ltr'><strong>cum</strong></span> <span class='ocrx_word' id='word_1_253' title='bbox 1465 1888 1559 1944; x_wconf 65' lang='lat' dir='ltr'><strong>Per</strong></span> <span class='ocrx_word' id='word_1_254' title='bbox 1593 1871 1771 1944; x_wconf 73' lang='lat' dir='ltr'><strong>ipsum</strong></span> <span class='ocrx_word' id='word_1_255' title='bbox 1805 1893 1851 1954; x_wconf 89' lang='lat' dir='ltr'><strong>B</strong></span> <span class='ocrx_word' id='word_1_256' title='bbox 1888 1886 2122 1943; x_wconf 91' lang='lat' dir='ltr'><strong>nescius.</strong></span> <span class='ocrx_word' id='word_1_257' title='bbox 2164 1885 2304 1953; x_wconf 67' lang='lat' dir='ltr'><strong>«Qui</strong></span> <span class='ocrx_word' id='word_1_258' title='bbox 2334 1891 2515 1941; x_wconf 91' lang='lat' dir='ltr'><strong>autem</strong></span> <span class='ocrx_word' id='word_1_259' title='bbox 2541 1883 2754 1956; x_wconf 91' lang='lat' dir='ltr'><strong>judicat</strong></span> <span class='ocrx_word' id='word_1_260' title='bbox 2771 1900 2878 1950; x_wconf 90' lang='lat' dir='ltr'><strong>me,</strong></span> <span class='ocrx_word' id='word_1_261' title='bbox 2900 1885 3167 1942; x_wconf 91' lang='lat' dir='ltr'><strong>Dominus</strong></span> <span class='ocrx_word' id='word_1_262' title='bbox 3195 1893 3294 1941; x_wconf 91' lang='lat' dir='ltr'><strong>est.</strong></span> <span class='ocrx_word' id='word_1_263' title='bbox 3320 1909 3337 1932; x_wconf 78' lang='grc' dir='ltr'><strong>ι</strong></span> <span class='ocrx_word' id='word_1_264' title='bbox 3380 1885 3480 1942; x_wconf 83' lang='lat' dir='ltr'><strong>Be-</strong></span> 
     </span>
    </p>
   </div>
   <div class='ocr_carea' id='block_1_34' title="bbox 178 1961 1776 2035">
    <p class='ocr_par' dir='ltr' id='par_1_34' title="bbox 178 1961 1776 2035">
     <span class='ocr_line' id='line_1_34' title="bbox 178 1961 1776 2035; baseline 0.001 -20"><span class='ocrx_word' id='word_1_265' title='bbox 178 1976 292 2016; x_wconf 88' lang='lat' dir='ltr'><strong>esse</strong></span> <span class='ocrx_word' id='word_1_266' title='bbox 320 1961 672 2033; x_wconf 63' lang='lat' dir='ltr'><strong>coeperimus,</strong></span> <span class='ocrx_word' id='word_1_267' title='bbox 709 1961 850 2017; x_wconf 90' lang='lat' dir='ltr'><strong>etin</strong></span> <span class='ocrx_word' id='word_1_268' title='bbox 881 1961 1058 2032; x_wconf 87' lang='lat' dir='ltr'><strong>prima</strong></span> <span class='ocrx_word' id='word_1_269' title='bbox 1122 1961 1334 2035; x_wconf 80' lang='lat' dir='ltr'><strong>origine</strong></span> <span class='ocrx_word' id='word_1_270' title='bbox 1375 1969 1429 2017; x_wconf 91' lang='lat' dir='ltr'><strong>et</strong></span> <span class='ocrx_word' id='word_1_271' title='bbox 1483 1976 1776 2034; x_wconf 85' lang='lat' dir='ltr'><strong>regenera-</strong></span> 
     </span>
    </p>
   </div>
   <div class='ocr_carea' id='block_1_35' title="bbox 179 2047 1778 2108">
    <p class='ocr_par' dir='ltr' id='par_1_35' title="bbox 179 2047 1778 2108">
     <span class='ocr_line' id='line_1_35' title="bbox 179 2047 1778 2108; baseline 0.001 -5"><span class='ocrx_word' id='word_1_272' title='bbox 179 2047 352 2106; x_wconf 92' lang='lat' dir='ltr'><strong>tione.</strong></span> <span class='ocrx_word' id='word_1_273' title='bbox 422 2071 440 2096; x_wconf 73' lang='grc' dir='ltr'><strong>ε</strong></span> <span class='ocrx_word' id='word_1_274' title='bbox 472 2049 726 2106; x_wconf 87' lang='lat' dir='ltr'><strong>Christus</strong></span> <span class='ocrx_word' id='word_1_275' title='bbox 779 2058 961 2106; x_wconf 88' lang='lat' dir='ltr'><strong>autem</strong></span> <span class='ocrx_word' id='word_1_276' title='bbox 1017 2051 1134 2106; x_wconf 92' lang='lat' dir='ltr'><strong>Dei.</strong></span> <span class='ocrx_word' id='word_1_277' title='bbox 1167 2077 1185 2098; x_wconf 78' lang='grc' dir='ltr'><strong>ι</strong></span> <span class='ocrx_word' id='word_1_278' title='bbox 1238 2049 1490 2108; x_wconf 88' lang='lat' dir='ltr'><strong>Christus</strong></span> <span class='ocrx_word' id='word_1_279' title='bbox 1543 2049 1644 2106; x_wconf 90' lang='lat' dir='ltr'><strong>Dei</strong></span> <span class='ocrx_word' id='word_1_280' title='bbox 1695 2056 1778 2105; x_wconf 88' lang='lat' dir='ltr'><strong>est</strong></span> 
     </span>
    </p>
   </div>
   <div class='ocr_carea' id='block_1_36' title="bbox 180 2137 1771 2210">
    <p class='ocr_par' dir='ltr' id='par_1_36' title="bbox 180 2137 1771 2210">
     <span class='ocr_line' id='line_1_36' title="bbox 180 2137 1771 2210; baseline 0.001 -18"><span class='ocrx_word' id='word_1_281' title='bbox 180 2137 358 2193; x_wconf 86' lang='lat' dir='ltr'><strong>Patris</strong></span> <span class='ocrx_word' id='word_1_282' title='bbox 388 2137 474 2194; x_wconf 92' lang='lat' dir='ltr'><strong>sui</strong></span> <span class='ocrx_word' id='word_1_283' title='bbox 517 2138 774 2210; x_wconf 90' lang='lat' dir='ltr'><strong>proprius</strong></span> <span class='ocrx_word' id='word_1_284' title='bbox 803 2138 999 2206; x_wconf 89' lang='lat' dir='ltr'><strong>Filius,</strong></span> <span class='ocrx_word' id='word_1_285' title='bbox 1021 2139 1230 2196; x_wconf 83' lang='lat' dir='ltr'><strong>faciens</strong></span> <span class='ocrx_word' id='word_1_286' title='bbox 1252 2139 1591 2194; x_wconf 86' lang='lat' dir='ltr'><strong>voluntatem</strong></span> <span class='ocrx_word' id='word_1_287' title='bbox 1621 2137 1771 2209; x_wconf 87' lang='lat' dir='ltr'><strong>ejus;</strong></span> 
     </span>
    </p>
   </div>
   <div class='ocr_carea' id='block_1_37' title="bbox 179 2226 1776 2299">
    <p class='ocr_par' dir='ltr' id='par_1_37' title="bbox 179 2226 1776 2299">
     <span class='ocr_line' id='line_1_37' title="bbox 179 2226 1776 2299; baseline 0.001 -18"><span class='ocrx_word' id='word_1_288' title='bbox 179 2233 325 2283; x_wconf 88' lang='lat' dir='ltr'><strong>utet</strong></span> <span class='ocrx_word' id='word_1_289' title='bbox 373 2243 475 2283; x_wconf 88' lang='lat' dir='ltr'><strong>nos</strong></span> <span class='ocrx_word' id='word_1_290' title='bbox 521 2226 695 2297; x_wconf 89' lang='lat' dir='ltr'><strong>ipsius</strong></span> <span class='ocrx_word' id='word_1_291' title='bbox 748 2227 1036 2283; x_wconf 83' lang='lat' dir='ltr'><strong>faciamus.</strong></span> <span class='ocrx_word' id='word_1_292' title='bbox 1072 2227 1128 2284; x_wconf 89' lang='lat' dir='ltr'><strong>Si</strong></span> <span class='ocrx_word' id='word_1_293' title='bbox 1157 2243 1286 2299; x_wconf 86' lang='lat' dir='ltr'><strong>ergo</strong></span> <span class='ocrx_word' id='word_1_294' title='bbox 1335 2227 1542 2284; x_wconf 86' lang='lat' dir='ltr'><strong>Christi</strong></span> <span class='ocrx_word' id='word_1_295' title='bbox 1583 2243 1776 2283; x_wconf 88' lang='lat' dir='ltr'><strong>sumus</strong></span> 
     </span>
    </p>
   </div>
   <div class='ocr_carea' id='block_1_38' title="bbox 181 2314 1776 2388">
    <p class='ocr_par' dir='ltr' id='par_1_38' title="bbox 181 2314 1776 2388">
     <span class='ocr_line' id='line_1_38' title="bbox 181 2314 1776 2388; baseline 0.001 -18"><span class='ocrx_word' id='word_1_296' title='bbox 181 2315 400 2383; x_wconf 82' lang='lat' dir='ltr'><strong>famuli,</strong></span> <span class='ocrx_word' id='word_1_297' title='bbox 437 2314 571 2388; x_wconf 90' lang='lat' dir='ltr'><strong>quid</strong></span> <span class='ocrx_word' id='word_1_298' title='bbox 601 2323 683 2371; x_wconf 90' lang='lat' dir='ltr'><strong>est</strong></span> <span class='ocrx_word' id='word_1_299' title='bbox 710 2321 772 2371; x_wconf 91' lang='lat' dir='ltr'><strong>ut</strong></span> <span class='ocrx_word' id='word_1_300' title='bbox 802 2315 872 2371; x_wconf 89' lang='lat' dir='ltr'><strong>ad</strong></span> <span class='ocrx_word' id='word_1_301' title='bbox 900 2314 1020 2387; x_wconf 87' lang='lat' dir='ltr'><strong>ejus</strong></span> <span class='ocrx_word' id='word_1_302' title='bbox 1049 2314 1313 2388; x_wconf 88' lang='lat' dir='ltr'><strong>injuriam</strong></span> <span class='ocrx_word' id='word_1_303' title='bbox 1354 2315 1423 2372; x_wconf 88' lang='lat' dir='ltr'><strong>de</strong></span> <span class='ocrx_word' id='word_1_304' title='bbox 1454 2315 1776 2372; x_wconf 90' lang='lat' dir='ltr'><strong>hominibus</strong></span> 
     </span>
    </p>
   </div>
   <div class='ocr_carea' id='block_1_39' title="bbox 179 2405 754 2480">
    <p class='ocr_par' dir='ltr' id='par_1_39' title="bbox 179 2405 754 2480">
     <span class='ocr_line' id='line_1_39' title="bbox 179 2405 754 2480; baseline -0.002 -16"><span class='ocrx_word' id='word_1_305' title='bbox 179 2405 394 2480; x_wconf 84' lang='lat' dir='ltr'><strong>aliquid</strong></span> <span class='ocrx_word' id='word_1_306' title='bbox 419 2422 700 2479; x_wconf 83' lang='lat' dir='ltr'><strong>speremus</strong></span> <span class='ocrx_word' id='word_1_307' title='bbox 726 2405 754 2463; x_wconf 73' lang='lat'><strong>‘2</strong></span> 
     </span>
    </p>
   </div>
   <div class='ocr_carea' id='block_1_40' title="bbox 790 2583 1146 2642">
    <p class='ocr_par' dir='ltr' id='par_1_40' title="bbox 790 2583 1146 2642">
     <span class='ocr_line' id='line_1_40' title="bbox 790 2583 1146 2642; baseline -0.006 0"><span class='ocrx_word' id='word_1_308' title='bbox 790 2583 1019 2642; x_wconf 84' lang='lat' dir='ltr'><strong>CAPUT</strong></span> <span class='ocrx_word' id='word_1_309' title='bbox 1050 2584 1146 2642; x_wconf 83' lang='lat' dir='ltr'><strong>IV.</strong></span> 
     </span>
    </p>
   </div>
   <div class='ocr_carea' id='block_1_41' title="bbox 254 2730 1777 2804">
    <p class='ocr_par' dir='ltr' id='par_1_41' title="bbox 254 2730 1777 2804">
     <span class='ocr_line' id='line_1_41' title="bbox 254 2730 1777 2804; baseline -0.001 -16"><span class='ocrx_word' id='word_1_310' title='bbox 254 2731 442 2800; x_wconf 85' lang='lat' dir='ltr'><strong>(Vers.</strong></span> <span class='ocrx_word' id='word_1_311' title='bbox 475 2732 556 2804; x_wconf 89' lang='lat'><strong>1.)</strong></span> <span class='ocrx_word' id='word_1_312' title='bbox 599 2755 616 2778; x_wconf 75' lang='grc' dir='ltr'><strong>ε</strong></span> <span class='ocrx_word' id='word_1_313' title='bbox 645 2733 727 2788; x_wconf 90' lang='lat' dir='ltr'><strong>Ita</strong></span> <span class='ocrx_word' id='word_1_314' title='bbox 753 2747 855 2788; x_wconf 72' lang='lat' dir='ltr'><strong>nos</strong></span> <span class='ocrx_word' id='word_1_315' title='bbox 877 2731 1158 2788; x_wconf 85' lang='lat' dir='ltr'><strong>existimet</strong></span> <span class='ocrx_word' id='word_1_316' title='bbox 1187 2730 1375 2799; x_wconf 91' lang='lat' dir='ltr'><strong>homo,</strong></span> <span class='ocrx_word' id='word_1_317' title='bbox 1404 2738 1465 2786; x_wconf 90' lang='lat' dir='ltr'><strong>ut</strong></span> <span class='ocrx_word' id='word_1_318' title='bbox 1493 2730 1777 2786; x_wconf 88' lang='lat' dir='ltr'><strong>ministros</strong></span> 
     </span>
    </p>
   </div>
   <div class='ocr_carea' id='block_1_42' title="bbox 185 2819 1779 2893">
    <p class='ocr_par' dir='ltr' id='par_1_42' title="bbox 185 2819 1779 2893">
     <span class='ocr_line' id='line_1_42' title="bbox 185 2819 1779 2893; baseline 0 -17"><span class='ocrx_word' id='word_1_319' title='bbox 185 2819 418 2888; x_wconf 89' lang='lat' dir='ltr'><strong>Christi,</strong></span> <span class='ocrx_word' id='word_1_320' title='bbox 467 2827 523 2877; x_wconf 89' lang='lat' dir='ltr'><strong>et</strong></span> <span class='ocrx_word' id='word_1_321' title='bbox 569 2820 970 2893; x_wconf 88' lang='lat' dir='ltr'><strong>dispensatores</strong></span> <span class='ocrx_word' id='word_1_322' title='bbox 1023 2819 1412 2893; x_wconf 87' lang='lat' dir='ltr'><strong>mysteriorum</strong></span> <span class='ocrx_word' id='word_1_323' title='bbox 1458 2819 1618 2875; x_wconf 81' lang='lat' dir='ltr'><strong>Dei.-</strong></span> <span class='ocrx_word' id='word_1_324' title='bbox 1664 2819 1779 2876; x_wconf 85' lang='lat' dir='ltr'><strong>Hoc</strong></span> 
     </span>
    </p>
   </div>
   <div class='ocr_carea' id='block_1_43' title="bbox 183 2905 1778 2984">
    <p class='ocr_par' dir='ltr' id='par_1_43' title="bbox 183 2905 1778 2984">
     <span class='ocr_line' id='line_1_43' title="bbox 183 2905 1778 2984; baseline -0.001 -20"><span class='ocrx_word' id='word_1_325' title='bbox 183 2909 539 2982; x_wconf 87' lang='lat' dir='ltr'><strong>signiﬁcavit,</strong></span> <span class='ocrx_word' id='word_1_326' title='bbox 591 2911 720 2984; x_wconf 89' lang='lat' dir='ltr'><strong>quia</strong></span> <span class='ocrx_word' id='word_1_327' title='bbox 768 2910 951 2965; x_wconf 89' lang='lat' dir='ltr'><strong>minus</strong></span> <span class='ocrx_word' id='word_1_328' title='bbox 1008 2909 1074 2964; x_wconf 92' lang='lat' dir='ltr'><strong>de</strong></span> <span class='ocrx_word' id='word_1_329' title='bbox 1104 2909 1202 2964; x_wconf 90' lang='lat' dir='ltr'><strong>illo</strong></span> <span class='ocrx_word' id='word_1_330' title='bbox 1253 2907 1559 2964; x_wconf 87' lang='lat' dir='ltr'><strong>sentiebant</strong></span> <span class='ocrx_word' id='word_1_331' title='bbox 1606 2905 1778 2981; x_wconf 88' lang='lat' dir='ltr'><strong>aliqui</strong></span> 
     </span>
    </p>
   </div>
   <div class='ocr_carea' id='block_1_44' title="bbox 183 2997 1775 3078">
    <p class='ocr_par' dir='ltr' id='par_1_44' title="bbox 183 2997 1775 3078">
     <span class='ocr_line' id='line_1_44' title="bbox 183 2997 1775 3078; baseline -0.001 -22"><span class='ocrx_word' id='word_1_332' title='bbox 183 2998 604 3056; x_wconf 89' lang='lat' dir='ltr'><strong>Corinthiorum</strong></span> <span class='ocrx_word' id='word_1_333' title='bbox 635 3017 647 3066; x_wconf 94' lang='lat'><strong>;</strong></span> <span class='ocrx_word' id='word_1_334' title='bbox 709 2999 805 3078; x_wconf 85' lang='lat' dir='ltr'><strong>sed</strong></span> <span class='ocrx_word' id='word_1_335' title='bbox 833 3007 893 3054; x_wconf 91' lang='lat' dir='ltr'><strong>ut</strong></span> <span class='ocrx_word' id='word_1_336' title='bbox 939 2999 1106 3054; x_wconf 91' lang='lat' dir='ltr'><strong>homo</strong></span> <span class='ocrx_word' id='word_1_337' title='bbox 1160 2997 1265 3054; x_wconf 90' lang='lat' dir='ltr'><strong>hoc</strong></span> <span class='ocrx_word' id='word_1_338' title='bbox 1293 2997 1360 3053; x_wconf 89' lang='lat' dir='ltr'><strong>de</strong></span> <span class='ocrx_word' id='word_1_339' title='bbox 1390 2998 1488 3053; x_wconf 93' lang='lat' dir='ltr'><strong>illo</strong></span> <span class='ocrx_word' id='word_1_340' title='bbox 1529 2998 1775 3068; x_wconf 87' lang='lat' dir='ltr'><strong>sentiret,</strong></span> 
     </span>
    </p>
   </div>
   <div class='ocr_carea' id='block_1_45' title="bbox 185 3086 1778 3161">
    <p class='ocr_par' dir='ltr' id='par_1_45' title="bbox 185 3086 1778 3161">
     <span class='ocr_line' id='line_1_45' title="bbox 185 3086 1778 3161; baseline 0.001 -20"><span class='ocrx_word' id='word_1_341' title='bbox 185 3087 328 3159; x_wconf 91' lang='lat' dir='ltr'><strong>quod</strong></span> <span class='ocrx_word' id='word_1_342' title='bbox 372 3097 424 3144; x_wconf 91' lang='lat' dir='ltr'><strong>et</strong></span> <span class='ocrx_word' id='word_1_343' title='bbox 481 3089 648 3157; x_wconf 91' lang='lat' dir='ltr'><strong>Deus,</strong></span> <span class='ocrx_word' id='word_1_344' title='bbox 680 3089 773 3161; x_wconf 90' lang='lat' dir='ltr'><strong>qui</strong></span> <span class='ocrx_word' id='word_1_345' title='bbox 805 3088 962 3142; x_wconf 92' lang='lat' dir='ltr'><strong>illum</strong></span> <span class='ocrx_word' id='word_1_346' title='bbox 995 3088 1262 3158; x_wconf 87' lang='lat' dir='ltr'><strong>elegerat;</strong></span> <span class='ocrx_word' id='word_1_347' title='bbox 1324 3086 1447 3142; x_wconf 90' lang='lat' dir='ltr'><strong>ideo</strong></span> <span class='ocrx_word' id='word_1_348' title='bbox 1497 3086 1778 3142; x_wconf 91' lang='lat' dir='ltr'><strong>ministros</strong></span> 
     </span>
    </p>
   </div>
   <div class='ocr_carea' id='block_1_46' title="bbox 185 3175 1774 3249">
    <p class='ocr_par' dir='ltr' id='par_1_46' title="bbox 185 3175 1774 3249">
     <span class='ocr_line' id='line_1_46' title="bbox 185 3175 1774 3249; baseline -0.001 -17"><span class='ocrx_word' id='word_1_349' title='bbox 185 3175 393 3232; x_wconf 89' lang='lat' dir='ltr'><strong>Christi</strong></span> <span class='ocrx_word' id='word_1_350' title='bbox 469 3177 566 3245; x_wconf 90' lang='lat' dir='ltr'><strong>ait,</strong></span> <span class='ocrx_word' id='word_1_351' title='bbox 625 3185 678 3233; x_wconf 90' lang='lat' dir='ltr'><strong>et</strong></span> <span class='ocrx_word' id='word_1_352' title='bbox 745 3176 1149 3249; x_wconf 86' lang='lat' dir='ltr'><strong>dispensatores</strong></span> <span class='ocrx_word' id='word_1_353' title='bbox 1206 3176 1598 3248; x_wconf 88' lang='lat' dir='ltr'><strong>mysteriorum</strong></span> <span class='ocrx_word' id='word_1_354' title='bbox 1654 3175 1774 3231; x_wconf 90' lang='lat' dir='ltr'><strong>Dei.</strong></span> 
     </span>
    </p>
   </div>
   <div class='ocr_carea' id='block_1_47' title="bbox 185 3232 2385 3338">
    <p class='ocr_par' dir='ltr' id='par_1_47' title="bbox 185 3232 2385 3338">
     <span class='ocr_line' id='line_1_47' title="bbox 185 3232 2385 3338; baseline -0.001 -17"><span class='ocrx_word' id='word_1_355' title='bbox 185 3265 416 3333; x_wconf 88' lang='lat' dir='ltr'><strong>Quando</strong></span> <span class='ocrx_word' id='word_1_356' title='bbox 443 3267 588 3323; x_wconf 90' lang='lat' dir='ltr'><strong>enim</strong></span> <span class='ocrx_word' id='word_1_357' title='bbox 623 3284 732 3322; x_wconf 91' lang='lat' dir='ltr'><strong>non</strong></span> <span class='ocrx_word' id='word_1_358' title='bbox 752 3267 1045 3324; x_wconf 82' lang='lat' dir='ltr'><strong>verborum</strong></span> <span class='ocrx_word' id='word_1_359' title='bbox 1076 3266 1327 3338; x_wconf 89' lang='lat' dir='ltr'><strong>strepitu,</strong></span> <span class='ocrx_word' id='word_1_360' title='bbox 1347 3282 1522 3338; x_wconf 89' lang='lat' dir='ltr'><strong>neque</strong></span> <span class='ocrx_word' id='word_1_361' title='bbox 1537 3264 1778 3321; x_wconf 90' lang='lat' dir='ltr'><strong>humana</strong></span> <span class='ocrx_word' id='word_1_362' title='bbox 1808 3251 1851 3312; x_wconf 77' lang='grc' dir='ltr'>Ο</span> <span class='ocrx_word' id='word_1_363' title='bbox 1883 3246 2059 3338; x_wconf 59' lang='lat' dir='ltr'><strong>donec:</strong></span> <span class='ocrx_word' id='word_1_364' title='bbox 2086 3232 2385 3338; x_wconf 36' lang='lat' dir='ltr'><strong>vim?&quot;</strong></span> 
     </span>
    </p>
   </div>
   <div class='ocr_carea' id='block_1_48' title="bbox 180 3355 1775 3428">
    <p class='ocr_par' dir='ltr' id='par_1_48' title="bbox 180 3355 1775 3428">
     <span class='ocr_line' id='line_1_48' title="bbox 180 3355 1775 3428; baseline 0 -20"><span class='ocrx_word' id='word_1_365' title='bbox 180 3356 449 3426; x_wconf 89' lang='lat' dir='ltr'><strong>sapientia</strong></span> <span class='ocrx_word' id='word_1_366' title='bbox 476 3356 797 3412; x_wconf 88' lang='lat' dir='ltr'><strong>nitebantur</strong></span> <span class='ocrx_word' id='word_1_367' title='bbox 826 3355 1062 3428; x_wconf 90' lang='lat' dir='ltr'><strong>intelligi</strong></span> <span class='ocrx_word' id='word_1_368' title='bbox 1088 3373 1100 3421; x_wconf 90' lang='lat'><strong>;</strong></span> <span class='ocrx_word' id='word_1_369' title='bbox 1148 3355 1338 3410; x_wconf 91' lang='lat' dir='ltr'><strong>debuit</strong></span> <span class='ocrx_word' id='word_1_370' title='bbox 1370 3361 1775 3409; x_wconf 88' lang='lat' dir='ltr'><strong>sacramentum</strong></span> 
     </span>
    </p>
   </div>
   <div class='ocr_carea' id='block_1_49' title="bbox 179 3442 1777 3516">
    <p class='ocr_par' dir='ltr' id='par_1_49' title="bbox 179 3442 1777 3516">
     <span class='ocr_line' id='line_1_49' title="bbox 179 3442 1777 3516; baseline -0.003 -16"><span class='ocrx_word' id='word_1_371' title='bbox 179 3443 386 3500; x_wconf 90' lang='lat' dir='ltr'><strong>Christi</strong></span> <span class='ocrx_word' id='word_1_372' title='bbox 427 3443 762 3516; x_wconf 87' lang='lat' dir='ltr'><strong>dispensare,</strong></span> <span class='ocrx_word' id='word_1_373' title='bbox 783 3445 839 3498; x_wconf 92' lang='lat' dir='ltr'><strong>in</strong></span> <span class='ocrx_word' id='word_1_374' title='bbox 867 3460 978 3498; x_wconf 91' lang='lat' dir='ltr'><strong>non</strong></span> <span class='ocrx_word' id='word_1_375' title='bbox 1011 3443 1196 3508; x_wconf 91' lang='lat' dir='ltr'><strong>verba,</strong></span> <span class='ocrx_word' id='word_1_376' title='bbox 1230 3442 1327 3497; x_wconf 91' lang='lat' dir='ltr'><strong>eed</strong></span> <span class='ocrx_word' id='word_1_377' title='bbox 1357 3442 1535 3497; x_wconf 88' lang='lat' dir='ltr'><strong>virtus</strong></span> <span class='ocrx_word' id='word_1_378' title='bbox 1592 3443 1777 3513; x_wconf 86' lang='lat' dir='ltr'><strong>fulge-</strong></span> 
     </span>
    </p>
   </div>
   <div class='ocr_carea' id='block_1_50' title="bbox 179 3529 1778 3604">
    <p class='ocr_par' dir='ltr' id='par_1_50' title="bbox 179 3529 1778 3604">
     <span class='ocr_line' id='line_1_50' title="bbox 179 3529 1778 3604; baseline -0.001 -17"><span class='ocrx_word' id='word_1_379' title='bbox 179 3531 308 3599; x_wconf 87' lang='lat' dir='ltr'><strong>bat;</strong></span> <span class='ocrx_word' id='word_1_380' title='bbox 371 3549 482 3587; x_wconf 91' lang='lat' dir='ltr'><strong>non</strong></span> <span class='ocrx_word' id='word_1_381' title='bbox 541 3549 636 3604; x_wconf 92' lang='lat' dir='ltr'><strong>per</strong></span> <span class='ocrx_word' id='word_1_382' title='bbox 701 3530 848 3604; x_wconf 90' lang='lat' dir='ltr'><strong>quod</strong></span> <span class='ocrx_word' id='word_1_383' title='bbox 899 3531 1084 3597; x_wconf 89' lang='lat' dir='ltr'><strong>homo,</strong></span> <span class='ocrx_word' id='word_1_384' title='bbox 1139 3529 1232 3584; x_wconf 90' lang='lat' dir='ltr'><strong>sed</strong></span> <span class='ocrx_word' id='word_1_385' title='bbox 1303 3531 1448 3585; x_wconf 91' lang='lat' dir='ltr'><strong>Deus</strong></span> <span class='ocrx_word' id='word_1_386' title='bbox 1505 3531 1778 3599; x_wconf 91' lang='lat' dir='ltr'><strong>gloriosus</strong></span> 
     </span>
    </p>
   </div>
   <div class='ocr_carea' id='block_1_51' title="bbox 181 3619 1776 3692">
    <p class='ocr_par' dir='ltr' id='par_1_51' title="bbox 181 3619 1776 3692">
     <span class='ocr_line' id='line_1_51' title="bbox 181 3619 1776 3692; baseline -0.001 -17"><span class='ocrx_word' id='word_1_387' title='bbox 181 3622 466 3677; x_wconf 88' lang='lat' dir='ltr'><strong>videretur</strong></span> <span class='ocrx_word' id='word_1_388' title='bbox 490 3639 502 3686; x_wconf 92' lang='lat'><strong>;</strong></span> <span class='ocrx_word' id='word_1_389' title='bbox 523 3621 729 3692; x_wconf 88' lang='lat' dir='ltr'><strong>collega</strong></span> <span class='ocrx_word' id='word_1_390' title='bbox 745 3620 893 3673; x_wconf 89' lang='lat' dir='ltr'><strong>enim</strong></span> <span class='ocrx_word' id='word_1_391' title='bbox 925 3619 1278 3690; x_wconf 88' lang='lat' dir='ltr'><strong>piscatorum,</strong></span> <span class='ocrx_word' id='word_1_392' title='bbox 1299 3635 1408 3673; x_wconf 90' lang='lat' dir='ltr'><strong>non</strong></span> <span class='ocrx_word' id='word_1_393' title='bbox 1431 3619 1591 3674; x_wconf 90' lang='lat' dir='ltr'><strong>aliter</strong></span> <span class='ocrx_word' id='word_1_394' title='bbox 1616 3635 1776 3691; x_wconf 91' lang='lat' dir='ltr'><strong>quam</strong></span> 
     </span>
    </p>
   </div>
   <div class='ocr_carea' id='block_1_52' title="bbox 179 3706 1780 3781">
    <p class='ocr_par' dir='ltr' id='par_1_52' title="bbox 179 3706 1780 3781">
     <span class='ocr_line' id='line_1_52' title="bbox 179 3706 1780 3781; baseline -0.001 -16"><span class='ocrx_word' id='word_1_395' title='bbox 179 3710 286 3778; x_wconf 92' lang='lat' dir='ltr'><strong>illi,</strong></span> <span class='ocrx_word' id='word_1_396' title='bbox 321 3709 608 3766; x_wconf 89' lang='lat' dir='ltr'><strong>Christum</strong></span> <span class='ocrx_word' id='word_1_397' title='bbox 659 3707 1008 3781; x_wconf 61' lang='lat' dir='ltr'><strong>praedicabat.</strong></span> <span class='ocrx_word' id='word_1_398' title='bbox 1046 3706 1182 3766; x_wconf 89' lang='lat' dir='ltr'><strong>Cum</strong></span> <span class='ocrx_word' id='word_1_399' title='bbox 1214 3723 1341 3778; x_wconf 89' lang='lat' dir='ltr'><strong>ergo</strong></span> <span class='ocrx_word' id='word_1_400' title='bbox 1376 3707 1693 3764; x_wconf 88' lang='lat' dir='ltr'><strong>ministrum</strong></span> <span class='ocrx_word' id='word_1_401' title='bbox 1724 3724 1780 3764; x_wconf 89' lang='lat' dir='ltr'><strong>se</strong></span> 
     </span>
    </p>
   </div>
   <div class='ocr_carea' id='block_1_53' title="bbox 179 3796 1779 3870">
    <p class='ocr_par' dir='ltr' id='par_1_53' title="bbox 179 3796 1779 3870">
     <span class='ocr_line' id='line_1_53' title="bbox 179 3796 1779 3870; baseline -0.002 -13"><span class='ocrx_word' id='word_1_402' title='bbox 179 3799 393 3857; x_wconf 89' lang='lat' dir='ltr'><strong>Christi</strong></span> <span class='ocrx_word' id='word_1_403' title='bbox 451 3805 503 3854; x_wconf 90' lang='lat' dir='ltr'><strong>et</strong></span> <span class='ocrx_word' id='word_1_404' title='bbox 534 3805 999 3854; x_wconf 87' lang='lat' dir='ltr'><strong>sacramentorum</strong></span> <span class='ocrx_word' id='word_1_405' title='bbox 1045 3796 1143 3852; x_wconf 90' lang='lat' dir='ltr'><strong>Dei</strong></span> <span class='ocrx_word' id='word_1_406' title='bbox 1200 3796 1412 3869; x_wconf 89' lang='lat' dir='ltr'><strong>probat,</strong></span> <span class='ocrx_word' id='word_1_407' title='bbox 1446 3798 1779 3870; x_wconf 73' lang='lat' dir='ltr'><strong>pseudoapo-</strong></span> 
     </span>
    </p>
   </div>
   <div class='ocr_carea' id='block_1_54' title="bbox 181 3885 1778 3957">
    <p class='ocr_par' dir='ltr' id='par_1_54' title="bbox 181 3885 1778 3957">
     <span class='ocr_line' id='line_1_54' title="bbox 181 3885 1778 3957; baseline -0.001 -13"><span class='ocrx_word' id='word_1_408' title='bbox 181 3888 353 3944; x_wconf 89' lang='lat' dir='ltr'><strong>stolos</strong></span> <span class='ocrx_word' id='word_1_409' title='bbox 407 3895 581 3954; x_wconf 85' lang='lat' dir='ltr'><strong>notat,</strong></span> <span class='ocrx_word' id='word_1_410' title='bbox 627 3895 680 3942; x_wconf 93' lang='lat' dir='ltr'><strong>et</strong></span> <span class='ocrx_word' id='word_1_411' title='bbox 703 3886 933 3957; x_wconf 87' lang='lat' dir='ltr'><strong>abnegat</strong></span> <span class='ocrx_word' id='word_1_412' title='bbox 963 3885 1168 3942; x_wconf 89' lang='lat' dir='ltr'><strong>Christi</strong></span> <span class='ocrx_word' id='word_1_413' title='bbox 1213 3902 1327 3941; x_wconf 89' lang='lat' dir='ltr'><strong>esse</strong></span> <span class='ocrx_word' id='word_1_414' title='bbox 1359 3885 1504 3957; x_wconf 92' lang='lat' dir='ltr'><strong>quod</strong></span> <span class='ocrx_word' id='word_1_415' title='bbox 1536 3885 1778 3956; x_wconf 88' lang='lat' dir='ltr'><strong>tradunt,</strong></span> 
     </span>
    </p>
   </div>
   <div class='ocr_carea' id='block_1_55' title="bbox 184 3974 1670 4050">
    <p class='ocr_par' dir='ltr' id='par_1_55' title="bbox 184 3974 1670 4050">
     <span class='ocr_line' id='line_1_55' title="bbox 184 3974 1670 4050; baseline 0 -19"><span class='ocrx_word' id='word_1_416' title='bbox 184 3993 277 4050; x_wconf 90' lang='lat' dir='ltr'><strong>per</strong></span> <span class='ocrx_word' id='word_1_417' title='bbox 308 3976 366 4031; x_wconf 92' lang='lat' dir='ltr'><strong>id</strong></span> <span class='ocrx_word' id='word_1_418' title='bbox 395 3975 542 4048; x_wconf 89' lang='lat' dir='ltr'><strong>quod</strong></span> <span class='ocrx_word' id='word_1_419' title='bbox 569 3974 945 4031; x_wconf 87' lang='lat' dir='ltr'><strong>discordarent</strong></span> <span class='ocrx_word' id='word_1_420' title='bbox 975 3992 1006 4030; x_wconf 89' lang='lat' dir='ltr'><strong>a</strong></span> <span class='ocrx_word' id='word_1_421' title='bbox 1027 3974 1322 4030; x_wconf 87' lang='lat' dir='ltr'><strong>traditione</strong></span> <span class='ocrx_word' id='word_1_422' title='bbox 1350 3975 1670 4046; x_wconf 87' lang='lat' dir='ltr'><strong>apostolica.</strong></span> 
     </span>
    </p>
   </div>
   <div class='ocr_carea' id='block_1_56' title="bbox 257 4065 1782 4140">
    <p class='ocr_par' dir='ltr' id='par_1_56' title="bbox 257 4065 1782 4140">
     <span class='ocr_line' id='line_1_56' title="bbox 257 4065 1782 4140; baseline -0.002 -15"><span class='ocrx_word' id='word_1_423' title='bbox 257 4070 442 4140; x_wconf 84' lang='lat' dir='ltr'><strong>(Vers.</strong></span> <span class='ocrx_word' id='word_1_424' title='bbox 477 4066 557 4139; x_wconf 87' lang='lat'><strong>2.)</strong></span> <span class='ocrx_word' id='word_1_425' title='bbox 596 4093 613 4114; x_wconf 80' lang='grc' dir='ltr'><strong>ι</strong></span> <span class='ocrx_word' id='word_1_426' title='bbox 634 4066 736 4124; x_wconf 86' lang='lat' dir='ltr'><strong>Hic</strong></span> <span class='ocrx_word' id='word_1_427' title='bbox 760 4065 876 4139; x_wconf 86' lang='lat' dir='ltr'><strong>jam</strong></span> <span class='ocrx_word' id='word_1_428' title='bbox 907 4065 1174 4138; x_wconf 57' lang='lat' dir='ltr'><strong>quaeritur</strong></span> <span class='ocrx_word' id='word_1_429' title='bbox 1194 4066 1337 4121; x_wconf 88' lang='lat' dir='ltr'><strong>inter</strong></span> <span class='ocrx_word' id='word_1_430' title='bbox 1357 4065 1782 4138; x_wconf 87' lang='lat' dir='ltr'><strong>dispensatores,</strong></span> 
     </span>
    </p>
   </div>
   <div class='ocr_carea' id='block_1_57' title="bbox 189 4155 1783 4230">
    <p class='ocr_par' dir='ltr' id='par_1_57' title="bbox 189 4155 1783 4230">
     <span class='ocr_line' id='line_1_57' title="bbox 189 4155 1783 4230; baseline -0.003 -16"><span class='ocrx_word' id='word_1_431' title='bbox 189 4167 248 4214; x_wconf 89' lang='lat' dir='ltr'><strong>ut</strong></span> <span class='ocrx_word' id='word_1_432' title='bbox 276 4157 456 4214; x_wconf 90' lang='lat' dir='ltr'><strong>ﬁdelis</strong></span> <span class='ocrx_word' id='word_1_433' title='bbox 490 4157 614 4230; x_wconf 91' lang='lat' dir='ltr'><strong>quis</strong></span> <span class='ocrx_word' id='word_1_434' title='bbox 671 4155 1007 4212; x_wconf 88' lang='lat' dir='ltr'><strong>inveniatur.</strong></span> <span class='ocrx_word' id='word_1_435' title='bbox 1045 4181 1063 4203; x_wconf 80' lang='grc' dir='ltr'><strong>ι</strong></span> <span class='ocrx_word' id='word_1_436' title='bbox 1125 4156 1239 4212; x_wconf 90' lang='lat' dir='ltr'><strong>Hoc</strong></span> <span class='ocrx_word' id='word_1_437' title='bbox 1275 4155 1422 4228; x_wconf 92' lang='lat' dir='ltr'><strong>quod</strong></span> <span class='ocrx_word' id='word_1_438' title='bbox 1454 4155 1611 4223; x_wconf 91' lang='lat' dir='ltr'><strong>dicit,</strong></span> <span class='ocrx_word' id='word_1_439' title='bbox 1672 4171 1783 4211; x_wconf 91' lang='lat' dir='ltr'><strong>non</strong></span> 
     </span>
    </p>
   </div>
   <div class='ocr_carea' id='block_1_58' title="bbox 192 4244 1779 4321">
    <p class='ocr_par' dir='ltr' id='par_1_58' title="bbox 192 4244 1779 4321">
     <span class='ocr_line' id='line_1_58' title="bbox 192 4244 1779 4321; baseline -0.002 -18"><span class='ocrx_word' id='word_1_440' title='bbox 192 4250 363 4304; x_wconf 88' lang='lat' dir='ltr'><strong>solum</strong></span> <span class='ocrx_word' id='word_1_441' title='bbox 424 4248 492 4304; x_wconf 91' lang='lat' dir='ltr'><strong>ad</strong></span> <span class='ocrx_word' id='word_1_442' title='bbox 541 4246 1123 4321; x_wconf 90' lang='lat' dir='ltr'><strong>pseudoapostolorum</strong></span> <span class='ocrx_word' id='word_1_443' title='bbox 1169 4261 1457 4318; x_wconf 90' lang='lat' dir='ltr'><strong>personam</strong></span> <span class='ocrx_word' id='word_1_444' title='bbox 1506 4244 1779 4317; x_wconf 87' lang='lat' dir='ltr'><strong>pertinet;</strong></span> 
     </span>
    </p>
   </div>
   <div class='ocr_carea' id='block_1_59' title="bbox 195 4334 1780 4410">
    <p class='ocr_par' dir='ltr' id='par_1_59' title="bbox 195 4334 1780 4410">
     <span class='ocr_line' id='line_1_59' title="bbox 195 4334 1780 4410; baseline -0.003 -16"><span class='ocrx_word' id='word_1_445' title='bbox 195 4338 283 4394; x_wconf 88' lang='lat' dir='ltr'><strong>sed</strong></span> <span class='ocrx_word' id='word_1_446' title='bbox 312 4345 365 4395; x_wconf 90' lang='lat' dir='ltr'><strong>et</strong></span> <span class='ocrx_word' id='word_1_447' title='bbox 412 4338 478 4394; x_wconf 90' lang='lat' dir='ltr'><strong>ad</strong></span> <span class='ocrx_word' id='word_1_448' title='bbox 521 4338 885 4410; x_wconf 91' lang='lat' dir='ltr'><strong>reliquorum,</strong></span> <span class='ocrx_word' id='word_1_449' title='bbox 930 4335 1026 4408; x_wconf 90' lang='lat' dir='ltr'><strong>qui</strong></span> <span class='ocrx_word' id='word_1_450' title='bbox 1081 4342 1302 4408; x_wconf 89' lang='lat' dir='ltr'><strong>accepta</strong></span> <span class='ocrx_word' id='word_1_451' title='bbox 1355 4334 1780 4406; x_wconf 90' lang='lat' dir='ltr'><strong>dispensatione,</strong></span> 
     </span>
    </p>
   </div>
   <div class='ocr_carea' id='block_1_60' title="bbox 197 4422 1784 4495">
    <p class='ocr_par' dir='ltr' id='par_1_60' title="bbox 197 4422 1784 4495">
     <span class='ocr_line' id='line_1_60' title="bbox 197 4422 1784 4495; baseline -0.003 -11"><span class='ocrx_word' id='word_1_452' title='bbox 197 4436 284 4484; x_wconf 91' lang='lat' dir='ltr'><strong>aut</strong></span> <span class='ocrx_word' id='word_1_453' title='bbox 315 4427 668 4495; x_wconf 89' lang='lat' dir='ltr'><strong>verecundia,</strong></span> <span class='ocrx_word' id='word_1_454' title='bbox 699 4435 792 4481; x_wconf 89' lang='lat' dir='ltr'><strong>aut</strong></span> <span class='ocrx_word' id='word_1_455' title='bbox 812 4427 1027 4493; x_wconf 87' lang='lat' dir='ltr'><strong>timore,</strong></span> <span class='ocrx_word' id='word_1_456' title='bbox 1059 4433 1154 4481; x_wconf 90' lang='lat' dir='ltr'><strong>aut</strong></span> <span class='ocrx_word' id='word_1_457' title='bbox 1182 4434 1326 4482; x_wconf 89' lang='lat' dir='ltr'><strong>certe</strong></span> <span class='ocrx_word' id='word_1_458' title='bbox 1357 4422 1784 4481; x_wconf 82' lang='lat' dir='ltr'><strong>commendatio-</strong></span> 
     </span>
    </p>
   </div>
   <div class='ocr_carea' id='block_1_61' title="bbox 200 4515 1784 4586">
    <p class='ocr_par' dir='ltr' id='par_1_61' title="bbox 200 4515 1784 4586">
     <span class='ocr_line' id='line_1_61' title="bbox 200 4515 1784 4586; baseline -0.001 -14"><span class='ocrx_word' id='word_1_459' title='bbox 200 4517 279 4572; x_wconf 92' lang='lat' dir='ltr'><strong>nis</strong></span> <span class='ocrx_word' id='word_1_460' title='bbox 320 4535 427 4574; x_wconf 78' lang='lat' dir='ltr'><strong>suae</strong></span> <span class='ocrx_word' id='word_1_461' title='bbox 459 4533 622 4572; x_wconf 89' lang='lat' dir='ltr'><strong>causa</strong></span> <span class='ocrx_word' id='word_1_462' title='bbox 669 4522 985 4572; x_wconf 87' lang='lat' dir='ltr'><strong>constanter</strong></span> <span class='ocrx_word' id='word_1_463' title='bbox 1034 4531 1258 4586; x_wconf 87' lang='lat' dir='ltr'><strong>arguere</strong></span> <span class='ocrx_word' id='word_1_464' title='bbox 1308 4515 1652 4586; x_wconf 88' lang='lat' dir='ltr'><strong>trepidabant</strong></span> <span class='ocrx_word' id='word_1_465' title='bbox 1690 4522 1784 4571; x_wconf 91' lang='lat' dir='ltr'><strong>aut</strong></span> 
     </span>
    </p>
   </div>
   <div class='ocr_carea' id='block_1_62' title="bbox 1885 1974 3481 2049">
    <p class='ocr_par' dir='ltr' id='par_1_62' title="bbox 1885 1974 3481 2049">
     <span class='ocr_line' id='line_1_62' title="bbox 1885 1974 3481 2049; baseline -0.002 -16"><span class='ocrx_word' id='word_1_466' title='bbox 1885 1986 1971 2034; x_wconf 91' lang='lat' dir='ltr'><strong>cte</strong></span> <span class='ocrx_word' id='word_1_467' title='bbox 1983 1977 2085 2031; x_wconf 91' lang='lat' dir='ltr'><strong>ait:</strong></span> <span class='ocrx_word' id='word_1_468' title='bbox 2106 1976 2357 2049; x_wconf 88' lang='lat' dir='ltr'><strong>quamvis</strong></span> <span class='ocrx_word' id='word_1_469' title='bbox 2372 1975 2517 2030; x_wconf 89' lang='lat' dir='ltr'><strong>enim</strong></span> <span class='ocrx_word' id='word_1_470' title='bbox 2548 1974 2930 2030; x_wconf 88' lang='lat' dir='ltr'><strong>humiliaverit</strong></span> <span class='ocrx_word' id='word_1_471' title='bbox 2944 1991 3022 2043; x_wconf 91' lang='lat' dir='ltr'><strong>se,</strong></span> <span class='ocrx_word' id='word_1_472' title='bbox 3039 1984 3223 2031; x_wconf 88' lang='lat' dir='ltr'><strong>tamen</strong></span> <span class='ocrx_word' id='word_1_473' title='bbox 3245 1974 3481 2032; x_wconf 91' lang='lat' dir='ltr'><strong>Domino</strong></span> 
     </span>
    </p>
   </div>
   <div class='ocr_carea' id='block_1_63' title="bbox 1887 2065 3484 2140">
    <p class='ocr_par' dir='ltr' id='par_1_63' title="bbox 1887 2065 3484 2140">
     <span class='ocr_line' id='line_1_63' title="bbox 1887 2065 3484 2140; baseline -0.002 -17"><span class='ocrx_word' id='word_1_474' title='bbox 1887 2067 2106 2124; x_wconf 88' lang='lat' dir='ltr'><strong>Christo</strong></span> <span class='ocrx_word' id='word_1_475' title='bbox 2137 2065 2436 2139; x_wconf 90' lang='lat' dir='ltr'><strong>plurimum</strong></span> <span class='ocrx_word' id='word_1_476' title='bbox 2484 2065 2672 2133; x_wconf 87' lang='lat' dir='ltr'><strong>dedit;</strong></span> <span class='ocrx_word' id='word_1_477' title='bbox 2718 2066 2847 2138; x_wconf 90' lang='lat' dir='ltr'><strong>quia</strong></span> <span class='ocrx_word' id='word_1_478' title='bbox 2888 2074 3081 2139; x_wconf 89' lang='lat' dir='ltr'><strong>potest,</strong></span> <span class='ocrx_word' id='word_1_479' title='bbox 3114 2066 3261 2140; x_wconf 91' lang='lat' dir='ltr'><strong>quod</strong></span> <span class='ocrx_word' id='word_1_480' title='bbox 3291 2065 3484 2122; x_wconf 85' lang='lat' dir='ltr'><strong>homi-</strong></span> 
     </span>
    </p>
   </div>
   <div class='ocr_carea' id='block_1_64' title="bbox 1887 2153 3483 2226">
    <p class='ocr_par' dir='ltr' id='par_1_64' title="bbox 1887 2153 3483 2226">
     <span class='ocr_line' id='line_1_64' title="bbox 1887 2153 3483 2226; baseline 0.001 -13"><span class='ocrx_word' id='word_1_481' title='bbox 1887 2173 2010 2213; x_wconf 91' lang='lat' dir='ltr'><strong>nem</strong></span> <span class='ocrx_word' id='word_1_482' title='bbox 2056 2156 2206 2224; x_wconf 90' lang='lat' dir='ltr'><strong>latet,</strong></span> <span class='ocrx_word' id='word_1_483' title='bbox 2242 2156 2375 2212; x_wconf 90' lang='lat' dir='ltr'><strong>dum</strong></span> <span class='ocrx_word' id='word_1_484' title='bbox 2425 2155 2638 2211; x_wconf 90' lang='lat' dir='ltr'><strong>occulta</strong></span> <span class='ocrx_word' id='word_1_485' title='bbox 2678 2153 2912 2226; x_wconf 89' lang='lat' dir='ltr'><strong>judicat,</strong></span> <span class='ocrx_word' id='word_1_486' title='bbox 2964 2154 3332 2224; x_wconf 88' lang='lat' dir='ltr'><strong>manifestare,</strong></span> <span class='ocrx_word' id='word_1_487' title='bbox 3373 2173 3483 2214; x_wconf 88' lang='lat' dir='ltr'><strong>non</strong></span> 
     </span>
    </p>
   </div>
   <div class='ocr_carea' id='block_1_65' title="bbox 1886 2243 3483 2318">
    <p class='ocr_par' dir='ltr' id='par_1_65' title="bbox 1886 2243 3483 2318">
     <span class='ocr_line' id='line_1_65' title="bbox 1886 2243 3483 2318; baseline 0 -15"><span class='ocrx_word' id='word_1_488' title='bbox 1886 2255 1948 2303; x_wconf 88' lang='lat' dir='ltr'><strong>ut</strong></span> <span class='ocrx_word' id='word_1_489' title='bbox 2008 2263 2161 2303; x_wconf 90' lang='lat' dir='ltr'><strong>reum</strong></span> <span class='ocrx_word' id='word_1_490' title='bbox 2236 2244 2418 2314; x_wconf 83' lang='lat' dir='ltr'><strong>faciat,</strong></span> <span class='ocrx_word' id='word_1_491' title='bbox 2477 2243 2571 2301; x_wconf 90' lang='lat' dir='ltr'><strong>sed</strong></span> <span class='ocrx_word' id='word_1_492' title='bbox 2627 2243 2971 2318; x_wconf 90' lang='lat' dir='ltr'><strong>prudentem.</strong></span> <span class='ocrx_word' id='word_1_493' title='bbox 3021 2245 3284 2315; x_wconf 87' lang='lat' dir='ltr'><strong>Quamvis</strong></span> <span class='ocrx_word' id='word_1_494' title='bbox 3336 2247 3483 2304; x_wconf 90' lang='lat' dir='ltr'><strong>enim</strong></span> 
     </span>
    </p>
   </div>
   <div class='ocr_carea' id='block_1_66' title="bbox 1886 2334 3487 2407">
    <p class='ocr_par' dir='ltr' id='par_1_66' title="bbox 1886 2334 3487 2407">
     <span class='ocr_line' id='line_1_66' title="bbox 1886 2334 3487 2407; baseline -0.001 -14"><span class='ocrx_word' id='word_1_495' title='bbox 1886 2344 2125 2403; x_wconf 89' lang='lat' dir='ltr'><strong>sanctus,</strong></span> <span class='ocrx_word' id='word_1_496' title='bbox 2159 2343 2337 2391; x_wconf 87' lang='lat' dir='ltr'><strong>tamen</strong></span> <span class='ocrx_word' id='word_1_497' title='bbox 2368 2334 2536 2390; x_wconf 87' lang='lat' dir='ltr'><strong>homo</strong></span> <span class='ocrx_word' id='word_1_498' title='bbox 2556 2341 2656 2402; x_wconf 90' lang='lat' dir='ltr'><strong>est,</strong></span> <span class='ocrx_word' id='word_1_499' title='bbox 2694 2349 2856 2406; x_wconf 90' lang='lat' dir='ltr'><strong>quem</strong></span> <span class='ocrx_word' id='word_1_500' title='bbox 2901 2349 3012 2389; x_wconf 91' lang='lat' dir='ltr'><strong>non</strong></span> <span class='ocrx_word' id='word_1_501' title='bbox 3054 2341 3231 2407; x_wconf 88' lang='lat' dir='ltr'><strong>potest</strong></span> <span class='ocrx_word' id='word_1_502' title='bbox 3274 2335 3393 2392; x_wconf 85' lang='lat' dir='ltr'><strong>ﬁeri</strong></span> <span class='ocrx_word' id='word_1_503' title='bbox 3424 2344 3487 2392; x_wconf 90' lang='lat' dir='ltr'><strong>ut</strong></span> 
     </span>
    </p>
   </div>
   <div class='ocr_carea' id='block_1_67' title="bbox 1887 2421 3486 2499">
    <p class='ocr_par' dir='ltr' id='par_1_67' title="bbox 1887 2421 3486 2499">
     <span class='ocr_line' id='line_1_67' title="bbox 1887 2421 3486 2499; baseline 0.001 -17"><span class='ocrx_word' id='word_1_504' title='bbox 1887 2443 1994 2484; x_wconf 90' lang='lat' dir='ltr'><strong>non</strong></span> <span class='ocrx_word' id='word_1_505' title='bbox 2029 2424 2242 2498; x_wconf 90' lang='lat' dir='ltr'><strong>aliquid</strong></span> <span class='ocrx_word' id='word_1_506' title='bbox 2275 2425 2437 2480; x_wconf 86' lang='lat' dir='ltr'><strong>lateat</strong></span> <span class='ocrx_word' id='word_1_507' title='bbox 2465 2423 2605 2494; x_wconf 81' lang='lat'><strong>(15).</strong></span> <span class='ocrx_word' id='word_1_508' title='bbox 2640 2421 2921 2479; x_wconf 91' lang='lat' dir='ltr'><strong>Interdum</strong></span> <span class='ocrx_word' id='word_1_509' title='bbox 2949 2423 3097 2480; x_wconf 91' lang='lat' dir='ltr'><strong>enim</strong></span> <span class='ocrx_word' id='word_1_510' title='bbox 3119 2424 3330 2499; x_wconf 89' lang='lat' dir='ltr'><strong>aliquid</strong></span> <span class='ocrx_word' id='word_1_511' title='bbox 3349 2427 3486 2484; x_wconf 89' lang='lat' dir='ltr'><strong>utile</strong></span> 
     </span>
    </p>
   </div>
   <div class='ocr_carea' id='block_1_68' title="bbox 1888 2511 3486 2590">
    <p class='ocr_par' dir='ltr' id='par_1_68' title="bbox 1888 2511 3486 2590">
     <span class='ocr_line' id='line_1_68' title="bbox 1888 2511 3486 2590; baseline -0.001 -18"><span class='ocrx_word' id='word_1_512' title='bbox 1888 2524 2162 2590; x_wconf 90' lang='lat' dir='ltr'><strong>putamus,</strong></span> <span class='ocrx_word' id='word_1_513' title='bbox 2195 2512 2342 2587; x_wconf 90' lang='lat' dir='ltr'><strong>quod</strong></span> <span class='ocrx_word' id='word_1_514' title='bbox 2372 2511 2570 2568; x_wconf 91' lang='lat' dir='ltr'><strong>inutile</strong></span> <span class='ocrx_word' id='word_1_515' title='bbox 2613 2520 2721 2579; x_wconf 90' lang='lat' dir='ltr'><strong>est;</strong></span> <span class='ocrx_word' id='word_1_516' title='bbox 2771 2527 2873 2569; x_wconf 90' lang='lat' dir='ltr'><strong>nec</strong></span> <span class='ocrx_word' id='word_1_517' title='bbox 2908 2512 3056 2568; x_wconf 91' lang='lat' dir='ltr'><strong>enim</strong></span> <span class='ocrx_word' id='word_1_518' title='bbox 3087 2513 3274 2570; x_wconf 89' lang='lat' dir='ltr'><strong>omnia</strong></span> <span class='ocrx_word' id='word_1_519' title='bbox 3304 2530 3486 2573; x_wconf 88' lang='lat' dir='ltr'><strong>mem-</strong></span> 
     </span>
    </p>
   </div>
   <div class='ocr_carea' id='block_1_69' title="bbox 1886 2600 3487 2676">
    <p class='ocr_par' dir='ltr' id='par_1_69' title="bbox 1886 2600 3487 2676">
     <span class='ocr_line' id='line_1_69' title="bbox 1886 2600 3487 2676; baseline -0.001 -15"><span class='ocrx_word' id='word_1_520' title='bbox 1886 2607 1986 2662; x_wconf 91' lang='lat' dir='ltr'><strong>bra</strong></span> <span class='ocrx_word' id='word_1_521' title='bbox 2041 2612 2136 2659; x_wconf 93' lang='lat' dir='ltr'><strong>aut</strong></span> <span class='ocrx_word' id='word_1_522' title='bbox 2185 2603 2355 2658; x_wconf 90' lang='lat' dir='ltr'><strong>latera</strong></span> <span class='ocrx_word' id='word_1_523' title='bbox 2400 2600 2836 2658; x_wconf 89' lang='lat' dir='ltr'><strong>conversationis</strong></span> <span class='ocrx_word' id='word_1_524' title='bbox 2899 2600 3155 2658; x_wconf 70' lang='lat' dir='ltr'><strong>humanae</strong></span> <span class='ocrx_word' id='word_1_525' title='bbox 3213 2602 3487 2676; x_wconf 84' lang='lat' dir='ltr'><strong>descripta</strong></span> 
     </span>
    </p>
   </div>
   <div class='ocr_carea' id='block_1_70' title="bbox 1887 2691 3486 2763">
    <p class='ocr_par' dir='ltr' id='par_1_70' title="bbox 1887 2691 3486 2763">
     <span class='ocr_line' id='line_1_70' title="bbox 1887 2691 3486 2763; baseline -0.001 -14"><span class='ocrx_word' id='word_1_526' title='bbox 1887 2693 2153 2750; x_wconf 89' lang='lat' dir='ltr'><strong>habemus</strong></span> <span class='ocrx_word' id='word_1_527' title='bbox 2195 2711 2206 2749; x_wconf 92' lang='lat'><strong>:</strong></span> <span class='ocrx_word' id='word_1_528' title='bbox 2253 2691 2320 2746; x_wconf 89' lang='lat' dir='ltr'><strong>ab</strong></span> <span class='ocrx_word' id='word_1_529' title='bbox 2372 2691 2441 2746; x_wconf 92' lang='lat' dir='ltr'><strong>iis</strong></span> <span class='ocrx_word' id='word_1_530' title='bbox 2473 2698 2656 2746; x_wconf 90' lang='lat' dir='ltr'><strong>autem</strong></span> <span class='ocrx_word' id='word_1_531' title='bbox 2703 2707 2822 2762; x_wconf 77' lang='lat' dir='ltr'><strong>quae</strong></span> <span class='ocrx_word' id='word_1_532' title='bbox 2869 2691 3058 2762; x_wconf 84' lang='lat' dir='ltr'><strong>gravia</strong></span> <span class='ocrx_word' id='word_1_533' title='bbox 3102 2701 3250 2760; x_wconf 89' lang='lat' dir='ltr'><strong>sunt,</strong></span> <span class='ocrx_word' id='word_1_534' title='bbox 3301 2701 3486 2763; x_wconf 90' lang='lat' dir='ltr'><strong>aperte</strong></span> 
     </span>
    </p>
   </div>
   <div class='ocr_carea' id='block_1_71' title="bbox 1888 2781 3490 2857">
    <p class='ocr_par' dir='ltr' id='par_1_71' title="bbox 1888 2781 3490 2857">
     <span class='ocr_line' id='line_1_71' title="bbox 1888 2781 3490 2857; baseline 0 -18"><span class='ocrx_word' id='word_1_535' title='bbox 1888 2783 2154 2857; x_wconf 90' lang='lat' dir='ltr'><strong>prohibiti</strong></span> <span class='ocrx_word' id='word_1_536' title='bbox 2190 2799 2398 2838; x_wconf 88' lang='lat' dir='ltr'><strong>sumus.</strong></span> <span class='ocrx_word' id='word_1_537' title='bbox 2450 2784 2583 2839; x_wconf 92' lang='lat' dir='ltr'><strong>Nam</strong></span> <span class='ocrx_word' id='word_1_538' title='bbox 2635 2781 2883 2854; x_wconf 70' lang='lat' dir='ltr'><strong>quaedam</strong></span> <span class='ocrx_word' id='word_1_539' title='bbox 2931 2798 3106 2837; x_wconf 58' lang='lat' dir='ltr'><strong>causa:</strong></span> <span class='ocrx_word' id='word_1_540' title='bbox 3160 2799 3260 2838; x_wconf 93' lang='lat' dir='ltr'><strong>nos</strong></span> <span class='ocrx_word' id='word_1_541' title='bbox 3301 2783 3490 2840; x_wconf 84' lang='lat' dir='ltr'><strong>fallere</strong></span> 
     </span>
    </p>
   </div>
   <div class='ocr_carea' id='block_1_72' title="bbox 1888 2869 3494 2945">
    <p class='ocr_par' dir='ltr' id='par_1_72' title="bbox 1888 2869 3494 2945">
     <span class='ocr_line' id='line_1_72' title="bbox 1888 2869 3494 2945; baseline -0.002 -14"><span class='ocrx_word' id='word_1_542' title='bbox 1888 2876 2066 2931; x_wconf 88' lang='lat' dir='ltr'><strong>solent</strong></span> <span class='ocrx_word' id='word_1_543' title='bbox 2096 2889 2164 2928; x_wconf 85' lang='lat' dir='ltr'><strong>ex</strong></span> <span class='ocrx_word' id='word_1_544' title='bbox 2190 2873 2369 2928; x_wconf 91' lang='lat' dir='ltr'><strong>causis</strong></span> <span class='ocrx_word' id='word_1_545' title='bbox 2425 2870 2701 2945; x_wconf 90' lang='lat' dir='ltr'><strong>aliquibus</strong></span> <span class='ocrx_word' id='word_1_546' title='bbox 2753 2877 2918 2937; x_wconf 68' lang='lat' dir='ltr'><strong>ortae;</strong></span> <span class='ocrx_word' id='word_1_547' title='bbox 2972 2876 3034 2924; x_wconf 88' lang='lat' dir='ltr'><strong>ut</strong></span> <span class='ocrx_word' id='word_1_548' title='bbox 3080 2869 3225 2941; x_wconf 91' lang='lat' dir='ltr'><strong>quod</strong></span> <span class='ocrx_word' id='word_1_549' title='bbox 3267 2887 3378 2926; x_wconf 92' lang='lat' dir='ltr'><strong>non</strong></span> <span class='ocrx_word' id='word_1_550' title='bbox 3410 2879 3494 2928; x_wconf 90' lang='lat' dir='ltr'><strong>est</strong></span> 
     </span>
    </p>
   </div>
   <div class='ocr_carea' id='block_1_73' title="bbox 1889 2956 3492 3035">
    <p class='ocr_par' dir='ltr' id='par_1_73' title="bbox 1889 2956 3492 3035">
     <span class='ocr_line' id='line_1_73' title="bbox 1889 2956 3492 3035; baseline -0.002 -17"><span class='ocrx_word' id='word_1_551' title='bbox 1889 2965 2046 3029; x_wconf 89' lang='lat' dir='ltr'><strong>utile,</strong></span> <span class='ocrx_word' id='word_1_552' title='bbox 2097 2970 2351 3035; x_wconf 88' lang='lat' dir='ltr'><strong>putemus</strong></span> <span class='ocrx_word' id='word_1_553' title='bbox 2396 2959 2554 3026; x_wconf 92' lang='lat' dir='ltr'><strong>utile,</strong></span> <span class='ocrx_word' id='word_1_554' title='bbox 2603 2957 2750 3030; x_wconf 91' lang='lat' dir='ltr'><strong>quod</strong></span> <span class='ocrx_word' id='word_1_555' title='bbox 2794 2957 2914 3012; x_wconf 83' lang='lat' dir='ltr'><strong>leve</strong></span> <span class='ocrx_word' id='word_1_556' title='bbox 2960 2956 3182 3030; x_wconf 90' lang='lat' dir='ltr'><strong>quidem</strong></span> <span class='ocrx_word' id='word_1_557' title='bbox 3213 2966 3326 3026; x_wconf 91' lang='lat' dir='ltr'><strong>est;</strong></span> <span class='ocrx_word' id='word_1_558' title='bbox 3364 2959 3492 3032; x_wconf 87' lang='lat' dir='ltr'><strong>quia</strong></span> 
     </span>
    </p>
   </div>
   <div class='ocr_carea' id='block_1_74' title="bbox 1889 3047 2623 3126">
    <p class='ocr_par' dir='ltr' id='par_1_74' title="bbox 1889 3047 2623 3126">
     <span class='ocr_line' id='line_1_74' title="bbox 1889 3047 2623 3126; baseline -0.01 -17"><span class='ocrx_word' id='word_1_559' title='bbox 1889 3051 2231 3126; x_wconf 89' lang='lat' dir='ltr'><strong>propositum</strong></span> <span class='ocrx_word' id='word_1_560' title='bbox 2264 3047 2500 3104; x_wconf 90' lang='lat' dir='ltr'><strong>liberum</strong></span> <span class='ocrx_word' id='word_1_561' title='bbox 2522 3054 2623 3104; x_wconf 89' lang='lat' dir='ltr'><strong>est.</strong></span> 
     </span>
    </p>
   </div>
   <div class='ocr_carea' id='block_1_75' title="bbox 1963 3135 3490 3214">
    <p class='ocr_par' dir='ltr' id='par_1_75' title="bbox 1963 3135 3490 3214">
     <span class='ocr_line' id='line_1_75' title="bbox 1963 3135 3490 3214; baseline -0.003 -16"><span class='ocrx_word' id='word_1_562' title='bbox 1963 3142 2145 3214; x_wconf 85' lang='lat' dir='ltr'><strong>(Vers.</strong></span> <span class='ocrx_word' id='word_1_563' title='bbox 2178 3141 2259 3213; x_wconf 79' lang='grc'><strong>5.)</strong></span> <span class='ocrx_word' id='word_1_564' title='bbox 2317 3164 2334 3186; x_wconf 78' lang='grc' dir='ltr'><strong>ε</strong></span> <span class='ocrx_word' id='word_1_565' title='bbox 2364 3141 2550 3212; x_wconf 87' lang='lat' dir='ltr'><strong>Itaque</strong></span> <span class='ocrx_word' id='word_1_566' title='bbox 2597 3136 2768 3194; x_wconf 91' lang='lat' dir='ltr'><strong>nolite</strong></span> <span class='ocrx_word' id='word_1_567' title='bbox 2816 3143 2940 3193; x_wconf 88' lang='lat' dir='ltr'><strong>ante</strong></span> <span class='ocrx_word' id='word_1_568' title='bbox 2976 3144 3194 3210; x_wconf 89' lang='lat' dir='ltr'><strong>tempus</strong></span> <span class='ocrx_word' id='word_1_569' title='bbox 3220 3135 3490 3210; x_wconf 88' lang='lat' dir='ltr'><strong>judicare,</strong></span> 
     </span>
    </p>
   </div>
   <div class='ocr_carea' id='block_1_76' title="bbox 2391 3225 3492 3298">
    <p class='ocr_par' dir='ltr' id='par_1_76' title="bbox 2391 3225 3492 3298">
     <span class='ocr_line' id='line_1_76' title="bbox 2391 3225 3492 3298; baseline 0 -14"><span class='ocrx_word' id='word_1_570' title='bbox 2391 3229 2591 3284; x_wconf 92' lang='lat' dir='ltr'><strong>minus.</strong></span> <span class='ocrx_word' id='word_1_571' title='bbox 2635 3251 2654 3275; x_wconf 78' lang='grc' dir='ltr'><strong>ι</strong></span> <span class='ocrx_word' id='word_1_572' title='bbox 2713 3227 2899 3282; x_wconf 90' lang='lat' dir='ltr'><strong>Monet</strong></span> <span class='ocrx_word' id='word_1_573' title='bbox 2948 3225 3074 3283; x_wconf 93' lang='lat' dir='ltr'><strong>illos</strong></span> <span class='ocrx_word' id='word_1_574' title='bbox 3121 3241 3189 3281; x_wconf 90' lang='lat' dir='ltr'><strong>ne</strong></span> <span class='ocrx_word' id='word_1_575' title='bbox 3217 3225 3492 3298; x_wconf 90' lang='lat' dir='ltr'><strong>judicent,</strong></span> 
     </span>
    </p>
   </div>
   <div class='ocr_carea' id='block_1_77' title="bbox 1890 3313 3494 3401">
    <p class='ocr_par' dir='ltr' id='par_1_77' title="bbox 1890 3313 3494 3401">
     <span class='ocr_line' id='line_1_77' title="bbox 1890 3313 3494 3401; baseline -0.012 -11"><span class='ocrx_word' id='word_1_576' title='bbox 1890 3350 2014 3391; x_wconf 91' lang='lat' dir='ltr'><strong>cum</strong></span> <span class='ocrx_word' id='word_1_577' title='bbox 2041 3322 2327 3401; x_wconf 89' lang='lat' dir='ltr'><strong>judicandi</strong></span> <span class='ocrx_word' id='word_1_578' title='bbox 2388 3319 2500 3375; x_wconf 91' lang='lat' dir='ltr'><strong>sint</strong></span> <span class='ocrx_word' id='word_1_579' title='bbox 2553 3325 2605 3372; x_wconf 92' lang='lat' dir='ltr'><strong>et</strong></span> <span class='ocrx_word' id='word_1_580' title='bbox 2663 3315 2900 3370; x_wconf 85' lang='lat' dir='ltr'><strong>habeant</strong></span> <span class='ocrx_word' id='word_1_581' title='bbox 2944 3313 3149 3386; x_wconf 84' lang='lat' dir='ltr'><strong>duplex</strong></span> <span class='ocrx_word' id='word_1_582' title='bbox 3187 3323 3494 3387; x_wconf 88' lang='lat' dir='ltr'><strong>peccatum,</strong></span> 
     </span>
    </p>
   </div>
   <div class='ocr_carea' id='block_1_78' title="bbox 1889 3405 3496 3480">
    <p class='ocr_par' dir='ltr' id='par_1_78' title="bbox 1889 3405 3496 3480">
     <span class='ocr_line' id='line_1_78' title="bbox 1889 3405 3496 3480; baseline -0.012 1"><span class='ocrx_word' id='word_1_583' title='bbox 1889 3425 2036 3480; x_wconf 92' lang='lat' dir='ltr'><strong>sicut</strong></span> <span class='ocrx_word' id='word_1_584' title='bbox 2075 3419 2152 3474; x_wconf 89' lang='lat' dir='ltr'><strong>ait</strong></span> <span class='ocrx_word' id='word_1_585' title='bbox 2185 3411 2489 3471; x_wconf 89' lang='lat' dir='ltr'><strong>Dominus:</strong></span> <span class='ocrx_word' id='word_1_586' title='bbox 2530 3433 2548 3455; x_wconf 77' lang='grc' dir='ltr'><strong>ι</strong></span> <span class='ocrx_word' id='word_1_587' title='bbox 2569 3407 2751 3463; x_wconf 89' lang='lat' dir='ltr'><strong>Nolite</strong></span> <span class='ocrx_word' id='word_1_588' title='bbox 2765 3405 3036 3477; x_wconf 91' lang='lat' dir='ltr'><strong>judicare,</strong></span> <span class='ocrx_word' id='word_1_589' title='bbox 3066 3413 3128 3460; x_wconf 91' lang='lat' dir='ltr'><strong>ut</strong></span> <span class='ocrx_word' id='word_1_590' title='bbox 3150 3421 3259 3461; x_wconf 92' lang='lat' dir='ltr'><strong>non</strong></span> <span class='ocrx_word' id='word_1_591' title='bbox 3285 3406 3496 3478; x_wconf 83' lang='lat' dir='ltr'><strong>judice-</strong></span> 
     </span>
    </p>
   </div>
   <div class='ocr_carea' id='block_1_79' title="bbox 1891 3491 3498 3579">
    <p class='ocr_par' dir='ltr' id='par_1_79' title="bbox 1891 3491 3498 3579">
     <span class='ocr_line' id='line_1_79' title="bbox 1891 3491 3498 3579; baseline -0.011 -11"><span class='ocrx_word' id='word_1_592' title='bbox 1891 3509 2032 3568; x_wconf 91' lang='lat' dir='ltr'><strong>mini</strong></span> <span class='ocrx_word' id='word_1_593' title='bbox 2057 3505 2274 3579; x_wconf 84' lang='lat' dir='ltr'><strong>(Matth.</strong></span> <span class='ocrx_word' id='word_1_594' title='bbox 2309 3518 2410 3568; x_wconf 82' lang='lat' dir='ltr'><strong>v11,</strong></span> <span class='ocrx_word' id='word_1_595' title='bbox 2445 3498 2533 3570; x_wconf 86' lang='lat'><strong>1);</strong></span> <span class='ocrx_word' id='word_1_596' title='bbox 2570 3521 2587 3542; x_wconf 83' lang='lat'><strong><em>-</em></strong></span> <span class='ocrx_word' id='word_1_597' title='bbox 2623 3493 2718 3550; x_wconf 91' lang='lat' dir='ltr'><strong>sed</strong></span> <span class='ocrx_word' id='word_1_598' title='bbox 2749 3499 3062 3566; x_wconf 79' lang='lat' dir='ltr'><strong>exspectate</strong></span> <span class='ocrx_word' id='word_1_599' title='bbox 3110 3491 3257 3548; x_wconf 90' lang='lat' dir='ltr'><strong>diem</strong></span> <span class='ocrx_word' id='word_1_600' title='bbox 3297 3492 3498 3565; x_wconf 89' lang='lat' dir='ltr'><strong>judicii</strong></span> 
     </span>
    </p>
   </div>
   <div class='ocr_carea' id='block_1_80' title="bbox 1894 3586 3497 3670">
    <p class='ocr_par' dir='ltr' id='par_1_80' title="bbox 1894 3586 3497 3670">
     <span class='ocr_line' id='line_1_80' title="bbox 1894 3586 3497 3670; baseline -0.009 -9"><span class='ocrx_word' id='word_1_601' title='bbox 1894 3603 2013 3670; x_wconf 91' lang='lat' dir='ltr'><strong>Dei,</strong></span> <span class='ocrx_word' id='word_1_602' title='bbox 2042 3617 2105 3656; x_wconf 90' lang='lat' dir='ltr'><strong>ac</strong></span> <span class='ocrx_word' id='word_1_603' title='bbox 2135 3598 2180 3654; x_wconf 91' lang='lat' dir='ltr'><strong>si</strong></span> <span class='ocrx_word' id='word_1_604' title='bbox 2210 3595 2399 3652; x_wconf 90' lang='lat' dir='ltr'><strong>ﬁdeles</strong></span> <span class='ocrx_word' id='word_1_605' title='bbox 2431 3599 2485 3648; x_wconf 91' lang='lat' dir='ltr'><strong>et</strong></span> <span class='ocrx_word' id='word_1_606' title='bbox 2539 3589 2670 3646; x_wconf 93' lang='lat' dir='ltr'><strong>boni</strong></span> <span class='ocrx_word' id='word_1_607' title='bbox 2701 3588 2830 3645; x_wconf 88' lang='lat' dir='ltr'><strong>sint.</strong></span> <span class='ocrx_word' id='word_1_608' title='bbox 2880 3586 3088 3659; x_wconf 91' lang='lat' dir='ltr'><strong>Injnria</strong></span> <span class='ocrx_word' id='word_1_609' title='bbox 3117 3588 3264 3644; x_wconf 91' lang='lat' dir='ltr'><strong>enim</strong></span> <span class='ocrx_word' id='word_1_610' title='bbox 3289 3588 3497 3661; x_wconf 89' lang='lat' dir='ltr'><strong>judicis</strong></span> 
     </span>
    </p>
   </div>
   <div class='ocr_carea' id='block_1_81' title="bbox 1888 3677 3495 3760">
    <p class='ocr_par' dir='ltr' id='par_1_81' title="bbox 1888 3677 3495 3760">
     <span class='ocr_line' id='line_1_81' title="bbox 1888 3677 3495 3760; baseline -0.009 -12"><span class='ocrx_word' id='word_1_611' title='bbox 1888 3699 1988 3760; x_wconf 87' lang='lat' dir='ltr'><strong>est,</strong></span> <span class='ocrx_word' id='word_1_612' title='bbox 2014 3690 2062 3746; x_wconf 87' lang='lat' dir='ltr'><strong>si</strong></span> <span class='ocrx_word' id='word_1_613' title='bbox 2091 3695 2216 3742; x_wconf 89' lang='lat' dir='ltr'><strong>ante</strong></span> <span class='ocrx_word' id='word_1_614' title='bbox 2249 3682 2620 3755; x_wconf 88' lang='lat' dir='ltr'><strong>cognitionem</strong></span> <span class='ocrx_word' id='word_1_615' title='bbox 2651 3677 2768 3752; x_wconf 89' lang='lat' dir='ltr'><strong>ejus</strong></span> <span class='ocrx_word' id='word_1_616' title='bbox 2795 3694 2828 3734; x_wconf 88' lang='lat' dir='ltr'><strong>a</strong></span> <span class='ocrx_word' id='word_1_617' title='bbox 2863 3693 3022 3734; x_wconf 85' lang='lat' dir='ltr'><strong>servo</strong></span> <span class='ocrx_word' id='word_1_618' title='bbox 3052 3677 3309 3750; x_wconf 86' lang='lat' dir='ltr'><strong>procedat</strong></span> <span class='ocrx_word' id='word_1_619' title='bbox 3332 3677 3495 3750; x_wconf 91' lang='lat' dir='ltr'><strong>judi-</strong></span> 
     </span>
    </p>
   </div>
   <div class='ocr_carea' id='block_1_82' title="bbox 1889 3775 2481 3841">
    <p class='ocr_par' dir='ltr' id='par_1_82' title="bbox 1889 3775 2481 3841">
     <span class='ocr_line' id='line_1_82' title="bbox 1889 3775 2481 3841; baseline -0.022 -1"><span class='ocrx_word' id='word_1_620' title='bbox 1889 3785 2037 3841; x_wconf 90' lang='lat' dir='ltr'><strong>cium</strong></span> <span class='ocrx_word' id='word_1_621' title='bbox 2067 3789 2161 3837; x_wconf 88' lang='lat' dir='ltr'><strong>aut</strong></span> <span class='ocrx_word' id='word_1_622' title='bbox 2190 3775 2481 3834; x_wconf 90' lang='lat' dir='ltr'><strong>sententia.</strong></span> 
     </span>
    </p>
   </div>
   <div class='ocr_carea' id='block_1_83' title="bbox 1976 3862 3499 3946">
    <p class='ocr_par' dir='ltr' id='par_1_83' title="bbox 1976 3862 3499 3946">
     <span class='ocr_line' id='line_1_83' title="bbox 1976 3862 3499 3946; baseline -0.011 -10"><span class='ocrx_word' id='word_1_623' title='bbox 1976 3906 1994 3928; x_wconf 75' lang='grc' dir='ltr'><strong>ι</strong></span> <span class='ocrx_word' id='word_1_624' title='bbox 2023 3879 2128 3946; x_wconf 92' lang='lat' dir='ltr'><strong>Qui</strong></span> <span class='ocrx_word' id='word_1_625' title='bbox 2156 3884 2208 3932; x_wconf 90' lang='lat' dir='ltr'><strong>et</strong></span> <span class='ocrx_word' id='word_1_626' title='bbox 2239 3869 2579 3930; x_wconf 89' lang='lat' dir='ltr'><strong>illuminabit</strong></span> <span class='ocrx_word' id='word_1_627' title='bbox 2607 3866 2822 3923; x_wconf 88' lang='lat' dir='ltr'><strong>occulta</strong></span> <span class='ocrx_word' id='word_1_628' title='bbox 2851 3862 3224 3931; x_wconf 89' lang='lat' dir='ltr'><strong>tenebrarum,</strong></span> <span class='ocrx_word' id='word_1_629' title='bbox 3279 3872 3334 3920; x_wconf 90' lang='lat' dir='ltr'><strong>et</strong></span> <span class='ocrx_word' id='word_1_630' title='bbox 3387 3880 3499 3921; x_wconf 88' lang='lat' dir='ltr'><strong>ma-</strong></span> 
     </span>
    </p>
   </div>
   <div class='ocr_carea' id='block_1_84' title="bbox 1891 3949 3498 4021">
    <p class='ocr_par' dir='ltr' id='par_1_84' title="bbox 1891 3949 3498 4021">
     <span class='ocr_line' id='line_1_84' title="bbox 1891 3949 3498 4021; baseline -0.01 0"><span class='ocrx_word' id='word_1_631' title='bbox 1891 3963 2175 4021; x_wconf 86' lang='lat' dir='ltr'><strong>nifestabit</strong></span> <span class='ocrx_word' id='word_1_632' title='bbox 2217 3958 2447 4017; x_wconf 91' lang='lat' dir='ltr'><strong>consilia</strong></span> <span class='ocrx_word' id='word_1_633' title='bbox 2493 3952 2744 4011; x_wconf 89' lang='lat' dir='ltr'><strong>cordium</strong></span> <span class='ocrx_word' id='word_1_634' title='bbox 2778 3970 2792 4019; x_wconf 94' lang='lat'><strong>;</strong></span> <span class='ocrx_word' id='word_1_635' title='bbox 2823 3957 2878 4006; x_wconf 89' lang='lat' dir='ltr'><strong>et</strong></span> <span class='ocrx_word' id='word_1_636' title='bbox 2906 3957 3040 4006; x_wconf 89' lang='lat' dir='ltr'><strong>tunc</strong></span> <span class='ocrx_word' id='word_1_637' title='bbox 3081 3949 3198 4006; x_wconf 88' lang='lat' dir='ltr'><strong>laus</strong></span> <span class='ocrx_word' id='word_1_638' title='bbox 3227 3949 3333 4006; x_wconf 91' lang='lat' dir='ltr'><strong>erit</strong></span> <span class='ocrx_word' id='word_1_639' title='bbox 3362 3949 3498 4006; x_wconf 91' lang='lat' dir='ltr'><strong>uni-</strong></span> 
     </span>
    </p>
   </div>
   <div class='ocr_carea' id='block_1_85' title="bbox 1892 4037 3498 4127">
    <p class='ocr_par' dir='ltr' id='par_1_85' title="bbox 1892 4037 3498 4127">
     <span class='ocr_line' id='line_1_85' title="bbox 1892 4037 3498 4127; baseline -0.007 -16"><span class='ocrx_word' id='word_1_640' title='bbox 1892 4055 2090 4127; x_wconf 92' lang='lat' dir='ltr'><strong>cuique</strong></span> <span class='ocrx_word' id='word_1_641' title='bbox 2120 4069 2150 4107; x_wconf 87' lang='lat' dir='ltr'><strong>a</strong></span> <span class='ocrx_word' id='word_1_642' title='bbox 2179 4053 2310 4106; x_wconf 90' lang='lat' dir='ltr'><strong>Deo.</strong></span> <span class='ocrx_word' id='word_1_643' title='bbox 2346 4071 2362 4094; x_wconf 79' lang='grc' dir='ltr'><strong>ι</strong></span> <span class='ocrx_word' id='word_1_644' title='bbox 2411 4046 2527 4101; x_wconf 86' lang='lat' dir='ltr'><strong>Hoc</strong></span> <span class='ocrx_word' id='word_1_645' title='bbox 2554 4042 2710 4111; x_wconf 92' lang='lat' dir='ltr'><strong>dicit,</strong></span> <span class='ocrx_word' id='word_1_646' title='bbox 2745 4040 2876 4114; x_wconf 91' lang='lat' dir='ltr'><strong>quia</strong></span> <span class='ocrx_word' id='word_1_647' title='bbox 2906 4038 2964 4094; x_wconf 92' lang='lat' dir='ltr'><strong>in</strong></span> <span class='ocrx_word' id='word_1_648' title='bbox 2995 4038 3083 4095; x_wconf 89' lang='lat' dir='ltr'><strong>die</strong></span> <span class='ocrx_word' id='word_1_649' title='bbox 3108 4037 3308 4110; x_wconf 91' lang='lat' dir='ltr'><strong>judicii</strong></span> <span class='ocrx_word' id='word_1_650' title='bbox 3356 4038 3498 4099; x_wconf 90' lang='lat' dir='ltr'><strong>nihil</strong></span> 
     </span>
    </p>
   </div>
   <div class='ocr_carea' id='block_1_86' title="bbox 1889 4128 3496 4204">
    <p class='ocr_par' dir='ltr' id='par_1_86' title="bbox 1889 4128 3496 4204">
     <span class='ocr_line' id='line_1_86' title="bbox 1889 4128 3496 4204; baseline -0.011 -3"><span class='ocrx_word' id='word_1_651' title='bbox 1889 4143 2170 4201; x_wconf 90' lang='lat' dir='ltr'><strong>occultum</strong></span> <span class='ocrx_word' id='word_1_652' title='bbox 2209 4137 2313 4194; x_wconf 88' lang='lat' dir='ltr'><strong>erit</strong></span> <span class='ocrx_word' id='word_1_653' title='bbox 2351 4151 2564 4201; x_wconf 90' lang='lat' dir='ltr'><strong>eorum,</strong></span> <span class='ocrx_word' id='word_1_654' title='bbox 2595 4148 2716 4204; x_wconf 63' lang='lat' dir='ltr'><strong>quae</strong></span> <span class='ocrx_word' id='word_1_655' title='bbox 2749 4138 2901 4203; x_wconf 87' lang='lat' dir='ltr'><strong>gesta</strong></span> <span class='ocrx_word' id='word_1_656' title='bbox 2941 4137 3034 4184; x_wconf 90' lang='lat' dir='ltr'><strong>aut</strong></span> <span class='ocrx_word' id='word_1_657' title='bbox 3065 4128 3300 4200; x_wconf 89' lang='lat' dir='ltr'><strong>cogitata</strong></span> <span class='ocrx_word' id='word_1_658' title='bbox 3321 4136 3450 4185; x_wconf 90' lang='lat' dir='ltr'><strong>sunt</strong></span> <span class='ocrx_word' id='word_1_659' title='bbox 3483 4151 3496 4189; x_wconf 86' lang='lat'><strong>:</strong></span> 
     </span>
    </p>
   </div>
   <div class='ocr_carea' id='block_1_87' title="bbox 1893 4217 3502 4301">
    <p class='ocr_par' dir='ltr' id='par_1_87' title="bbox 1893 4217 3502 4301">
     <span class='ocr_line' id='line_1_87' title="bbox 1893 4217 3502 4301; baseline -0.009 -12"><span class='ocrx_word' id='word_1_660' title='bbox 1893 4241 1947 4288; x_wconf 90' lang='lat' dir='ltr'><strong>et</strong></span> <span class='ocrx_word' id='word_1_661' title='bbox 2003 4227 2330 4301; x_wconf 90' lang='lat' dir='ltr'><strong>simplicitas</strong></span> <span class='ocrx_word' id='word_1_662' title='bbox 2376 4232 2430 4280; x_wconf 91' lang='lat' dir='ltr'><strong>et</strong></span> <span class='ocrx_word' id='word_1_663' title='bbox 2494 4219 2806 4295; x_wconf 83' lang='lat' dir='ltr'><strong>hypocrisis</strong></span> <span class='ocrx_word' id='word_1_664' title='bbox 2848 4217 2966 4274; x_wconf 91' lang='lat' dir='ltr'><strong>illic</strong></span> <span class='ocrx_word' id='word_1_665' title='bbox 3010 4217 3326 4290; x_wconf 85' lang='lat' dir='ltr'><strong>apparebit;</strong></span> <span class='ocrx_word' id='word_1_666' title='bbox 3360 4224 3420 4273; x_wconf 88' lang='lat' dir='ltr'><strong>ut</strong></span> <span class='ocrx_word' id='word_1_667' title='bbox 3448 4227 3502 4274; x_wconf 88' lang='lat' dir='ltr'><strong>et</strong></span> 
     </span>
    </p>
   </div>
   <div class='ocr_carea' id='block_1_88' title="bbox 1893 4307 3496 4396">
    <p class='ocr_par' dir='ltr' id='par_1_88' title="bbox 1893 4307 3496 4396">
     <span class='ocr_line' id='line_1_88' title="bbox 1893 4307 3496 4396; baseline -0.01 -18"><span class='ocrx_word' id='word_1_668' title='bbox 1893 4322 1988 4396; x_wconf 89' lang='lat' dir='ltr'><strong>qui</strong></span> <span class='ocrx_word' id='word_1_669' title='bbox 2029 4321 2314 4390; x_wconf 89' lang='lat' dir='ltr'><strong>despectus</strong></span> <span class='ocrx_word' id='word_1_670' title='bbox 2367 4313 2693 4378; x_wconf 87' lang='lat' dir='ltr'><strong>habebatur,</strong></span> <span class='ocrx_word' id='word_1_671' title='bbox 2745 4309 2888 4365; x_wconf 89' lang='lat' dir='ltr'><strong>forte</strong></span> <span class='ocrx_word' id='word_1_672' title='bbox 2951 4317 3207 4382; x_wconf 88' lang='lat' dir='ltr'><strong>appareat</strong></span> <span class='ocrx_word' id='word_1_673' title='bbox 3253 4307 3496 4381; x_wconf 91' lang='lat' dir='ltr'><strong>dignus:</strong></span> 
     </span>
    </p>
   </div>
   <div class='ocr_carea' id='block_1_89' title="bbox 1892 4396 3495 4483">
    <p class='ocr_par' dir='ltr' id='par_1_89' title="bbox 1892 4396 3495 4483">
     <span class='ocr_line' id='line_1_89' title="bbox 1892 4396 3495 4483; baseline -0.009 -16"><span class='ocrx_word' id='word_1_674' title='bbox 1892 4420 1946 4468; x_wconf 90' lang='lat' dir='ltr'><strong>et</strong></span> <span class='ocrx_word' id='word_1_675' title='bbox 1976 4411 2069 4483; x_wconf 90' lang='lat' dir='ltr'><strong>qui</strong></span> <span class='ocrx_word' id='word_1_676' title='bbox 2100 4405 2312 4480; x_wconf 90' lang='lat' dir='ltr'><strong>aliquid</strong></span> <span class='ocrx_word' id='word_1_677' title='bbox 2343 4420 2458 4460; x_wconf 87' lang='lat' dir='ltr'><strong>esse</strong></span> <span class='ocrx_word' id='word_1_678' title='bbox 2492 4401 2806 4474; x_wconf 87' lang='lat' dir='ltr'><strong>putabatur,</strong></span> <span class='ocrx_word' id='word_1_679' title='bbox 2842 4397 3162 4454; x_wconf 88' lang='lat' dir='ltr'><strong>inveniatur</strong></span> <span class='ocrx_word' id='word_1_680' title='bbox 3211 4396 3495 4469; x_wconf 90' lang='lat' dir='ltr'><strong>reprobus.</strong></span> 
     </span>
    </p>
   </div>
   <div class='ocr_carea' id='block_1_90' title="bbox 1894 4485 3503 4561">
    <p class='ocr_par' dir='ltr' id='par_1_90' title="bbox 1894 4485 3503 4561">
     <span class='ocr_line' id='line_1_90' title="bbox 1894 4485 3503 4561; baseline -0.011 -4"><span class='ocrx_word' id='word_1_681' title='bbox 1894 4500 2096 4557; x_wconf 89' lang='lat' dir='ltr'><strong>Omnia</strong></span> <span class='ocrx_word' id='word_1_682' title='bbox 2124 4497 2272 4553; x_wconf 90' lang='lat' dir='ltr'><strong>enim</strong></span> <span class='ocrx_word' id='word_1_683' title='bbox 2309 4493 2456 4550; x_wconf 90' lang='lat' dir='ltr'><strong>nuda</strong></span> <span class='ocrx_word' id='word_1_684' title='bbox 2483 4499 2646 4548; x_wconf 90' lang='lat' dir='ltr'><strong>erunt</strong></span> <span class='ocrx_word' id='word_1_685' title='bbox 2677 4489 2794 4561; x_wconf 88' lang='lat'><strong>(16)</strong></span> <span class='ocrx_word' id='word_1_686' title='bbox 2837 4487 2893 4542; x_wconf 92' lang='lat' dir='ltr'><strong>in</strong></span> <span class='ocrx_word' id='word_1_687' title='bbox 2922 4487 3010 4543; x_wconf 90' lang='lat' dir='ltr'><strong>die</strong></span> <span class='ocrx_word' id='word_1_688' title='bbox 3036 4485 3256 4559; x_wconf 92' lang='lat' dir='ltr'><strong>judicii,</strong></span> <span class='ocrx_word' id='word_1_689' title='bbox 3288 4493 3342 4541; x_wconf 88' lang='lat' dir='ltr'><strong>et</strong></span> <span class='ocrx_word' id='word_1_690' title='bbox 3369 4493 3503 4541; x_wconf 92' lang='lat' dir='ltr'><strong>tunc</strong></span> 
     </span>
    </p>
   </div>
   <div class='ocr_carea' id='block_1_91' title="bbox 201 4574 1779 4662">
    <p class='ocr_par' dir='ltr' id='par_1_91' title="bbox 201 4603 1779 4662">
     <span class='ocr_line' id='line_1_91' title="bbox 201 4603 1779 4662; baseline -0.002 1"><span class='ocrx_word' id='word_1_691' title='bbox 201 4608 364 4662; x_wconf 91' lang='lat' dir='ltr'><strong>malos</strong></span> <span class='ocrx_word' id='word_1_692' title='bbox 401 4622 596 4662; x_wconf 91' lang='lat' dir='ltr'><strong>sensus</strong></span> <span class='ocrx_word' id='word_1_693' title='bbox 651 4611 746 4659; x_wconf 91' lang='lat' dir='ltr'><strong>aut</strong></span> <span class='ocrx_word' id='word_1_694' title='bbox 777 4621 974 4660; x_wconf 91' lang='lat' dir='ltr'><strong>mores.</strong></span> <span class='ocrx_word' id='word_1_695' title='bbox 1036 4603 1138 4660; x_wconf 81' lang='lat' dir='ltr'><strong>Hic</strong></span> <span class='ocrx_word' id='word_1_696' title='bbox 1170 4603 1318 4658; x_wconf 90' lang='lat' dir='ltr'><strong>enim</strong></span> <span class='ocrx_word' id='word_1_697' title='bbox 1351 4611 1462 4658; x_wconf 87' lang='lat' dir='ltr'><strong>tam</strong></span> <span class='ocrx_word' id='word_1_698' title='bbox 1519 4613 1779 4661; x_wconf 88' lang='lat' dir='ltr'><strong>constans</strong></span> 
     </span>
    </p>
   </div>
   <div class='ocr_carea' id='block_1_92' title="bbox 1896 4574 3501 4662">
    <p class='ocr_par' dir='ltr' id='par_1_92' title="bbox 1897 4574 3501 4662">
     <span class='ocr_line' id='line_1_92' title="bbox 1897 4574 3501 4662; baseline -0.011 -17"><span class='ocrx_word' id='word_1_699' title='bbox 1897 4597 2015 4651; x_wconf 88' lang='lat' dir='ltr'><strong>laus</strong></span> <span class='ocrx_word' id='word_1_700' title='bbox 2046 4589 2151 4645; x_wconf 90' lang='lat' dir='ltr'><strong>erit</strong></span> <span class='ocrx_word' id='word_1_701' title='bbox 2189 4588 2327 4643; x_wconf 91' lang='lat' dir='ltr'><strong>bene</strong></span> <span class='ocrx_word' id='word_1_702' title='bbox 2357 4583 2535 4655; x_wconf 86' lang='lat' dir='ltr'><strong>agenti</strong></span> <span class='ocrx_word' id='word_1_703' title='bbox 2584 4581 2671 4635; x_wconf 88' lang='lat' dir='ltr'><strong>vel</strong></span> <span class='ocrx_word' id='word_1_704' title='bbox 2719 4577 3000 4650; x_wconf 84' lang='lat' dir='ltr'><strong>cogitanti.</strong></span> <span class='ocrx_word' id='word_1_705' title='bbox 3053 4576 3153 4632; x_wconf 88' lang='lat' dir='ltr'><strong>Hic</strong></span> <span class='ocrx_word' id='word_1_706' title='bbox 3207 4574 3354 4631; x_wconf 88' lang='lat' dir='ltr'><strong>enim</strong></span> <span class='ocrx_word' id='word_1_707' title='bbox 3406 4579 3501 4662; x_wconf 89' lang='lat' dir='ltr'><strong>qui</strong></span> 
     </span>
    </p>
   </div>
   <div class='ocr_carea' id='block_1_93' title="bbox 201 4693 1790 4768">
    <p class='ocr_par' dir='ltr' id='par_1_93' title="bbox 201 4693 1790 4768">
     <span class='ocr_line' id='line_1_93' title="bbox 201 4693 1790 4768; baseline 0 -16"><span class='ocrx_word' id='word_1_708' title='bbox 201 4707 326 4765; x_wconf 88' lang='lat' dir='ltr'><strong>erat,</strong></span> <span class='ocrx_word' id='word_1_709' title='bbox 358 4704 421 4754; x_wconf 90' lang='lat' dir='ltr'><strong>ut</strong></span> <span class='ocrx_word' id='word_1_710' title='bbox 451 4712 552 4752; x_wconf 92' lang='lat' dir='ltr'><strong>nec</strong></span> <span class='ocrx_word' id='word_1_711' title='bbox 580 4695 708 4751; x_wconf 71' lang='lat' dir='ltr'><strong>vita:</strong></span> <span class='ocrx_word' id='word_1_712' title='bbox 761 4711 874 4750; x_wconf 58' lang='lat' dir='ltr'><strong>suae</strong></span> <span class='ocrx_word' id='word_1_713' title='bbox 907 4703 1173 4768; x_wconf 88' lang='lat' dir='ltr'><strong>parceret,</strong></span> <span class='ocrx_word' id='word_1_714' title='bbox 1219 4693 1522 4751; x_wconf 91' lang='lat' dir='ltr'><strong>dummodo</strong></span> <span class='ocrx_word' id='word_1_715' title='bbox 1551 4694 1790 4752; x_wconf 88' lang='lat' dir='ltr'><strong>ﬁdeliter</strong></span> 
     </span>
    </p>
   </div>
   <div class='ocr_carea' id='block_1_94' title="bbox 204 4783 880 4855">
    <p class='ocr_par' dir='ltr' id='par_1_94' title="bbox 204 4783 880 4855">
     <span class='ocr_line' id='line_1_94' title="bbox 204 4783 880 4855; baseline -0.004 -13"><span class='ocrx_word' id='word_1_716' title='bbox 204 4788 378 4842; x_wconf 89' lang='lat' dir='ltr'><strong>omnia</strong></span> <span class='ocrx_word' id='word_1_717' title='bbox 406 4786 708 4844; x_wconf 89' lang='lat' dir='ltr'><strong>celebraret</strong></span> <span class='ocrx_word' id='word_1_718' title='bbox 742 4783 880 4855; x_wconf 75' lang='grc'><strong>(14).</strong></span> 
     </span>
    </p>
   </div>
   <div class='ocr_carea' id='block_1_95' title="bbox 271 4871 1792 4944">
    <p class='ocr_par' dir='ltr' id='par_1_95' title="bbox 271 4871 1792 4944">
     <span class='ocr_line' id='line_1_95' title="bbox 271 4871 1792 4944; baseline 0 -15"><span class='ocrx_word' id='word_1_719' title='bbox 271 4875 448 4944; x_wconf 76' lang='lat' dir='ltr'><strong>(Vers.</strong></span> <span class='ocrx_word' id='word_1_720' title='bbox 483 4875 564 4944; x_wconf 89' lang='lat'><strong>3.)</strong></span> <span class='ocrx_word' id='word_1_721' title='bbox 623 4872 801 4929; x_wconf 64' lang='lat' dir='ltr'><strong>¢Mihi</strong></span> <span class='ocrx_word' id='word_1_722' title='bbox 859 4880 1041 4928; x_wconf 87' lang='lat' dir='ltr'><strong>autem</strong></span> <span class='ocrx_word' id='word_1_723' title='bbox 1073 4888 1174 4944; x_wconf 91' lang='lat' dir='ltr'><strong>pro</strong></span> <span class='ocrx_word' id='word_1_724' title='bbox 1236 4871 1471 4929; x_wconf 92' lang='lat' dir='ltr'><strong>minimo</strong></span> <span class='ocrx_word' id='word_1_725' title='bbox 1517 4879 1621 4942; x_wconf 88' lang='lat' dir='ltr'><strong>est,</strong></span> <span class='ocrx_word' id='word_1_726' title='bbox 1672 4880 1792 4929; x_wconf 89' lang='lat' dir='ltr'><strong>uta</strong></span> 
     </span>
    </p>
   </div>
   <div class='ocr_carea' id='block_1_96' title="bbox 208 4961 1792 5038">
    <p class='ocr_par' dir='ltr' id='par_1_96' title="bbox 208 4961 1792 5038">
     <span class='ocr_line' id='line_1_96' title="bbox 208 4961 1792 5038; baseline 0.003 -22"><span class='ocrx_word' id='word_1_727' title='bbox 208 4964 354 5022; x_wconf 89' lang='lat' dir='ltr'><strong>vobis</strong></span> <span class='ocrx_word' id='word_1_728' title='bbox 381 4962 678 5038; x_wconf 91' lang='lat' dir='ltr'><strong>dijudicer,</strong></span> <span class='ocrx_word' id='word_1_729' title='bbox 711 4971 804 5018; x_wconf 91' lang='lat' dir='ltr'><strong>aut</strong></span> <span class='ocrx_word' id='word_1_730' title='bbox 831 4961 898 5018; x_wconf 90' lang='lat' dir='ltr'><strong>ab</strong></span> <span class='ocrx_word' id='word_1_731' title='bbox 929 4961 1173 5018; x_wconf 91' lang='lat' dir='ltr'><strong>humano</strong></span> <span class='ocrx_word' id='word_1_732' title='bbox 1187 4961 1297 5020; x_wconf 90' lang='lat' dir='ltr'><strong>die.</strong></span> <span class='ocrx_word' id='word_1_733' title='bbox 1323 4988 1339 5008; x_wconf 77' lang='grc' dir='ltr'><strong>ι</strong></span> <span class='ocrx_word' id='word_1_734' title='bbox 1367 4964 1514 5031; x_wconf 91' lang='lat' dir='ltr'><strong>Quos</strong></span> <span class='ocrx_word' id='word_1_735' title='bbox 1544 4962 1601 5019; x_wconf 92' lang='lat' dir='ltr'><strong>in</strong></span> <span class='ocrx_word' id='word_1_736' title='bbox 1625 4963 1792 5020; x_wconf 89' lang='lat' dir='ltr'><strong>tantis</strong></span> 
     </span>
    </p>
   </div>
   <div class='ocr_carea' id='block_1_97' title="bbox 211 5050 1786 5129">
    <p class='ocr_par' dir='ltr' id='par_1_97' title="bbox 211 5050 1786 5129">
     <span class='ocr_line' id='line_1_97' title="bbox 211 5050 1786 5129; baseline -0.001 -23"><span class='ocrx_word' id='word_1_737' title='bbox 211 5053 355 5111; x_wconf 79' lang='lat' dir='ltr'><strong>vitiis</strong></span> <span class='ocrx_word' id='word_1_738' title='bbox 381 5052 758 5129; x_wconf 86' lang='lat' dir='ltr'><strong>reprehendit,</strong></span> <span class='ocrx_word' id='word_1_739' title='bbox 789 5052 1051 5108; x_wconf 90' lang='lat' dir='ltr'><strong>miserum</strong></span> <span class='ocrx_word' id='word_1_740' title='bbox 1083 5051 1220 5107; x_wconf 91' lang='lat' dir='ltr'><strong>dicit</strong></span> <span class='ocrx_word' id='word_1_741' title='bbox 1251 5051 1318 5107; x_wconf 91' lang='lat' dir='ltr'><strong>ab</strong></span> <span class='ocrx_word' id='word_1_742' title='bbox 1341 5052 1428 5108; x_wconf 92' lang='lat' dir='ltr'><strong>his</strong></span> <span class='ocrx_word' id='word_1_743' title='bbox 1458 5069 1513 5108; x_wconf 88' lang='lat' dir='ltr'><strong>se</strong></span> <span class='ocrx_word' id='word_1_744' title='bbox 1528 5050 1786 5124; x_wconf 90' lang='lat' dir='ltr'><strong>judicari;</strong></span> 
     </span>
    </p>
   </div>
   <div class='ocr_carea' id='block_1_98' title="bbox 211 5139 1788 5217">
    <p class='ocr_par' dir='ltr' id='par_1_98' title="bbox 211 5139 1788 5217">
     <span class='ocr_line' id='line_1_98' title="bbox 211 5139 1788 5217; baseline -0.001 -19"><span class='ocrx_word' id='word_1_745' title='bbox 211 5144 399 5217; x_wconf 89' lang='lat' dir='ltr'><strong>quippe</strong></span> <span class='ocrx_word' id='word_1_746' title='bbox 464 5160 588 5200; x_wconf 90' lang='lat' dir='ltr'><strong>cum</strong></span> <span class='ocrx_word' id='word_1_747' title='bbox 642 5158 802 5199; x_wconf 89' lang='lat' dir='ltr'><strong>neca</strong></span> <span class='ocrx_word' id='word_1_748' title='bbox 854 5140 1020 5213; x_wconf 92' lang='lat' dir='ltr'><strong>justis</strong></span> <span class='ocrx_word' id='word_1_749' title='bbox 1073 5139 1439 5212; x_wconf 91' lang='lat' dir='ltr'><strong>judicandum</strong></span> <span class='ocrx_word' id='word_1_750' title='bbox 1494 5157 1549 5197; x_wconf 91' lang='lat' dir='ltr'><strong>se</strong></span> <span class='ocrx_word' id='word_1_751' title='bbox 1605 5141 1788 5197; x_wconf 90' lang='lat' dir='ltr'><strong>sciret.</strong></span> 
     </span>
    </p>
   </div>
   <div class='ocr_carea' id='block_1_99' title="bbox 223 5230 1794 5303">
    <p class='ocr_par' dir='ltr' id='par_1_99' title="bbox 223 5230 1794 5303">
     <span class='ocr_line' id='line_1_99' title="bbox 223 5230 1794 5303; baseline -0.003 -13"><span class='ocrx_word' id='word_1_752' title='bbox 223 5256 240 5280; x_wconf 74' lang='grc' dir='ltr'><strong>ε</strong></span> <span class='ocrx_word' id='word_1_753' title='bbox 268 5237 371 5292; x_wconf 84' lang='lat' dir='ltr'><strong>Aut</strong></span> <span class='ocrx_word' id='word_1_754' title='bbox 398 5235 468 5292; x_wconf 91' lang='lat' dir='ltr'><strong>ab</strong></span> <span class='ocrx_word' id='word_1_755' title='bbox 500 5235 744 5291; x_wconf 86' lang='lat' dir='ltr'><strong>humano</strong></span> <span class='ocrx_word' id='word_1_756' title='bbox 764 5232 874 5302; x_wconf 90' lang='lat' dir='ltr'><strong>die,</strong></span> <span class='ocrx_word' id='word_1_757' title='bbox 905 5255 923 5279; x_wconf 76' lang='grc' dir='ltr'><strong>ι</strong></span> <span class='ocrx_word' id='word_1_758' title='bbox 958 5230 1064 5288; x_wconf 89' lang='lat' dir='ltr'><strong>hoc</strong></span> <span class='ocrx_word' id='word_1_759' title='bbox 1085 5239 1186 5299; x_wconf 90' lang='lat' dir='ltr'><strong>est,</strong></span> <span class='ocrx_word' id='word_1_760' title='bbox 1220 5230 1350 5303; x_wconf 90' lang='lat' dir='ltr'><strong>quia</strong></span> <span class='ocrx_word' id='word_1_761' title='bbox 1377 5247 1478 5288; x_wconf 91' lang='lat' dir='ltr'><strong>nec</strong></span> <span class='ocrx_word' id='word_1_762' title='bbox 1505 5246 1537 5285; x_wconf 90' lang='lat' dir='ltr'><strong>a</strong></span> <span class='ocrx_word' id='word_1_763' title='bbox 1584 5230 1794 5302; x_wconf 91' lang='lat' dir='ltr'><strong>legibus</strong></span> 
     </span>
    </p>
   </div>
   <div class='ocr_carea' id='block_1_100' title="bbox 281 5417 1791 5506">
    <p class='ocr_par' dir='ltr' id='par_1_100' title="bbox 281 5417 1791 5506">
     <span class='ocr_line' id='line_1_100' title="bbox 281 5417 1791 5506; baseline -0.007 -24"><span class='ocrx_word' id='word_1_764' title='bbox 281 5426 390 5506; x_wconf 80' lang='grc'><strong>(13)</strong></span> <span class='ocrx_word' id='word_1_765' title='bbox 421 5428 579 5506; x_wconf 63' lang='lat' dir='ltr'><strong>Boni.</strong></span> <span class='ocrx_word' id='word_1_766' title='bbox 614 5423 771 5506; x_wconf 79' lang='lat' dir='ltr'><strong>edi_t.,</strong></span> <span class='ocrx_word' id='word_1_767' title='bbox 804 5420 1168 5506; x_wconf 53' lang='lat' dir='ltr'><strong>singulos&#39;sibi</strong></span> <span class='ocrx_word' id='word_1_768' title='bbox 1197 5419 1479 5490; x_wconf 76' lang='lat' dir='ltr'><strong>deferrent.</strong></span> <span class='ocrx_word' id='word_1_769' title='bbox 1526 5417 1598 5473; x_wconf 93' lang='lat' dir='ltr'><strong>Et</strong></span> <span class='ocrx_word' id='word_1_770' title='bbox 1624 5417 1791 5486; x_wconf 87' lang='lat' dir='ltr'><strong>infra,</strong></span> 
     </span>
    </p>
   </div>
   <div class='ocr_carea' id='block_1_101' title="bbox 219 5493 1228 5564">
    <p class='ocr_par' dir='ltr' id='par_1_101' title="bbox 219 5493 1228 5564">
     <span class='ocr_line' id='line_1_101' title="bbox 219 5493 1228 5564; baseline -0.002 -14"><span class='ocrx_word' id='word_1_771' title='bbox 219 5493 334 5564; x_wconf 84' lang='lat' dir='ltr'><strong>quia</strong></span> <span class='ocrx_word' id='word_1_772' title='bbox 352 5499 570 5552; x_wconf 85' lang='lat' dir='ltr'><strong>meliora</strong></span> <span class='ocrx_word' id='word_1_773' title='bbox 595 5501 736 5560; x_wconf 78' lang='lat' dir='ltr'><strong>sunt,</strong></span> <span class='ocrx_word' id='word_1_774' title='bbox 768 5493 1228 5550; x_wconf 84' lang='lat' dir='ltr'><strong>accommodemus.</strong></span> 
     </span>
    </p>
   </div>
   <div class='ocr_carea' id='block_1_102' title="bbox 287 5562 1797 5638">
    <p class='ocr_par' dir='ltr' id='par_1_102' title="bbox 287 5562 1797 5638">
     <span class='ocr_line' id='line_1_102' title="bbox 287 5562 1797 5638; baseline -0.005 -15"><span class='ocrx_word' id='word_1_775' title='bbox 287 5568 396 5638; x_wconf 65' lang='grc'><strong>(14)</strong></span> <span class='ocrx_word' id='word_1_776' title='bbox 426 5568 629 5625; x_wconf 86' lang='lat' dir='ltr'><strong>Eadem</strong></span> <span class='ocrx_word' id='word_1_777' title='bbox 661 5566 794 5622; x_wconf 88' lang='lat' dir='ltr'><strong>edit.</strong></span> <span class='ocrx_word' id='word_1_778' title='bbox 828 5568 1029 5638; x_wconf 81' lang='lat' dir='ltr'><strong>Rom.,</strong></span> <span class='ocrx_word' id='word_1_779' title='bbox 1061 5565 1236 5638; x_wconf 83' lang='lat' dir='ltr'><strong>omnia</strong></span> <span class='ocrx_word' id='word_1_780' title='bbox 1283 5565 1684 5638; x_wconf 70' lang='lat' dir='ltr'><strong>consummaret.</strong></span> <span class='ocrx_word' id='word_1_781' title='bbox 1717 5562 1797 5616; x_wconf 85' lang='lat' dir='ltr'><strong>Ac</strong></span> 
     </span>
    </p>
   </div>
   <div class='ocr_carea' id='block_1_103' title="bbox 222 5635 1412 5709">
    <p class='ocr_par' dir='ltr' id='par_1_103' title="bbox 222 5635 1412 5709">
     <span class='ocr_line' id='line_1_103' title="bbox 222 5635 1412 5709; baseline -0.003 -15"><span class='ocrx_word' id='word_1_782' title='bbox 222 5635 330 5709; x_wconf 86' lang='lat' dir='ltr'><strong>post</strong></span> <span class='ocrx_word' id='word_1_783' title='bbox 361 5635 552 5709; x_wconf 87' lang='lat' dir='ltr'><strong>pauca,</strong></span> <span class='ocrx_word' id='word_1_784' title='bbox 581 5639 932 5709; x_wconf 77' lang='lat' dir='ltr'><strong>reprehendit,</strong></span> <span class='ocrx_word' id='word_1_785' title='bbox 956 5637 1235 5691; x_wconf 80' lang='lat' dir='ltr'><strong>minimum</strong></span> <span class='ocrx_word' id='word_1_786' title='bbox 1266 5635 1412 5709; x_wconf 81' lang='lat' dir='ltr'><strong>dicit.</strong></span> 
     </span>
    </p>
   </div>
   <div class='ocr_carea' id='block_1_104' title="bbox 289 5657 1798 5789">
    <p class='ocr_par' dir='ltr' id='par_1_104' title="bbox 289 5657 1798 5789">
     <span class='ocr_line' id='line_1_104' title="bbox 289 5657 1412 5707; baseline -0.004 -13"><span class='ocrx_word' id='word_1_787' title='bbox 289 5657 330 5694; x_wconf 71' lang='grc' dir='ltr'>ει</span> <span class='ocrx_word' id='word_1_788' title='bbox 395 5657 552 5707; x_wconf 86' lang='lat' dir='ltr'><strong>auca,</strong></span> <span class='ocrx_word' id='word_1_789' title='bbox 581 5657 609 5692; x_wconf 93' lang='lat' dir='ltr'><strong>r</strong></span> <span class='ocrx_word' id='word_1_790' title='bbox 675 5657 932 5704; x_wconf 81' lang='lat' dir='ltr'><strong>renenatt,</strong></span> <span class='ocrx_word' id='word_1_791' title='bbox 956 5657 1235 5691; x_wconf 70' lang='lat' dir='ltr'><strong>minimum</strong></span> <span class='ocrx_word' id='word_1_792' title='bbox 1266 5657 1412 5690; x_wconf 68' lang='lat' dir='ltr'><strong>arcu.</strong></span> 
     </span>
     <span class='ocr_line' id='line_1_105' title="bbox 289 5657 1798 5789; baseline -0.004 -23"><span class='ocrx_word' id='word_1_793' title='bbox 289 5657 396 5781; x_wconf 39' lang='grc'><strong>(151)</strong></span> <span class='ocrx_word' id='word_1_794' title='bbox 428 5712 552 5768; x_wconf 89' lang='lat' dir='ltr'><strong>Vet.</strong></span> <span class='ocrx_word' id='word_1_795' title='bbox 581 5657 714 5768; x_wconf 51' lang='lat' dir='ltr'><strong>egit.</strong></span> <span class='ocrx_word' id='word_1_796' title='bbox 747 5717 800 5765; x_wconf 91' lang='lat' dir='ltr'><strong>et</strong></span> <span class='ocrx_word' id='word_1_797' title='bbox 834 5727 977 5789; x_wconf 71' lang='lat' dir='ltr'><strong>mss.</strong></span> <span class='ocrx_word' id='word_1_798' title='bbox 1009 5707 1334 5789; x_wconf 77' lang='lat' dir='ltr'><strong>no_n_pauci,_</strong></span> <span class='ocrx_word' id='word_1_799' title='bbox 1357 5705 1613 5789; x_wconf 54' lang='lat' dir='ltr'><strong>Quamuis</strong></span> <span class='ocrx_word' id='word_1_800' title='bbox 1629 5705 1798 5789; x_wconf 69' lang='lat' dir='ltr'><strong>_enim</strong></span> 
     </span>
    </p>
   </div>
   <div class='ocr_carea' id='block_1_105' title="bbox 227 5777 1795 5855">
    <p class='ocr_par' dir='ltr' id='par_1_105' title="bbox 227 5777 1795 5855">
     <span class='ocr_line' id='line_1_106' title="bbox 227 5777 1795 5855; baseline -0.003 -17"><span class='ocrx_word' id='word_1_801' title='bbox 227 5777 360 5838; x_wconf 77' lang='lat' dir='ltr'><strong>homo</strong></span> <span class='ocrx_word' id='word_1_802' title='bbox 380 5777 482 5854; x_wconf 79' lang='lat' dir='ltr'><strong>est,</strong></span> <span class='ocrx_word' id='word_1_803' title='bbox 512 5799 664 5855; x_wconf 81' lang='lat' dir='ltr'><strong>quem</strong></span> <span class='ocrx_word' id='word_1_804' title='bbox 682 5799 788 5838; x_wconf 77' lang='lat' dir='ltr'><strong>non</strong></span> <span class='ocrx_word' id='word_1_805' title='bbox 811 5787 998 5854; x_wconf 75' lang='lat' dir='ltr'><strong>potest,</strong></span> <span class='ocrx_word' id='word_1_806' title='bbox 1033 5780 1141 5836; x_wconf 79' lang='lat' dir='ltr'><strong>nisi</strong></span> <span class='ocrx_word' id='word_1_807' title='bbox 1154 5777 1370 5851; x_wconf 76' lang='lat' dir='ltr'><strong>aliquid</strong></span> <span class='ocrx_word' id='word_1_808' title='bbox 1405 5780 1597 5835; x_wconf 87' lang='lat' dir='ltr'><strong>lateat:</strong></span> <span class='ocrx_word' id='word_1_809' title='bbox 1629 5777 1795 5836; x_wconf 83' lang='lat' dir='ltr'><strong>Rom.</strong></span> 
     </span>
    </p>
   </div>
   <div class='ocr_carea' id='block_1_106' title="bbox 1901 4661 3500 4747">
    <p class='ocr_par' dir='ltr' id='par_1_106' title="bbox 1901 4661 3500 4747">
     <span class='ocr_line' id='line_1_107' title="bbox 1901 4661 3500 4747; baseline -0.011 -12"><span class='ocrx_word' id='word_1_810' title='bbox 1901 4674 2178 4743; x_wconf 88' lang='lat' dir='ltr'><strong>laudatur,</strong></span> <span class='ocrx_word' id='word_1_811' title='bbox 2212 4667 2574 4747; x_wconf 80' lang='lat' dir='ltr'><strong>improbabile</strong></span> <span class='ocrx_word' id='word_1_812' title='bbox 2617 4677 2698 4725; x_wconf 87' lang='lat' dir='ltr'><strong>est</strong></span> <span class='ocrx_word' id='word_1_813' title='bbox 2726 4684 2795 4724; x_wconf 90' lang='lat' dir='ltr'><strong>an</strong></span> <span class='ocrx_word' id='word_1_814' title='bbox 2836 4667 3032 4738; x_wconf 90' lang='lat' dir='ltr'><strong>dignus</strong></span> <span class='ocrx_word' id='word_1_815' title='bbox 3061 4665 3152 4732; x_wconf 88' lang='lat' dir='ltr'><strong>sit,</strong></span> <span class='ocrx_word' id='word_1_816' title='bbox 3183 4663 3326 4718; x_wconf 89' lang='lat' dir='ltr'><strong>sicut</strong></span> <span class='ocrx_word' id='word_1_817' title='bbox 3353 4671 3408 4718; x_wconf 89' lang='lat' dir='ltr'><strong>et</strong></span> <span class='ocrx_word' id='word_1_818' title='bbox 3442 4661 3500 4718; x_wconf 91' lang='lat' dir='ltr'><strong>in</strong></span> 
     </span>
    </p>
   </div>
   <div class='ocr_carea' id='block_1_107' title="bbox 1899 4753 3502 4827">
    <p class='ocr_par' dir='ltr' id='par_1_107' title="bbox 1899 4753 3502 4827">
     <span class='ocr_line' id='line_1_108' title="bbox 1899 4753 3502 4827; baseline -0.011 -3"><span class='ocrx_word' id='word_1_819' title='bbox 1899 4767 2008 4825; x_wconf 91' lang='lat' dir='ltr'><strong>alio</strong></span> <span class='ocrx_word' id='word_1_820' title='bbox 2038 4768 2160 4823; x_wconf 91' lang='lat' dir='ltr'><strong>loco</strong></span> <span class='ocrx_word' id='word_1_821' title='bbox 2190 4763 2326 4820; x_wconf 89' lang='lat' dir='ltr'><strong>dicit</strong></span> <span class='ocrx_word' id='word_1_822' title='bbox 2359 4781 2370 4817; x_wconf 89' lang='lat'>:</span> <span class='ocrx_word' id='word_1_823' title='bbox 2418 4786 2436 4808; x_wconf 75' lang='grc' dir='ltr'><strong>ε</strong></span> <span class='ocrx_word' id='word_1_824' title='bbox 2465 4761 2584 4816; x_wconf 88' lang='lat' dir='ltr'><strong>Non</strong></span> <span class='ocrx_word' id='word_1_825' title='bbox 2613 4757 2759 4813; x_wconf 90' lang='lat' dir='ltr'><strong>enim</strong></span> <span class='ocrx_word' id='word_1_826' title='bbox 2791 4755 2884 4827; x_wconf 91' lang='lat' dir='ltr'><strong>qui</strong></span> <span class='ocrx_word' id='word_1_827' title='bbox 2915 4769 2972 4809; x_wconf 91' lang='lat' dir='ltr'><strong>se</strong></span> <span class='ocrx_word' id='word_1_828' title='bbox 3001 4753 3179 4823; x_wconf 89' lang='lat' dir='ltr'><strong>ipsum</strong></span> <span class='ocrx_word' id='word_1_829' title='bbox 3209 4767 3502 4807; x_wconf 91' lang='lat' dir='ltr'><strong>commen-</strong></span> 
     </span>
    </p>
   </div>
   <div class='ocr_carea' id='block_1_108' title="bbox 1901 4844 3503 4930">
    <p class='ocr_par' dir='ltr' id='par_1_108' title="bbox 1901 4844 3503 4930">
     <span class='ocr_line' id='line_1_109' title="bbox 1901 4844 3503 4930; baseline -0.009 -14"><span class='ocrx_word' id='word_1_830' title='bbox 1901 4861 2012 4928; x_wconf 88' lang='lat' dir='ltr'><strong>dat,</strong></span> <span class='ocrx_word' id='word_1_831' title='bbox 2048 4860 2146 4916; x_wconf 94' lang='lat' dir='ltr'><strong>ille</strong></span> <span class='ocrx_word' id='word_1_832' title='bbox 2185 4857 2442 4930; x_wconf 90' lang='lat' dir='ltr'><strong>probatus</strong></span> <span class='ocrx_word' id='word_1_833' title='bbox 2476 4860 2556 4909; x_wconf 89' lang='lat' dir='ltr'><strong>est</strong></span> <span class='ocrx_word' id='word_1_834' title='bbox 2591 4871 2602 4906; x_wconf 90' lang='lat'><strong>:</strong></span> <span class='ocrx_word' id='word_1_835' title='bbox 2636 4848 2729 4906; x_wconf 89' lang='lat' dir='ltr'><strong>sed</strong></span> <span class='ocrx_word' id='word_1_836' title='bbox 2764 4863 2924 4921; x_wconf 90' lang='lat' dir='ltr'><strong>quem</strong></span> <span class='ocrx_word' id='word_1_837' title='bbox 2970 4847 3114 4902; x_wconf 92' lang='lat' dir='ltr'><strong>Deus</strong></span> <span class='ocrx_word' id='word_1_838' title='bbox 3153 4844 3503 4901; x_wconf 91' lang='lat' dir='ltr'><strong>commendat</strong></span> 
     </span>
    </p>
   </div>
   <div class='ocr_carea' id='block_1_109' title="bbox 1903 4933 3246 5021">
    <p class='ocr_par' dir='ltr' id='par_1_109' title="bbox 1903 4933 3246 5021">
     <span class='ocr_line' id='line_1_110' title="bbox 1903 4933 3246 5021; baseline -0.013 -15"><span class='ocrx_word' id='word_1_839' title='bbox 1903 4950 1984 5021; x_wconf 83' lang='lat' dir='ltr'><strong>(II</strong></span> <span class='ocrx_word' id='word_1_840' title='bbox 2013 4950 2139 5006; x_wconf 85' lang='lat' dir='ltr'><strong>Cor.</strong></span> <span class='ocrx_word' id='word_1_841' title='bbox 2173 4964 2230 5015; x_wconf 78' lang='grc' dir='ltr'><strong>χ,</strong></span> <span class='ocrx_word' id='word_1_842' title='bbox 2267 4946 2380 5016; x_wconf 91' lang='grc'><strong>18),</strong></span> <span class='ocrx_word' id='word_1_843' title='bbox 2409 4968 2428 4991; x_wconf 73' lang='grc' dir='ltr'><strong>ι</strong></span> <span class='ocrx_word' id='word_1_844' title='bbox 2500 4955 2661 5012; x_wconf 92' lang='lat' dir='ltr'><strong>quem</strong></span> <span class='ocrx_word' id='word_1_845' title='bbox 2691 4937 2882 5009; x_wconf 91' lang='lat' dir='ltr'><strong>utique</strong></span> <span class='ocrx_word' id='word_1_846' title='bbox 2921 4933 3064 4990; x_wconf 91' lang='lat' dir='ltr'><strong>nihil</strong></span> <span class='ocrx_word' id='word_1_847' title='bbox 3096 4933 3246 4990; x_wconf 91' lang='lat' dir='ltr'><strong>latet.</strong></span> 
     </span>
    </p>
   </div>
   <div class='ocr_carea' id='block_1_110' title="bbox 1976 5031 3501 5120">
    <p class='ocr_par' dir='ltr' id='par_1_110' title="bbox 1976 5031 3501 5120">
     <span class='ocr_line' id='line_1_111' title="bbox 1976 5031 3501 5120; baseline -0.011 -15"><span class='ocrx_word' id='word_1_848' title='bbox 1976 5049 2157 5120; x_wconf 78' lang='lat' dir='ltr'><strong>(Vers.</strong></span> <span class='ocrx_word' id='word_1_849' title='bbox 2207 5045 2288 5114; x_wconf 89' lang='lat'><strong>6.)</strong></span> <span class='ocrx_word' id='word_1_850' title='bbox 2346 5066 2362 5088; x_wconf 79' lang='grc' dir='ltr'><strong>ι</strong></span> <span class='ocrx_word' id='word_1_851' title='bbox 2396 5041 2522 5096; x_wconf 60' lang='lat' dir='ltr'><strong>Haec</strong></span> <span class='ocrx_word' id='word_1_852' title='bbox 2579 5046 2782 5104; x_wconf 83' lang='lat' dir='ltr'><strong>autem,</strong></span> <span class='ocrx_word' id='word_1_853' title='bbox 2839 5034 3054 5104; x_wconf 89' lang='lat' dir='ltr'><strong>fraters,</strong></span> <span class='ocrx_word' id='word_1_854' title='bbox 3114 5031 3501 5105; x_wconf 88' lang='lat' dir='ltr'><strong>transﬁguravi</strong></span> 
     </span>
    </p>
   </div>
   <div class='ocr_carea' id='block_1_111' title="bbox 1904 5122 3501 5206">
    <p class='ocr_par' dir='ltr' id='par_1_111' title="bbox 1904 5122 3501 5206">
     <span class='ocr_line' id='line_1_112' title="bbox 1904 5122 3501 5206; baseline -0.012 -10"><span class='ocrx_word' id='word_1_855' title='bbox 1904 5141 1961 5196; x_wconf 92' lang='lat' dir='ltr'><strong>in</strong></span> <span class='ocrx_word' id='word_1_856' title='bbox 1991 5155 2095 5206; x_wconf 91' lang='lat' dir='ltr'><strong>me,</strong></span> <span class='ocrx_word' id='word_1_857' title='bbox 2127 5144 2178 5191; x_wconf 91' lang='lat' dir='ltr'><strong>et</strong></span> <span class='ocrx_word' id='word_1_858' title='bbox 2200 5132 2396 5204; x_wconf 89' lang='lat' dir='ltr'><strong>Apollo</strong></span> <span class='ocrx_word' id='word_1_859' title='bbox 2419 5135 2638 5201; x_wconf 90' lang='lat' dir='ltr'><strong>propter</strong></span> <span class='ocrx_word' id='word_1_860' title='bbox 2662 5141 2762 5182; x_wconf 90' lang='lat' dir='ltr'><strong>vos</strong></span> <span class='ocrx_word' id='word_1_861' title='bbox 2773 5144 2788 5195; x_wconf 94' lang='lat'><strong>;</strong></span> <span class='ocrx_word' id='word_1_862' title='bbox 2819 5124 2955 5182; x_wconf 91' lang='lat' dir='ltr'><strong>utin</strong></span> <span class='ocrx_word' id='word_1_863' title='bbox 2985 5124 3144 5181; x_wconf 89' lang='lat' dir='ltr'><strong>nobis</strong></span> <span class='ocrx_word' id='word_1_864' title='bbox 3164 5122 3406 5190; x_wconf 90' lang='lat' dir='ltr'><strong>discatis,</strong></span> <span class='ocrx_word' id='word_1_865' title='bbox 3433 5138 3501 5177; x_wconf 92' lang='lat' dir='ltr'><strong>ne</strong></span> 
     </span>
    </p>
   </div>
   <div class='ocr_carea' id='block_1_112' title="bbox 1902 5208 3502 5299">
    <p class='ocr_par' dir='ltr' id='par_1_112' title="bbox 1902 5208 3502 5299">
     <span class='ocr_line' id='line_1_113' title="bbox 1902 5208 3502 5299; baseline -0.012 -15"><span class='ocrx_word' id='word_1_866' title='bbox 1902 5243 2066 5299; x_wconf 90' lang='lat' dir='ltr'><strong>supra</strong></span> <span class='ocrx_word' id='word_1_867' title='bbox 2103 5222 2251 5298; x_wconf 91' lang='lat' dir='ltr'><strong>quod</strong></span> <span class='ocrx_word' id='word_1_868' title='bbox 2279 5219 2547 5292; x_wconf 90' lang='lat' dir='ltr'><strong>scriptum</strong></span> <span class='ocrx_word' id='word_1_869' title='bbox 2577 5225 2678 5285; x_wconf 89' lang='lat' dir='ltr'><strong>est,</strong></span> <span class='ocrx_word' id='word_1_870' title='bbox 2708 5231 2853 5272; x_wconf 90' lang='lat' dir='ltr'><strong>unus</strong></span> <span class='ocrx_word' id='word_1_871' title='bbox 2881 5230 2982 5288; x_wconf 88' lang='lat' dir='ltr'><strong>pro</strong></span> <span class='ocrx_word' id='word_1_872' title='bbox 3012 5230 3126 5270; x_wconf 93' lang='lat' dir='ltr'><strong>uno</strong></span> <span class='ocrx_word' id='word_1_873' title='bbox 3157 5212 3382 5269; x_wconf 83' lang='lat' dir='ltr'><strong>infletur</strong></span> <span class='ocrx_word' id='word_1_874' title='bbox 3407 5208 3502 5265; x_wconf 90' lang='lat' dir='ltr'><strong>ad-</strong></span> 
     </span>
    </p>
   </div>
   <div class='ocr_carea' id='block_1_113' title="bbox 1904 5398 3501 5483">
    <p class='ocr_par' dir='ltr' id='par_1_113' title="bbox 1904 5398 3501 5483">
     <span class='ocr_line' id='line_1_114' title="bbox 1904 5398 3501 5483; baseline -0.01 -14"><span class='ocrx_word' id='word_1_875' title='bbox 1904 5413 2038 5469; x_wconf 84' lang='lat' dir='ltr'><strong>edit.</strong></span> <span class='ocrx_word' id='word_1_876' title='bbox 2099 5427 2224 5468; x_wconf 91' lang='lat' dir='ltr'><strong>cum</strong></span> <span class='ocrx_word' id='word_1_877' title='bbox 2255 5407 2387 5483; x_wconf 92' lang='lat' dir='ltr'><strong>G_ill.</strong></span> <span class='ocrx_word' id='word_1_878' title='bbox 2417 5406 2480 5483; x_wconf 85' lang='lat' dir='ltr'><strong>in</strong></span> <span class='ocrx_word' id='word_1_879' title='bbox 2509 5413 2770 5483; x_wconf 41' lang='lat' dir='ltr'><strong>marg-et</strong></span> <span class='ocrx_word' id='word_1_880' title='bbox 2819 5420 2951 5483; x_wconf 41' lang='lat' dir='ltr'><strong>mss:</strong></span> <span class='ocrx_word' id='word_1_881' title='bbox 2993 5398 3278 5483; x_wconf 70' lang='lat' dir='ltr'><strong>nonnullis</strong></span> <span class='ocrx_word' id='word_1_882' title='bbox 3317 5399 3501 5483; x_wconf 80' lang='lat' dir='ltr'><strong>locum</strong></span> 
     </span>
    </p>
   </div>
   <div class='ocr_carea' id='block_1_114' title="bbox 1905 5471 3498 5541">
    <p class='ocr_par' dir='ltr' id='par_1_114' title="bbox 1905 5471 3498 5541">
     <span class='ocr_line' id='line_1_115' title="bbox 1905 5471 3498 5541; baseline -0.012 0"><span class='ocrx_word' id='word_1_883' title='bbox 1905 5485 2036 5541; x_wconf 89' lang='lat' dir='ltr'><strong>satis</strong></span> <span class='ocrx_word' id='word_1_884' title='bbox 2059 5480 2344 5540; x_wconf 88' lang='lat' dir='ltr'><strong>commode</strong></span> <span class='ocrx_word' id='word_1_885' title='bbox 2384 5479 2464 5535; x_wconf 92' lang='lat' dir='ltr'><strong>sic</strong></span> <span class='ocrx_word' id='word_1_886' title='bbox 2514 5471 2830 5534; x_wconf 76' lang='lat' dir='ltr'><strong>amendarat</strong></span> <span class='ocrx_word' id='word_1_887' title='bbox 2863 5493 2873 5530; x_wconf 91' lang='lat'>:</span> <span class='ocrx_word' id='word_1_888' title='bbox 2911 5473 3039 5540; x_wconf 80' lang='lat' dir='ltr'><strong>Quis</strong></span> <span class='ocrx_word' id='word_1_889' title='bbox 3067 5472 3202 5526; x_wconf 83' lang='lat' dir='ltr'><strong>enim</strong></span> <span class='ocrx_word' id='word_1_890' title='bbox 3231 5471 3382 5525; x_wconf 81' lang='lat' dir='ltr'><strong>homo</strong></span> <span class='ocrx_word' id='word_1_891' title='bbox 3405 5476 3498 5538; x_wconf 83' lang='lat' dir='ltr'><strong>est,</strong></span> 
     </span>
    </p>
   </div>
   <div class='ocr_carea' id='block_1_115' title="bbox 1905 5543 3502 5628">
    <p class='ocr_par' dir='ltr' id='par_1_115' title="bbox 1905 5543 3502 5628">
     <span class='ocr_line' id='line_1_116' title="bbox 1905 5543 3502 5628; baseline -0.01 -17"><span class='ocrx_word' id='word_1_892' title='bbox 1905 5573 2055 5628; x_wconf 83' lang='lat' dir='ltr'><strong>quem</strong></span> <span class='ocrx_word' id='word_1_893' title='bbox 2082 5572 2188 5628; x_wconf 80' lang='lat' dir='ltr'><strong>non</strong></span> <span class='ocrx_word' id='word_1_894' title='bbox 2215 5553 2426 5628; x_wconf 63' lang='lat' dir='ltr'><strong>aliquid</strong></span> <span class='ocrx_word' id='word_1_895' title='bbox 2446 5553 2625 5628; x_wconf 54' lang='lat' dir='ltr'><strong>tateat</strong></span> <span class='ocrx_word' id='word_1_896' title='bbox 2647 5567 2668 5615; x_wconf 87' lang='lat'><strong>;</strong></span> <span class='ocrx_word' id='word_1_897' title='bbox 2705 5547 2798 5628; x_wconf 79' lang='lat' dir='ltr'><strong>sed</strong></span> <span class='ocrx_word' id='word_1_898' title='bbox 2829 5560 3011 5628; x_wconf 76' lang='lat' dir='ltr'><strong>veram</strong></span> <span class='ocrx_word' id='word_1_899' title='bbox 3045 5543 3332 5600; x_wconf 89' lang='lat' dir='ltr'><strong>lectionem</strong></span> <span class='ocrx_word' id='word_1_900' title='bbox 3361 5557 3502 5614; x_wconf 90' lang='lat' dir='ltr'><strong>sup-</strong></span> 
     </span>
    </p>
   </div>
   <div class='ocr_carea' id='block_1_116' title="bbox 1905 5619 3008 5702">
    <p class='ocr_par' dir='ltr' id='par_1_116' title="bbox 1905 5619 3008 5702">
     <span class='ocr_line' id='line_1_117' title="bbox 1905 5619 3008 5702; baseline -0.014 -19"><span class='ocrx_word' id='word_1_901' title='bbox 1905 5619 2179 5702; x_wconf 74' lang='lat' dir='ltr'><strong>peditavit</strong></span> <span class='ocrx_word' id='word_1_902' title='bbox 2203 5619 2504 5702; x_wconf 55' lang='lat' dir='ltr'><strong>cod&#39;.__Vall.</strong></span> <span class='ocrx_word' id='word_1_903' title='bbox 2538 5629 2598 5676; x_wconf 92' lang='lat' dir='ltr'><strong>ut</strong></span> <span class='ocrx_word' id='word_1_904' title='bbox 2629 5637 2727 5700; x_wconf 83' lang='lat' dir='ltr'><strong>nos</strong></span> <span class='ocrx_word' id='word_1_905' title='bbox 2750 5619 2803 5671; x_wconf 93' lang='lat' dir='ltr'><strong>in</strong></span> <span class='ocrx_word' id='word_1_906' title='bbox 2829 5625 3008 5702; x_wconf 51' lang='lat' dir='ltr'><strong>textu.</strong></span> 
     </span>
    </p>
   </div>
   <div class='ocr_carea' id='block_1_117' title="bbox 1981 5691 3238 5773">
    <p class='ocr_par' dir='ltr' id='par_1_117' title="bbox 1981 5691 3238 5773">
     <span class='ocr_line' id='line_1_118' title="bbox 1981 5691 3238 5773; baseline -0.013 -15"><span class='ocrx_word' id='word_1_907' title='bbox 1981 5700 2096 5773; x_wconf 82' lang='lat'><strong>(16)</strong></span> <span class='ocrx_word' id='word_1_908' title='bbox 2127 5699 2256 5755; x_wconf 84' lang='lat' dir='ltr'><strong>Mss.</strong></span> <span class='ocrx_word' id='word_1_909' title='bbox 2287 5695 2518 5769; x_wconf 89' lang='lat' dir='ltr'><strong>aliquot,</strong></span> <span class='ocrx_word' id='word_1_910' title='bbox 2549 5691 2728 5748; x_wconf 82' lang='lat' dir='ltr'><strong>omnia</strong></span> <span class='ocrx_word' id='word_1_911' title='bbox 2755 5691 2893 5743; x_wconf 78' lang='lat' dir='ltr'><strong>enim</strong></span> <span class='ocrx_word' id='word_1_912' title='bbox 2912 5693 3038 5743; x_wconf 82' lang='lat' dir='ltr'><strong>nota</strong></span> <span class='ocrx_word' id='word_1_913' title='bbox 3067 5693 3238 5743; x_wconf 76' lang='lat' dir='ltr'><strong>erunt.</strong></span> 
     </span>
    </p>
   </div>
  </div>
