3976 6396
434 377 540 437 2ίό

1491 378 1587 437 ΑΙ)
1622 379 1857 437 OPEBA
1893 378 1950 436 S.
1982 378 2320 440 AMBROSII
2358 382 2736 441 APPENDIX.

3634 379 3749 441 216

436 523 624 564 versus
651 503 906 562 alterum.
930 528 950 553 ι
980 504 1415 578 Transﬁguravit
1434 504 1551 563 hac
1571 506 1627 561 in
1651 523 1708 562 se
1731 514 1785 561 et
1810 506 2034 579 Apollo,
2065 510 2114 569 A
2144 510 2478 568 novissimos
2507 512 2769 581 ostendit,
2812 512 2968 585 quasi
3009 511 3174 569 morti
3223 511 3554 568 destinatos.
3591 534 3612 556 ι
3662 510 3783 567 Ηοο

435 595 566 651 dum
614 594 1194 668 pseudoapostolorum
1240 594 1440 666 glorias
1468 600 1523 649 et
1551 594 1876 651 traditiones
1907 611 2040 667 per-

434 700 620 740 versas
648 683 751 740 sub
781 702 877 740 sua
898 702 1127 757 persona
1156 692 1211 740 et
1253 683 1452 755 Apollo
1494 693 1743 752 evacuat,
1784 700 2039 740 summa-

434 772 536 829 tim
565 773 691 829 illos
721 772 1035 846 designans,
1064 789 1176 829 non
1206 771 1563 845 singulatim:
1598 788 1665 827 ne
1694 772 1835 828 forte
1866 771 2040 842 major

434 860 713 918 discordia
756 862 813 918 in
859 864 1062 934 populo
1109 868 1444 918 nasceretur.
1483 860 1655 916 Nemo
1688 860 1835 916 enim
1886 860 2039 916 audi-

436 970 533 1009 ens
561 969 760 1009 nomen
792 969 952 1009 suum
984 951 1183 1020 taxari,
1213 959 1309 1007 aut
1338 950 1457 1023 ejus
1490 952 1584 1024 qui
1607 951 1776 1019 favet,
1817 959 2040 1009 conten-

435 1047 524 1098 tus
553 1050 633 1098 est
662 1049 869 1097 tacere:
896 1041 1065 1097 tacito
1095 1048 1279 1096 autem
1310 1040 1535 1096 nomine
1564 1040 1610 1096 si
1633 1040 1757 1113 quis
1786 1041 2039 1109 audiens,

437 1130 651 1186 etiamsi
681 1130 748 1186 de
777 1146 833 1185 se
865 1130 1135 1202 intelligat
1162 1130 1398 1197 dictum,
1430 1128 1761 1185 dissimulat.
1795 1129 1908 1186 Sub
1939 1129 2043 1185 hac

436 1236 564 1291 ergo
584 1218 955 1291 propositione
967 1218 1256 1275 evacuavit
1278 1234 1536 1291 personas
1549 1217 1796 1287 illorum,
1815 1235 1940 1275 cum
1963 1218 2043 1274 di-

437 1308 513 1365 cit
545 1326 557 1363 :
606 1332 624 1355 α
649 1308 766 1379 Ego
795 1306 1062 1379 plantavi,
1111 1307 1312 1379 Apollo
1342 1306 1561 1377 rigavit,
1594 1331 1611 1353 ι
1681 1314 1785 1362 etc.
1823 1307 1877 1379 (ι
1916 1308 2043 1364 Cor.

437 1413 520 1465 ιιι,
554 1395 637 1468 6),
672 1402 735 1451 ut
761 1394 821 1450 in
851 1394 938 1451 his
983 1394 1259 1452 discerent
1304 1394 1450 1451 nihil
1499 1393 1740 1451 dandum
1792 1394 2048 1450 homini-

438 1486 562 1543 bus.
658 1468 669 1485 ’

514 1585 698 1659 (Vers.
735 1584 812 1656 7.)
854 1606 873 1631 ι
894 1583 1033 1640 Nam
1054 1581 1178 1657 quis
1204 1590 1259 1638 te
1287 1579 1606 1638 discernit?
1632 1602 1651 1628 ν
1690 1578 1752 1636 Id
1781 1588 1885 1648 est,
1921 1586 2051 1635 sunt

440 1673 635 1748 aliqui,
662 1673 757 1747 qui
786 1672 1025 1745 amplius
1060 1672 1393 1745 accipientes
1424 1672 1481 1727 in
1508 1670 1835 1743 baptismate
1866 1678 1961 1726 aut
1988 1670 2048 1726 in

439 1762 712 1828 doctrina,
742 1771 969 1818 caeteros
992 1759 1180 1817 dicant
1222 1760 1407 1816 minus
1454 1767 1795 1816 consenctos.
1829 1760 1945 1816 Hoc
1983 1758 2051 1814 iis

2148 598 2272 655 ideo
2302 617 2544 672 personat
2575 618 2686 658 suae
2715 602 2960 675 deputat,
2991 602 3121 675 quia
3150 617 3366 675 semper
3410 601 3468 657 in
3509 597 3784 669 necessi—

2148 696 2261 751 tate
2289 689 2416 759 fuit,
2457 692 2864 764 persecutiones
2903 698 2957 746 et
3006 706 3286 763 pressuras
3334 689 3479 746 ultra
3533 697 3784 745 caeteros

2148 796 2359 851 passus,
2391 780 2536 837 sicut
2566 780 2777 853 passuri
2826 789 2956 837 sunt
2998 780 3189 836 Enoch
3240 788 3294 836 et
3324 780 3493 848 Elias,
3531 778 3640 851 qui
3677 777 3779 833 ul-

2151 869 2289 924 timo
2319 879 2562 941 tempore
2593 869 2766 924 futuri
2818 876 2949 925 sunt
2983 869 3241 942 apostoli.
3291 869 3435 926 Mitti
3469 868 3634 925 enim
3667 866 3783 924 ha-

2148 959 2281 1016 bent
2310 967 2434 1015 ante
2464 959 2744 1016 Christum
2782 960 2898 1031 (17)
2931 960 3001 1015 ad
3043 958 3458 1031 praeparandum
3492 958 3780 1031 populum

2151 1048 2270 1115 Dei,
2303 1058 2357 1104 et
2386 1048 2711 1104 muniendas
2736 1065 2926 1104 omnes
2960 1050 3255 1117 Ecclesias,
3296 1048 3362 1104 ad
3394 1046 3780 1105 resistendum

2153 1138 2520 1206 Antichristo,
2564 1156 2702 1212 quos
2760 1146 2814 1195 et
2864 1138 3271 1210 persecutiones
3308 1138 3421 1211 pati
3471 1146 3530 1194 et
3593 1135 3781 1193 occidi

2154 1228 2318 1283 lectio
2334 1229 2693 1301 Apocalypsis
2709 1231 3144 1300 testatur(Apoc.
3163 1229 3389 1299 x1,8,9).
3408 1228 3631 1283 Horum
3651 1242 3783 1299 ergo

2155 1328 2371 1390 tempus
2412 1336 2512 1375 suo
2545 1320 2778 1391 tempori
2823 1318 3164 1397 comparavit
3204 1317 3503 1390 Apostolus
3536 1316 3778 1372 dicens:

2170 1435 2189 1459 ι
2219 1410 2565 1478 Quasimorti
2586 1411 2888 1467 destinatos
2910 1413 2968 1481 (ι
2988 1411 3114 1468 Cor.
3143 1411 3328 1482 iv,9);
3354 1434 3372 1455 ι
3404 1408 3473 1465 ad
3488 1408 3608 1464 hoc
3628 1406 3782 1463 enim

2158 1499 2381 1555 venturi
2408 1508 2564 1569 sunt,
2593 1509 2657 1557 ut
2684 1500 3031 1557 occidantur.

2243 1612 2261 1635 ι
2294 1589 2433 1657 Quia
2462 1590 2834 1661 spectaculum
2880 1590 3014 1645 facti
3062 1604 3252 1645 sumus
3278 1586 3412 1644 huic
3451 1584 3697 1652 mundo,
3730 1592 3784 1639 et

2160 1679 2366 1751 angelis
2395 1688 2451 1736 et
2500 1679 2837 1735 hominibus.
2874 1704 2891 1727 ι
2937 1678 3077 1746 Quia
3106 1686 3273 1734 erunt
3309 1676 3699 1750 spectaculum
3730 1680 3785 1730 et

2160 1769 2353 1825 Enoch
2401 1777 2456 1825 et
2490 1769 2639 1825 Elias
2686 1785 2858 1842 usque
2901 1769 3057 1837 adeo,
3106 1776 3169 1824 ut
3220 1784 3449 1840 corpora
3479 1782 3686 1822 eorum
3727 1764 3783 1819 in

444 1852 709 1925 loquitur:
744 1850 840 1924 qui
884 1847 1189 1921 baptizatos
1229 1848 1298 1903 θλ)
1345 1846 1470 1902 aliis
1517 1847 1640 1919 P1113
1682 1846 1893 1921 aliquid
1939 1861 2054 1901 953°
2086 1872 2131 1930 Β
2162 1861 2341 1931 platea
2371 1859 2733 1932 projiciantur
2777 1861 2831 1916 in
2878 1870 3173 1932 conspectu
3219 1860 3391 1917 totius
3436 1858 3640 1930 populi
3687 1856 3783 1913 in-

448 1940 749 2013 putabant:
785 1954 1021 2012 quorum
1052 1935 1367 2009 eloquentia
1394 1934 1815 2004 seducebantur,
1838 1941 1899 1989 ut
1934 1933 2054 1989 fure

442 2027 680 2103 quodam
714 2042 971 2099 perversa
1023 2034 1172 2081 recta
1209 2031 1484 2096 putarent.
1535 2023 1708 2079 Tanta
1752 2023 1899 2079 enim
1932 2021 2057 2078 dis-

441 2117 631 2176 cordia
657 2124 773 2172 erat
803 2114 861 2171 in
892 2114 1115 2188 populo,
1148 2121 1210 2169 ut
1240 2115 1414 2169 multa
1441 2123 1619 2170 essent
1647 2114 1833 2170 studia
1861 2112 2059 2169 diver-

444 2220 629 2265 sarum
688 2203 929 2279 partium
987 2221 999 2259 :
1057 2210 1111 2260 et
1157 2204 1237 2260 sic
1278 2204 1463 2260 omnia
1507 2203 1656 2261 dicta
1709 2219 1808 2259 sua
1849 2200 2059 2274 aptavit

445 2295 747 2370 Apostolus
802 2293 922 2349 sine
978 2292 1422 2350 manifestatione
1467 2292 1757 2348 nominum
1798 2290 2057 2346 omnibus

445 2388 723 2462 partibus;
753 2394 815 2443 ut
842 2402 966 2442 cum
999 2385 1269 2456 legeretur
1288 2383 1541 2455 epistola,
1565 2397 1907 2453 unaquaeque
1932 2396 2057 2452 pars

444 2478 515 2535 ad
554 2494 611 2534 se
654 2476 801 2534 dicta
842 2476 1161 2547 susciperet,
1221 2473 1451 2530 audiens
1510 2470 1658 2544 quod
1714 2487 1889 2528 causa:
1946 2485 2059 2526 suae

449 2566 664 2624 intendi
694 2572 1063 2638 cognosceret.

533 2691 551 2715 ι
583 2664 725 2734 Quid
752 2664 899 2720 enim
930 2662 1118 2731 habes,
1160 2660 1307 2734 quod
1347 2675 1462 2716 non
1501 2656 1809 2730 accepisti?
1838 2681 1856 2705 ι
1903 2654 2055 2721 Nihil

448 2756 607 2813 illum
648 2755 781 2811 boni
811 2756 955 2811 ultra
997 2752 1137 2809 dicit
1185 2757 1543 2808 consecutum
1584 2749 1652 2805 ab
1692 2747 1840 2815 aliis,
1894 2762 2058 2818 quam

447 2845 515 2901 ab
565 2861 631 2900 eo
692 2852 995 2915 acceperat,
1053 2841 1177 2897 ideo
1231 2839 1435 2896 frustra
1476 2837 1665 2911 queri;
1713 2835 1861 2910 quod
1910 2834 2060 2889 enim

450 2932 747 2998 habebant,
780 2932 848 2986 ab
877 2930 1142 3001 Apostolo
1172 2936 1510 2999 acceperant.
1542 2928 1627 2982 Ad
1674 2941 1846 2981 unum
1875 2932 2061 2979 autem

449 3019 671 3075 videtur
701 3016 873 3088 loqui,
908 3016 1039 3087 quia
1066 3015 1134 3069 ad
1163 3024 1371 3085 partem
1411 3014 1582 3085 plebis
1614 3013 1880 3084 loquitur.

537 3134 556 3157 ι
576 3109 633 3165 Si
654 3116 836 3163 autem
857 3105 1138 3176 accepisti,
1158 3103 1290 3175 quid
1313 3103 1582 3174 gloriaris,
1607 3103 1761 3175 quasi
1781 3117 1892 3156 non
1915 3115 2063 3156 acce-

451 3197 598 3271 peris
616 3196 645 3252 ?
673 3220 691 3242 -
734 3195 849 3250 Hoc
876 3194 1033 3267 quasi
1064 3193 1416 3248 insultatores
1444 3190 1680 3263 apostoli
1705 3189 1937 3261 agebant
1966 3203 2062 3259 per
2091 3226 2133 3285 Ο

452 3285 818 3359 imperitiam;
869 3290 931 3339 ut
974 3282 1164 3339 eadem
1208 3280 1511 3347 audientes,
1544 3296 1663 3353 quae
1693 3279 1762 3334 ab
1794 3279 2057 3350 Apostolo

447 3375 561 3448 jam
591 3373 918 3441 didicerant,
942 3373 1102 3428 illum
1120 3378 1468 3438 evacuantes,
1499 3368 1565 3423 de
1583 3368 1783 3423 horum
1807 3366 2061 3437 magiste-

453 3467 537 3524 rio
602 3466 1007 3540 gloriarentur;
1083 3460 1400 3536 eloquentia
1453 3460 1602 3517 enim
1661 3456 2058 3523 commendati,

451 3554 857 3629 praedicationis
911 3551 1142 3625 gloriam
1192 3550 1249 3606 in
1280 3566 1337 3605 se
1365 3547 1782 3605 convertebant.
1809 3547 2060 3617 Aposto-

453 3644 539 3700 lus
568 3659 697 3698 vero
726 3639 1201 3711 contemptibilem
1233 3654 1292 3693 se
1336 3637 1556 3693 volebat
1578 3635 1778 3702 videri,
1806 3633 2064 3689 dummo-

452 3729 525 3785 do
561 3728 661 3784 Dei
692 3728 923 3799 gloriam
961 3727 1164 3781 faceret
1191 3725 1600 3796 acceptabilem.

527 3824 711 3895 (Vers.
741 3823 823 3895 8.)
869 3821 1032 3879 «Jam
1061 3820 1292 3876 saturati
1327 3821 1478 3886 estis,
1514 3820 1629 3892 jam
1679 3819 1884 3875 divites
1929 3817 2065 3873 facti

455 3912 606 3980 e'stis,
639 3911 757 3968 sine
792 3911 952 3967 nobis
981 3909 1240 3984 regnatis.
1272 3934 1291 3958 ι
1348 3908 1533 3965 Ironia
1581 3915 1684 3973 est,
1728 3917 1790 3964 ut
1833 3907 2062 3974 dicunt;

456 4000 743 4059 irascentis
770 4000 919 4057 enim
950 3999 1119 4056 verba
1160 4002 1293 4061 125
1330 4006 1480 4067 sunt,
1521 4015 1633 4054 non
1664 3996 2063 4054 conﬁrmantis.

457 4101 521 4157 In
548 4098 750 4172 quibus
767 4098 914 4154 enim
936 4106 1089 4154 tanta
1118 4098 1253 4153 vitia
1274 4097 1474 4169 arguit,
1499 4112 1723 4169 regnare
1746 4095 1870 4151 illos
1891 4094 2062 4162 dicit;

457 4188 538 4245 sic
564 4188 711 4243 enim
757 4186 1024 4259 putabant
1054 4186 1351 4258 gloriantes
1380 4186 1449 4241 de
1477 4185 1547 4241 iis
1576 4202 1696 4258 quae
1726 4201 1756 4239 a
1785 4183 2068 4257 pseudoa-

458 4276 687 4351 postolis
714 4276 1099 4333 tradebantur.

544 4400 563 4424 ι
591 4377 663 4431 Ει
689 4375 905 4432 utinam
942 4372 1201 4446 regnetis,
1234 4381 1295 4429 ut
1323 4380 1378 4429 et
1409 4388 1508 4429 nos
1539 4372 1829 4429 vobiscum
1864 4390 2066 4447 regne-

459 4484 602 4524 mus.
635 4490 653 4513 ι
725 4465 795 4522 Ut
844 4465 968 4537 pius
1020 4473 1173 4536 pater
1237 4463 1400 4519 etiam
1458 4462 1688 4535 ingratis
1745 4463 1879 4522 ﬁliis
1929 4464 2068 4521 bene

458 4563 630 4630 optat.
676 4555 784 4624 Qui
830 4554 979 4610 enim
1040 4560 1253 4625 poterat
1308 4550 1449 4619 ﬁeri,
1514 4559 1576 4607 ut
1631 4551 1749 4607 sine
1805 4553 2143 4644 apostolisD

458 4644 792 4720 regnarent?
818 4642 1103 4716 Quidquid
1131 4642 1278 4699 enim
1311 4658 1421 4697 non
1465 4642 1533 4697 ab
1584 4642 1845 4713 apostolis
1886 4640 2071 4696 tradi-

459 4746 576 4793 tum
635 4745 737 4805 est,
797 4734 1099 4792 sceleribus
1148 4733 1370 4805 plenum
1422 4739 1524 4788 est.
1582 4732 1673 4787 Sic
1720 4738 1904 4787 tamen
1934 4731 2070 4787 ordo

459 4826 641 4881 fuerat
699 4825 880 4881 dicere
932 4842 943 4881 :
993 4824 1063 4881 Ut
1117 4822 1406 4878 nobiscum
1465 4821 1741 4893 regnetis;
1798 4820 1891 4876 sed
1942 4820 2071 4893 quia

460 4913 839 4985 praemiserat:
904 4915 1018 4969 «Et
1059 4912 1276 4969 utinam
1324 4910 1582 4983 regnetis,
1610 4933 1629 4958 ι
1685 4909 1846 4965 aliter
1890 4909 2073 4965 dicere

462 5018 575 5059 non
605 5002 785 5073 potuit
813 5002 922 5057 nisi
951 5020 962 5057 ε
1013 5027 1032 5051 ε
1062 5004 1131 5059 Ut
1159 5009 1214 5058 et
1241 5018 1343 5058 nos
1373 5001 1660 5057 vobiscum
1694 5016 2004 5071 regnemus.
2038 5024 2057 5046 ι

463 5095 708 5166 Regnare
766 5098 1084 5147 autem'est
1140 5092 1207 5147 de
1260 5108 1354 5164 spe
1407 5100 1462 5148 et
1519 5091 1804 5164 promissis
1861 5090 2072 5147 Christi

462 5196 714 5239 securum
741 5194 878 5245 esse,
910 5186 965 5234 et
993 5179 1226 5250 gaudere
1254 5179 1309 5235 in
1342 5179 1409 5235 iis
1438 5197 1558 5254 quae
1588 5180 1820 5237 adversa
1839 5187 2066 5252 propter

463 5286 662 5328 nomen
714 5267 923 5328 Christi
985 5267 1275 5334 accidunt;
1335 5268 1550 5324 lucrum
1602 5270 1752 5325 enim
1810 5270 2068 5337 afferunt,

463 5377 574 5417 non
598 5360 1017 5417 detrimentum.
1049 5354 1204 5411 Unde
1222 5356 1335 5411 alio
1350 5356 1470 5413 loco
1494 5356 1628 5414 dicit
1656 5376 1667 5414 :
1715 5382 1732 5404 ι
1752 5357 1891 5416 Cum
1917 5358 2069 5413 inﬁr-

463 5464 603 5517 mor,
643 5458 777 5506 tunc
805 5455 999 5521 potens
1029 5460 1151 5501 sum
1184 5444 1271 5517 (ΙΙ
1306 5444 1430 5501 Cor.
1462 5462 1566 5515 xu,
1604 5447 1715 5521 10).
1753 5473 1771 5496 ι

536 5548 716 5621 (Vers.
739 5548 822 5620 9.)
861 5572 881 5596 ‹
909 5547 1047 5604 Puto
1085 5545 1234 5602 enim
1272 5543 1422 5618 quod
1467 5546 1613 5603 Deus
1651 5563 1752 5603 nos
1790 5549 2068 5621 apostolos

534 5728 652 5800 (17)
683 5724 845 5785 Corb.
897 5742 1024 5795 ms.,
1063 5725 1158 5797 qui
1199 5724 1258 5780 in
1300 5721 1552 5780 ultionem
1595 5724 1892 5797 prwfuturi
1942 5732 2068 5781 sunt

2163 1948 2372 2016 ﬁdelis;
2420 1949 2497 2005 ita
2539 1957 2591 2006 et
2621 1949 2853 2021 apostoli
2893 1950 3265 2022 spectaculum
3298 1949 3429 2004 facti
3458 1955 3619 2015 sunt,
3654 1945 3784 2018 quia

2164 2038 2383 2109 publice
2431 2038 2772 2108 ridebantur,
2831 2039 2995 2111 positi
3044 2040 3113 2095 ad
3160 2038 3419 2110 injuriam
3452 2045 3505 2092 et
3538 2042 3780 2091 mortem

2165 2144 2327 2199 quam
2359 2128 2501 2199 passi
2532 2137 2678 2185 sunt.
2729 2128 2995 2184 Mundum
3026 2136 3234 2195 autem,
3265 2126 3485 2198 angelos
3513 2133 3573 2181 et
3602 2122 3782 2179 homi-

2165 2233 2262 2273 nes
2290 2216 2467 2283 dixit;
2499 2216 2630 2289 quia
2658 2225 2711 2272 et
2741 2217 2924 2288 angeli
2970 2216 3100 2271 mali
3147 2225 3299 2284 sunt,
3329 2215 3551 2270 dicente
3604 2210 3782 2270 David

2168 2308 2225 2363 in
2261 2308 2471 2380 psalmo
2498 2307 2896 2378 septuagesimo
2925 2306 3186 2379 septimo:
3208 2306 3362 2362 Vexa
3376 2304 3490 2360 abit
3520 2304 3662 2360 illos
3692 2317 3783 2374 per

2166 2396 2387 2467 angelos
2442 2396 2637 2462 malos,
2692 2404 2746 2451 et
2789 2394 3041 2451 homines
3089 2394 3216 2450 mali
3249 2401 3305 2450 et
3334 2392 3646 2458 increduli;
3699 2388 3784 2446 bis

2166 2485 2539 2557 apostolorum
2604 2482 2820 2555 injuriae
2876 2482 3279 2539 oblectamento
3328 2490 3477 2537 sunt.
3538 2478 3783 2536 Mundus

2168 2582 2351 2629 autem
2392 2572 2598 2629 idcirco
2647 2572 2947 2628 inﬁdelitas
2987 2572 3212 2640 dicitur,
3263 2570 3393 2644 quia
3421 2568 3680 2625 visibilia
3706 2583 3782 2624 se-

2168 2666 2378 2738 quitur.

2243 2754 2425 2826 (Vers.
2460 2752 2573 2823 10.)
2622 2778 2639 2799 α
2664 2753 2773 2808 Nos
2803 2752 2959 2809 stulti
3000 2760 3222 2824 propter
3251 2750 3559 2809 Christum.
3597 2773 3615 2797 ι
3666 2749 3782 2807 Ve-

2170 2860 2291 2899 rum
2322 2850 2403 2898 est
2431 2842 2561 2915 quia
2589 2851 2834 2898 amantes
2865 2841 3170 2909 Christum,
3197 2840 3353 2897 stulti
3384 2847 3514 2895 sunt
3547 2837 3780 2905 mundo,

2184 2956 2202 2980 ι
2234 2933 2347 2988 Vos
2374 2941 2556 2988 autem
2597 2932 2892 3003 prudentes
2941 2932 3000 2987 in
3046 2931 3290 2989 Christo.
3322 2956 3341 2979 ν
3392 2930 3497 2997 Qui
3539 2928 3783 3002 prudens

2173 3022 2231 3076 in
2279 3022 2499 3077 Christo
2551 3020 2834 3093 judicatur
2889 3038 2921 3076 a
2970 3020 3213 3093 perﬁdis,
3265 3036 3376 3075 non
3407 3027 3556 3075 recte
3589 3016 3780 3073 asserit

2173 3109 2477 3167 Christum.
2509 3108 2757 3180 Denique
2787 3110 3052 3176 Marcion,
3077 3108 3205 3181 quia
3235 3114 3392 3180 negat
3421 3108 3631 3163 Filium
3657 3105 3775 3172 Dei,

2174 3208 2228 3254 et
2258 3198 2537 3255 incarnari
2573 3201 2750 3255 Deum
2799 3197 3062 3270 potuisse,
3116 3198 3358 3270 prudens
3405 3207 3487 3254 est
3540 3195 3772 3262 mundo,

2172 3301 2225 3347 et
2246 3284 2536 3346 Photinus.
2574 3290 2702 3364 quia
2733 3306 2841 3347 non
2872 3290 3076 3346 fatetur
3105 3289 3387 3347 Christum
3417 3305 3513 3361 per
3542 3287 3602 3343 id
3632 3284 3777 3361 quod

2173 3390 2334 3437 natus
2364 3389 2465 3449 est,
2495 3382 2690 3447 Deum,
2723 3380 2938 3451 sapiens
2966 3378 3188 3434 videtur
3216 3378 3530 3434 mundanis.

2257 3495 2274 3516 σ
2305 3471 2415 3526 Nos
2447 3468 2675 3525 inﬁrmi.
2711 3496 2728 3517 ι
2772 3468 2981 3525 Inﬁrmi
3018 3468 3161 3535 ideo,
3198 3467 3327 3540 quia
3356 3467 3473 3524 sine
3510 3466 3778 3523 adulatio-

2173 3575 2241 3614 ne
2268 3566 2321 3615 et
2351 3576 2475 3615 cum
2506 3559 2762 3626 stultitia,
2798 3559 2943 3614 sicut
2971 3557 3194 3612 videtur
3241 3557 3559 3623 mundanis,
3590 3553 3781 3629 praedi-

2174 3656 2359 3705 cantes
2389 3647 2671 3705 Christum
2719 3646 2941 3719 injuriis
2983 3644 3437 3717 subjiciebantur.
3485 3668 3503 3691 ι
3536 3645 3651 3701 Vos
3679 3659 3782 3699 au-

2173 3746 2284 3794 tem
2344 3738 2532 3794 fortes.
2563 3763 2581 3786 ι
2653 3736 2781 3792 Ideo
2830 3736 3017 3803 fortes,
3069 3735 3199 3806 quia
3248 3734 3329 3792 sic
3385 3735 3782 3807 proﬁtebantur

2176 3826 2485 3894 Christum,
2516 3841 2585 3881 ne
2640 3824 2953 3881 olfenderen
3009 3824 3283 3893 homines,
3341 3831 3403 3880 ut
3457 3830 3644 3881 essent
3688 3837 3780 3878 se-

2177 3918 2317 3974 curi.

2262 4030 2281 4053 ι
2311 4006 2422 4063 Vos
2445 4004 2679 4060 nobiles.
2723 4029 2740 4051 ι
2792 4004 2899 4071 Qui
2929 4004 3076 4059 enim
3110 4003 3393 4060 Christum
3421 4019 3532 4058 non
3554 4004 3773 4068 fatetur,

2177 4096 2306 4169 quia
2334 4094 2571 4151 Abrahae
2600 4094 2905 4165 promissus
2935 4101 3037 4162 est,
3070 4101 3123 4148 et
3148 4092 3216 4148 ab
3237 4092 3399 4149 initio
3427 4093 3778 4165 praedicatus,

2178 4186 2270 4242 hic
2297 4186 2505 4242 nobilis
2528 4194 2721 4242 contra
2751 4186 3035 4243 Christum
3083 4194 3200 4252 est;
3236 4184 3366 4259 quia
3395 4185 3775 4257 antiquitatem

2180 4273 2437 4347 promissi
2465 4274 2673 4331 Christi
2723 4274 2850 4330 aliis
2886 4274 3129 4345 deputat.
3176 4298 3194 4320 ι
3222 4274 3333 4330 Nos
3379 4289 3508 4329 vero
3558 4268 3780 4345 ignobi—

2179 4370 2327 4426 les.»
2394 4368 2661 4443 Ignobilis
2717 4368 2925 4425 mundo
2981 4376 3082 4436 est,
3132 4369 3226 4441 qui
3282 4367 3589 4436 Christum,
3638 4360 3777 4439 quod

2179 4464 2420 4521 mundus
2476 4464 2726 4535 denegat,
2786 4463 2854 4519 ab
2903 4461 3066 4517 initio
3097 4462 3404 4534 proﬁtetur.
3439 4463 3566 4518 Haec
3614 4459 3779 4532 igitur

2179 4554 2367 4609 omnia
2396 4553 2728 4626 supradicta,
2786 4567 2906 4625 quae
2950 4567 3144 4622 negare
3191 4552 3431 4620 videtur,
3471 4550 3774 4612 conﬁrmat,

2180 4653 2233 4700 et
2266 4661 2386 4717 quas
2429 4643 2583 4716 quasi
2630 4642 2954 4699 conﬁrmare
2983 4641 3223 4710 videtur,
3255 4649 3432 4712 negat.
3496 4634 3777 4697 Irascentis

2184 4736 2334 4791 enim
2365 4733 2535 4789 verba
2562 4739 2709 4801 sunt,
2742 4731 2836 4802 qui
2880 4730 3128 4803 negando
3173 4730 3488 4800 conﬁtetur,
3515 4738 3569 4787 et
3598 4724 3775 4787 conﬁ-

2185 4823 2351 4880 tendo
2391 4830 2573 4892 negat.

2257 4913 2441 4983 (Vers.
2497 4913 2584 4979 il,
2630 4910 2745 4983 12.)
2787 4932 2805 4957 ε
2839 4910 3020 4983 Usque
3068 4909 3135 4965 ad
3182 4908 3325 4966 hanc
3352 4908 3546 4965 horam
3576 4914 3630 4964 et
3662 4918 3774 4959 esu-

2181 5002 2378 5070 rimus,
2412 5010 2465 5057 et
2499 5001 2741 5069 sitimus,
2773 5008 2827 5056 et
2855 5000 2991 5056 nudi
3020 5017 3232 5068 sumus,
3263 5007 3317 5057 et
3346 4998 3770 5072 colaphizamur,

2180 5098 2234 5147 et
2266 5090 2551 5147 instabiles
2602 5107 2811 5159 sumus,
2868 5100 2921 5148 et
2976 5090 3288 5147 laboramus
3336 5096 3624 5162 operantes
3669 5097 3772 5139 ma-

2180 5180 2343 5235 nibus
2375 5179 2598 5236 nostris.
2634 5206 2652 5228 -
2698 5180 2893 5237 Libere
2923 5179 3070 5236 enim
3113 5186 3169 5235 et
3204 5178 3368 5250 juxta
3399 5193 3584 5234 veram
3615 5172 3769 5231 ﬁdem

2178 5269 2297 5327 sine
2352 5270 2538 5344 aliqua
2592 5270 2909 5327 adulatione
2964 5267 3247 5326 Christum
3299 5266 3674 5340 praedicantes,
3722 5263 3772 5313 et

2178 5375 2325 5442 gesta
2355 5384 2537 5440 prava;
2578 5368 2709 5423 vitae
2739 5374 3046 5438 arguentes,
3092 5363 3321 5438 gratiam
3353 5362 3500 5436 apud
3531 5359 3769 5419 homines

2176 5475 2289 5515 non
2345 5457 2640 5525 habebant,
2697 5465 2750 5513 et
2806 5455 3307 5529 colaphizabantur,
3357 5454 3415 5511 id
3452 5461 3535 5511 est
3558 5444 3769 5523 injuriis

2171 5547 2494 5621 agebantur,
2528 5555 2583 5604 et
2636 5545 2922 5603 instabiles
2978 5553 3168 5613 erant;
3235 5544 3366 5618 quia
3418 5540 3764 5616 fugabantur,

2168 5727 2425 5800 apostoli.
2463 5728 2618 5783 Mitti
2640 5728 2787 5781 enim
2808 5726 3009 5781 habent
3043 5732 3172 5781 ante
3200 5725 3613 5780 antichristum
