3976 6372
187 385 289 444 217

186 601 433 658 manibus
454 601 845 673 operabantur,
875 602 1000 674 quia
1029 619 1138 658 non
1173 604 1350 658 solum
1372 604 1597 676 gratiam
1632 605 1775 676 apud

185 690 430 747 homines
447 708 557 747 non
581 691 855 748 habebant
878 709 890 757 ;
925 707 1115 746 verum
1138 692 1300 746 etiam
1324 692 1391 748 ab
1422 692 1507 748 his
1531 694 1775 764 accipere

185 779 473 851 indignum
506 788 642 847 erat,
674 779 767 852 qui
799 780 969 834 errori
1001 780 1314 848 studebant,
1362 782 1507 836 sicut
1550 781 1686 837 dicit
1716 782 1774 837 in

182 869 390 940 psalmo
421 870 717 925 centesimo
756 869 1172 942 quadragesimo
1215 889 1225 926 :
1292 893 1310 917 ι
1363 871 1557 926 Oleum
1590 879 1773 928 autem

185 959 483 1027 peccatoris
515 974 622 1013 non
664 957 971 1029 impinguet
999 967 1161 1030 caput
1205 975 1387 1014 meum
1443 961 1614 1030 (Psal.
1647 977 1770 1029 cxn,

181 1047 260 1113 5).
297 1072 314 1093 ι
352 1046 489 1112 Quia
515 1054 568 1100 et
595 1045 905 1102 libertatem
935 1047 1202 1119 arguendi
1230 1048 1455 1114 amittit,
1482 1057 1535 1104 et
1566 1057 1772 1121 peccat,

182 1135 276 1206 qui
309 1135 374 1190 ab
403 1152 466 1190 eo
487 1135 705 1206 accipit,
741 1135 835 1208 qui
883 1136 1006 1193 ideo
1027 1137 1146 1205 dat,
1178 1153 1246 1193 ne
1277 1138 1627 1209 corripiatur.

252 1241 430 1313 (Vers.
472 1243 585 1314 13.)
659 1269 676 1290 α
731 1243 1119 1300 Maledicimur
1173 1254 1229 1300 et
1285 1243 1662 1301 benedicimus
1694 1263 1707 1311 ;
1742 1271 1760 1292 ι

181 1331 320 1386 male
367 1338 662 1388 tractantes
715 1333 862 1388 enim
915 1349 971 1390 se
1023 1333 1385 1389 hortabantur
1428 1333 1495 1388 ad
1542 1333 1769 1390 bonum.

195 1444 212 1467 ι
265 1421 703 1477 Persecutionem
762 1421 1005 1494 patimur
1059 1429 1114 1477 et
1168 1423 1546 1489 sustinemus;
1583 1449 1600 1470 ι
1644 1423 1774 1495 quia

180 1509 628 1581 persequentibus
681 1527 735 1566 se
790 1528 900 1566 non
958 1511 1300 1568 resistebant.
1364 1535 1382 1557 α
1425 1511 1771 1583 Blasphema-

180 1613 302 1653 mur
331 1607 384 1654 et
411 1597 776 1665 obsecramus;
799 1599 1278 1671 ~blasphemantes
1304 1601 1452 1656 enim
1485 1602 1770 1671 rogabant,

179 1694 238 1742 ut
265 1687 644 1757 permitterent
672 1688 778 1744 sibi
812 1688 966 1744 reddi
999 1689 1292 1744 rationem.

260 1789 401 1848 126
451 1809 469 1832 ι
502 1785 779 1858 Tanquam
811 1795 1168 1857 purgamenta
1205 1785 1372 1857 hujus
1405 1785 1596 1841 mundi
1641 1785 1769 1841 facti

1295 389 1657 447 COMMENT.
1701 392 1772 449 IN
1808 392 2024 449 EPIST.
2056 395 2076 449 Ι
2116 395 2212 449 ΑΙ)
2251 393 2406 452 COB.

185 529 250 570 ne
279 512 332 568 in
373 513 493 568 loco
523 512 622 569 diu
653 521 951 582 manentes,
997 514 1180 585 plures
1219 513 1498 571 docerent.
1541 515 1669 572 Ideo
1710 524 1764 573 et
1793 522 1842 580 Α

3366 399 3472 456 218

1951 518 1972 580 (
1995 519 2150 574 Vers.
2188 519 2301 590 17.)
2357 544 2375 568 ε
2405 520 2532 576 Ideo
2567 521 2691 576 misi
2721 522 2790 577 ad
2817 538 2914 577 vos
2960 523 3332 594 Timotheum,
3377 527 3473 600 qui

1884 614 1966 662 est
2007 607 2154 662 ﬁlius
2187 626 2340 665 meus
2375 610 2732 666 charissimus
2758 618 2812 666 et
2853 611 3034 666 ﬁdelis
3064 613 3120 666 in
3149 616 3408 673 Domino.
3441 642 3461 665 ι

1886 697 2148 752 Hortatur
2202 697 2331 755 illos
2361 699 2416 754 in
2449 699 2552 756 hoc
2579 701 2769 755 eodem
2816 701 3126 769 Timotheo,
3159 720 3318 775 quem
3352 706 3474 762 ideo

1884 786 2266 843 charissimum
2299 796 2355 844 et
2382 788 2597 844 fidelem
2626 788 2802 844 ﬁlium
2835 790 3138 846 obtestatur
3189 791 3242 845 in
3289 793 3473 848 Domi-

1884 891 1976 943 no,
2006 885 2067 931 ut
2096 875 2152 930 in
2186 876 2290 934 hoc
2319 877 2609 940 discerent,
2643 879 2774 950 quid
2817 886 3136 950 peccarent;
3171 896 3294 936 cum
3325 881 3469 937 enim

1885 964 2019 1020 huic
2045 966 2426 1022 testimonium
2455 969 2722 1040 perhibet,
2761 969 2887 1025 illos
2923 969 3126 1040 arguit.

1968 1076 1986 1099 ι
2016 1052 2119 1118 Qui
2159 1071 2257 1110 vos
2298 1057 2751 1113 commonefaciat
2798 1057 2916 1113 vias
2965 1074 3132 1126 meas,
3181 1075 3300 1130 quae
3349 1066 3478 1114 sunt

1883 1141 1940 1196 in
1972 1141 2193 1199 Christo
2221 1143 2370 1208 Jesu,
2400 1145 2543 1200 sicut
2573 1146 2775 1218 ubique
2807 1147 2862 1202 in
2910 1148 3063 1202 omni
3111 1149 3357 1204 Ecclesia
3383 1149 3476 1204 do-

1883 1245 1998 1286 ceo.
2032 1255 2049 1277 -
2093 1231 2194 1286 Per
2225 1231 2392 1288 istum
2443 1251 2604 1306 quem
2656 1235 2872 1290 ﬁdelem
2924 1234 3102 1291 ﬁlium
3131 1235 3188 1290 in
3237 1237 3476 1293 Domino

1881 1320 2194 1390 conﬁrmat,
2225 1323 2424 1379 reverti
2457 1323 2582 1380 illos
2607 1327 2733 1380 vult
2764 1325 2832 1381 ad
2889 1327 3131 1397 regulam
3179 1343 3211 1382 a
3253 1343 3308 1382 se
3355 1335 3478 1382 tra—

1882 1407 2010 1465 ditaa
2064 1411 2342 1480 veritatis;
2399 1422 2462 1469 ut
2509 1416 2833 1471 commoniti
2880 1417 3064 1472 verbis
3105 1424 3160 1472 et
3209 1417 3478 1488 exemplis

1882 1514 2106 1570 operum
2158 1503 2278 1574 ejus
2336 1503 2740 1576 resipiscerent,
2771 1515 3161 1579 cognoscentes
3208 1523 3318 1563 non
3361 1523 3477 1579 per-

1883 1604 2061 1659 peram
2095 1607 2151 1646 se
2183 1591 2348 1648 fuisse
2375 1594 2445 1650 ab
2474 1598 2735 1666 Apostolo
2765 1597 2976 1665 doctos,
3024 1597 3242 1670 quando
3290 1596 3477 1653 eadem

1882 1679 2065 1730 tenere
2097 1693 2286 1734 omnes
2315 1681 2593 1737 Ecclesias
2622 1682 2914 1740 discerent.

1951 1768 2134 1839 (Vers.
2187 1770 2299 1839 18.)
2363 1794 2382 1818 α
2431 1771 2712 1844 Tauquarn
2747 1790 2858 1829 non
2887 1782 3156 1830 venturus
3205 1791 3374 1832 essem
3407 1776 3473 1832 ad

177 1900 386 1951 sumus,
417 1855 666 1938 omnium
690 1855 995 1954 peripsema
1021 1899 1196 1954 usque
1227 1855 1389 1937 modo
1419 1883 1558 1952 (18).
1594 1908 1611 1929 ι
1656 1882 1775 1938 Non
1808 1875 1852 1934 B
1884 1873 2000 1954 Ῡοδι
2023 1855 2104 1954 δίε
2150 1856 2326 1954 ίξιῧέξῑξ
2353 1868 2486 1915 sunt
2539 1860 2782 1954 quidam.
2819 1886 2837 1907 ι
2895 1862 3330 1954 indignabantur
3360 1864 3476 1936 qui-

182 1970 489 2027 resistendo
532 1970 656 2038 ulli,
702 1987 878 2042 neque
921 1970 1095 2028 vicem
1153 1970 1211 2025 in
1270 1971 1429 2026 malis
1480 1970 1776 2036 reddendo,

180 2061 270 2118 sed
323 2078 542 2133 semper
565 2076 620 2116 se
653 2059 996 2130 subjiciendo
1030 2078 1043 2126 ;
1077 2067 1136 2114 ut
1175 2077 1271 2130 per
1319 2060 1666 2130 partientiam
1699 2075 1777 2114 re-

182 2156 403 2206 vocaret
469 2148 536 2204 ad
590 2148 820 2214 bonum,
879 2147 1316 2219 contemptibilis
1379 2157 1433 2204 et
1493 2147 1779 2220 despectus

183 2236 365 2293 ﬁebat.
414 2261 432 2284 ε
466 2237 646 2308 Usque
678 2234 841 2291 modo
877 2277 892 2302 ,
926 2260 944 2282 ι
987 2235 1044 2290 id
1087 2243 1188 2302 est,
1232 2252 1403 2306 usque
1433 2252 1583 2291 nunc
1612 2237 1775 2293 etiam

176 2326 321 2400 apud
353 2324 695 2392 Corinthios,
740 2341 838 2396 pro
867 2324 1069 2396 quibus
1114 2323 1255 2391 haec,
1303 2341 1423 2397 quae
1459 2341 1622 2396 supra
1669 2343 1778 2382 me-

183 2424 380 2483 morat,
426 2416 571 2470 mala
611 2431 800 2486 passus
848 2422 947 2470 est.
999 2415 1069 2469 Et
1110 2415 1369 2485 quoniam
1407 2414 1776 2472 humilitatem

181 2523 334 2563 suam
370 2505 513 2561 nihil
547 2504 602 2559 in
633 2503 720 2560 his
750 2503 1012 2576 proﬁcere
1041 2502 1281 2573 videbat,
1313 2503 1563 2577 queritur
1592 2505 1778 2562 dolore

187 2601 496 2651 commotus
532 2600 740 2648 tantam
784 2592 1183 2663 subjectionem
1215 2600 1268 2648 et
1297 2591 1529 2664 injurias
1559 2595 1776 2649 nullum

183 2684 427 2739 fructum
459 2681 658 2738 habere
688 2682 927 2753 potuisse
957 2701 970 2748 ;
1020 2682 1115 2738 sed
1145 2691 1198 2739 et
1227 2681 1374 2754 quod
1403 2682 1645 2740 deterius
1674 2691 1776 2750 est,

185 2772 240 2828 in
272 2771 427 2845 pejus
454 2772 766 2843 profecisse.

253 2871 438 2940 (Vers.
476 2869 590 2940 14.)
635 2893 653 2915 ι
701 2868 822 2924 Non
869 2877 932 2924 ut
985 2869 1320 2926 confundam
1353 2884 1474 2937 vos,
1502 2868 1619 2924 haec
1649 2869 1778 2926 scri-

185 2958 290 3026 bo;
321 2985 340 3008 ι
386 2959 492 3014 hoc
545 2965 646 3025 est,
679 2974 790 3012 non
826 2965 888 3013 ut
935 2958 1189 3013 ruborem
1228 2957 1386 3013 vobis
1411 2958 1630 3026 faciam,
1664 2958 1782 3015 haec

183 3048 387 3114 scribo,
422 3047 513 3103 sed
571 3054 634 3102 ut
677 3045 983 3118 corrigatis.
1033 3071 1050 3092 ι
1101 3046 1205 3102 Sed
1252 3046 1403 3120 quasi
1455 3047 1600 3103 ﬁlios
1632 3065 1780 3103 meos

175 3136 532 3194 charissimes
562 3151 777 3190 moneo.
811 3159 829 3181 ι
901 3134 1100 3191 Adhuc
1148 3151 1204 3190 se
1259 3136 1562 3207 supplicem
1623 3136 1775 3203 facit,

179 3239 245 3278 ne
297 3223 555 3294 correpti,
587 3229 642 3278 et
691 3222 759 3278 ad
817 3222 956 3277 iram
1016 3224 1317 3293 provocati,
1371 3223 1776 3280 admonitiones
1815 3229 1864 3290 C

177 3309 295 3381 ejus
323 3318 663 3382 spernerent.
699 3311 758 3366 Id
808 3311 920 3382 agit
974 3319 1034 3366 ut
1089 3309 1334 3366 medicus
1375 3313 1650 3380 salutaris,
1683 3312 1776 3385 qui

179 3399 463 3469 putamina
491 3399 836 3467 abscindens,
867 3399 1111 3454 dolorem
1146 3398 1358 3453 illatum
1391 3416 1484 3470 spe
1533 3408 1585 3455 et
1627 3401 1779 3455 blan-

176 3485 333 3542 ditiis
366 3487 602 3558 mitigat,
629 3495 690 3542 ut
717 3502 857 3558 aeger
886 3502 942 3541 se
973 3483 1154 3541 curari
1185 3485 1493 3554 permittat.

248 3587 435 3653 (Vers.
471 3587 584 3654 15.)
632 3610 649 3630 ε
675 3585 732 3639 Si
763 3583 908 3639 enim
950 3583 1136 3639 decem
1161 3584 1314 3638 milia
1356 3585 1775 3655 padagogorum

176 3674 488 3730 habueritis
515 3673 572 3728 in
610 3672 852 3739 Christo,
883 3673 977 3728 sed
1010 3689 1120 3728 non
1151 3674 1354 3728 multos
1407 3683 1610 3744 patres.
1643 3673 1780 3729 Nam

176 3762 236 3818 in
269 3761 494 3818 Christo
519 3762 644 3817 Jesu
675 3779 770 3833 per
815 3762 1176 3834 Evangelium
1239 3779 1337 3833 ego
1381 3779 1480 3818 vos
1533 3763 1716 3834 genui.
1751 3788 1768 3811 ι

177 3852 276 3907 His
307 3851 475 3908 dictis
512 3851 753 3907 ostendit
782 3851 995 3905 nullum
1029 3867 1183 3922 posse
1209 3867 1273 3906 eo
1309 3851 1511 3906 aﬁ'ectu
1555 3851 1782 3922 diligere

182 3941 330 4003 illos.
365 3957 473 4013 quo
524 3942 638 4013 ipse
694 3957 785 3996 eos
842 3941 1124 4013 diligebat.
1179 3941 1313 4008 Quis
1368 3941 1515 3997 enim
1575 3943 1788 4007 alienos

179 4029 323 4086 ﬁlios
348 4030 463 4085 suis
496 4038 776 4103 przeponat
805 4031 863 4086 in
888 4047 1074 4086 amore
1103 4031 1130 4086 ?
1170 4031 1247 4086 Ac
1278 4047 1376 4102 per
1424 4030 1530 4086 hoc
1572 4032 1787 4087 monita

179 4118 314 4191 ejus,
369 4118 464 4191 qui
515 4127 570 4175 et
626 4137 722 4191 pro
777 4119 867 4176 bis
927 4128 1078 4176 tanta
1133 4119 1276 4175 mala
1319 4135 1510 4191 passus
1542 4127 1644 4187 est,
1675 4136 1786 4174 non

181 4207 377 4264 debere
410 4225 502 4264 eos
532 4225 808 4281 spernere.

255 4309 441 4379 (Vers.
480 4309 594 4378 16.)
648 4331 666 4356 ε
698 4308 940 4364 Obsecro
977 4323 1104 4380 ergo
1151 4324 1270 4376 vos,
1319 4307 1626 4364 imitatores
1681 4308 1788 4364 mei

185 4405 375 4453 estote.
413 4422 431 4445 ι
474 4397 518 4453 O
567 4397 1006 4453 benevolentiam
1029 4395 1202 4452 sancti
1233 4396 1605 4468 Apostoli,qui
1636 4395 1788 4452 obse-

185 4496 294 4543 crat
345 4489 512 4555 ﬁlios,
560 4496 622 4543 ut
679 4487 968 4544 imitentur
1022 4495 1251 4559 patrem,
1313 4487 1418 4543 hoc
1467 4496 1548 4543 est
1591 4497 1784 4559 sponte

185 4585 332 4648 rogat
386 4594 582 4648 aegros,
637 4586 698 4633 ut
753 4576 1022 4647 recipiant
1077 4576 1409 4632 medicinam
1444 4579 1454 4632 l
1491 4579 1553 4633 In
1585 4577 1672 4633 his
1701 4585 1777 4632 ta-
1807 4587 1855 4646 Ι)

187 4681 304 4721 men
335 4668 423 4723 sui
453 4667 578 4722 illos
622 4666 925 4722 imitatores
976 4665 1098 4720 vult
1151 4681 1313 4731 esse;
1369 4673 1432 4720 ut
1485 4665 1630 4721 sicut
1684 4665 1776 4721 hic

186 4757 351 4810 multa
379 4755 554 4811 exitia
584 4772 681 4826 pro
706 4757 881 4811 salute
909 4771 1095 4810 eorum
1129 4752 1196 4808 ab
1239 4754 1540 4811 incredulis
1586 4772 1776 4827 passus

186 4849 281 4911 est,
332 4851 386 4898 et
427 4859 542 4899 non
592 4842 772 4909 cessit,
825 4841 1127 4898 dummodo
1183 4857 1276 4914 per
1327 4842 1444 4898 dies
1488 4851 1542 4898 et
1592 4850 1778 4899 noctes

187 4933 578 5004 evangelizaret
631 4931 743 4987 illis
793 4931 1000 4987 donum
1056 4931 1244 5003 gratia:
1303 4930 1424 4999 Dei,
1462 4931 1538 4986 ita
1593 4940 1648 4986 et
1693 4932 1776 4988 illi

193 5031 471 5078 manentes
500 5022 560 5078 in
589 5021 695 5077 ﬁde
733 5021 850 5093 ejus
901 5030 954 5077 et
998 5021 1270 5089 doctrina,
1316 5038 1427 5076 non
1475 5022 1781 5094 reciperent

190 5109 445 5167 falsorum
495 5110 866 5183 apostolorum
924 5124 1092 5180 prava
1137 5118 1468 5177 commenta,
1507 5109 1601 5165 sed
1653 5111 1780 5166 resi-

187 5209 382 5258 sterent
404 5202 524 5272 (19)
554 5206 967 5257 contemnentes
1004 5198 1318 5271 opprobria,
1350 5206 1446 5254 aut
1491 5199 1782 5256 detractio-

190 5306 300 5358 nes,
329 5300 389 5347 ut
419 5289 562 5362 patri
615 5306 714 5347 suo
758 5288 995 5363 spiritali
1050 5287 1385 5344 inviolatum
1440 5298 1785 5346 reservarent

191 5379 442 5437 aﬂ'ectum
455 5424 468 5438 .

283 5525 367 5596 18)
401 5523 724 5592 Rom.edit.,
753 5531 1007 5596 tanquam
1039 5525 1387 5580 Instrumenta.
1419 5539 1583 5594 usque
1614 5525 1781 5580 modo.

282 5597 367 5666 19)
400 5596 604 5654 Omnes
633 5596 793 5666 edit.,
841 5597 930 5652 sed
982 5600 1366 5669 persisterent;
1394 5612 1590 5652 omnes
1630 5613 1784 5665 mss.,

294 5669 612 5724 resisterent.

255 5737 367 5810 (20)
392 5740 492 5796 Ms.
527 5738 714 5810 Corb.,
768 5739 872 5796 Pia
918 5739 1319 5796 commonitione
1361 5740 1646 5811 promittit,
1678 5746 1785 5798 etc.

1888 1942 2012 1998 dam
2064 1944 2504 2016 Corinthiorum,
2556 1949 2686 2021 quia
2732 1967 2841 2005 non
2891 1951 3006 2006 ibat
3050 1952 3118 2007 ad
3167 1953 3315 2019 illos,
3365 1969 3478 2007 non

1887 2031 2180 2101 desiderio,
2211 2034 2303 2089 sed
2343 2037 2618 2106 superbia,
2659 2037 2805 2109 quod
2847 2039 3003 2110 quasi
3054 2039 3308 2111 indignos
3355 2039 3481 2094 illos

1889 2121 2114 2178 haberet
2147 2141 2160 2182 ι
2190 2141 2316 2179 cum
2341 2126 2514 2196 magis
2548 2127 2812 2197 Apostolo
2860 2126 2964 2182 hoc
3014 2127 3256 2184 studium
3289 2129 3478 2196 fuerit,

1888 2218 1949 2266 ut
1970 2211 2037 2267 de
2061 2212 2304 2284 indignis
2333 2213 2532 2270 faceret
2571 2215 2784 2287 dignos.
2821 2216 3064 2272 Habebat
3109 2233 3237 2289 ergo
3285 2225 3477 2284 votum

1888 2299 2077 2368 eundi,
2107 2301 2201 2355 sed
2234 2301 2442 2374 majora
2481 2314 2656 2372 erant,
2683 2322 2801 2376 quae
2832 2304 3042 2377 agebat.

1963 2389 2145 2459 (Vers.
2182 2391 2294 2463 19.)
2366 2417 2382 2438 ι
2416 2393 2646 2448 Veniam
2680 2401 2860 2449 autem
2892 2394 3004 2451 cito
3031 2393 3099 2449 ad
3131 2412 3248 2463 vos,
3282 2396 3324 2451 si
3360 2398 3480 2451 Do-

1889 2477 2074 2534 minus
2134 2480 2446 2550 permiserit
2502 2481 2642 2553 (20).
2704 2506 2720 2529 ι
2802 2483 2931 2537 Post
2989 2484 3480 2540 commonitionem

1889 2566 2140 2638 promitit
2171 2584 2227 2623 se
2258 2569 2335 2622 ire
2363 2568 2430 2623 ad
2458 2569 2604 2637 illos,
2631 2569 2723 2624 sed
2741 2570 2787 2624 si
2820 2571 3090 2626 Dominus
3119 2573 3478 2642 permitteret,

1889 2661 1951 2708 ut
1998 2655 2126 2724 quia
2183 2656 2306 2726 plus
2351 2657 2455 2711 scit
2483 2659 2627 2712 Deus
2661 2673 2823 2728 quam
2874 2658 3061 2726 homo,
3093 2659 3216 2716 ideo
3244 2661 3289 2716 si
3319 2662 3482 2718 sciret

1889 2760 2068 2814 operae
2106 2745 2340 2815 pretium
2398 2762 2536 2813 esse,
2589 2748 2974 2818 permitteret:
3033 2759 3086 2804 et
3140 2751 3181 2805 si
3216 2767 3324 2806 non
3359 2751 3482 2818 iret,

1888 2832 2185 2887 Dominum
2216 2849 2326 2888 non
2358 2834 2585 2889 scivisse
2619 2833 2946 2903 ostenderet,
2992 2853 3152 2892 causa
3184 2839 3373 2910 utique
3406 2839 3483 2894 in-

1889 2921 2175 2992 dignitatis
2212 2922 2455 2976 illorum.
3089 2993 3092 2996 Ι

1977 3032 1994 3055 ι
2052 3009 2125 3065 Et
2177 3026 2558 3082 recognoscam
2615 3027 2724 3066 non
2776 3026 3081 3067 sermonem
3115 3013 3358 3082 illorum,
3393 3015 3486 3087 qui

1893 3098 2068 3154 inﬂati
2113 3107 2263 3167 sunt,
2322 3098 2414 3154 sed
2459 3099 2741 3156 virtutem.
2778 3125 2795 3148 ι
2852 3100 3328 3172 Confunditillos,
3360 3105 3488 3176 quia

1893 3203 2019 3242 cum
2067 3187 2290 3260 oblique
2335 3199 2810 3258 conversarentur,
2844 3190 3292 3263 indignabantur,
3331 3192 3486 3265 quasi

1893 3274 2045 3348 digni
2076 3283 2254 3330 essent
2285 3275 2353 3331 ab
2377 3278 2641 3347 Apostolo
2672 3277 2906 3332 visitari.

1962 3365 2145 3432 (Vers.
2202 3364 2319 3436 20.)
2392 3388 2409 3410 ε
2456 3366 2566 3420 Nec
2598 3365 2744 3420 enim
2777 3365 2834 3419 in
2861 3381 3110 3420 sermone
3137 3375 3217 3421 est
3245 3384 3475 3439 regnum

1890 3451 2009 3519 Dei,
2041 3451 2137 3506 sed
2182 3452 2241 3506 in
2290 3451 2515 3506 virtute.
2550 3477 2567 3498 ι
2631 3453 2701 3508 Ut
2753 3453 2897 3508 sicut
2951 3469 3178 3524 regnum
3227 3454 3324 3509 Dei
3377 3472 3490 3511 non

1890 3542 2180 3614 splendore
2210 3542 2507 3597 verborum
2537 3543 2976 3611 commendatur,
3025 3543 3117 3599 sed
3165 3545 3371 3600 virtute
3418 3545 3489 3600 si-

1896 3650 2152 3705 gnorum,
2191 3633 2269 3689 ita
2296 3641 2349 3689 et
2377 3632 2433 3688 hi
2466 3650 2577 3689 non
2605 3633 2792 3690 verbis
2811 3634 2998 3702 nudis,
3029 3633 3121 3690 sed
3145 3635 3348 3690 virtute
3364 3652 3489 3706 ope-

1893 3740 2015 3778 rum
2047 3723 2420 3795 spiritualium
2451 3723 2647 3796 dignos
2676 3740 2731 3779 se
2761 3725 3111 3780 ostenderent
3139 3724 3206 3779 ab
3224 3725 3490 3797 Apostolo

1895 3813 2131 3870 visitari.

1969 3903 2150 3971 (Vers.
2211 3902 2323 3974 21.)
2397 3927 2414 3950 ι
2457 3902 2603 3970 Quid
2651 3903 2819 3958 vultis
2853 3905 2864 3958 l
2904 3905 2964 3958 In
2997 3903 3150 3974 virga
3181 3903 3396 3958 veniam
3423 3903 3491 3960 ad

1899 4011 2015 4062 vos,
2076 4011 2143 4049 an
2201 3995 2256 4049 in
2302 3994 2570 4050 charitate
2604 4002 2657 4050 et
2699 3993 2896 4066 spiritu
2929 3992 3369 4049 mansuetudinis
3399 3993 3427 4048 ?
3461 4019 3478 4041 ι

1896 4084 2143 4140 Terroris
2172 4083 2338 4138 verba
2368 4082 2555 4150 infert,
2589 4091 2649 4138 ut
2678 4081 2938 4155 pudorem
2988 4082 3152 4154 passi,
3186 4081 3279 4154 qui
3314 4081 3491 4137 inﬂati

1898 4180 2073 4240 erant,
2122 4172 2588 4236 humiliarentur;
2638 4178 2698 4226 ut
2748 4171 2793 4226 si
2821 4187 2946 4225 vere
2979 4170 3228 4241 Apostoli
3261 4186 3490 4241 praesen-

1899 4262 2036 4317 tiam
2075 4261 2471 4327 desiderarent,
2503 4267 2871 4332 prmpararent
2917 4275 2973 4314 se
3002 4257 3070 4314 ad
3103 4257 3490 4329 excipiendum

1899 4370 2045 4420 eum,
2104 4352 2162 4408 id
2200 4359 2301 4418 est,
2355 4350 2641 4406 abluerent
2684 4367 2740 4405 se
2779 4350 2847 4405 ab
2876 4350 3027 4405 omni
3058 4350 3271 4404 macula
3294 4347 3494 4403 crimi-

1901 4443 1987 4498 nis
2018 4442 2135 4514 (21)
2164 4460 2177 4510 ;
2208 4449 2270 4496 ut
2295 4441 2522 4496 veniens
2548 4439 2614 4494 ad
2639 4439 2783 4508 illos,
2817 4427 3063 4495 laetitiam
3098 4437 3320 4493 haberet
3337 4435 3492 4508 quasi

1899 4550 2024 4589 cum
2059 4532 2190 4588 ﬁliis
2219 4531 2581 4589 charissimis.

2512 4638 2740 4695 CAPUT
2761 4637 2833 4693 V.

1967 4748 2150 4820 (Vers.
2186 4747 2264 4818 1.)
2310 4770 2326 4791 ι
2359 4744 2600 4802 Omnino
2629 4743 2853 4800 auditur
2874 4742 3017 4796 inter
3038 4755 3140 4794 vos
3174 4737 3487 4803 fornicatio,

1896 4845 1950 4892 et
2000 4836 2127 4893 talis
2183 4834 2499 4900 fornicatio,
2553 4832 2730 4904 qualis
2788 4846 2889 4884 nec
2941 4827 3085 4882 inter
3116 4833 3320 4897 gentes.
3359 4851 3375 4872 ι
3420 4827 3492 4882 Ut

1905 4943 2065 5001 quam
2121 4942 2282 4998 grave
2333 4927 2406 4981 sit
2449 4922 2594 4978 istud
2638 4927 2776 4982 127
2827 4926 3108 4991 peccatum
3159 4917 3489 4986 ostenderet,

1898 5041 2000 5081 nec
2028 5025 2095 5080 ab
2147 5024 2218 5078 iis
2259 5023 2365 5078 hoc
2401 5020 2547 5076 dixit
2582 5017 2825 5085 admitti,
2855 5017 2951 5090 qui
2982 5018 3155 5072 Deum
3189 5015 3444 5072 nesciunt
3472 5033 3486 5081 ;

1893 5123 1956 5170 ut
2003 5112 2231 5186 proinde
2281 5128 2388 5184 qua
2417 5124 2576 5182 paena
2604 5107 2696 5163 hic
2727 5105 3078 5163 mulctandus
3108 5113 3267 5174 esset,
3301 5112 3494 5161 osten-

1895 5202 2067 5270 deret,
2096 5200 2189 5274 qui
2219 5199 2321 5255 sub
2350 5208 2552 5254 aeterna
2579 5204 2634 5252 et
2661 5195 2852 5251 divina
2873 5193 3093 5266 justitia
3126 5195 3242 5267 (22)
3275 5193 3495 5250 consti-

1898 5299 2072 5359 tutus,
2112 5290 2250 5346 tanti
2285 5289 2507 5346 sceleris
2535 5288 2743 5343 crimen
2774 5286 3088 5343 admiserat.

1983 5403 2002 5426 ε
2047 5381 2126 5436 Ita
2168 5387 2231 5435 ut
2276 5380 2401 5452 quis
2441 5394 2672 5434 uxorem
2705 5376 2877 5450 patris
2908 5374 3122 5431 habeat.
3158 5399 3175 5421 ι
3217 5370 3491 5429 Ρττθιηὶδεὶ

1998 5525 2092 5598 21)
2121 5521 2385 5598 Nonnulli
2420 5539 2573 5591 mss.,
2603 5522 2669 5598 ab
2699 5521 2842 5598 omni
2857 5520 3020 5590 plaga
3048 5515 3308 5598 criminis.
3345 5585 3355 5596 .
3433 5588 3464 5598 Η

1998 5525 2092 5597 21)
2121 5525 2385 5582 Nonnulli
2420 5539 2573 5591 mss.,
2603 5525 2669 5578 ab
2699 5525 2842 5576 omni
2857 5525 3020 5590 plaga
3048 5525 3308 5598 criminis.
3345 5585 3355 5596 .
3456 5588 3464 5597 ι

1973 5525 2092 5672 122)
2124 5597 2232 5654 Mss
2260 5595 2488 5670 aliquot,
2528 5594 2620 5666 qui
2658 5593 2751 5648 sub
2789 5598 2997 5646 terrena
3027 5596 3075 5646 et
3108 5589 3294 5646 divina
3325 5593 3490 5657 Justi-

1903 5671 1997 5728 tia.
