3976 6374
461 387 566 447 219

460 623 612 666 reum
643 605 840 664 mortis
870 606 1094 672 faceret,
1125 603 1219 659 sed
1251 611 1305 659 et
1333 603 1678 660 adhaerentes
1708 605 1790 660 illi
1825 622 1935 662 non
1964 607 2063 661 im-

461 713 657 754 munes
707 711 739 751 a
785 695 1019 751 crimine
1067 694 1484 760 demonstraret;
1517 693 1577 748 in
1606 710 1715 766 quo
1743 694 1890 750 enim
1922 694 2062 751 diffi-

461 789 566 846 cile
596 793 872 861 peccatur,
906 784 1029 856 plus
1054 783 1188 839 facit
1216 799 1391 838 reum.

535 876 722 948 (Vers.
767 873 848 941 2.)
922 895 941 917 ι
984 872 1057 927 Et
1103 887 1203 925 vos
1251 869 1430 924 inﬂati
1473 867 1626 937 estis,
1665 876 1859 924 etnon
1890 870 2063 942 magis

462 967 671 1021 luctum
725 961 1018 1019 habuistis.
1071 983 1090 1006 ›
1146 958 1468 1030 Superbiam
1501 958 1723 1014 illorum
1757 960 1813 1015 in
1846 969 2059 1022 tantum

463 1055 740 1122 humiliat,
782 1060 844 1109 ut
870 1067 981 1106 non
1012 1049 1273 1122 querulos
1296 1049 1434 1121 jam,
1464 1050 1559 1106 sed
1590 1051 1760 1122 magis
1789 1054 2061 1124 supplices

461 1145 643 1203 faciat.
677 1144 851 1198 Erant
878 1139 1023 1196 enim
1055 1146 1110 1193 et
1143 1138 1248 1210 ipsi
1292 1139 1608 1211 participes,
1639 1140 1769 1196 dum
1799 1151 2061 1213 pateren—

459 1244 550 1291 tur
585 1249 735 1290 reum
767 1240 880 1288 tam
913 1229 1152 1301 ingentis
1184 1229 1448 1285 facinoris
1468 1247 1651 1286 secum
1686 1231 2057 1306 incorreptum

459 1324 757 1381 convenire
783 1340 796 1390 ;
844 1328 908 1376 ut
940 1335 1132 1375 omnes
1161 1334 1274 1374 uno
1307 1319 1539 1375 consilio
1581 1319 1881 1392 abjicerent
1909 1340 2057 1392 eum,

459 1417 504 1472 si
563 1420 785 1486 negaret
832 1410 1122 1467 emendare
1177 1425 1254 1464 se.
1288 1409 1344 1464 Si
1374 1417 1554 1464 autem
1586 1411 1710 1482 quis
1737 1420 2058 1484 potestatem

461 1522 575 1562 non
623 1504 809 1572 habet,
868 1517 1029 1574 quem
1074 1500 1179 1556 scit
1208 1515 1384 1567 reum,
1416 1499 1672 1571 abjicere,
1707 1511 1802 1558 aut
1829 1503 2060 1576 probare

460 1611 572 1652 non
603 1594 772 1661 valet,
803 1590 1070 1648 immunis
1098 1596 1203 1655 est,
1233 1595 1287 1644 et
1310 1587 1517 1660 judicis
1542 1605 1651 1645 non
1679 1600 1760 1646 est
1793 1590 1912 1648 sine
1957 1609 2060 1649 ac-

460 1693 711 1743 cusatore
762 1682 1044 1749 damnare,
1082 1679 1212 1753 quia
1269 1686 1324 1734 et
1376 1680 1644 1736 Dominus
1681 1680 1898 1750 Judam,
1931 1700 2056 1740 cum

459 1775 550 1830 fur
593 1780 752 1841 esset,
803 1771 933 1844 quia
979 1785 1090 1825 non
1121 1775 1202 1823 est
1234 1776 1542 1836 accusatus,
1575 1768 1804 1825 minime
1835 1771 2053 1843 abjecit.

1511 384 1607 440 AD
1646 383 1879 442 OPERA
1918 385 1973 441 S.
2017 386 2351 444 AMBROSII
2381 386 2763 445 APPENDIX.

461 515 711 576 criminis
740 512 990 588 prodidit
1019 528 1210 587 genus,
1242 521 1305 568 ut
1333 529 1443 570 non
1475 514 1652 569 solum
1687 515 1845 571 illum
1879 523 2063 590 aperte
2091 534 2141 592 Α

3667 393 3778 454 220

2259 544 2276 566 ε
2327 519 2398 576 Ut
2423 519 2649 592 spiritus
2677 519 2861 576 salvus
2889 519 2961 576 sit
2993 518 3050 575 in
3080 517 3171 575 die
3196 519 3423 579 Domini
3453 522 3583 580 Jesu
3613 523 3776 584 Chri-

2174 608 2264 664 sti.
2297 633 2315 658 ι
2357 609 2546 666 Tradit
2574 611 3010 668 contaminatum
3050 610 3429 680 supradictum
3461 613 3680 672 Satanae
3712 624 3777 673 ut

2173 699 2399 770 spiritus
2457 701 2638 756 salvus
2695 700 2766 756 sit
2821 702 2877 754 in
2937 698 3257 756 hominibus
3300 701 3560 759 Ecclesiae
3591 704 3650 760 in
3683 704 3777 761 die

2165 787 2399 860 judicii;
2467 789 2572 844 nisi
2619 789 2764 844 enim
2805 787 3012 860 ejectus
3059 797 3217 855 esset,
3251 806 3362 846 non
3393 790 3548 848 fieret
3577 795 3773 850 salvus

2171 879 2397 950 spiritus
2452 877 2714 934 Ecclesiae
2768 877 2824 932 in
2875 876 2964 932 die
3006 877 3227 949 judicii.
3271 879 3565 936 Deserebat
3617 883 3772 938 enim

2172 982 2361 1020 omnes
2417 965 2900 1021 contaminationis
2952 981 3134 1033 causa,
3186 973 3247 1022 ut
3295 966 3354 1022 in
3409 967 3499 1024 die
3545 971 3772 1027 Domini

2172 1055 2304 1110 nudi
2353 1055 2420 1110 ab
2472 1055 2680 1127 Spiritu
2734 1062 2923 1111 sancto
2964 1053 3198 1123 inventi,
3238 1055 3495 1113 audirent
3524 1059 3773 1131 ajudice

2171 1146 2407 1202 Domino
2433 1159 2444 1197 :
2492 1169 2510 1192 ι
2542 1143 2796 1201 Recedite
2825 1161 2855 1199 a
2879 1161 2984 1211 me,
3016 1161 3128 1200 non
3155 1145 3287 1200 novi
3319 1163 3417 1203 vos
3443 1150 3772 1219 (Matth.vrr,

2169 1236 2260 1304 23)
2297 1254 2309 1302 ;
2371 1259 2388 1283 ›
2457 1234 2601 1290 sicut
2649 1234 2786 1290 dicit
2837 1233 2903 1288 ad
2934 1235 3246 1291 Romanos:
3294 1259 3312 1282 ε
3343 1236 3399 1292 Si
3430 1237 3554 1310 quis
3581 1246 3771 1295 autem

2169 1325 2424 1396 spiritum
2461 1324 2666 1381 Christi
2700 1339 2810 1379 non
2840 1323 3025 1392 habet,
3063 1324 3155 1379 hic
3186 1340 3296 1380 non
3323 1333 3405 1381 est
3433 1327 3552 1398 ejus
3584 1330 3768 1399 (Rom.

2169 1432 2292 1482 vui,
2313 1416 2370 1485 9)
2406 1432 2419 1481 ;
2468 1439 2486 1462 ι
2529 1422 2582 1469 et
2623 1414 2679 1469 in
2711 1414 2816 1469 alia
2848 1414 3127 1486 Epistola:
3175 1440 3193 1461 ι
3221 1415 3404 1472 Nolite
3437 1419 3773 1474 contristare

2169 1504 2434 1576 Spiritum
2482 1512 2730 1560 sanctum
2789 1503 2885 1558 Dei
2934 1505 3150 1574 (Ephes.
3184 1522 3258 1573 IV,
3311 1506 3425 1576 30).
3473 1531 3491 1555 ι
3533 1507 3590 1563 Si
3617 1509 3775 1564 enim

2168 1592 2545 1658 contristatur,
2575 1590 2777 1646 deserit
2818 1599 2871 1645 et
2901 1607 3011 1646 non
3041 1593 3148 1647 erit
3175 1593 3392 1650 salvus:
3428 1611 3540 1651 non
3570 1595 3774 1668 utique

2169 1683 2294 1750 sibi,
2344 1682 2440 1755 qui
2497 1681 2856 1754 impassibilis
2903 1690 3004 1750 est,
3049 1683 3143 1739 sed
3174 1685 3334 1741 nobis
3365 1686 3572 1757 quibus
3600 1687 3772 1744 datus

2168 1780 2281 1828 est:
2314 1779 2375 1828 ut
2404 1788 2500 1844 per
2529 1772 2685 1826 illum
2717 1771 2815 1826 Dei
2847 1771 2949 1826 ﬁlii
2977 1788 3091 1827 esse
3138 1773 3452 1844 probemur.
3484 1775 3587 1831 Res
3615 1775 3772 1831 enim

545 1888 562 1911 ι
608 1864 677 1918 Ut
722 1861 1010 1917 tolleretur
1038 1858 1106 1915 de
1137 1858 1322 1913 medio
1349 1867 1615 1928 vestrum,
1645 1859 1738 1932 qui
1782 1859 1888 1916 hoc
1917 1877 2055 1932 opus
2086 1893 2132 1953 Β
2168 1877 2287 1933 quae
2323 1861 2614 1927 amittitur,
2644 1861 2795 1916 salva
2825 1877 2936 1917 non
2965 1869 3068 1930 est,
3099 1879 3211 1918 non
3243 1863 3435 1937 utique
3481 1863 3610 1933 sibi,
3644 1881 3774 1938 qua:

458 1953 611 2010 fecit.
635 1977 652 1998 ι
706 1951 941 2022 Cognito
968 1964 1130 2020 opere
1159 1948 1286 2016 isto,
1320 1947 1634 2019 pellendum
1668 1948 1826 2003 illum
1882 1949 2052 2004 fuisse

460 2043 528 2099 de
553 2049 699 2098 coetu
728 2038 1108 2104 fraternitatis;
1137 2053 1326 2093 omnes
1354 2036 1500 2092 enim
1531 2037 1742 2093 crimen
1772 2037 1889 2110 ejus
1920 2039 2054 2095 scie-

461 2133 619 2197 bant,
687 2139 740 2188 et
782 2147 893 2187 non
938 2129 1271 2201 arguebant;
1305 2128 1526 2200 publice
1556 2127 1702 2182 enim
1761 2143 2054 2185 novercam

462 2239 618 2278 suam
655 2223 774 2278 loco
805 2221 996 2277 uxoris
1021 2219 1276 2275 habebat.
1299 2219 1361 2274 In
1393 2235 1500 2289 qua
1533 2233 1590 2272 re
1618 2233 1795 2288 neque
1824 2218 2056 2274 testibus

458 2330 598 2385 opus
635 2319 770 2381 erat,
804 2326 980 2385 neque
1017 2306 1470 2382 tergiversatione
1498 2305 1683 2378 aliqua
1703 2313 1916 2378 poterat
1943 2309 2054 2380 tegi

457 2418 689 2460 crimen.

531 2492 712 2563 (Vers.
745 2490 900 2560 3-5.)
961 2511 979 2535 ε
1014 2489 1131 2558 Ego
1162 2483 1386 2558 quidem
1417 2483 1612 2540 absens
1640 2499 1890 2555 corpore,
1920 2501 2051 2556 prae-

456 2598 581 2638 sens
609 2588 794 2636 autem
825 2577 1027 2650 spiritu
1060 2594 1073 2642 ;
1131 2598 1148 2621 ι
1200 2573 1258 2629 id
1285 2580 1388 2641 est,
1420 2572 1616 2629 absens
1643 2573 1783 2629 facie
1812 2591 2056 2645 praesens

456 2692 639 2740 autem
697 2676 1022 2737 auctoritate
1077 2671 1305 2746 spiritus
1334 2719 1348 2743 ,
1405 2674 1500 2746 qui
1556 2689 1825 2746 nusquam
1879 2675 2047 2731 abest.

469 2771 609 2825 «Iam
635 2764 884 2840 judicavi
915 2771 976 2820 ut
1016 2778 1272 2835 praesens,
1302 2777 1426 2817 eum
1459 2761 1552 2833 qui
1585 2762 1690 2818 hoc
1717 2762 1960 2832 admisit,
1994 2766 2050 2820 in

458 2858 684 2915 nomine
714 2853 939 2912 Domini
979 2852 1152 2907 nostri
1183 2852 1310 2907 Jesu
1349 2850 1556 2909 Christi
1587 2854 1927 2925 congregatis
1957 2871 2049 2910 vo-

456 2957 542 3013 bis
580 2963 634 3010 et
651 2970 772 3009 meo
802 2951 1022 3023 spiritu,
1053 2967 1177 3006 cum
1209 2951 1416 3006 virtute
1445 2951 1669 3006 Domini
1702 2952 1876 3006 nostri
1900 2953 2048 3021 Jesu,

460 3044 671 3100 tradere
729 3041 879 3096 hunc
924 3039 1134 3094 Satanae
1165 3038 1223 3092 in
1263 3039 1546 3095 interitum
1595 3041 1796 3097 carnis.
1831 3067 1849 3090 ι
1891 3042 2052 3108 Quo-

458 3133 609 3188 niam
665 3127 845 3183 omnis
881 3127 1000 3201 (23)
1056 3127 1238 3184 carnis
1269 3127 1521 3200 voluptas
1549 3145 1578 3183 a
1607 3128 1827 3184 diabolo
1857 3138 1958 3199 est,
1987 3148 2050 3189 ac

2170 1950 2484 2024 ubicunque
2513 1951 2605 2018 sit,
2637 1966 2852 2008 necesse
2878 1959 2961 2008 est
2983 1959 3044 2007 ut
3072 1952 3175 2020 sit;
3210 1953 3305 2010 sed
3333 1954 3386 2009 ei
3413 1971 3446 2011 a
3473 1970 3583 2029 quo
3607 1954 3773 2011 amit-

2169 2041 2325 2097 titur.

2243 2132 2424 2203 (Vers.
2457 2132 2539 2203 6.)
2585 2155 2602 2178 ι
2634 2133 2785 2188 Bona
2811 2139 2895 2189 est
2924 2132 3178 2205 gloriatio
3205 2141 3388 2189 vestra
3417 2136 3574 2207 (26)?
3599 2161 3618 2186 ›
3650 2137 3769 2195 Hoc

2168 2228 2396 2289 est,non
2425 2222 2568 2277 bona
2595 2231 2710 2290 est;
2747 2222 2856 2280 laeti
2882 2223 3028 2278 enim
3059 2232 3234 2292 erant,
3266 2240 3392 2279 cum
3429 2225 3606 2296 magis
3623 2243 3771 2284 con-

2166 2313 2372 2369 tristari
2403 2313 2694 2370 debuerint
2724 2315 2779 2369 in
2806 2314 2977 2370 fratre
3005 2323 3117 2370 tam
3149 2315 3340 2371 acerbe
3368 2325 3656 2387 peccante,
3698 2317 3771 2373 si-

2166 2411 2259 2459 cut
2291 2403 2461 2459 tristis
2491 2404 2598 2459 fuit
2626 2405 2842 2460 Samuel
2874 2405 2931 2459 in
2963 2405 3088 2460 Saul
3120 2412 3395 2475 peccante.
3427 2406 3476 2460 A
3506 2421 3616 2479 quo
3644 2407 3772 2465 cri-

2166 2492 2315 2547 mine
2362 2492 2489 2547 mali
2535 2492 2784 2548 doctores
2833 2502 2928 2548 aut
2954 2492 3394 2561 dissimulabant,
3439 2503 3534 2550 aut
3569 2496 3764 2568 negli-

2167 2583 2381 2655 gentius
2403 2583 2703 2656 arguebant
2737 2585 2902 2654 (sicut
2932 2593 2984 2640 et
3015 2584 3134 2640 Heli
3166 2585 3419 2641 sacerdos
3455 2586 3514 2657 (Ι
3535 2588 3662 2658 Reg.
3699 2605 3764 2656 ιι,

2166 2673 2257 2745 23)
2291 2673 2435 2728 ﬁlios
2460 2690 2589 2729 suos
2618 2681 2902 2745 peccantes
2931 2674 2988 2728 in
3011 2675 3234 2746 Deum),
3268 2689 3337 2729 ne
3367 2675 3539 2731 amari
3578 2685 3766 2733 essent

2165 2761 2484 2819 hominibus
2513 2764 2653 2834 (27).

2249 2877 2266 2899 ι
2299 2853 2533 2910 Nescitis
2563 2854 2691 2927 quia
2719 2853 2997 2909 modicum
3028 2853 3361 2910 fermentum
3395 2860 3566 2910 totam
3614 2872 3758 2914 mas-

2163 2959 2275 2998 sam
2306 2941 2660 3014 corrumpit?
2690 2968 2706 2990 ι
2749 2944 2830 2998 Ita
2864 2952 2917 2998 et
2945 2951 3231 3015 peccatum
3263 2944 3448 3013 unius,
3481 2945 3630 3017 quod
3658 2963 3765 3002 co-

2163 3033 2376 3103 gnitum
2411 3050 2521 3089 non
2545 3036 2812 3105 arguitur,
2845 3035 3048 3090 multos
3077 3035 3415 3092 contaminat
3441 3054 3454 3104 ;
3490 3036 3602 3092 imo
3632 3053 3768 3093 om-

2162 3139 2257 3178 nes
2305 3123 2396 3194 qui
2447 3132 2674 3190 uorunt,
2724 3133 2777 3179 et
2822 3140 2932 3179 non
2969 3124 3236 3193 devitant,
3270 3133 3364 3180 aut
3389 3142 3515 3182 cum
3546 3128 3766 3199 possint

456 3237 553 3294 per
583 3219 710 3285 hoc,
742 3235 866 3274 cum
899 3217 1030 3274 huic
1056 3217 1327 3289 voluptati
1350 3217 1673 3286 remittitur,
1697 3219 1936 3276 traditur
1961 3220 2050 3276 Sa-
2087 3247 2129 3308 Ο
2160 3232 2403 3287 arguere,
2440 3216 2813 3272 dissimulant.
2845 3218 2982 3272 Nom
3005 3218 3152 3273 enim
3186 3218 3289 3274 sibi
3321 3218 3542 3275 videtur
3569 3236 3760 3292 pecca-

455 3321 618 3376 tanae;
671 3324 797 3364 caro
845 3307 993 3362 enim
1027 3306 1132 3363 hoc
1159 3306 1323 3363 habet
1347 3307 1403 3362 in
1440 3315 1655 3376 natura,
1687 3317 1749 3363 ut
1778 3309 2046 3376 intereat;

455 3400 639 3455 anima
668 3413 794 3469 ergo
821 3413 944 3453 cum
976 3411 1032 3452 se
1077 3395 1265 3468 jungit
1293 3395 1569 3452 desiderio
1596 3394 1733 3468 ejus,
1765 3397 2051 3454 infirmans

455 3488 797 3560 spiritualem
827 3503 987 3544 suum
1020 3485 1289 3559 vigorem,
1335 3485 1499 3541 simul
1532 3485 1793 3542 interitur
1820 3487 2046 3559 patitur.

453 3579 640 3653 Itaque
682 3579 726 3633 si
772 3577 866 3632 hic
903 3584 1186 3648 correptus
1226 3576 1400 3649 stupri
1432 3575 1675 3632 admissi.
1709 3577 2051 3634 erubesceret

453 3669 687 3740 ejectum
745 3682 823 3731 se,
863 3682 974 3720 non
1006 3665 1277 3733 interiret,
1310 3666 1631 3736 pcenitentia
1661 3666 2046 3738 subsequente.

453 3759 576 3816 Non
612 3762 828 3812 tantum
886 3753 1135 3809 omnium
1195 3769 1466 3809 consensu
1513 3762 1566 3809 et
1594 3757 1920 3826 praesentia;
1955 3757 2051 3814 sed

453 3848 660 3904 virtute
713 3845 936 3901 Domini
990 3845 1138 3914 Jesu,
1184 3844 1242 3901 id
1290 3853 1372 3901 est
1409 3847 1679 3902 sententia
1708 3846 1869 3920 cujus
1896 3849 2050 3920 lega--

453 3937 606 3992 tione
667 3934 956 4007 fugebatur
1011 3935 1334 4008 Apostolus,
1383 3935 1756 4007 abjiciendum
1793 3937 1952 3994 illum
1984 3939 2050 3995 de

454 4023 703 4080 Ecclesia
731 4024 944 4080 censuit
976 4024 1116 4098 (24).
1137 4024 1272 4081 Cum
1291 4024 1532 4096 ejicitur,
1563 4026 1810 4082 tradetur
1837 4027 2049 4084 Satanas

453 4115 512 4170 in
537 4113 827 4169 interitum
857 4114 1039 4170 carnis
1071 4132 1084 4182 ;
1117 4122 1168 4169 et
1194 4113 1377 4168 anima
1421 4115 1570 4170 enim
1603 4124 1655 4171 et
1683 4134 1882 4190 corpus
1911 4119 2048 4174 inte-

453 4212 634 4271 reunt,
666 4201 886 4275 quando
903 4219 1022 4275 quae
1055 4209 1248 4257 contra
1274 4202 1446 4273 legem
1478 4212 1629 4272 sunt,
1661 4205 1837 4261 ﬁunt:
1873 4207 1966 4263 sed
1991 4210 2047 4264 in

452 4291 556 4348 hac
607 4292 766 4347 aliter
801 4307 962 4346 causa
989 4290 1251 4346 interitus
1279 4292 1460 4346 carnis
1490 4291 1703 4348 homini
1733 4295 2045 4367 deputatur.

451 4389 775 4461 Quanquam
805 4387 952 4444 enim
983 4388 1171 4444 omnia
1203 4395 1421 4461 peccata
1450 4390 1726 4445 carnalem
1761 4391 2045 4451 hominem

449 4485 730 4552 praestent,
790 4477 896 4534 hoc
939 4484 1122 4534 tamen
1153 4478 1466 4550 specialiter
1495 4478 1829 4536 desiderium
1864 4485 2048 4540 carnis

449 4578 551 4637 est,
600 4584 709 4641 quo
755 4584 880 4623 cum
937 4583 1166 4638 corpore
1217 4566 1382 4623 tradit
1413 4568 1710 4640 gehennm;
1743 4571 1871 4643 quia
1899 4573 2046 4629 victa

446 4658 651 4727 anima,
682 4656 938 4714 sordibus
965 4658 1236 4712 maculata
1264 4657 1470 4727 anima,
1505 4659 1739 4717 libidine
1769 4662 1952 4718 carnis
1983 4663 2046 4719 fit

446 4765 572 4804 caro
605 4748 762 4821 (25);
804 4747 948 4805 sicut
975 4754 1030 4803 et
1067 4764 1267 4820 corpus
1296 4756 1440 4805 recte
1471 4748 1835 4822 gubernatum
1867 4753 2041 4825 Spiri-

447 4837 554 4892 tale
604 4838 928 4909 appellatur.
979 4838 1218 4894 Animus
1267 4845 1450 4894 tamen
1480 4847 1579 4907 est,
1611 4841 1704 4914 qui
1735 4851 1829 4898 aut
1859 4843 2041 4900 victus

449 4924 743 4993 illecebris,
790 4933 968 4983 totum
1018 4927 1302 4984 hominem
1344 4944 1604 4984 carneum
1655 4930 1816 4987 facit:
1856 4941 1952 4987 aut
1981 4933 2040 4989 in

448 5013 636 5084 vigore
661 5020 869 5070 natura;
903 5031 1016 5071 sua;
1044 5033 1292 5086 manens,
1325 5018 1478 5074 carni
1510 5027 1736 5091 prestat,
1767 5029 1828 5077 ut
1866 5023 2042 5096 spiri—

446 5101 614 5160 tualis
642 5101 877 5160 dicatur.

519 5246 657 5320 (23)
689 5246 770 5303 Ita
820 5263 948 5303 mss.
982 5253 1038 5302 et
1067 5243 1198 5304 edit.
1235 5257 1368 5320 _vet.;
1401 5257 1457 5305 at
1485 5253 1642 5310 Rom.
1683 5252 1818 5309 edit.
1848 5270 2041 5312 vocem

445 5321 615 5375 omnis
644 5319 777 5376 hinc
799 5326 1087 5375 resecarat.

518 5391 636 5467 (24)
660 5391 934 5467 ANonnulli
953 5391 1102 5467 cod,
1122 5394 1260 5467 Nam
1277 5395 1516 5467 omnium
1545 5411 1814 5467 consensu,
1839 5404 1888 5451 et
1901 5415 2040 5467 prce-

447 5463 614 5540 senlia
645 5465 900 5540 Spiritus,
947 5462 1098 5532 cujus
1123 5464 1500 5540 legatione...”
1534 5465 1595 5519 de
1623 5462 1860 5540 Ecclesia
1885 5462 2039 5540 prce:

446 5534 608 5607 cepit_;
655 5534 749 5589 alii
798 5550 928 5607 mss.
979 5542 1033 5592 et
1075 5534 1207 5592 edit.
1260 5537 1405 5590 inter
1445 5551 1500 5590 se
1529 5534 1902 5607 consentiunt;
1935 5539 2042 5595 nisi

446 5603 593 5677 quod
643 5613 753 5680 vet.
774 5606 936 5680 _edit.
973 5607 1276 5680 praeferunt
1303 5607 1469 5680 etiam
1498 5624 1624 5662 nam
1653 5627 1750 5680 pro
1779 5603 1906 5677 non,
1939 5627 2041 5666 nec

446 5675 558 5732 non
598 5675 935 5753 perindenac
974 5675 1310 5753 Rom._ed_it.
1342 5678 1610 5734 omittunt
1638 5675 1863 5749 tantum,
1891 5675 2042 5753 quod

445 5763 545 5806 nos
573 5763 604 5804 θ
632 5763 762 5804 mss.
795 5749 1009 5820 aliquot
1039 5749 1404 5806 restituimus.

2161 3321 2240 3369 re,
2277 3304 2496 3376 quando
2525 3321 2557 3359 a
2585 3303 2740 3360 nullo
2769 3305 3067 3376 corripitur
3103 3315 3198 3362 aut
3227 3307 3453 3362 vitatur.

2244 3399 2384 3455 128
2422 3395 2604 3467 (Vers.
2659 3394 2734 3464 7.)
2797 3419 2815 3441 ι
2866 3396 3180 3467 Expurgate
3210 3405 3368 3452 vetus
3395 3397 3757 3467 fermentum,

2161 3501 2220 3547 ut
2250 3492 2371 3547 sitis
2395 3508 2539 3547 nova
2567 3491 2901 3564 conspersio.
2938 3519 2955 3541 ι
3011 3493 3126 3549 Hoc
3156 3492 3364 3564 duplici
3391 3509 3585 3565 genere
3613 3493 3758 3550 acci-

2161 3580 2421 3652 piendum
2479 3588 2581 3650 est,
2632 3581 2762 3653 quia
2807 3589 2888 3636 est
2933 3589 2988 3637 et
3026 3582 3355 3638 fermentum
3389 3581 3632 3638 humana
3661 3583 3761 3639 do-

2161 3671 2359 3737 ctrina,
2389 3671 2605 3727 dicente
2633 3672 2914 3727 Salvatore
2939 3691 2949 3727 :
2997 3695 3015 3718 ‹
3043 3673 3241 3730 Cavete
3270 3671 3584 3728 afermento
3617 3671 3758 3728 Pha~

2160 3759 2442 3816 risaeorum
2496 3762 2707 3833 (Matth.
2758 3777 2875 3828 xvr,
2919 3761 2999 3832 6),
3050 3787 3069 3810 ι
3104 3761 3161 3816 id
3190 3771 3272 3817 est
3306 3777 3337 3816 a
3375 3762 3649 3819 doctrina.
3684 3763 3761 3818 Et

2160 3849 2227 3904 ad
2284 3850 2481 3905 malam
2532 3866 2661 3923 ergo
2698 3850 3007 3907 doctrinam
3065 3850 3387 3918 cavendam,
3431 3859 3486 3907 et
3513 3851 3581 3907 ad
3609 3850 3760 3909 hanc

2161 3956 2378 3995 causam
2427 3942 2637 3998 dictum
2688 3950 2790 4008 est,
2843 3943 2971 4015 quia
2999 3941 3173 4014 ejecto
3204 3943 3558 4012 fornicatore,
3589 3951 3755 4000 vetus

2160 4029 2490 4087 fermentum
2531 4031 2773 4103 ejicitur.
2807 4033 2933 4088 Ideo
2963 4039 3143 4087 autem
3179 4040 3357 4097 vetus,
3381 4033 3510 4105 quia
3538 4032 3760 4104 antiqui

2162 4121 2364 4175 erroris
2393 4130 2674 4191 peccatum
2707 4128 2807 4176 est.
2840 4121 2995 4176 Nova
3022 4128 3205 4176 autem
3228 4121 3572 4193 compositio,
3597 4120 3758 4179 Chri-

2161 4209 2232 4262 sti
2263 4208 2516 4264 doctrina
2546 4216 2646 4264 est.

2244 4322 2261 4344 ι
2293 4299 2447 4354 Sicut
2490 4298 2622 4354 estis
2663 4297 2867 4370 azymi.
2920 4323 2938 4346 ›
2982 4299 3193 4370 Azyma
3219 4315 3288 4354 ex
3318 4316 3480 4356 causa
3508 4316 3617 4356 non
3649 4299 3754 4355 fer-

2159 4400 2413 4447 mentata:
2468 4392 2658 4447 farinae
2715 4392 2925 4447 dictum
2976 4398 3077 4458 est,
3111 4408 3234 4447 cum
3268 4392 3371 4448 filii
3404 4391 3754 4463 Israelejecti

2159 4491 2288 4538 sunt
2324 4482 2389 4537 de
2419 4484 2678 4555 IEgypto;
2712 4492 2773 4539 ut
2803 4483 3134 4538 fermentum
3162 4489 3406 4538 vetustas
3437 4481 3755 4550 haberetur,

2159 4572 2334 4628 azima
2352 4581 2533 4629 autem
2564 4574 2800 4629 novitas.
2834 4571 3079 4644 Abjectis
3108 4572 3256 4627 enim
3305 4572 3583 4628 veteribus
3607 4588 3753 4628 erro-

2158 4662 2311 4719 ribus
2355 4664 2768 4735 ngyptiorum,
2800 4663 2858 4718 in
2907 4678 3107 4718 novam
3139 4662 3310 4734 legem
3338 4661 3550 4718 inducti
3583 4671 3752 4730 sunt;

2151 4753 2230 4808 ita
2277 4760 2330 4808 et
2376 4752 2651 4809 Corinthii
2698 4760 2819 4823 post
2869 4767 3205 4823 paganorum
3227 4768 3440 4808 errores
3469 4751 3526 4808 in
3556 4753 3756 4809 Evan-

2155 4842 2359 4914 geliurn
2415 4841 2622 4899 Christi
2667 4839 2880 4896 inducti
2911 4848 3059 4896 sunt.
3088 4841 3352 4896 Hortatur
3378 4856 3526 4913 ergo,
3566 4849 3628 4897 ut
3672 4857 3755 4898 se-

2150 4932 2391 4988 cundum
2416 4930 2809 5002 professionem
2841 4945 3018 4997 suam,
3053 4945 3217 5002 quam
3245 4929 3314 4984 ab
3341 4929 3609 5002 Apostolo
3647 4929 3754 4985 sub

2152 5021 2378 5076 nomine
2437 5019 2642 5076 Christi
2683 5026 3024 5091 acceperant,
3074 5025 3128 5073 et
3155 5019 3431 5088 viverent,
3457 5018 3574 5091 jam
3620 5019 3756 5075 vitae

2150 5125 2308 5165 novae
2337 5110 2592 5166 cultores:
2627 5117 2681 5166 et
2711 5109 2815 5167 hoc
2843 5117 2926 5165 est
2953 5124 3177 5181 azymos
3209 5124 3345 5165 esse.

2225 5254 2340 5325 (25)
2389 5255 2515 5311 Mss.
2562 5253 2839 5322 nonnulli,
2888 5261 2942 5309 et
2976 5254 3134 5311 Rom.
3168 5251 3327 5325 edit.,
3361 5268 3466 5323 quo
3501 5252 3756 5309 cordibus

2152 5328 2417 5382 maculata
2474 5327 2677 5391 anima,
2729 5344 2760 5380 a
2821 5326 3042 5381 libidine
3093 5324 3273 5380 carnis
3327 5325 3388 5395 ﬁt
3443 5342 3588 5392 caro,
3620 5333 3753 5393 etc.;

2151 5398 2390 5466 Thuan.,
2419 5398 2558 5469 quod
2586 5398 2830 5452 sordibus
2861 5399 3185 5453 maculatam
3213 5396 3448 5452 animant
3477 5414 3594 5451 cum
3620 5414 3758 5451 cor-

2145 5488 2276 5542 pore
2306 5471 2472 5525 tradit
2503 5471 2758 5540 gehennae.

2225 5542 2342 5613 (26)
2376 5544 2457 5597 Ita
2484 5539 2609 5595 mss.
2644 5555 2808 5611 prope
2839 5540 2907 5596 ad
2933 5555 3103 5596 unum
3131 5557 3143 5605 ;
3180 5555 3371 5595 omnes
3407 5555 3542 5595 vero
3582 5539 3752 5610 edit.,

2151 5615 2270 5670 Non
2302 5619 2377 5666 est
2401 5614 2535 5667 bona
2563 5613 2815 5682 gloriatio
2841 5619 3034 5680 vestra,
3073 5615 3166 5666 hoc
3199 5619 3291 5678 est,
3315 5613 3464 5668 mala
3493 5618 3589 5666 est.

2225 5683 2340 5755 (27)
2378 5685 2504 5757 Mss.
2542 5683 2752 5757 Remig.
2796 5699 2858 5740 ac
2887 5683 3083 5752 Laud.,
3117 5700 3181 5739 ne
3232 5700 3454 5740 amarus
3485 5689 3635 5754 esset,
3672 5702 3762 5742 eos

2150 5772 2256 5811 non
2275 5755 2545 5827 arguebat.
