3976 6376
219 440 318 497 221

1313 434 1672 493 COMMENT.
1715 435 1788 492 IN
1824 433 2040 490 EPIST.
2084 434 2106 490 Ι
2144 433 2241 489 AD
2281 432 2437 490 COR.

3420 434 3523 493 222

303 589 321 614 ι
359 563 566 622 Pascha
590 572 841 621 nostrum
863 563 1177 621 immolatus
1204 570 1284 619 est
1311 563 1582 622 Christus.
1620 589 1640 613 ι
1696 565 1802 622 Se-
1842 567 1891 626 A
1919 578 2023 619 nec
2068 577 2416 619 communem
2458 576 2638 618 escam
2682 559 2882 618 docet:
2934 568 2998 616 ut
3039 562 3342 632 erubescat,
3394 581 3522 623 cum

220 655 460 713 cundum
523 655 695 726 legem
752 654 909 711 docet
964 654 1266 710 novitatem
1320 654 1542 711 Paschaa
1598 655 1808 711 ratione

222 742 538 810 consistere,
567 751 621 799 et
651 743 773 800 ideo
803 741 1079 801 Christum
1112 759 1227 800 esse
1256 743 1522 812 occisum,
1558 751 1620 799 ut
1647 759 1715 798 ex
1745 759 1810 798 eo

221 852 363 893 nova
393 834 708 908 praedicatio
749 850 947 890 novam
980 834 1178 890 faceret
1204 835 1674 890 conversationem
1704 851 1717 901 ;
1751 840 1812 889 ut

223 925 353 998 quia
380 923 598 982 Pascha;
639 923 905 980 rationem
939 923 1196 991 colimus,
1229 931 1465 979 veterem
1499 924 1668 978 vitam
1699 938 1810 978 non

222 1029 531 1086 sequamur.
557 1011 758 1068 Pascha
789 1011 971 1084 itaque
993 1011 1300 1068 immolatio
1329 1020 1430 1081 est,
1462 1028 1572 1067 non
1600 1010 1813 1068 transi-

225 1112 330 1171 tus,
362 1103 501 1159 sicut
523 1103 848 1175 quibusdam
871 1102 1091 1158 videtur
1115 1122 1128 1170 ;
1160 1104 1312 1176 prius
1341 1103 1487 1158 enim
1516 1102 1812 1169 Pascha,et

222 1195 302 1251 sic
331 1194 612 1260 transitus,
645 1193 774 1267 quia
803 1203 929 1250 ante
964 1196 1282 1268 exemplum
1314 1196 1614 1253 Salvatoris
1643 1204 1723 1251 est
1757 1203 1813 1250 et

220 1283 299 1340 sic
327 1282 543 1354 signum
574 1282 788 1338 salutis.
823 1283 932 1339 Nec
971 1283 1120 1339 enim
1179 1293 1306 1339 ante
1355 1283 1593 1356 signum,
1646 1301 1812 1358 quam

218 1388 385 1437 crux;
433 1386 559 1426 nam
617 1371 797 1426 occiso
834 1386 1055 1442 vespere
1085 1387 1245 1442 agno,
1296 1372 1355 1427 in
1418 1374 1657 1445 ngypto
1711 1373 1813 1429 ﬁlii

220 1462 379 1517 Israel
411 1460 617 1517 Pascha
647 1468 899 1532 egerunt,
927 1476 995 1515 ex
1035 1460 1193 1532 cujus
1223 1460 1486 1532 sanguine
1521 1470 1698 1533 postes
1727 1462 1813 1517 si-

219 1556 490 1624 gnarunt:
544 1556 605 1604 ut
644 1555 814 1604 noctu
863 1549 1092 1620 angelus
1118 1549 1414 1615 transiens,
1448 1565 1508 1605 ea
1538 1551 1658 1606 loca
1703 1567 1813 1606 non

218 1643 579 1715 contingeret,
601 1659 721 1716 quae
734 1643 998 1716 sanguine
1027 1642 1152 1715 agni
1181 1642 1400 1699 fuerant
1415 1642 1586 1698 oblita
1609 1642 1812 1714 (Exod.

218 1748 322 1801 xu,
352 1732 441 1800 22,
475 1732 593 1803 23).

291 1841 473 1911 (Vers.
501 1839 582 1911 8.)
630 1862 649 1888 ι
687 1839 877 1910 Itaque
912 1837 1051 1893 festa
1081 1834 1444 1905 celebremus,
1477 1853 1587 1892 non
1618 1837 1674 1892 in
1698 1837 1818 1893 fer-

1919 651 2145 720 vitatur,
2179 660 2233 709 et
2262 669 2320 708 se
2349 651 2612 723 corrigat.

1993 741 2172 814 (Veis.
2202 741 2314 812 13.)
2362 741 2590 797 «Nonne
2616 739 2684 796 de
2713 739 2782 795 iis
2813 739 2905 813 qui
2927 739 3078 794 intus
3107 747 3256 807 sunt,
3286 758 3386 798 vos
3436 741 3523 814 ju-

1920 829 2115 886 dicatis
2134 830 2162 887 ?
2200 856 2218 879 n
2262 830 2477 887 Iudicat
2507 829 2648 903 quis,
2668 828 2801 884 dum
2832 827 3102 884 discernit
3129 828 3221 883 cui
3256 829 3412 886 fratri
3432 831 3522 888 ad-

1920 919 2141 987 haereat,
2174 935 2335 993 quem
2367 927 2576 991 arguat,
2608 935 2772 991 quem
2801 917 3028 984 devitet,
3067 940 3086 964 ι
3124 917 3263 973 Nam
3290 933 3383 974 eos
3427 921 3522 992 qui

1920 1008 2053 1063 foris
2081 1016 2227 1072 sunt,
2250 1010 2393 1064 Deus
2427 1006 2776 1077 dijudicabit.
2819 1032 2838 1053 ι
2909 1006 3172 1078 Superius
3204 1023 3215 1060 :
3261 1030 3280 1053 ‹
3312 1008 3514 1077 Nolite,

1921 1097 2016 1164 ait,
2048 1105 2172 1152 ante
2203 1105 2416 1170 tempus
2439 1097 2690 1169 judicare
2722 1097 2780 1169 (Ι
2807 1098 2931 1154 Cor.
2971 1114 3050 1164 IV,
3083 1096 3178 1167 5);
3225 1119 3243 1142 ι
3293 1095 3385 1154 hic
3413 1114 3523 1154 non

1923 1186 2194 1257 prohibet.
2246 1186 2349 1242 Sed
2395 1187 2646 1258 superius
2697 1186 2978 1257 incognita
3009 1201 3102 1258 per
3150 1185 3522 1258 suspicionem

1926 1275 2164 1330 maxime
2187 1275 2254 1331 de
2289 1283 2499 1332 rectore
2532 1275 2818 1349 prohibuit
2831 1275 3099 1346 judicare,
3131 1275 3261 1348 quia
3291 1277 3392 1334 Dei
3423 1295 3523 1334 so—

1923 1364 2034 1420 lius
2073 1374 2154 1421 est
2184 1366 2399 1422 occulta
2426 1365 2706 1436 judicare;
2742 1364 2845 1420 hoc
2884 1372 3064 1420 autem
3098 1365 3236 1432 loco,
3269 1373 3329 1421 ut
3358 1366 3524 1423 frater

1924 1455 2150 1510 fratrem
2179 1456 2458 1512 examinet
2485 1458 2649 1512 etiam
2675 1455 2852 1527 jubet,
2884 1454 3027 1510 sicut
3076 1455 3186 1510 alio
3221 1460 3358 1518 129
3403 1457 3523 1513 loco

1925 1549 2060 1606 dicit
2088 1553 2175 1622 (Il
2206 1553 2330 1608 Cor.
2363 1569 2487 1620 xm,
2517 1553 2574 1623 5)
2603 1569 2614 1607 :
2660 1575 2679 1598 ι
2719 1552 2832 1608 Vos
2858 1550 3004 1623 ipsos
3034 1558 3263 1620 tentate,
3297 1552 3343 1608 si
3391 1553 3520 1608 estis

1925 1637 1982 1693 in
2012 1638 2119 1694 ﬁde
2141 1639 2272 1712 :ipsi
2307 1657 2405 1696 vos
2435 1640 2676 1711 probate.
2711 1664 2728 1686 ι
2772 1639 2876 1706 Qui
2909 1647 3089 1694 autem
3121 1638 3256 1694 foris
3285 1649 3434 1706 sunt,
3465 1640 3524 1695 in

1925 1725 2013 1782 die
2025 1725 2223 1798 judicii
2245 1728 2654 1783 damnabuntur
2679 1747 2690 1795 ;
2713 1727 2841 1800 quia
2867 1726 3014 1782 dixit
3034 1728 3334 1784 Dominus:
3369 1753 3386 1776 ι
3417 1729 3520 1796 Qui

1927 1831 2035 1869 non
2053 1815 2365 1882 crediderit,
2387 1814 2504 1888 jam
2520 1815 2800 1886 judicatus
2825 1821 2906 1870 est
2929 1814 3214 1885 (Joan.m,
3245 1815 3355 1887 i8).
3393 1841 3409 1864 ι
3455 1818 3516 1871 lu

218 1903 406 1986 mento
435 1903 630 1984 veteri.
671 1952 689 1976 ι
737 1903 854 1982 Hoc
879 1936 960 1982 est
1003 1927 1250 1982 lmtitiam
1282 1903 1547 1982 habentes
1578 1942 1818 1981 renova—
1846 1935 1890 1994 Β
1927 1921 2034 1978 quo
2063 1905 2210 1994 enim
2242 1921 2362 1976 spes
2387 1922 2496 1961 non
2527 1912 2626 1972 θεῖν
2661 1910 3005 1994 proment"?
3031 1903 3315 1994 Ῐῖἷλδθηάαδ
3342 1912 3442 1960 95t-

215 2017 407 2085 tionis,
439 2017 582 2073 facta
615 2025 798 2072 vetera
831 2014 1125 2086 fugiamus,
1159 2014 1577 2069 immunditiam
1599 2029 1817 2070 omnem

216 2105 539 2177 abjicientes
568 2121 598 2160 a
643 2104 824 2171 nobis,
865 2119 985 2175 quae
1029 2109 1110 2158 est
1141 2103 1461 2173 corruptio;
1497 2103 1627 2175 quia
1677 2102 1821 2158 sicut

218 2195 548 2252 fermentum
596 2200 766 2248 totam
820 2207 1051 2246 massam
1099 2191 1427 2261 corrumpit,
1468 2191 1547 2245 ita
1584 2199 1638 2246 et
1678 2192 1820 2247 mala

218 2285 334 2339 vita
359 2291 539 2340 totum
569 2281 873 2337 hominem.
906 2281 1052 2352 Ergo
1081 2288 1143 2335 ut
1175 2295 1287 2335 non
1317 2280 1496 2335 solum
1525 2296 1556 2335 a
1584 2281 1817 2352 turpitu-

217 2372 346 2430 dine
387 2372 532 2427 'vitze
584 2388 684 2427 nos
726 2369 1100 2438 observemus,
1160 2367 1254 2425 sed
1294 2377 1348 2426 et
1394 2369 1460 2425 ab
1509 2369 1818 2442 iniquitatis

223 2461 431 2530 studio,
462 2459 664 2534 adjecit
684 2477 696 2515 :

306 2588 322 2610 ι
363 2562 473 2618 Nec
523 2562 580 2617 in
617 2561 887 2618 fermento
930 2559 1157 2616 malitiae
1211 2568 1263 2616 et
1293 2559 1578 2632 nequitiae,
1613 2559 1709 2616 sed
1759 2559 1818 2616 in

227 2651 437 2724 azymis
467 2650 798 2708 sinceritatis
825 2657 879 2706 et
908 2649 1175 2706 veritatis.
1221 2673 1238 2694 ι
1281 2649 1396 2705 Hoc
1424 2657 1526 2717 est,
1557 2657 1619 2705 ut
1646 2649 1818 2705 since-

223 2741 358 2797 ritas
390 2739 650 2797 mundam
701 2740 870 2795 vitam
919 2739 1104 2807 faciat,
1135 2737 1337 2793 veritas
1385 2747 1568 2795 autem
1598 2753 1817 2794 omnem

221 2836 470 2892 fraudem
500 2835 779 2893 excludat.

296 2935 486 3005 (Vers.
524 2933 576 3000 9,
616 2931 728 3002 10.)
771 2956 788 2978 ι
829 2929 1034 3002 Scripsi
1056 2931 1216 2988 vobis
1239 2931 1295 2986 in
1313 2930 1564 3002 epistola,
1583 2947 1652 2986 ne
1671 2946 1818 2987 com-

223 3021 566 3079 misceamini
625 3019 954 3076 fornicariis.
1015 3045 1032 3067 ι
1083 3019 1374 3092 Scripsisse
1430 3035 1487 3074 se
1543 3019 1819 3091 signiﬁcat

223 3113 396 3185 prius,
429 3112 526 3168 ubi
572 3118 884 3169 commonet
931 3110 1077 3177 illos,
1111 3127 1177 3166 ne
1218 3111 1516 3181 jungerent
1545 3125 1601 3164 se
1659 3109 1817 3164 mala:

224 3203 353 3257 vitai
383 3201 725 3258 hominibus.
768 3202 838 3257 Et
867 3200 997 3272 quia
1043 3217 1152 3256 non
1203 3199 1542 3255 intellexisse
1572 3198 1714 3253 forte
1755 3213 1819 3252 ea

2015 2016 2031 2040 ε
2047 1993 2274 2048 Auferte
2288 1995 2489 2049 malum
2508 2010 2576 2048 ex
2589 1994 2747 2049 vobis
2761 1993 2912 2064 ipsis.
2929 2016 2946 2037 ι
2978 1991 3175 2048 Adhuc
3189 2000 3521 2062 commonet,

1927 2087 1989 2137 ut
2018 2081 2398 2140 discernantur
2425 2100 2456 2139 a
2486 2082 2646 2138 malis
2675 2089 2728 2137 et
2754 2081 3013 2153 operibus
3042 2088 3095 2136 et
3125 2080 3464 2137 hominibus.

2539 2215 2764 2272 CAPUT
2797 2215 2892 2272 VI.

2002 2331 2186 2402 (Vers.
2219 2333 2298 2403 1.)
2344 2355 2363 2379 «ι
2392 2331 2575 2388 Audet
2604 2331 2807 2403 aliquis
2836 2339 3079 2388 vestrum
3111 2330 3372 2387 adversus
3394 2330 3522 2386 alte-

1926 2435 2048 2475 rum
2091 2419 2297 2476 habens
2327 2421 2626 2493 negotium,
2641 2419 2881 2492 judicari
2903 2421 3046 2492 apud
3067 2419 3308 2492 iniquos,
3339 2427 3393 2474 et
3412 2434 3522 2474 non

1927 2509 2072 2580 apud
2103 2511 2362 2566 sanctos?
2393 2534 2411 2557 ι
2459 2510 2684 2582 Iniquos
2703 2509 2912 2581 duplici
2932 2525 3126 2580 genere
3153 2507 3446 2580 signiﬁcat,
3469 2515 3524 2564 et

1927 2599 2022 2671 qui
2049 2615 2161 2654 non
2189 2599 2438 2669 credunt,
2495 2610 2549 2656 et
2579 2600 2673 2672 qui
2705 2600 2846 2671 leges
2897 2617 2928 2655 a
2956 2603 3069 2656 Deo
3100 2599 3308 2654 mundo
3337 2598 3525 2654 credi-

1925 2694 2009 2743 tas
2054 2687 2368 2760 frequenter
2399 2705 2524 2743 cum
2579 2688 2893 2744 adulatione
2946 2689 3394 2758 interpretantur,
3428 2703 3520 2741 au-

1927 2776 2236 2832 ctoritatem
2264 2776 2456 2830 harum
2493 2775 2653 2830 idolis
2683 2776 3023 2846 deputantes,
3058 2775 3289 2847 ideoque
3341 2773 3522 2846 iniqui

1926 2872 2056 2920 sunt
2085 2883 2098 2931 ;
2130 2865 2326 2937 etquia
2344 2865 2402 2918 in
2431 2863 2676 2919 Ecclesia
2700 2863 2871 2934 magis
2894 2864 2981 2918 lex
3007 2871 3106 2928 est,
3130 2862 3226 2917 ubi
3249 2861 3515 2917 Dominus

1928 2951 2060 3023 legis
2088 2952 2335 3017 timetur,
2367 2951 2563 3005 melius
2590 2951 2726 3006 dicit
2755 2950 2898 3021 apud
2928 2951 3024 3005 Dei
3057 2949 3338 3004 ministros
3366 2965 3521 3020 agere

1925 3059 2176 3097 causam:
2211 3042 2429 3097 facilius
2456 3041 2604 3096 enim
2642 3041 2709 3097 de
2735 3041 2832 3097 Dei
2863 3041 3058 3096 timore
3083 3041 3407 3096 sententiam
3435 3040 3522 3096 le-

1927 3129 2009 3201 gis
2040 3145 2225 3185 veram
2255 3137 2535 3202 promunt.

2001 3219 2181 3291 (Vers.
2214 3220 2295 3290 2.)
2369 3245 2387 3267 ι
2419 3221 2530 3275 Aut
2560 3219 2826 3292 ignoratis
2852 3217 3114 3291 quoniam
3148 3218 3322 3275 sancti
3368 3218 3516 3273 hunc

223 3308 344 3363 quas
391 3292 700 3358 scribserat,
731 3290 1082 3356 videbantur,
1129 3306 1276 3345 nunc
1324 3289 1379 3342 in
1425 3288 1529 3345 hac
1583 3287 1811 3359 epistola

1928 3287 2190 3364 mundum
2216 3287 2616 3381 judicabuntf-
2659 3309 2808 3364 Nihil
2825 3287 2996 3364 otiose
3025 3308 3162 3364 dicit
3182 3308 3476 3378 Apostolus
3498 3333 3514 3384 -,

223 3381 358 3453 quid
389 3380 688 3452 scripserit,
732 3381 1124 3452 interpretatur
1152 3378 1378 3434 dicens:
1425 3401 1443 3424 ι
1483 3378 1600 3432 Non
1624 3375 1812 3446 utique

221 3468 535 3525 fornicariis
574 3468 739 3540 hujus
779 3467 994 3535 mundi,
1035 3492 1053 3515 ι
1111 3465 1206 3522 sed
1233 3483 1265 3520 a
1311 3463 1573 3520 fratribus
1612 3463 1814 3519 talibus

220 3559 417 3631 scripsi
447 3557 833 3614 recedendum.

307 3680 325 3703 ι
365 3658 476 3711 Aut
503 3653 704 3719 avaris,
733 3660 829 3708 aut
855 3649 1163 3723 rapacibus,
1195 3659 1290 3707 aut
1320 3650 1485 3708 idolis
1514 3651 1815 3708 servienti—

220 3745 369 3811 bus;
425 3743 670 3815 alioquin
702 3740 1013 3798 debueratis
1043 3740 1111 3796 de
1155 3740 1260 3796 hoc
1290 3741 1499 3797 mundo
1541 3742 1738 3798 exisse.
1781 3765 1799 3790 ι

220 3834 399 3905 Igitur
428 3833 768 3889 intellectum
791 3845 978 3886 eorum
1008 3828 1210 3901 arguit,
1242 3831 1336 3902 qui
1368 3830 1630 3901 putabant
1675 3831 1813 3888 forte

220 3923 352 3995 quia
380 3924 448 3980 ab
479 3921 799 3985 incredulis,
838 3918 1172 3984 fornicariis,
1203 3927 1299 3974 aut
1332 3919 1530 3987 avaris,
1587 3929 1681 3976 aut
1717 3938 1814 3977 ra-

221 4011 466 4084 pacibus,
498 4017 592 4066 aut
623 4008 788 4064 idolis
814 4005 1186 4064 servientibus
1214 4007 1605 4079 prohibuisset,
1639 4024 1749 4064 non
1780 4025 1811 4065 a

219 4099 482 4156 fratribus
511 4120 524 4167 ;
555 4109 609 4158 et
637 4099 761 4156 ideo
791 4099 952 4154 illum
983 4099 1078 4171 qui
1108 4115 1340 4155 uxorem
1369 4099 1537 4171 patris
1555 4100 1809 4169 habebat,

222 4188 365 4245 inter
408 4206 464 4247 se
493 4206 608 4247 esse
635 4206 747 4245 non
777 4205 918 4260 aegre
945 4188 1210 4244 ferebant.
1245 4189 1303 4245 Si
1333 4190 1503 4261 igitur
1533 4189 1621 4245 his
1648 4206 1810 4245 com-

223 4279 802 4352 misceamini,inquit,
823 4279 1021 4335 melius
1057 4286 1173 4334 erat
1208 4279 1349 4335 mori
1372 4297 1507 4348 vos;
1549 4296 1807 4352 compen-

224 4371 378 4426 dium
409 4379 491 4427 est
505 4371 652 4426 enim
685 4371 824 4425 male
839 4369 1145 4441 agentibus,
1165 4369 1210 4425 si
1232 4369 1398 4426 citius
1420 4369 1537 4441 (28)
1570 4370 1808 4427 morian-

222 4469 327 4529 tur,
359 4477 524 4534 quam
557 4460 603 4516 si
633 4460 843 4516 diutius
871 4459 928 4514 in
957 4460 1196 4531 peccatis
1227 4467 1532 4514 versentur.

291 4559 472 4629 (Vers.
507 4560 619 4629 11.)
665 4581 683 4604 ‹
721 4558 880 4614 Nunc
910 4566 1091 4613 autem
1123 4557 1315 4629 scripsi
1348 4556 1524 4624 vobis,
1557 4573 1625 4612 ne
1645 4574 1809 4614 com—

1921 3397 2044 3452 ideo
2082 3399 2229 3453 enim
2266 3398 2415 3453 hunc
2445 3398 2711 3453 mundum
2742 3397 2907 3462 dixit,
2939 3403 2998 3450 ut
3028 3395 3278 3451 ostendat
3298 3405 3351 3451 et
3383 3397 3522 3452 alte-

1921 3501 2042 3539 rum
2069 3503 2081 3550 ;
2124 3485 2254 3556 quia
2280 3493 2331 3540 et
2361 3486 2598 3540 Joannes
2626 3485 2921 3556 apostolus,
2957 3507 2976 3530 ‹
3005 3484 3208 3551 Nolite,
3251 3483 3348 3550 ait,
3383 3484 3518 3540 dili-

1922 3589 2042 3644 gere
2063 3573 2214 3630 hunc
2233 3575 2500 3630 mundum
2529 3574 2585 3644 (Ι
2607 3575 2764 3630 Joan.
2794 3590 2858 3642 II,
2886 3573 2998 3643 15).
3034 3598 3051 3619 ν
3078 3573 3147 3628 Et
3168 3573 3435 3629 Dominus
3460 3573 3517 3629 in

1920 3664 2250 3736 Evangelio:
2302 3689 2319 3712 ι
2363 3664 2473 3729 Sic,
2504 3665 2704 3736 inquit,
2735 3663 2934 3718 dilexit
2962 3666 3106 3719 Deus
3166 3663 3454 3732 mundum,
3488 3689 3505 3712 ι

1921 3761 2023 3809 etc.
2060 3754 2238 3824 (Joan.
2269 3771 2351 3821 ιιι,
2387 3754 2497 3823 16).
2533 3753 2633 3809 Hic
2661 3770 2787 3824 ergo
2819 3752 3059 3808 mundus
3088 3752 3146 3808 in
3180 3768 3360 3808 errore
3407 3759 3514 3820 est,

1921 3857 2030 3896 non
2062 3841 2156 3896 ille
2184 3841 2452 3913 superior,
2480 3840 2546 3896 ad
2577 3840 2733 3912 cujus
2769 3841 3194 3896 similitudinem
3227 3840 3316 3897 hic
3344 3840 3519 3898 factus

1921 3941 2018 3987 est.
2059 3931 2209 3988 Unde
2240 3932 2407 3987 homo
2437 3931 2528 3987 hic
2575 3932 2783 4002 positus
2812 3939 2914 3998 est,
2945 3931 3012 3985 ad
3062 3932 3354 4002 imaginem
3418 3931 3518 3988 Dei

1921 4021 2114 4089 factus,
2146 4030 2206 4076 ut
2233 4020 2378 4076 sicut
2400 4021 2454 4074 in
2485 4021 2763 4092 superiore
2795 4021 3002 4075 mundo
3030 4019 3097 4075 ab
3114 4035 3225 4075 uno
3247 4021 3358 4075 Deo
3387 4026 3520 4076 sunt

1919 4110 2126 4179 omnia,
2161 4110 2232 4167 ita
2258 4120 2311 4166 et
2342 4110 2397 4164 in
2443 4110 2549 4164 hoc
2576 4109 2645 4165 ab
2689 4125 2799 4164 uno
2829 4108 3053 4164 homine
3093 4125 3284 4164 omnes
3333 4107 3512 4163 habe-

1918 4207 2039 4254 rent
2085 4199 2372 4270 originem.
2425 4198 2568 4254 Hinc
2615 4205 2698 4253 est
2726 4196 2870 4252 unde
2903 4197 3119 4269 Moyses
3167 4196 3224 4250 in
3255 4197 3514 4251 Deutero-

1915 4289 2104 4344 nomio
2129 4306 2139 4343 2
2187 4312 2205 4335 ι
2235 4288 2374 4344 Cum
2395 4287 2688 4354 divideret,
2713 4285 2914 4358 inquit,
2941 4284 3262 4341 Altissimus
3277 4292 3514 4356 gentem,

1917 4377 2378 4451 quemadmodum
2425 4377 2686 4448 dispersit
2719 4375 2864 4432 ﬁlios
2907 4375 3074 4432 Adae:
3133 4374 3326 4431 statuit
3376 4374 3516 4429 ﬁnes

1913 4469 2156 4541 gentium
2185 4467 2487 4524 secundum
2521 4482 2810 4521 numerum
2841 4466 3160 4536 angelorum
3189 4465 3283 4519 Dei
3319 4464 3508 4534 (Deut.

1915 4575 2097 4626 xxxii,
2132 4559 2212 4629 8).
2246 4583 2264 4604 ι
2301 4556 2444 4625 Quid
2459 4564 2570 4611 tam
2584 4564 2855 4626 apertum,
2888 4555 3038 4610 hunc
3060 4553 3326 4608 mundum
3355 4567 3512 4622 supe-

224 4648 580 4707 misceamini.
613 4650 668 4706 Si
718 4649 766 4705 is
813 4648 908 4721 qui
955 4648 1122 4703 frater
1169 4650 1487 4704 nominatur
1519 4648 1662 4704 inter
1689 4666 1805 4716 vos,
1839 4650 1888 4709 D
1918 4647 2079 4702 rioris
2123 4661 2238 4703 esse
2292 4645 2585 4716 imaginem
2615 4653 2762 4700 certa
2812 4659 2881 4699 ex
2923 4642 3136 4698 causa?
3172 4648 3255 4695 est
3283 4640 3430 4696 enim
3459 4648 3514 4698 et

220 4745 296 4795 est
323 4739 644 4808 fornicator,
702 4748 796 4795 aut
833 4754 1053 4805 avarus,
1083 4747 1178 4795 aut
1221 4737 1386 4795 idolis
1415 4737 1678 4806 serviens,
1711 4747 1805 4794 aut

221 4827 536 4897 maledicus,
567 4837 662 4884 aut
687 4827 957 4896 ebriosus,
988 4836 1082 4884 aut
1104 4845 1294 4900 rapax,
1327 4845 1450 4884 cum
1483 4828 1804 4900 hujusmodi

219 4934 282 4974 ne
326 4919 514 4976 cibum
566 4917 788 4991 quidem
818 4935 1052 4974 sumere.
1087 4942 1104 4965 ι
1161 4917 1300 4976 Cum
1349 4918 1515 4973 fratre
1551 4919 1806 4990 prohibet

223 5008 396 5065 cibum
453 5023 687 5074 sumere,
726 5023 852 5063 cum
883 5005 1094 5062 inﬁdeli
1140 5014 1323 5063 autem
1355 5023 1465 5063 non
1500 5008 1802 5079 prohibuit,

223 5096 411 5168 quippe
443 5112 567 5152 cum
588 5095 735 5152 dicat
759 5112 770 5149 :
804 5094 860 5150 Si
886 5093 1010 5167 quis
1038 5110 1136 5149 vos
1164 5103 1324 5151 vocat
1351 5112 1420 5152 ex
1450 5096 1704 5153 ﬁdelibus
1737 5097 1804 5153 ad

223 5200 446 5254 canam,
477 5193 530 5242 et
559 5185 728 5242 vultis
757 5185 856 5252 ire,
889 5201 1052 5241 omne
1085 5183 1234 5257 quod
1263 5187 1579 5258 appositum
1612 5186 1800 5253 fuerit,

225 5276 538 5333 manducate
569 5275 720 5348 (Luc.
755 5292 813 5344 x,
839 5275 919 5347 8).
953 5273 1080 5331 Ideo
1107 5273 1186 5330 ait
1221 5293 1232 5330 :

290 5374 466 5444 (Vers.
503 5373 614 5446 12.)
650 5397 668 5421 ι
703 5373 823 5441 Quo
849 5371 998 5428 enim
1024 5372 1160 5428 mihi
1189 5370 1255 5427 de
1272 5370 1360 5427 his
1391 5369 1485 5443 qui
1517 5370 1651 5428 foris
1675 5379 1804 5428 sunt

219 5459 502 5532 judicare?
540 5489 559 5512 ι
600 5462 808 5519 Verum
839 5469 921 5518 est
950 5460 1081 5534 quia
1101 5460 1338 5534 perﬁdos
1368 5461 1656 5532 episcopus
1690 5477 1801 5516 non

225 5559 388 5621 potest
409 5551 658 5626 judicare
684 5569 695 5608 :
720 5567 846 5608 cum
877 5549 1042 5608 fratre
1072 5555 1255 5606 autem
1292 5549 1346 5604 in
1379 5565 1488 5622 quo
1522 5549 1662 5604 vitia
1686 5548 1803 5605 haec

225 5640 577 5712 reperiuntur,
610 5656 721 5698 non
742 5641 919 5697 solum
949 5645 1288 5696 sacramenta
1316 5653 1427 5695 non
1447 5635 1678 5704 edenda,
1707 5636 1804 5695 sed

291 5781 401 5857 (28)
431 5781 755 5854 Corb.cod.,
786 5783 943 5841 malis
971 5798 1081 5839 non
1107 5781 1529 5848 emendantibus,
1560 5781 1606 5838 si
1624 5780 1796 5854 citius,

1914 4737 2214 4792 Jerusalem
2247 4736 2509 4799 inferior;
2561 4742 2615 4790 et
2647 4735 2741 4789 illa
2771 4734 3042 4803 superior,
3077 4745 3239 4802 quam
3275 4736 3509 4785 matrem

1916 4834 2156 4882 nostram
2189 4834 2348 4882 vocat
2393 4824 2540 4880 idem
2570 4823 2868 4894 Apostolus
2903 4821 3111 4891 (Galat.
3147 4836 3226 4886 IV,
3267 4819 3398 4889 26):
3433 4829 3514 4878 est

1914 4916 2144 4972 inferior
2172 4913 2474 4986 paradisus,
2509 4913 2564 4967 in
2603 4927 2712 4983 quo
2744 4909 2910 4964 homo
2940 4908 3150 4980 positus
3185 4908 3512 4966 mandatum

1913 5013 1966 5061 et
1994 5012 2056 5061 ut
2084 5012 2399 5075 operaretur
2425 5001 2522 5068 ibi,
2553 5007 2606 5055 et
2654 5007 2714 5054 ut
2741 4997 3070 5066 custodiret,
3104 4998 3316 5070 accepit
3354 4998 3510 5070 (Gen.

1913 5113 1973 5162 ii,
2009 5095 2120 5164 15).
2152 5093 2252 5148 Est
2279 5099 2333 5147 et
2363 5091 2456 5145 ille
2505 5090 2761 5156 cmlestis,
2798 5089 2855 5143 in
2902 5105 3013 5162 quo
3042 5098 3230 5161 raptus
3277 5091 3513 5160 Aposto-

1913 5186 2016 5252 lus,
2049 5182 2264 5239 audivit
2311 5179 2476 5235 verba
2505 5195 2701 5234 arcana
2739 5178 2823 5250 (ιι
2856 5180 2981 5236 Cor.
3014 5195 3117 5247 xu,
3163 5178 3244 5250 4).
3277 5177 3511 5233 Iudica-

1910 5279 2049 5335 bunt
2077 5292 2202 5348 ergo
2232 5274 2406 5331 sancti
2442 5274 2590 5330 hunc
2635 5271 2939 5329 mundum:
2976 5271 3106 5344 quia
3160 5270 3419 5342 exemplo
3450 5269 3510 5326 ﬁ-

1910 5367 2000 5425 dei
2028 5367 2253 5422 illorum
2283 5363 2514 5437 perﬁdia
2543 5363 2736 5420 mundi
2768 5361 3146 5420 damnabitur.

1995 5480 2014 5504 ‹
2052 5457 2122 5512 Et
2151 5455 2197 5511 si
2225 5455 2281 5510 in
2303 5454 2463 5511 nobis
2472 5453 2817 5526 judicabitur
2845 5450 3104 5508 mundus.
3129 5473 3147 5496 -
3190 5447 3509 5520 Tuncjudi-

1908 5546 2124 5605 cabitur
2152 5545 2245 5602 hic
2301 5545 2540 5602 mundus
2586 5544 2645 5601 in
2683 5544 2862 5611 nobis,
2908 5543 2954 5598 si
3000 5555 3138 5612 opus
3170 5538 3504 5613 perﬁdorum

1907 5636 2198 5694 hominum
2226 5652 2337 5693 non
2378 5635 2693 5692 inveniatur
2722 5632 2780 5688 in
2809 5629 2986 5687 nobis.
3032 5652 3050 5676 ε
3089 5627 3309 5703 Indigni
3378 5644 3507 5703 ergo

1913 5790 2020 5843 etc.
