3976 6374
439 384 542 444 223

438 605 550 661 Hoc
571 610 674 671 est,
697 619 808 659 non
837 612 967 660 sunt
988 604 1177 676 utique
1207 601 1419 674 indigni
1439 600 1504 668 ii,
1534 600 1628 674 qui
1661 599 1842 672 ipsum
1878 617 2036 657 mun-

433 692 566 749 dum
602 692 906 765 judicaturi
937 701 1085 755 sunt,
1117 709 1181 748 ea
1202 691 1456 766 judicare
1503 707 1624 764 qua:
1655 689 1846 746 mundi
1879 698 2030 747 sunt.

509 783 691 849 (Vers.
721 783 802 852 3.)
876 808 894 832 ι
922 783 1160 840 Nescitis
1192 782 1453 855 quoniam
1501 782 1724 853 angelos
1745 779 2038 852 judicabi-

437 889 559 928 mus
583 872 612 928 ?
636 897 655 921 ι
692 872 924 928 Addidit
972 872 1112 945 plus,
1142 871 1394 927 dicendo:
1451 896 1469 916 ι
1499 870 1721 942 angelos
1752 869 2040 943 judicabi-

339 1019 342 1022 .
435 977 577 1029 mus,
609 985 630 1010 ι
685 961 744 1017 id
791 970 892 1029 est,
943 959 1216 1033 potentias
1249 960 1542 1032 spiritales,
1575 977 1710 1034 quas
1755 961 1866 1016 alio
1917 960 2040 1017 loco

435 1049 602 1107 tradit
632 1051 689 1106 in
719 1051 1032 1108 cmlestibus
1070 1050 1286 1122 degere,
1321 1051 1515 1106 eodem
1545 1067 1740 1122 genere
1765 1050 2033 1122 judican-

432 1139 531 1198 dos
558 1142 781 1214 angelos
807 1158 840 1197 a
867 1141 1049 1208 nobis,
1089 1158 1198 1214 quo
1224 1149 1278 1197 et
1309 1140 1547 1197 mundus
1570 1139 1938 1211 judicabitur.

509 1231 693 1303 (Vers.
724 1231 779 1301 4,
811 1231 894 1303 5.)
939 1256 957 1278 ε
988 1231 1280 1287 Saecularis
1309 1230 1477 1303 igitur
1498 1231 1711 1302 judicia
1736 1231 1780 1286 si
1824 1229 2041 1286 habue-

438 1321 579 1388 ritis,
633 1321 1080 1394 contemptibiles
1107 1320 1203 1394 qui
1237 1327 1368 1376 sunt
1398 1320 1455 1376 in
1484 1321 1759 1388 Ecclesia,
1817 1320 1946 1376 illos
1971 1319 2040 1376 ad

430 1408 794 1482 judicandum
835 1409 1178 1466 constituite.
1211 1435 1230 1457 -
1297 1409 1591 1466 Secularia
1627 1407 1843 1481 judicia
1889 1417 2038 1475 sunt,

437 1499 506 1557 ad
534 1515 733 1572 corpus
761 1498 1093 1572 pertinentia
1117 1499 1206 1554 vel
1236 1514 1518 1571 corporea.
1549 1499 1621 1556 Et
1649 1499 1780 1573 quia
1811 1515 1921 1554 non
1961 1497 2043 1555 sic

439 1588 559 1646 ﬁeri
589 1587 771 1657 debet,
801 1587 1038 1661 adjecit:
1085 1612 1104 1636 ι
1134 1587 1220 1644 Ad
1248 1588 1612 1644 reverentiam
1642 1588 1759 1659 (29)
1795 1595 2036 1644 vestram

434 1677 580 1735 dico.
612 1701 631 1725 ι
663 1677 744 1734 Ne
767 1677 898 1750 quia
924 1677 1382 1750 supranegotium
1415 1675 1747 1744 nominavit,
1779 1675 1876 1732 sed
1907 1693 2041 1748 qua-

437 1766 490 1824 le
539 1781 651 1822 non
690 1765 1056 1837 signiﬁcavit;
1117 1773 1246 1822 sunt
1272 1764 1422 1822 enim
1452 1774 1506 1821 et
1560 1765 1755 1821 divina
1801 1764 2041 1841 negotia,

435 1855 650 1913 dicente
679 1854 908 1913 eodem:
977 1878 997 1902 ε
1027 1854 1266 1928 Adjutor
1315 1854 1520 1928 negotii
1562 1855 1668 1910 mei
1699 1856 1882 1926 (Rom.
1919 1871 2040 1924 xvr,

437 1947 512 2020 3).
551 1971 571 1994 ι
635 1946 707 2002 Et
750 1945 1034 2002 saecularia
1063 1947 1204 2002 forte
1247 1944 1480 2016 judicia,
1513 1944 1641 2017 quia
1681 1944 2038 2016 prohibuerat

436 2033 582 2109 apud
611 2033 848 2106 perﬁdos
899 2031 1130 2105 agenda,
1177 2033 1433 2106 quamvis
1474 2032 1530 2087 in
1589 2032 1858 2100 Ecclesia,
1890 2032 2036 2089 sicut

437 2122 748 2189 audierant,
801 2139 835 2178 a
889 2121 1363 2194 qualibuscunque
1407 2128 1592 2176 tamen
1643 2129 1899 2195 putarent
1936 2139 2029 2178 au-

439 2210 640 2268 dienda
687 2218 782 2266 aut
837 2210 1206 2279 terminanda,
1257 2210 1326 2266 ad
1373 2209 1629 2266 ruborem
1685 2226 1877 2266 eorum
1925 2210 2030 2266 ait:

453 2325 472 2348 ι
504 2298 958 2372 Contemptibiles
977 2301 1072 2373 qui
1096 2307 1226 2356 sunt
1250 2299 1304 2356 in
1338 2299 1609 2367 Ecc!esia,
1636 2298 1762 2354 illos
1793 2298 1864 2355 ad
1887 2297 2036 2371 judi-

439 2389 678 2446 candum
713 2387 1054 2446 constituite.
1095 2412 1112 2436 ›
1143 2389 1283 2445 Sunt
1321 2390 1470 2445 enim
1501 2388 1560 2443 in
1605 2387 1853 2444 Ecclesia
1885 2395 1942 2442 et
1971 2385 2037 2443 li-

441 2493 577 2552 gnea
601 2493 758 2544 vasa;
791 2485 902 2534 tam
937 2477 1083 2534 enim
1115 2477 1490 2534 intractabiles
1518 2485 1573 2533 et
1603 2476 2036 2532 inconsideratos

439 2584 532 2624 eos
586 2567 940 2639 signiﬁcavit,
996 2575 1059 2624 ut
1110 2567 1397 2640 imperitos
1444 2567 1586 2623 forte
1643 2581 1713 2621 ex
1774 2563 2037 2620 fratribus

433 2655 648 2728 judices
675 2658 958 2730 eligerent.
1001 2657 1115 2714 Hoc
1142 2657 1210 2713 de
1237 2663 1466 2729 experto
1497 2655 1793 2728 Apostolus
1819 2673 1834 2722 ;
1887 2655 2038 2710 scie-

436 2745 528 2804 bat
555 2745 704 2802 enim
737 2763 901 2822 quam
932 2746 1104 2818 tepidi
1135 2753 1190 2803 et
1219 2745 1522 2819 improvidi
1553 2745 1612 2802 in
1639 2744 1874 2818 reliquis
1901 2760 2028 2799 cau-

438 2834 514 2890 sis
541 2835 758 2892 fuerant
785 2834 1141 2908 deprehensi.

525 2948 543 2971 σ
573 2923 663 2981 Sic
707 2941 820 2981 non
853 2932 934 2980 est
989 2925 1132 2981 inter
1177 2939 1276 2980 vos
1320 2923 1609 2997 quisquam
1639 2921 1878 2994 sapiens,
1940 2921 2037 2995 qui

443 3012 873 3085 possitjudicare
889 3013 1034 3068 inter
1054 3013 1278 3069 fratrem
1301 3029 1464 3067 suum
1483 3012 1510 3068 ?
1532 3037 1550 3059 ι
1585 3011 1725 3080 Quia
1740 3028 1867 3083 ergo
1881 3019 2032 3078 sunt,

443 3101 646 3174 inquit,
677 3101 950 3174 sapientes
975 3101 1188 3168 fratres,
1221 3101 1391 3173 aliqui
1421 3100 1616 3156 horum
1649 3101 1926 3172 eligantur
1969 3098 2038 3154 ad

437 3189 800 3290 judicandum
832 3207 1066 3290 quorum
1084 3189 1355 3290 judicium
1373 3189 1602 3246 miretur
1623 3189 1863 3290 mundus
1889 3189 2034 3260 (30).
2071 3229 2114 3290 Ο

441 3281 668 3352 Magnus
694 3279 840 3336 enim
892 3279 1070 3353 pudor
1102 3286 1205 3349 est,
1235 3279 1282 3335 si
1324 3279 1467 3336 inter
1496 3295 1588 3336 eos
1631 3279 1726 3352 qui
1773 3279 2038 3336 dicuntur

439 3359 612 3425 Deum
663 3370 1004 3443 cognovisse,
1037 3385 1149 3425 non
1197 3369 1538 3436 inveniatur,
1568 3368 1665 3440 qui
1717 3367 2037 3424 examinare

439 3459 609 3532 possit
636 3464 917 3534 negotium
940 3458 1105 3532 juxta
1130 3457 1222 3531 jus
1261 3459 1662 3531 evangelicum.
1695 3457 1824 3513 Ideo
1851 3465 2036 3513 autem

438 3547 660 3604 fratrem
693 3547 939 3620 judicem
965 3547 1278 3620 eligendum
1308 3546 1468 3614 dicit,
1489 3545 1618 3619 quia
1643 3543 1830 3602 adhuc
1856 3551 2038 3601 rector

437 3637 699 3693 Ecclesia
726 3635 950 3692 illorum
981 3651 1094 3690 non
1113 3642 1230 3692 erat
1255 3635 1565 3694 ordinatus.

513 3723 696 3794 (Vers.
719 3722 800 3795 6.)
847 3748 865 3771 ι
893 3723 998 3780 Sed
1027 3724 1196 3780 frater
1223 3741 1349 3780 cum
1382 3725 1551 3780 fratre
1575 3722 1792 3796 judicio
1813 3731 2035 3778 conten-

441 3809 543 3878 dit,
591 3818 646 3868 et
691 3811 796 3868 hoc
842 3811 986 3884 apud
1018 3811 1286 3868 inﬁdeles.
1326 3836 1346 3860 ι
1390 3811 1741 3868 Manifestum
1770 3818 1852 3866 est
1907 3808 2036 3882 quia

444 3898 696 3956 inﬁdeles
740 3907 836 3956 aut
882 3899 1138 3970 arbitros,
1170 3910 1232 3958 ut
1259 3901 1459 3957 assolet
1511 3899 1654 3968 ﬁeri,
1717 3897 2027 3970 postulatos

441 3987 737 4060 signiﬁcat,
765 3995 862 4045 aut
879 3987 1127 4062 judicem
1149 3989 1454 4062 publicum,
1477 3989 1566 4044 cui
1586 3986 1698 4044 dici
1716 3987 1856 4042 solet
1881 4003 1893 4042 :
1915 3985 2040 4041 Ho-

440 4076 531 4134 die
550 4076 668 4134 dies
694 4093 976 4134 sacrorum
1007 4087 1108 4149 est,
1134 4078 1226 4151 jus
1246 4079 1357 4135 dici
1388 4094 1500 4134 non
1523 4084 1719 4150 potest.

524 4173 665 4230 130
692 4168 874 4241 (Vers.
908 4169 987 4240 7.)
1052 4192 1071 4216 ι
1109 4171 1227 4225 .lam
1256 4169 1480 4242 quidem
1512 4169 1740 4225 omnino
1773 4168 2038 4225 delictum

441 4267 500 4324 in
526 4267 685 4323 vobis
709 4275 812 4335 est,
838 4265 984 4340 quod
1007 4265 1220 4338 judicia
1251 4266 1464 4322 habetis
1495 4266 1640 4322 inter
1673 4284 1790 4322 vos.
1831 4290 1848 4312 ι
1894 4267 2039 4322 Pec—

441 4366 622 4414 catum
651 4374 768 4415 esse
815 4357 1112 4430 significat,
1157 4358 1288 4430 quia
1325 4357 1497 4412 frater
1524 4373 1650 4414 cum
1710 4357 1880 4413 fratre
1929 4355 2038 4412 liti-

440 4455 548 4520 gat,
582 4463 711 4503 cum
753 4445 934 4503 danda
983 4462 1147 4518 opera
1175 4447 1268 4516 sit,
1296 4455 1358 4503 ut
1386 4447 1686 4504 concordes
1713 4447 1850 4514 sint,
1880 4447 2038 4520 quasi

439 4535 706 4609 germani,
753 4536 995 4592 maxime
1046 4552 1172 4592 cum
1224 4535 1361 4593 ﬁdes
1402 4544 1589 4592 nostra
1633 4535 1754 4608 paci
1798 4535 2036 4593 studeat.

437 4625 760 4700 Quanquam
809 4625 960 4682 enim
1009 4624 1356 4683 Christianus
1402 4625 1617 4697 litigare
1655 4643 1765 4681 non
1824 4625 2040 4695 debeat,

437 4725 623 4774 tamen
652 4715 699 4773 si
737 4733 900 4790 grave
933 4715 1068 4788 quid
1112 4715 1299 4784 fuerit,
1352 4725 1407 4773 et
1435 4715 1586 4788 quod
1619 4715 1902 4773 contemni
1931 4732 2044 4772 non

440 4807 632 4878 possit,
662 4822 883 4864 causam
928 4805 998 4862 ad
1027 4806 1329 4863 Ecclesiam
1359 4805 1627 4874 deferati;
1689 4823 1758 4863 ne
1809 4816 1865 4864 et
1891 4805 2042 4863 dam-

440 4911 574 4950 num
595 4893 664 4950 ad
693 4911 948 4966 praesens,
978 4904 1032 4951 et
1059 4894 1420 4952 offensionem
1441 4895 1582 4951 forte
1615 4895 1852 4952 incurat.

514 4983 698 5052 (Vers.
732 4981 814 5054 8.)
860 5009 880 5031 ι
907 4984 1086 5051 Quare
1131 5001 1242 5042 non
1275 4985 1446 5057 magis
1493 4983 1756 5057 injuriam
1791 4984 2044 5057 accipitis

445 5072 563 5145 (31)
586 5071 616 5128 ?
645 5086 812 5143 quare
839 5087 951 5127 non
980 5073 1152 5145 magis
1185 5074 1480 5130 fraudem?
1507 5073 1614 5130 Sed
1646 5091 1746 5131 vos
1777 5073 1852 5146 inj
1864 5074 2041 5130 uriam

517 5232 635 5308 (29)
659 5229 822 5308 _Edit.
853 5238 908 5288 et
934 5247 1074 5308 mss._
1093 5231 1372 5308 nonnulli,
1403 5234 1476 5290 ad
1505 5235 1870 5308 uerecundiam
1896 5251 1910 5300 ;
1943 5233 2042 5289 alii

443 5301 572 5362 mss.
614 5301 918 5378 'pluresgac
961 5301 1222 5378 potiores,
1261 5305 1333 5378 ad
1357 5301 1759 5378 reverentiam,
1799 5306 2037 5378 Atirseq.

443 5374 733 5502 ἷιῗᾶξιιςρτο
774 5375 963 5432 divina
1001 5374 1225 5446 negotia,
1257 5377 1406 5433 solus
1457 5377 1622 5434 Corb.
1658 5377 1810 5449 legit,
1859 5374 2043 5432 divin'a

541 5463 666 5502 tcta.

469 5462 666 5502 ααιοια.

435 5461 738 5588 “(gemui
766 5534 894 5591 mss.
911 5515 1108 5591 aliqui,
1140 5525 1196 5575 et
1221 5526 1334 5575 vet.
1368 5517 1502 5574 edit.
1529 5518 1718 5582 ;Bom.
1749 5535 1879 5574 vero
1908 5518 2042 5573 imi-

450 5593 587 5660 tetur
620 5589 885 5660 mundus;
945 5589 1026 5646 at_
1047 5589 1230 5660 plures
1276 5606 1442 5656 mss.,
1495 5595 1724 5660 meretur
1771 5591 2038 5657 mundus;

444 5657 636 5728 Corb.,
673 5657 882 5728 judicio
910 5657 1309 5717 mniinabitur
1353 5659 1600 5715 mundus.
1634 5659 1785 5717 Infra
1831 5665 2039 5728 autem,

446 5729 544 5788 ubi
556 5736 670 5788 vet.
701 5729 835 5786 edit.
863 5745 928 5788 ac
954 5746 1085 5787 mss.
1116 5747 1230 5787 non
1258 5729 1440 5803 pauci,
1461 5728 1628 5800 juxta
1645 5730 1742 5801 jus
1765 5729 2042 5801 evangeli—
2082 5751 2092 5759 ·

1465 382 1560 439 ΑΙ)
1599 381 1833 439 OPERA
1871 381 1924 436 S.
1955 378 2289 438 AMBROSII
2326 379 2711 436 APPEN’DIX.

436 523 565 572 sunt
592 510 932 584 hujusmodi,
960 512 1054 586 qui
1083 511 1248 568 etiam
1287 510 1353 566 de
1409 509 1654 565 minimis
1676 508 1975 581 judicent?
2007 535 2026 558 ι
2066 512 2115 571 Α
2144 507 2344 577 facitis,
2377 516 2430 564 et
2473 506 2740 564 fraudatis
2772 525 2784 564 :
2819 517 2874 564 et
2915 507 3022 564 hoc
3049 507 3333 565 fratribus.
3383 532 3402 554 ι

3647 379 3760 439 ΞἏ

3463 507 3625 567 Nunc
3653 509 3758 568 hos

2147 599 2395 672 corripit,
2428 614 2662 672 quorum
2697 596 2972 669 injustitia
2993 595 3240 670 jurgium
3273 606 3591 671 generatur;
3624 598 3760 673 quia

2149 706 2260 746 non
2307 690 2484 746 solum
2535 707 2632 762 per
2661 688 2908 746 fraudem
2938 688 3232 746 admissam
3267 688 3343 746 rei
3373 696 3526 758 sunt,
3557 689 3654 748 sed
3700 697 3758 748 et

2149 787 2355 851 partem
2404 778 2608 834 habent
2653 777 2843 834 delicti
2892 777 3140 845 illorum,
3173 778 3268 852 qui
3318 779 3495 835 coacti
3546 777 3758 852 injuria

2147 875 2241 923 aut
2270 867 2462 923 fraude
2493 883 2706 935 eorum,
2737 865 2989 922 inﬁdeles
3019 873 3210 938 rogant
3239 865 3308 922 ad
3334 866 3701 940 judicandum
3737 885 3750 924 :

2148 964 2201 1011 et
2243 973 2368 1012 cum
2415 955 2662 1012 fraudem
2709 964 2805 1011 aut
2835 955 3068 1028 injurias
3113 956 3295 1012 illatas
3327 957 3582 1030 persequi
3633 973 3748 1014 non

2148 1048 2431 1116 deberent,
2461 1065 2573 1104 non
2603 1050 2781 1106 solum
2803 1048 3109 1106 vindicant.
3143 1048 3237 1105 sed
3271 1057 3326 1105 et
3359 1049 3463 1123 ipsi
3496 1049 3750 1107 fraudem

2149 1148 2201 1196 et
2234 1138 2464 1211 injurias
2496 1139 2738 1207 faciunt;
2772 1147 2834 1195 ut
2865 1139 3142 1212 punienda
3184 1142 3438 1214 exempla
3487 1140 3755 1198 fratribus

2149 1230 2415 1286 tribuant.
2449 1231 2519 1286 Et
2540 1229 2675 1304 quid
2703 1230 2830 1286 aliis
2858 1229 3036 1287 facere
3063 1229 3340 1299 credatur,
3362 1229 3456 1304 qui
3488 1247 3600 1288 non
3631 1247 3757 1305 par-

2149 1319 2227 1374 cit
2257 1318 2414 1376 suis?

2224 1408 2406 1479 (Vers.
2455 1408 2510 1475 9,
2547 1407 2660 1480 10.)
2705 1430 2722 1455 α
2755 1409 2842 1464 Αη
2873 1408 3120 1476 nescitis,
3152 1407 3281 1481 quia
3311 1407 3492 1482 iniqui
3520 1425 3755 1481 regnum

2151 1497 2248 1553 Dei
2271 1513 2383 1553 non
2415 1496 2818 1570 possidebunt?
2848 1523 2866 1545 ι
2902 1498 3017 1554 Hoc
3035 1498 3184 1553 dicto
3215 1496 3457 1554 ostendit
3485 1497 3610 1555 illos
3640 1514 3757 1555 non

2153 1586 2364 1642 nescios
2405 1602 2647 1658 peccare,
2679 1603 2743 1642 ac
2771 1603 2867 1658 per
2913 1587 3017 1644 hoc
3061 1587 3280 1660 gravius
3329 1585 3754 1644 vindicandum.

2151 1674 2206 1730 Si
2237 1673 2384 1730 enim
2415 1673 2878 1732 immisericordes
2910 1677 3027 1748 (32)
3080 1676 3158 1733 rei
3203 1683 3332 1732 sunt
3379 1675 3524 1750 apud
3552 1676 3757 1744 Deum,

2151 1771 2358 1836 quanto
2390 1765 2562 1837 magis
2590 1765 2807 1838 iniqui?
2865 1789 2883 1813 σ
2928 1767 3111 1822 Nolite
3143 1782 3352 1833 errare;
3401 1782 3526 1822 nam
3574 1781 3759 1838 neque

2076 1869 2120 1930 Β
2154 1853 2456 1920 fornicarii,
2508 1870 2684 1927 neque
2715 1853 2882 1911 idolis
2911 1856 3235 1922 servientes,
3269 1871 3445 1929 neque
3488 1852 3756 1922 adulteri,

2147 1959 2322 2016 neque
2355 1944 2568 2010 molles,
2602 1961 2778 2018 neque
2806 1947 3175 2002 masculorum
3205 1944 3611 2014 concubitores,
3642 1961 3758 2002 ne-

2145 2048 2251 2105 que
2280 2031 2448 2099 fures,
2481 2049 2660 2105 neque
2703 2035 2876 2102 avari,
2910 2051 3085 2107 neque
3114 2032 3340 2098 ebriosi,
3371 2050 3548 2107 neque
3587 2035 3755 2090 male-

2148 2120 2282 2188 dici,
2313 2115 2489 2195 neQue
2527 2139 2747 2194 rapaces
2776 2139 3002 2194 regnum
3021 2123 3118 2178 Dei
3150 2122 3528 2194 possidebunt.
3563 2147 3583 2172 ι
3630 2125 3754 2181 Non

2145 2210 2263 2268 haec
2311 2211 2518 2268 idcirco
2551 2211 2878 2268 memoravit
2908 2211 3062 2284 quasi
3114 2211 3408 2277 nescirent,
3440 2212 3590 2284 apud
3620 2231 3758 2286 quos

2144 2317 2351 2356 annum
2382 2309 2439 2357 et
2467 2317 2561 2356 sex
2594 2317 2811 2357 menses
2830 2300 2992 2368 sedit,
3021 2299 3222 2356 docens
3251 2299 3618 2372 Evangelium
3651 2303 3754 2359 Dei

2149 2390 2292 2462 (Act.
2325 2407 2486 2458 xvm,
2523 2391 2612 2459 11)
2648 2408 2660 2445 :
2694 2389 2787 2445 sed
2831 2388 3193 2454 commonuit,
3229 2397 3290 2444 ut
3331 2397 3665 2448 restauraret
3694 2390 3756 2447 in

2147 2477 2262 2534 illis
2304 2478 2666 2534 reverentiam
2701 2478 2856 2550 legis,
2888 2487 2941 2534 et
2990 2477 3249 2534 meritum
3281 2477 3350 2534 ad
3383 2494 3547 2552 regna
3587 2480 3756 2536 cmlo—

2148 2583 2294 2622 rum.

2221 2656 2400 2728 (Vers.
2441 2656 2553 2727 11.)
2600 2680 2619 2704 σ
2649 2657 2719 2714 Et
2772 2656 2878 2713 hoc
2906 2655 3128 2731 quidem
3160 2655 3364 2714 fuistis.
3397 2679 3416 2704 ι
3459 2656 3538 2713 Ne
3566 2657 3752 2714 omni-

2144 2743 2249 2802 bus
2295 2745 2402 2803 hoc
2447 2746 2716 2803 ascribere
2764 2746 3066 2815 videretur,
3095 2752 3191 2801 aut
3237 2752 3384 2802 certe
3437 2761 3626 2802 omnes
3680 2745 3753 2802 ab

2147 2833 2235 2890 his
2271 2833 2605 2892 criminibus
2651 2835 2927 2891 immunes
2972 2834 3194 2902 faceret,
3243 2833 3290 2890 si
3342 2841 3548 2890 taceret
3597 2834 3748 2906 (pm-

2147 2922 2394 2980 hibuisse
2450 2923 2600 2980 enim
2655 2923 2968 2990 videbatur,
3027 2938 3140 2978 non
3199 2921 3466 2979 revelasse
3510 2921 3755 2979 crimina

2149 3010 2421 3084 illorum),
2453 3011 2662 3068 idcirco
2693 3012 2772 3070 sic
2799 3013 2878 3068 ait
2910 3030 2922 3068 :
2969 3035 2988 3058 ι
3020 3012 3091 3066 Et
3117 3011 3222 3066 hoc
3240 3009 3461 3084 quidem
3491 3009 3696 3066 fuistis.
3719 3034 3740 3058 ι

2148 3100 2219 3154 Et
2265 3115 2334 3155 ne
2363 3098 2432 3154 ad
2485 3099 2622 3156 iram
2679 3101 2805 3156 illos
2861 3107 3204 3173 provocaret,
3261 3097 3462 3172 adjecit
3515 3116 3528 3154 :
3577 3120 3597 3144 α
3645 3098 3756 3156 Sed

2146 3188 2322 3244 abluti
2353 3187 2479 3255 esti,
2512 3213 2530 3236 ι
2589 3196 2650 3244 ut
2679 3197 3033 3261 agnoscentes
3073 3188 3310 3244 crimina
3336 3188 3412 3243 rei
3446 3187 3596 3256 facti,
3634 3196 3748 3244 sta-

2144 3277 2246 3332 tim
2278 3276 2608 3348 respirarent
2665 3277 2950 3334 audientes
3011 3295 3023 3333 :
3070 3300 3089 3325 ι
3144 3275 3249 3332 Sed
3291 3275 3468 3332 abluti
3527 3277 3680 3332 estis.
3715 3300 3736 3324 -

2146 3367 2335 3424 Solent
2365 3366 2512 3422 enim
2563 3367 2734 3440 aliqui
2765 3367 3028 3440 pudorem
3058 3367 3250 3438 pati,et
3279 3365 3573 3438 corrigere,
3611 3381 3743 3423 cum

2147 3455 2216 3512 de
2239 3472 2295 3512 se
2323 3455 2560 3512 audiunt
2591 3455 2752 3512 bona.

2227 3569 2247 3592 ε
2306 3545 2411 3602 Sed
2457 3545 2781 3602 sanctiﬁcati
2828 3545 2980 3614 estis,
3015 3545 3110 3602 sed
3161 3545 3452 3618 justiﬁcati
3509 3545 3643 3602 estis
3693 3545 3756 3602 in

2146 3633 2369 3688 nomine
2416 3634 2638 3690 Domini
2672 3633 2845 3690 nostri
2887 3635 3015 3690 Jesu
3045 3634 3272 3703 Christi,
3305 3643 3360 3691 et
3408 3633 3617 3708 Spiritu
3650 3636 3753 3692 Dei

2146 3722 2342 3777 nostri.
2375 3746 2394 3770 ι
2437 3723 2565 3778 Haec
2602 3723 2790 3778 omnia
2820 3723 3086 3780 beneﬁcia
3141 3723 3401 3798 puritatis
3447 3724 3505 3780 in
3552 3723 3758 3796 baptis.

2146 3818 2288 3868 mate
2312 3813 2594 3869 consecuti
2640 3821 2964 3883 noscuntur,
3015 3815 3162 3888 quod
3192 3822 3274 3871 est
3323 3813 3755 3871 fundamentum

2146 3901 2474 3972 evangelicae
2524 3903 2766 3960 veritati.
2818 3904 2943 3960 lllic
2992 3905 3142 3960 enim
3201 3903 3463 3962 omnibus
3519 3903 3761 3977 peccatis

2145 3990 2430 4064 depositis,
2477 3993 2726 4050 abluitur
2772 3994 3020 4064 credens,
3057 4003 3112 4052 et
3157 3994 3499 4068 justiﬁcatur
3527 3994 3587 4051 in
3635 3995 3761 4050 Do-

2149 4081 2286 4136 mini
2317 4081 2561 4151 nomine,
2588 4091 2642 4139 et
2669 4100 2766 4156 per
2793 4085 3062 4156 Spiritum
3112 4085 3211 4142 Dei
3243 4085 3416 4141 nostri
3453 4086 3565 4141 Deo
3595 4085 3751 4141 ﬁlius

2147 4169 2460 4242 adoptatur.
2501 4172 2604 4228 Per
2646 4173 2751 4230 hoc
2788 4175 3050 4231 admonet
3080 4173 3208 4230 illos
3237 4181 3444 4248 quanta
3471 4181 3526 4230 et
3572 4173 3760 4247 qualis

2147 4259 2220 4315 sit
2265 4259 2458 4332 gratia,
2511 4278 2675 4334 quam
2726 4279 2821 4336 per
2869 4280 3054 4319 veram
3110 4262 3464 4319 traditionem
3521 4261 3761 4319 assecuti

2147 4355 2276 4404 sunt
2327 4367 2340 4404 :
2385 4358 2570 4422 postea
2600 4367 2730 4407 vero
2773 4361 2964 4408 contra
3003 4353 3145 4408 hanc
3188 4352 3432 4424 regulam
3470 4350 3599 4408 fidei
3647 4350 3758 4407 im-

2147 4438 2311 4510 pulsu
2343 4439 2612 4495 malorum
2651 4440 2942 4497 doctorum
2985 4441 3303 4505 sentientes,
3338 4440 3426 4496 his
3469 4440 3757 4498 beneﬁciis

2147 4541 2202 4580 se
2231 4535 2528 4584 exuerunt.
2562 4529 2717 4586 Unde
2751 4529 2808 4586 id
2839 4529 2972 4603 agit,
3005 4537 3070 4586 ut
3115 4537 3335 4586 revocet
3375 4530 3504 4586 illos
3531 4528 3601 4585 ad
3650 4546 3759 4585 ve-

2070 4595 2119 4653 D
2148 4629 2267 4671 ram
2304 4625 2357 4673 et
2405 4619 2639 4690 primam
2677 4619 3028 4688 sententiam,
3074 4626 3138 4675 ut
3168 4626 3576 4692 recuperarent,
3611 4618 3760 4692 quod

2149 4715 2371 4764 tuerant
2397 4709 2700 4766 consecuti.

2225 4796 2406 4868 (Vers.
2443 4798 2556 4870 i2.)
2602 4823 2620 4845 ι
2662 4797 2864 4853 Omnia
2893 4797 3034 4853 mihi
3066 4797 3252 4859 licent,
3288 4795 3383 4853 sed
3431 4813 3542 4854 non
3573 4795 3766 4853 omnia

2151 4886 2456 4958 expediunt
2489 4886 2631 4957 (33).
2655 4911 2672 4933 ι
2715 4885 3057 4952 Quibusdam
3090 4886 3312 4942 videtur
3341 4893 3563 4958 propter
3591 4884 3764 4940 liber-

2151 4984 2318 5032 tatem
2348 4975 2592 5032 concessi
2622 4973 2837 5030 arbitrii
2854 4974 3062 5030 dixisse
3092 4975 3420 5047 Apostolum
3455 4992 3466 5029 :
3506 4997 3524 5020 ε
3559 4973 3767 5030 Omnia

2151 5063 2291 5120 mihi
2337 5065 2526 5130 licent,
2559 5087 2576 5110 ι
2639 5070 2768 5131 etc.,
2801 5069 2863 5118 ut
2905 5061 3068 5120 liceat
3109 5061 3396 5130 fornicari,
3428 5078 3540 5118 non
3573 5068 3765 5118 tamen

2149 5241 2288 5289 cum,
2315 5223 2550 5280 habetur
2581 5223 2637 5279 in
2668 5223 2794 5281 aliis
2824 5222 2971 5292 cod.,
2995 5222 3164 5294 juxta
3194 5221 3687 5294 ejusrwangelium.

2224 5297 2341 5370 (31)
2373 5298 2529 5352 Rom.
2563 5296 2694 5352 edit.
2725 5304 2779 5370 et
2808 5293 3032 5370 quidam
3069 5311 3224 5370 mss.,
3255 5293 3521 5364 injuriam
3541 5293 3767 5365 patimi-

2152 5367 2252 5424 ni?
2282 5385 2449 5438 quare
2473 5385 2576 5422 non
2601 5368 2774 5438 magis
2801 5367 3166 5438 fraudamini.

2223 5435 2340 5520 (_
2363 5439 2514 5520 Edit.
2546 5435 2809 5520 quendam
2830 5439 3041 5519 Paris,
3058 5437 3278 5520 Signim
3297 5435 3691 5494 misericordes.

2222 5509 2338 5582 (33)
2369 5509 2662 5582 Expositio
2684 5509 2858 5582 _hujus
2901 5510 3162 5582 versiculi
3216 5509 3274 5582 in
3308 5525 3436 5582 mss.
3489 5523 3602 5562 non
3632 5523 3768 5582 pau-

2147 5579 2386 5654 cis'rh'oc
2415 5579 2536 5654 loco
2583 5579 2880 5654 omittitur,
2925 5581 3018 5637 sed
3068 5581 3354 5654 reponitur
3399 5580 3459 5634 in
3501 5579 3765 5652 sequenti

2148 5653 2364 5726 pagina,
2395 5651 2542 5709 unde
2571 5652 2682 5709 alia
2711 5668 2904 5710 rursus
2932 5651 3394 5726 transponuntur.
