3976 6372
227 396 333 465 228

1319 400 1681 469 COMMENT.
1721 410 1795 469 IN
1829 410 2048 468 EPIST.
2092 413 2115 469 Ι
2153 413 2249 468 AD
2289 412 2448 470 COR.

3407 410 3515 477 226

224 538 492 614 expediat.
526 538 633 597 Sed
662 539 935 614 quomodo
954 540 1105 609 licet,
1135 542 1283 615 quod
1314 542 1638 615 prohibetur
1657 544 1685 600 ?
1714 544 1828 599 Aut
1858 546 1908 605 Α
1931 551 2031 611 est,
2064 560 2224 617 quem
2255 546 2509 617 exemplo
2553 545 2733 602 voluit
2764 547 3064 604 Dominicaa
3094 549 3514 606 resurrectionis

223 638 364 690 certe
388 632 434 688 si
467 632 653 688 omnia
675 633 863 701 licent,
893 633 1034 689 nihil
1066 641 1245 705 potest
1265 633 1376 689 dici
1401 633 1686 690 illicitum.
1712 632 1816 689 Sed

224 721 371 789 licet,
402 738 515 777 non
566 729 751 777 tamen
793 721 1035 793 expedit.
1095 722 1221 777 Haec
1263 730 1551 777 susurrant
1608 723 1813 794 potius,

223 829 384 886 quam
442 820 709 882 asserunt,
766 820 861 868 aut
907 812 1256 869 immemores
1313 822 1407 870 aut
1452 814 1812 887 negligentes.

220 902 369 958 Dicit
418 904 566 958 enim
597 904 830 959 Joannes
878 903 1122 976 Baptista
1169 904 1238 960 ad
1286 904 1587 960 Herodem:
1637 928 1654 952 ι
1693 906 1814 960 Non

223 989 353 1047 licet
382 991 485 1047 tibi
518 991 957 1048 babereuxorem
990 991 1176 1048 fratris
1204 993 1286 1047 tui
1310 994 1504 1065 (Marc.
1538 994 1747 1064 v1.18).
1782 1020 1802 1042 ι

221 1077 325 1135 Sed
380 1080 519 1135 forte
559 1081 792 1137 Joannes
839 1098 1033 1153 expers
1081 1081 1250 1137 fuerit
1304 1082 1532 1137 humani
1582 1079 1813 1154 eloquii,

220 1166 516 1241 inspiratus
544 1169 602 1224 in
632 1178 806 1236 utero,
840 1170 969 1243 quia
999 1170 1043 1225 si
1076 1170 1179 1226 hoc
1224 1177 1325 1235 est,
1358 1170 1541 1226 dicere
1571 1170 1807 1226 debuit:

220 1254 348 1311 licet
374 1255 497 1324 tibi,
530 1258 625 1315 sed
672 1275 783 1315 non
814 1260 1056 1333 expedit.
1095 1259 1200 1316 Sed
1230 1268 1283 1315 et
1318 1260 1588 1316 Dominus
1617 1258 1812 1316 simili-

219 1355 301 1405 ter
354 1350 573 1406 mulieri
620 1350 941 1407 Cbananzeaa
985 1351 1089 1407 ait:
1162 1377 1178 1396 -
1217 1351 1337 1407 Non
1385 1350 1514 1406 licet
1568 1349 1815 1422 accipere

217 1454 413 1512 panem
466 1440 733 1510 ﬁliorum,
782 1450 837 1498 et
884 1442 1102 1498 mittere
1148 1442 1381 1499 canibus
1437 1442 1653 1511 (Matth.
1710 1458 1811 1508 vn,

216 1527 330 1602 26).
362 1553 381 1576 ι
451 1529 523 1585 Et
565 1530 766 1586 iterum
814 1530 951 1587 dicit
1008 1532 1278 1587 Dominus
1334 1530 1577 1587 Iudaeis:
1642 1554 1660 1576 ι
1692 1530 1813 1585 Non

214 1618 425 1692 legistis
465 1619 600 1693 quid
647 1621 779 1677 fecit
810 1621 1010 1690 David,
1055 1639 1177 1678 cum
1222 1622 1488 1678 esuriret:
1539 1618 1813 1693 quomodo

213 1707 447 1765 intravit
480 1708 538 1764 in
570 1708 795 1766 domum
847 1710 1089 1779 Domini,
1122 1718 1176 1766 et
1224 1727 1388 1783 panes
1420 1708 1814 1782 propositionis

209 1798 441 1869 accepit,
494 1814 631 1871 quos
662 1815 772 1854 non
829 1799 1031 1855 licebat
1083 1799 1133 1855 ei
1163 1798 1342 1867 edere,
1374 1823 1392 1846 ι
1461 1807 1565 1854 etc.
1616 1799 1809 1870 (Marc.

211 1902 271 1955 η,
304 1885 397 1955 25,
419 1886 512 1958 26)
535 1887 754 1943 ‘lOmne
782 1903 910 1960 ergo
934 1887 1080 1960 quod
1110 1888 1456 1959 prohibetur,
1490 1904 1602 1943 non
1639 1888 1804 1953 licet;
1844 1894 1890 1954 Β

210 1982 264 2031 et
295 1991 484 2043 omne,
514 1976 661 2049 quod
690 1992 803 2031 non
831 1976 978 2046 licet,
1011 1976 1336 2049 prohibetur
1366 1975 1485 2048 (34)
1523 1994 1535 2031 :
1592 1975 1684 2031 sed
1714 1974 1811 2030 ali-

210 2063 463 2137 quando,
497 2066 904 2121 interveniente
932 2081 1094 2122 causa
1140 2064 1345 2138 aliqua,
1380 2065 1527 2134 licet,
1560 2064 1654 2120 sed
1700 2080 1810 2119 non

209 2151 457 2226 expedit.

294 2264 316 2289 ι
360 2241 560 2298 Omnia
594 2241 734 2297 mihi
767 2242 957 2310 licent,
990 2242 1082 2299 sed
1105 2260 1202 2315 ego
1228 2242 1332 2300 sub
1360 2244 1571 2299 nullius
1598 2240 1812 2314 redigar

210 2339 497 2405 potestate.
534 2355 552 2378 ι
610 2330 808 2387 Omnia
863 2330 968 2386 sibi
1018 2332 1181 2388 licere
1240 2332 1400 2401 dicit,
1460 2348 1520 2388 ea
1575 2332 1808 2396 scilicet,

210 2438 333 2496 qua:
363 2429 418 2478 et
474 2422 803 2495 coapostolis
832 2419 950 2493 ejus
984 2421 1285 2491 licuerunt,
1326 2439 1446 2496 quae
1478 2430 1531 2478 et
1563 2423 1651 2477 lex
1682 2415 1809 2477 coné

211 2510 354 2567 tinet
400 2510 684 2578 naturalis,
730 2526 841 2565 non
871 2510 1094 2583 Moysis,
1131 2511 1262 2583 quia
1319 2512 1496 2566 multa
1524 2510 1810 2583 prohibuit

213 2599 431 2671 Moyses
460 2607 680 2672 propter
706 2598 969 2655 duritiam
1000 2598 1182 2656 cordis
1216 2600 1406 2672 populi
1452 2599 1724 2656 increduli
1754 2604 1808 2653 et

207 2687 480 2745 cervicosi
514 2689 726 2759 (Matth.
750 2703 870 2756 χιχ,
902 2687 983 2760 8).
1006 2688 1209 2743 Tamen
1239 2688 1283 2744 si
1315 2687 1382 2743 ad
1403 2704 1620 2744 causam
1639 2687 1834 2758 respi-.

211 2776 349 2846 cias,
379 2776 532 2833 aliud
586 2776 694 2832 fuit
723 2777 782 2832 in
812 2794 975 2833 sensu
1004 2778 1273 2849 Apostoli,
1308 2786 1369 2833 ut
1418 2776 1535 2832 haec
1564 2777 1806 2848 loquere-

208 2870 303 2920 tur
331 2884 345 2933 ;
380 2864 497 2921 haec
515 2864 663 2920 enim
688 2864 951 2937 praemisit
967 2872 1152 2935 postea
1167 2873 1388 2921 acturus
1408 2865 1549 2921 hanc
1564 2881 1804 2935 causam,

207 2952 354 3009 sicut
401 2953 533 3009 fecit
563 2962 616 3009 et
645 2955 713 3010 de
742 2953 842 3008 illo
879 2958 1012 3015 131
1047 2954 1142 3027 qui
1175 2954 1441 3008 incestum
1474 2953 1803 3023 admiserat;

207 3050 471 3122 proponit
499 3050 647 3105 enim
681 3049 971 3123 designans
990 3050 1123 3123 quid
1155 3059 1377 3106 acturus
1426 3059 1566 3106 esset
1598 3060 1803 3123 postea.

204 3138 456 3211 Denique
506 3139 696 3195 statim
753 3140 821 3195 ad
878 3141 1215 3212 superiorem
1274 3156 1513 3209 sensum,
1568 3140 1808 3198 breviter

1922 633 2171 699 ﬁrmare;
2222 635 2402 691 virtus
2456 635 2604 691 enim
2656 635 2753 691 Dei
2811 636 3065 694 Christus
3110 647 3209 706 est,
3260 657 3367 712 qua
3412 657 3552 699 nos.

1924 724 2229 793 suscitabit,
2258 732 2312 780 et
2340 724 2517 795 ipsum
2550 725 2869 781 Dominum.
2903 726 3017 783 Hoc
3045 727 3210 794 dixit,
3240 730 3369 800 quia
3399 745 3513 801 ipse

1924 813 2193 869 Dominus
2228 828 2429 886 corpus
2467 830 2626 869 suum
2658 814 2967 883 suscitavit,
2999 815 3142 871 sicut
3167 825 3221 872 et
3251 817 3365 888 ipse
3395 820 3515 873 Do-

1925 902 2109 957 minus
2160 902 2282 957 ait:
2331 927 2348 949 ‹
2378 902 2587 957 Solvite
2636 902 2900 974 templum
2954 902 3079 971 hoc,
3111 912 3164 959 et
3206 921 3305 975 ego
3333 906 3513 961 tribus

1922 987 2116 1045 diebus
2160 990 2435 1046 suscitabo
2474 991 2632 1047 illud.
2668 992 2781 1048 Hoc
2822 1000 3009 1049 autem
3039 993 3185 1049 dixit
3214 994 3280 1050 de
3309 996 3514 1067 templo

1922 1078 2167 1149 corporis
2197 1080 2281 1133 sui
2314 1080 2494 1151 (Joan.
2531 1095 2589 1147 ιι,
2628 1080 2715 1148 19,
2747 1080 2862 1149 21).
2907 1106 2926 1129 ι

1996 1168 2180 1237 (Vers.
2234 1168 2350 1238 15.)
2415 1192 2433 1216 ι
2474 1167 2711 1224 Nescitis
2762 1168 3022 1242 quoniam
3065 1185 3294 1242 corpora
3336 1178 3517 1226 vestra
3606 1172 3613 1185 '

1923 1254 2168 1310 membra
2217 1264 2347 1311 sunt
2396 1256 2649 1313 Christi?
2680 1284 2697 1305 ι
2746 1258 2987 1330 Corpora
3033 1266 3219 1315 nostra
3271 1259 3517 1315 membra

1922 1344 2127 1403 Christi
2178 1356 2327 1417 sunt,
2373 1348 2466 1405 sed
2507 1348 2562 1403 in
2612 1364 2818 1404 novum
2851 1348 3154 1411 hominem.
3186 1351 3280 1423 qui
3308 1366 3514 1407 secun-

1921 1434 2053 1490 dum
2104 1438 2279 1492 Deum
2327 1446 2545 1495 creatus
2583 1445 2663 1494 est
2715 1439 2935 1510 (Ephes.
2981 1456 3059 1508 rv,
3098 1437 3213 1510 24),
3242 1440 3372 1512 quia
3401 1440 3514 1512 ipse

1921 1531 2005 1579 est
2033 1533 2196 1597 caput
2224 1526 2508 1583 Ecclesiae.
2552 1553 2570 1575 ι
2601 1527 2808 1583 Tollam
2850 1543 2977 1599 ergo
3008 1528 3255 1585 membra
3283 1528 3511 1597 Christi,

1921 1619 1975 1668 et
2004 1612 2202 1669 faciam
2249 1615 2495 1671 membra
2538 1616 2842 1673 meretricis
2862 1617 2891 1673 ‘I
2922 1617 3100 1673 Absit.
3133 1642 3152 1666 ι
3194 1617 3308 1686 Ait,
3340 1618 3512 1686 Absit,

1920 1702 2051 1773 quia
2098 1705 2371 1762 meretrici
2416 1705 2753 1762 adhaerentia
2800 1706 3043 1763 membra
3092 1706 3352 1763 desinunt
3395 1724 3512 1763 esse

1920 1791 2166 1847 membra
2196 1793 2424 1852 Christi.
3569 1779 3585 1797 ’

1993 1880 2175 1950 (Vera.
2212 1882 2297 1940 16.
2327 1883 2349 1954 )
2391 1907 2410 1930 ι
2442 1883 2529 1938 An
2576 1883 2824 1950 nescitis,
2856 1882 2987 1957 quia
3016 1883 3111 1956 qui
3135 1881 3377 1941 adhaeret
3404 1899 3512 1941 me-

1919 1969 2126 2037 retrici,
2177 1987 2350 2027 unum
2407 1989 2606 2045 corpus
2651 1972 2765 2029 ﬁt?
2792 2000 2810 2020 -
2866 1973 2982 2027 Hoc
3026 1972 3184 2041 dicit,
3234 1974 3363 2046 quia
3417 1975 3511 2047 qui

1919 2060 2376 2117 contaminationi
2424 2078 2480 2118 se
2525 2061 2813 2130 admiscet,
2846 2077 3020 2117 unum
3053 2060 3115 2116 fit
3142 2076 3267 2116 cum
3305 2077 3392 2129 eo,
3423 2063 3511 2119 cui

1928 2161 1986 2201 se
2015 2146 2299 2204 admiscet.
2333 2150 2649 2207 Fornicatio
2678 2150 2827 2206 enim
2856 2149 3048 2205 ambos
3070 2164 3242 2204 unum
3273 2148 3424 2218 facit,
3454 2158 3514 2207 ut

1919 2236 2197 2307 quomodo
2245 2237 2302 2293 in
2341 2248 2556 2307 natura,
2589 2240 2668 2296 sic
2706 2246 2760 2295 et
2806 2238 2865 2294 in
2910 2238 3124 2294 macula
3163 2254 3335 2295 unum
3379 2240 3510 2297 sint.

1933 2348 1952 2372 ι
1981 2325 2180 2394 Erunt,
2214 2327 2418 2400 inquit,
2460 2328 2572 2385 duo
2616 2328 2676 2387 in
2704 2344 2866 2385 carne
2894 2343 3007 2383 una
3045 2327 3202 2397 (Gen.
3236 2344 3297 2393 ιι,
3329 2326 3445 2401 24).
3479 2355 3499 2378 ι

1916 2413 2269 2471 Manifestum
2315 2424 2416 2485 est,
2449 2425 2511 2473 ut
2557 2417 2685 2491 quia
2731 2417 2930 2473 mulier
2975 2415 3043 2471 de
3071 2416 3192 2472 viro
3220 2424 3318 2485 est,
3349 2416 3513 2473 ambo

1917 2502 1976 2557 in
2006 2519 2169 2561 carne
2198 2522 2305 2561 una
2328 2508 2461 2562 sint.
3502 2520 3517 2533 '

1992 2602 2174 2673 (Vera.
2210 2604 2325 2676 17.)
2372 2629 2389 2651 ι
2414 2604 2522 2670 Qui
2571 2614 2752 2661 autem
2797 2603 3042 2661 adhaeret
3078 2604 3337 2673 Domino,
3368 2620 3511 2661 unus

1917 2689 2144 2762 spiritus
2171 2699 2271 2747 est.
2304 2716 2323 2739 ι
2364 2693 2636 2760 Quoniam
2684 2691 2742 2747 in
2774 2691 2913 2749 bene
2958 2693 3245 2763 agentibus
3275 2692 3510 2764 Spiritus

1916 2777 2017 2834 Dei
2048 2787 2128 2835 est
2157 2782 2469 2835 communis
2498 2797 2623 2836 cum
2655 2782 2769 2835 Deo
2790 2787 2845 2835 et
2874 2779 3215 2835 hominibus.

1991 2877 2173 2948 (Vers.
2226 2876 2340 2947 18.)
2385 2901 2403 2923 ι
2434 2876 2626 2949 Fugite
2674 2875 3120 2932 fornicationem.
3152 2900 3170 2923 ι
3214 2877 3377 2933 Recte
3424 2877 3509 2933 fu-

1916 2972 2169 3044 giendam
2215 2977 2401 3026 monet
2444 2970 2865 3026 fornicationem
2916 2970 3056 3042 (35),
3088 2985 3185 3041 per
3212 2986 3374 3042 quam
3406 2969 3508 3026 ﬁlii

1914 3061 2015 3117 Dei
2064 3060 2205 3116 ﬁunt
2251 3061 2354 3116 ﬁlii
2392 3060 2619 3117 diaboli.
2668 3086 2686 3108 ι
2712 3061 2889 3116 Omne
2914 3068 3197 3131 peccatum
3227 3059 3509 3132 quodcun-

1914 3166 2019 3224 que
2041 3152 2231 3207 fecerit
2254 3151 2440 3219 homo,
2462 3159 2617 3207 extra
2637 3166 2835 3221 corpus
2856 3159 2982 3205 est.»
3019 3148 3159 3217 Quia
3175 3156 3369 3206 caetera
3391 3164 3508 3221 pec-

205 3226 495 3316 interimre
523 3229 925 3299 commendata,
951 3230 1120 3296 redit;
1164 3230 1268 3286 hoc
1296 3231 1445 3285 enim
1478 3230 1602 3286 ideo
1632 3231 1801 3299 dixit,
1834 3247 1878 3308 ο
1912 3254 2052 3312 οδω,
2074 3246 2177 3301 etsi
2207 3261 2302 3316 per
2330 3254 2528 3316 corpus
2549 3252 2899 3316 generantur,
2923 3259 3034 3298 non
3058 3250 3241 3297 tamen
3268 3241 3507 3298 animam

204 3315 337 3390 quia
369 3317 567 3374 licebat
596 3318 685 3375 illi
714 3319 782 3374 ab
815 3319 901 3375 his
945 3327 1198 3391 sumptus
1228 3320 1494 3392 accipere.
1535 3320 1638 3376 Sed
1672 3338 1801 3393 quo-

204 3405 355 3461 niam
399 3408 604 3463 sciebat
643 3406 1125 3480 pseudoapostolos
1169 3409 1512 3463 occasionem
1563 3425 1805 3481 quaerere

203 3495 536 3567 accipiendi,
569 3497 751 3551 noluit
780 3498 849 3553 ab
879 3496 966 3551 his
993 3497 1258 3566 accipere,
1293 3512 1360 3550 ne
1402 3513 1565 3551 causa
1598 3497 1805 3552 ventris

203 3582 366 3654 vigor
414 3586 741 3655 evangelicae
772 3582 1023 3639 veritatis
1068 3590 1418 3654 torpesceret.
1471 3584 1526 3638 Si
1558 3585 1703 3639 enim
1736 3585 1804 3641 ab

199 3670 275 3727 iis
302 3672 597 3742 acciperet,
642 3687 778 3744 quos
813 3671 870 3725 in
920 3671 1088 3727 tantis
1121 3670 1273 3726 vitiis
1305 3672 1586 3743 arguebat,
1619 3681 1802 3729 aucto-

201 3759 426 3814 ritatem
477 3760 775 3831 magisterii
805 3775 1116 3816 concessam
1170 3760 1276 3815 sibi
1308 3777 1340 3815 a
1372 3762 1607 3816 Domino
1645 3761 1802 3817 incli-

199 3846 416 3915 nabat;
475 3865 586 3905 non
640 3849 788 3905 enim
818 3857 995 3921 potest
1050 3856 1363 3905 constanter
1407 3850 1561 3923 argui
1616 3867 1648 3906 a
1694 3868 1802 3924 quo

199 3936 512 4009 accipitur:
546 3938 783 3993 maxime
812 3954 937 3994 cum
961 3937 1085 3994 ideo
1116 3946 1403 4011 promptus
1433 3940 1503 3995 ad
1533 3940 1800 4010 dandum,

201 4026 296 4094 sit,
328 4034 390 4083 ut
447 4026 553 4083 sibi
601 4027 860 4083 bumiliet
910 4029 1286 4100 praepositum.
1333 4029 1486 4086 Unde
1539 4039 1592 4087 et
1622 4031 1797 4088 dicit:

213 4139 234 4163 ι
273 4115 379 4172 Sed
409 4133 507 4189 ego
533 4119 636 4174 sub
666 4118 878 4175 nullius
909 4119 1128 4192 redigar
1156 4128 1444 4193 potestate.
1478 4148 1496 4171 ι

274 4205 461 4277 (Vers.
495 4206 609 4279 13.)
654 4230 673 4254 ι
713 4209 854 4263 Esca
881 4209 1085 4278 ventri,
1120 4217 1174 4266 et
1206 4219 1398 4267 venter
1446 4212 1623 4280 escis;
1656 4213 1800 4269 Deus

202 4300 384 4350 autem
413 4302 468 4350 et
497 4295 646 4353 hunc
667 4305 721 4352 et
752 4295 850 4351 bas
881 4296 1145 4354 destruet.
1180 4325 1199 4349 ι
1242 4302 1557 4358 Destructio
1588 4302 1800 4359 ventris

202 4388 301 4450 est,
331 4398 459 4439 cum
489 4384 686 4440 edendi
716 4392 888 4441 cessat
916 4386 1162 4441 ofﬁcium
1196 4405 1208 4442 :
1259 4405 1393 4445 escae
1424 4406 1557 4446 vero
1588 4389 1799 4446 destru-

203 4469 313 4526 ctio
335 4478 468 4529 tunc
497 4473 624 4542 erit,
658 4473 877 4546 quando
906 4475 1118 4531 steterit
1142 4476 1425 4534 nativitas.
1462 4479 1799 4551 Pseudoapo-

1915 3333 1993 3389 ita
2048 3333 2253 3389 carnali
2313 3332 2758 3404 concupiscentia
2812 3332 3025 3387 faciunt
3084 3330 3402 3385 obstrictam
3456 3337 3510 3384 et

1914 3420 2236 3488 obnoxiam,
2259 3418 2723 3492 quemadmodum
2747 3416 3091 3473 commisceri
3109 3416 3238 3473 facit
3266 3417 3506 3472 animam

1913 3525 2039 3565 cum
2087 3510 2207 3580 ipso
2256 3523 2482 3579 corpore
2542 3523 2675 3562 usus
2725 3506 2995 3573 libidinis,
3039 3520 3202 3576 agens
3245 3505 3301 3558 in
3346 3521 3507 3575 opere

1911 3597 2149 3654 carnalis
2187 3594 2602 3662 fornicationis;
2641 3596 2772 3667 quia
2799 3596 2857 3648 i'n
2888 3600 3103 3648 tantum
3133 3594 3509 3665 agglutinatur

1910 3686 2097 3741 anima
2126 3686 2364 3757 corpori,
2393 3692 2455 3741 ut
2497 3685 2554 3740 in
2601 3684 2720 3756 ipso
2765 3689 3041 3738 momento
3072 3682 3215 3737 nihil
3244 3682 3391 3739 aliud
3418 3699 3504 3738 co-

1912 3775 2083 3848 gitare
2113 3774 2326 3831 homini
2353 3774 2511 3829 liceat
2531 3782 2625 3828 aut
2658 3770 2965 3836 intendere,
2995 3771 3125 3843 quia
3153 3771 3325 3843 ipsam
3358 3788 3504 3827 meno

1909 3871 2021 3919 tem
2063 3864 2337 3936 captivam
2390 3861 2579 3918 subdit
2622 3861 2739 3932 ipsa
2776 3859 3083 3916 submersio
3122 3868 3175 3915 et
3204 3860 3505 3915 absorbitio

1912 3952 2165 4009 libidinis
2192 3961 2245 4007 cl
2278 3967 2472 4020 concu,
2498 3950 2741 4005 iscentize
2762 3948 3016 4005 carnalis.
3042 3947 3194 4003 Unde
3213 3946 3499 4004 subditur:

1996 4066 2015 4089 ι
2043 4040 2149 4109 Qui
2177 4047 2359 4096 autem
2389 4038 2716 4106 fornicatur,
2747 4037 2804 4092 in
2843 4053 3040 4108 corpus
3068 4054 3228 4093 suum
3260 4046 3488 4110 peccat.-

1910 4130 2162 4187 Ostendit
2207 4128 2595 4201 gravissimum
2638 4143 2753 4183 esse
2796 4134 3104 4198 peccatum,
3136 4126 3265 4199 quia
3302 4143 3373 4183 ex
3399 4125 3504 4184 hoc

1909 4233 2072 4275 omne
2119 4218 2331 4290 deperit
2371 4232 2574 4289 corpus
2619 4232 2631 4271 :
2676 4215 2735 4270 in
2777 4214 2989 4271 caeteris
3033 4222 3216 4271 autem
3269 4215 3504 4287 peccatis

1908 4306 2089 4379 portio
2129 4306 2290 4377 perit,
2337 4322 2449 4361 non
2500 4311 2697 4360 totum.
2745 4303 2943 4360 Totum
2989 4304 3139 4358 enim
3180 4320 3381 4376 corpus
3418 4304 3505 4359 vir

1908 4403 1989 4451 est
2016 4404 2071 4452 et
2100 4395 2317 4463 mulier,
2336 4395 2464 4468 quia
2493 4394 2675 4466 portio
2703 4393 2811 4449 viri
2833 4400 2915 4449 est
2934 4392 3151 4448 mulier.
3175 4392 3502 4466 Quicunque

1908 4486 2055 4543 enim
2099 4485 2250 4542 aliud
2296 4493 2582 4559 peccatum
2620 4483 2924 4551 admiserit,
2964 4493 3121 4541 extra
3164 4499 3221 4539 se
3255 4494 3439 4555 peccat
3468 4509 3486 4531 ι

202 4563 328 4619 stoli
358 4572 566 4631 autem,
609 4562 705 4636 qui
748 4579 861 4619 non
899 4563 1090 4636 utique
1132 4564 1416 4637 religionis
1466 4584 1645 4636 causa,
1695 4567 1790 4623 sed
1821 4607 1870 4666 D
1907 4575 2236 4634 {Ol-uicarius
2285 4592 2415 4631 vero
2458 4576 2515 4631 in
2554 4589 2775 4632 carnem
2822 4590 2976 4629 suam
3031 4580 3235 4645 peccat.
3281 4575 3420 4644 Age,
3450 4589 3498 4645 si

204 4663 441 4728 quaestus
487 4655 876 4725 circumibant,
910 4656 1265 4729 peccantibus
1290 4660 1462 4715 amari
1499 4676 1613 4717 esse
1642 4663 1788 4717 nole-

203 4742 354 4801 bant.

282 4860 302 4883 ι
331 4834 543 4909 Corpus
560 4845 743 4893 autem
772 4853 883 4893 non
914 4837 1303 4907 fornicationi,
1337 4838 1431 4895 sed
1464 4839 1724 4896 Domino.
1766 4866 1786 4888 ι

202 4922 357 4981 Nunc
386 4924 529 4980 redit
557 4924 625 4981 ad
672 4926 1006 4997 superiorem
1036 4942 1292 4983 sensum:
1364 4950 1381 4973 ε
1416 4928 1487 4982 Ει
1519 4928 1799 4984 Dominus

203 5015 436 5085 corpori.
468 5039 488 5062 ι
529 5014 672 5081 Quid
692 5016 962 5071 Dominus
982 5017 1199 5087 corpori
1224 5017 1251 5072 ‘l
1281 5016 1660 5073 Subauditur:
1698 5017 1797 5072 im-

204 5102 589 5158 mortalitatem
611 5104 932 5160 resuscitato
953 5104 1233 5176 praestabit
1256 5122 1269 5169 ;
1301 5122 1501 5177 corpus
1516 5106 1663 5161 enim
1685 5108 1798 5162 Deo

117 5222 125 5235 ο
204 5187 462 5259 dicatum,
487 5192 633 5247 dono
648 5192 885 5266 spiritali
915 5193 1362 5249 remunerabitur
1382 5195 1583 5251 merito
1614 5194 1793 5264 ducis,

207 5277 261 5335 id
286 5287 386 5349 est,
416 5280 612 5338 animi.

275 5379 456 5450 (Vera.
490 5379 604 5453 14.)
651 5405 670 5431 ‹
704 5382 851 5438 Deus
878 5396 1009 5437 vero
1055 5389 1109 5437 et
1136 5381 1437 5437 Dominum
1484 5380 1795 5451 suscitavit,

207 5472 257 5522 et
282 5482 381 5526 nos
407 5469 699 5526 suscitabit
717 5485 814 5543 per
842 5470 1106 5527 virtutem
1138 5486 1313 5526 suam.
1362 5495 1381 5519 ι
1423 5469 1572 5527 Idem
1604 5486 1797 5527 sensus

276 5657 391 5784 $34)
447 5659 767 5741 Etnomns...
800 5660 1221 5743 prohibetur,.in
1274 5669 1485 5720 textum
1546 5678 1617 5719 ex
1662 5678 1791 5719 mss.

276 5746 286 5784 ι
309 5729 346 5784 1.
377 5737 436 5784 et
459 5733 589 5784 aliis
615 5734 903 5784 nonnullis
931 5740 1293 5784 restituimus.
1696 5778 1709 5784 -

207 5725 346 5787 Vell.
369 5725 436 5788 ὀι
459 5731 589 5790 aliis
615 5725 903 5788 nonnullis
931 5725 1293 5790 restituimus.

1899 4667 2093 4740 laqueo
2141 4667 2312 4722 vitam
2364 4666 2542 4735 ﬁniat,
2600 4674 2694 4721 aut
2755 4665 2901 4720 ferro
2955 4678 3013 4719 se
3070 4660 3334 4728 trucidet,
3382 4676 3497 4717 non

1908 4755 1968 4812 in
2023 4772 2220 4828 corpus
2273 4772 2436 4811 suum
2468 4755 2687 4811 videtur
2736 4768 2979 4825 peccare,
3010 4750 3103 4805 sed
3132 4749 3189 4803 in
3233 4750 3495 4820 animam,

1907 4845 1997 4902 cui
2043 4846 2157 4902 vim
2190 4845 2338 4900 facit.
2374 4842 2657 4900 Fornicari
2685 4850 2890 4907 autem,
2920 4839 3202 4910 corporale
3232 4838 3494 4896 delictum

1907 4944 2006 5000 est,
2036 4934 2183 5007 quod
2212 4943 2265 4989 et
2293 4949 2491 5003 corpus
2510 4930 2783 5001 contingit
2812 4936 2865 4983 et
2893 4929 3134 4983 animam
3165 4947 3177 4985 :
3208 4945 3321 4985 non
3349 4930 3494 4985 enim

1906 5024 2024 5079 sine
2061 5022 2336 5078 desiderio
2377 5018 2577 5085 carnis,
2612 5020 2742 5091 quia
2772 5017 2937 5072 habet
2968 5024 3020 5072 et
3049 5033 3176 5072 caro
3217 5019 3496 5090 proprium

1907 5122 2139 5180 motum,
2170 5112 2353 5167 anima
2394 5108 2757 5181 concupiscit,
2808 5114 2870 5163 ut
2919 5116 3104 5180 peccet
3150 5108 3208 5163 in
3253 5125 3492 5177 carnem,

1906 5206 2160 5277 quamvis
2200 5202 2319 5257 sine
2360 5201 2545 5256 anima
2580 5198 2722 5255 nihil
2753 5204 2945 5271 possit.
2979 5199 3080 5253 Per
3110 5198 3165 5253 id
3194 5214 3321 5269 ergo
3349 5196 3496 5270 quod

1905 5294 1964 5348 in
1994 5307 2233 5359 carnem,
2257 5308 2376 5364 qua:
2398 5308 2466 5347 ex
2495 5306 2552 5347 se
2580 5300 2685 5359 est,
2712 5298 2904 5363 peccat
2934 5289 3027 5361 (ad
3056 5288 3324 5359 originem
3346 5287 3493 5343 enim

1904 5384 2144 5454 retulit),
2176 5384 2231 5438 in
2266 5399 2467 5454 corpus
2493 5398 2653 5439 suum
2684 5383 2893 5439 dicitur
2922 5395 3160 5452 peccare,
3193 5384 3254 5431 ut
3280 5375 3497 5433 desinat

1904 5490 1935 5530 a
1963 5473 2347 5542 fornicatione,
2379 5472 2540 5546 quasi
2570 5472 2677 5528 sibi
2702 5485 2947 5545 parcens.
2976 5465 3281 5523 Novatiano
3310 5474 3491 5524 tamen

1978 5660 2095 5735 (35)
2130 5661 2231 5718 Hic
2274 5661 2541 5735 articulus
2587 5660 2739 5735 abest
2773 5672 2807 5713 a
2833 5671 2964 5713 mss.
2997 5652 3221 5724 nostris,
3251 5662 3307 5712 at
3348 5670 3492 5714 con-

1904 5731 1998 5790 tra
2016 5731 2080 5790 in
2114 5734 2332 5792 cunctis
2359 5740 2541 5790 exstat
2569 5731 2702 5788 edit.
